2237 3100
15 262 33 290 λ
43 271 70 291 n.
86 264 115 292 C.
134 262 198 291 ¹3⁷1

42 643 152 671 Depumio
169 647 199 667 vi-

15 676 66 697 urii
90 675 150 698 Urbis
178 679 198 699 in

15 710 160 732 executorem.

30 2052 142 2080 octogono
153 2058 202 2074 con-

17 2085 137 2107 turiurum.

896 262 962 290 Ptcs
986 266 1004 289 v
1028 260 1075 289 Pr.

215 312 357 358 piendas‚
378 317 548 360 exigendas
564 323 594 350 et
609 314 767 355 levandas,
785 330 821 351 ac
842 320 871 351 in
894 330 968 352 suos

214 377 292 402 usus
310 375 341 402 et
357 370 523 404 utilitatem
546 373 774 405 convertendas
789 378 815 405 ct
839 384 968 405 conver-

213 421 319 462 ⁵tenda,
333 423 404 457 loco
416 425 607 468 pensionum
620 436 813 463 annuarum,
826 438 883 470 pro
894 438 967 459 con-

213 485 294 519 grua
322 477 466 521 ipsorum
500 479 695 512 vicariorum
716 480 966 513 substentatione

214 536 372 575 perpetuo
397 532 595 575 assignamus
616 538 645 566 et
665 533 875 576 applicamus,

259 583 273 627 ξ
288 584 319 616 4.
336 584 518 618 Mandantes
527 591 617 618 motu
633 585 741 626 simili,
755 592 865 619 tenore
878 598 967 631 prac-

215 638 365 678 sentium,
388 639 504 672 dilecto
525 639 591 672 filio
611 645 721 673 nostro
747 640 861 674 Iacobo
885 641 965 674 tituli

214 691 348 727 Sanctae
373 693 488 726 Mariae
509 692 541 725 in
573 693 754 733 Cosmedin,
782 695 966 738 presbytero

215 745 368 780 cardinali
402 746 528 779 Sabello
559 753 759 790 nuncupato,
796 754 903 782 nostro
935 749 967 782 in

214 799 298 833 alma
318 799 402 833 Urbe
430 799 549 833 vicario
570 800 603 833 in
622 801 845 844 spiritualibus
869 814 966 846 gene-

214 853 283 893 rali,
308 859 478 898 quatenus,
498 865 557 899 per
568 866 599 888 se
619 856 666 888 vel
681 856 779 889 alium
796 868 851 889 seu
868 858 964 899 alios,

214 907 316 941 dictos
335 907 472 941 vicarios
491 909 530 941 ad
552 909 806 943 nominationem
828 916 857 944 et
878 911 966 944 insti-

214 962 371 996 tutionem
391 963 589 1003 huiusmodi,
610 964 643 997 in
662 964 854 998 vicariarum
877 978 968 1011 prae-

214 1016 373 1050 dictarum
393 1018 628 1061 possessionem
650 1020 851 1065 corporalem
873 1020 967 1054 indu-

215 1071 463 1105 catauctoritatc
476 1078 596 1113 nostra,
606 1078 633 1106 et
650 1067 966 1111 det'endatinductos,

215 1124 329 1158 amotis
357 1125 397 1158 ab
418 1125 480 1158 illis
500 1126 696 1170 quibuslibet
718 1127 838 1160 illicitis
858 1129 968 1162 deten-

214 1177 348 1217 toribus,
365 1189 402 1212 ac
422 1179 541 1213 faciens
560 1180 694 1223 singulis
709 1180 829 1214 eisdem
845 1181 969 1216 vicariis

216 1232 254 1266 de
275 1231 477 1276 portionibus
497 1233 542 1266 eis
562 1233 678 1267 debitis
694 1235 868 1278 praedictis
887 1236 967 1271 inte-

216 1296 271 1328 gre
278 1287 477 1330 responderi,
487 1297 606 1330 eosque
629 1288 814 1331 portionum
826 1290 967 1334 ipsarum

216 1350 344 1374 necnon
365 1341 661 1374 emolumentorum
683 1348 713 1375 et
738 1343 968 1379 obventionum

217 1393 262 1427 eis
273 1399 309 1426 ut
329 1405 426 1438 supra
451 1395 687 1438 assignatorum
716 1398 923 1442 perceptione
940 1406 969 1433 ct

216 1447 434 1493 perceptionis
450 1448 586 1492 pacifica
602 1451 804 1493 possessione
815 1455 968 1497 seuquasi

216 1502 351 1547 pacifice
358 1503 421 1536 frui
431 1509 459 1537 et
469 1504 622 1547 gaudere,
639 1516 703 1539 non
714 1507 904 1550 permittens
916 1521 970 1544 eos

217 1556 357 1601 desuper
372 1567 389 1590 a
401 1568 576 1601 quoquam,
598 1559 708 1603 quavis
728 1561 910 1604 occasione,
924 1564 970 1597 in-

217 1609 322 1644 debite
350 1611 534 1651 molestari;
554 1613 796 1659 praemissaque
817 1618 925 1651 omnia
942 1626 971 1654 et

217 1664 344 1708 singula
364 1665 538 1698 efficaciter
556 1665 726 1711 adimpleri
757 1674 787 1701 et
804 1670 843 1702 ab
864 1674 970 1706 onini-

215 1718 277 1752 bus
296 1718 522 1753 inviolabiliter
541 1720 702 1754 observari
725 1730 825 1764 curet,
848 1733 971 1762 contra-

216 1772 355 1807 dictores
369 1774 533 1819 quoslibet
551 1780 581 1808 et
593 1775 731 1810 rebelles
748 1789 806 1822 per
818 1790 971 1816 censuras

217 1832 248 1860 et
280 1838 393 1872 poenas
426 1824 661 1862 ecclesiasticas
681 1841 719 1863 ac
753 1832 814 1864 alia
848 1844 970 1878 oppor-

216 1886 294 1915 tuna
327 1881 407 1915 iuris
428 1886 458 1915 et
477 1882 551 1916 sacti
577 1883 732 1925 remedia,
755 1887 971 1930 appellatione

215 1936 405 1981 postposita,
428 1938 676 1981 compescendo

260 1990 275 2034 g
291 1990 322 2024 5.
341 1991 411 2024 Non
426 1992 571 2025 obstante
586 1997 707 2033 nostra,
726 2005 789 2037 qua
801 1995 972 2031 statuimus

215 2049 247 2077 et
266 2044 484 2079 ordinavimus
503 2052 533 2079 et
557 2046 791 2081 declaravimus
816 2060 881 2082 non
903 2062 970 2084 ma-

215 2097 317 2131 iorem
334 2104 464 2132 centum
481 2110 540 2133 nec
559 2101 719 2134 minorem
735 2102 971 2147 quinquaginta

215 2157 382 2186 scutorum
409 2164 594 2187 annuorum
629 2165 803 2195 summam,
834 2168 970 2202 compu-

215 2206 288 2240 tatis
298 2207 461 2248 omnibus,
477 2208 572 2241 etiam
592 2209 971 2249 incertis,emolumentis

215 2266 247 2293 et
265 2260 336 2294 aliis
351 2261 598 2295 obventionibus
615 2264 831 2297 communiter
847 2266 970 2310 percipi

215 2314 326 2355 solitiS,
345 2314 472 2348 vicariis
493 2316 656 2360 perpetuis
676 2328 713 2349 ex
734 2318 876 2360 praefato
893 2330 970 2352 con-

217 2367 292 2401 cilio
312 2368 473 2411 erigendis
493 2369 625 2403 omnino
646 2370 820 2413 assignari3
843 2372 903 2405 nisi
925 2374 970 2405 ri-

217 2421 312 2455 cariis
324 2423 530 2467 temporariis
550 2423 679 2456 solitum
701 2424 809 2468 fuisset
832 2426 904 2469 plus
924 2438 971 2460 as-

216 2470 347 2513 signari,
383 2482 420 2504 ac
439 2472 509 2505 aliis
530 2472 813 2506 constitutionibus
838 2479 866 2506 et
887 2475 972 2507 ordi-

216 2519 402 2553 nationibus
420 2521 618 2565 apostolicis;
645 2532 681 2554 ac
714 2522 920 2556 basilicarum
942 2531 971 2557 ct

217 2569 427 2602 ecclesiarum
470 2571 685 2613 praefatarum
702 2597 712 2610 ,
749 2571 843 2604 ctiam
883 2571 970 2605 iura-

216 2623 337 2660 mento,
361 2623 432 2656 eta:
463 2620 638 2663 privilegiis
667 2631 810 2664 quoquc,
838 2621 969 2656 indultis

217 2672 247 2700 et
266 2667 381 2703 litteris
400 2669 584 2713 apostolicis
616 2669 755 2704 basilicis
775 2675 805 2704 et
824 2671 970 2706 ecclesiis

1643 254 1707 288 949

1009 317 1157 361 praefatis
1186 328 1362 360 carumque
1383 316 1541 360 capitulis,
1573 317 1754 360 archipres-

1008 371 1134 414 byteris,
1169 371 1361 408 titularibus,
1393 370 1608 403 cardinalibus
1628 376 1658 404 ct
1682 382 1755 415 per-

1009 425 1094 457 sonis
1114 436 1149 457 ac
1171 426 1295 458 dilectis
1314 424 1387 458 filiis
1408 425 1528 469 populo
1554 425 1697 458 Romano
1719 425 1756 459 de

1009 489 1071 511 nou
1108 479 1310 513 conserendis
1340 479 1505 513 beneficiis
1536 478 1637 512 dictae
1665 479 1756 512 Urbis

1009 533 1079 565 aliis
1099 545 1194 577 qnam
1217 534 1408 577 originariis,
1430 538 1502 573 ctos,
1525 544 1562 566 ac
1592 533 1756 577 quibusvis

1008 586 1077 619 aliis
1108 587 1139 620 in
1171 598 1287 630 genere
1319 588 1366 620 vel
1398 588 1429 621 in
1465 587 1571 630 specie
1609 588 1686 621 alias
1724 588 1756 620 in

1009 641 1207 674 contrarium
1223 641 1478 685 quomodolibet,
1497 641 1590 674 ctiam
1608 652 1668 686 per
1681 642 1757 675 Leo-

1008 705 1080 727 nem
1102 695 1165 727 Xet
1181 695 1259 727 alios
1278 696 1439 728 Romanos
1461 695 1644 735 Pontifices,
1662 696 1756 729 etiam

1009 749 1141 791 pluries,
1169 750 1342 788 concessis,
1372 754 1428 782 etc.
1457 749 1578 788 Quibus
1607 749 1758 783 omnibus

1009 808 1084 841 etc.‚
1103 802 1232 836 illorum
1249 809 1376 836 tenores
1397 808 1466 841 etc„
1487 802 1638 836 latissime
1663 803 1758 837 dero-

1009 861 1131 898 gantes,
1156 857 1335 900 ceterisque
1358 856 1526 890 contrariis
1545 857 1757 902 quibuscum-

1009 922 1082 954 que.

1185 965 1263 998 Fiat.
1283 966 1366 998 Motu
1383 966 1530 1010 proprio,
1543 966 1580 998 M.

1053 1019 1067 1061 ἓ
1088 1018 1119 1051 6.
1143 1019 1176 1051 Et
1199 1030 1272 1051 cum
1297 1019 1499 1052 absolutione
1519 1031 1536 1052 a
1557 1020 1702 1053 censuris
1721 1020 1758 1052 ad

1010 1073 1160 1105 ctl'cctum
1181 1078 1237 1106 etc.
1271 1074 1307 1106 Et
1327 1074 1365 1106 de
1393 1074 1575 1113 erectione,
1604 1073 1759 1107 constitu-

1009 1126 1106 1162 tione.
1128 1126 1341 1170 assignatione
1362 1133 1391 1160 et
1417 1128 1644 1172 applicatione,
1667 1138 1760 1161 man-

1010 1180 1082 1213 dato
1103 1191 1138 1213 ac
1166 1180 1375 1224 derogatione
1396 1181 1529 1226 aliisque
1563 1182 1759 1225 praemissis,

1010 1245 1092 1277 quae
1112 1234 1165 1278 liic
1180 1245 1238 1279 pro
1255 1235 1451 1268 sufficienter
1466 1235 1609 1280 repetitis
1624 1235 1762 1269 habean-

1011 1294 1062 1320 tur
1078 1288 1116 1320 ad
1129 1294 1265 1332 partem,
1282 1289 1377 1322 etiam
1393 1290 1576 1333 separatim,
1596 1289 1668 1323 etin
1684 1300 1759 1330 una,

1010 1342 1099 1374 nulla
1129 1342 1208 1375 sacta
1242 1343 1415 1384 mentione,
1444 1354 1479 1376 ac
1513 1343 1593 1383 aliis,
1626 1349 1656 1376 et
1675 1342 1762 1388 quod

1011 1396 1077 1429 sola
1089 1396 1251 1439 signatura
1267 1398 1445 1441 praesentis
1457 1397 1556 1430 nostri
1569 1403 1675 1430 motus
1690 1407 1763 1442 pro-

1012 1450 1074 1494 prii
1099 1451 1248 1491 sufficiat,
1272 1456 1302 1484 et
1336 1451 1456 1496 ubique
1477 1452 1572 1485 fidem
1602 1451 1708 1490 faciat,
1730 1451 1762 1485 in

1012 1503 1131 1537 iudicio
1145 1510 1174 1537 et
1190 1512 1277 1538 extra
1294 1505 1386 1546 illud,
1399 1516 1463 1538 non
1481 1505 1679 1538 obstantibus
1694 1504 1763 1553 qui-

1011 1559 1226 1603 buscumque.

1321 1613 1399 1647 Fiat.
1420 1613 1457 1647 M.

1055 1667 1169 1700 Datum
1190 1667 1309 1701 Romae
1337 1668 1422 1711 apud
1453 1668 1484 1701 S.
1508 1668 1649 1709 Petrum,
1671 1668 1764 1702 nonis

1012 1721 1205 1761 novembris,
1227 1733 1312 1755 anno
1328 1732 1369 1755 vi.

1079 1780 1140 1810 Dat.
1159 1781 1205 1811 die
1222 1782 1240 1811 5
1256 1791 1323 1811 nov.
1344 1781 1432 1818 1571,
1450 1781 1553 1822 pontif.
1571 1791 1648 1812 anno
1663 1790 1701 1815 vi.

1334 1957 1432 1991 CCXI.

1014 2034 1135 2068 Contra
1153 2035 1329 2066 ambientes
1346 2034 1520 2077 diqm'tates
1541 2038 1569 2066 el
1589 2035 1691 2078 officia
1717 2035 1764 2067 iit-

1056 2088 1169 2120 risdict
1175 2089 1225 2120 ian
1233 2089 1259 2120 is
1288 2089 1361 2120 adm
1367 2089 1398 2120 in
1406 2089 1484 2121 istra
1492 2089 1610 2121 tionem
1642 2089 1659 2120 lz
1665 2100 1682 2121 α
1688 2089 1763 2122 ben-

1059 2143 1117 2182 ἱία,
1134 2143 1343 2185 eaqucpretio
1353 2143 1629 2185 senpromzlssione
1647 2153 1762 2186 procu-

1057 2200 1166 2229 rantes
1202 2197 1248 2228 reb
1280 2200 1496 2239 assequentes,
1532 2200 1589 2229 (ιηί
1618 2202 1763 2230 assecuta

1058 2254 1304 2283 manutenentes
1325 2251 1356 2282 in
1379 2250 1474 2283 Statu
1496 2250 1730 2284 Ecclesiastico.

1130 2331 1191 2359 Pius
1212 2332 1282 2366 Papa
1302 2331 1332 2362 V.
1358 2331 1433 2359 motu
1451 2331 1573 2366 proprio.
1594 2332 1647 2359 etc.

1055 2403 1120 2436 Etsi
1145 2402 1280 2436 Romani
1307 2402 1469 2435 Pontiticis
1499 2402 1652 2436 continua
1672 2403 1762 2437 inde-

1013 2458 1158 2500 fessaque
1178 2456 1342 2489 meditatio
1363 2456 1448 2489 circa
1467 2456 1670 2490 subditorum
1691 2468 1764 2490 suo-

1013 2522 1084 2543 rum
1115 2511 1321 2543 commodum
1356 2516 1387 2543 et,
1421 2510 1589 2543 utilitatem
1610 2511 1763 2544 continue

1012 2563 1209 2609 implicatur,
1232 2575 1268 2596 ac
1288 2574 1370 2606 quae
1391 2563 1440 2603 iis,
1460 2574 1540 2607 quos
1560 2570 1596 2597 ut
1616 2564 1700 2597 filios
1720 2570 1762 2598 te-

1012 2628 1088 2651 nere
1109 2618 1222 2660 diligit,
1245 2617 1356 2651 obesse
1377 2628 1469 2661 posse
1490 2618 1607 2659 eredit,
1630 2619 1668 2652 de
1694 2629 1761 2652 me-

1012 2671 1063 2705 dio
1084 2672 1164 2705 tollit
1176 2683 1183 2712 3
1206 2671 1415 2715 negociorum
1433 2676 1539 2706 tamen
1551 2673 1760 2707 multitudine

1769 265 1817 291 An.
1835 265 1864 290 C.
1884 264 1948 290 ¹570

1813 1033 1957 1054 clausularum

1773 1067 1881 1093 repetitio.

1804 2417 1924 2439 Exordium.
