2237 3100
54 284 104 312 An.
123 283 238 313 &1566

85 1616 105 1637 Si
117 1618 162 1643 quiz
172 1617 244 1637 subdi-

60 1651 92 1668 tus
101 1648 122 1668 S.
135 1647 150 1667 R
171 1647 193 1667 Ε.
211 1648 245 1668 de-

60 1679 109 1699 licta
131 1680 245 1705 patraverit

63 1713 83 1732 in
100 1711 170 1735 [tegno
192 1710 246 1731 Nea-

63 1742 164 1768 politano,
175 1742 246 1767 punia-

62 1778 94 1794 tur
111 1774 199 1800 perium}
222 1779 246 1793 ac

60 1806 77 1824 si
118 1804 246 1824 ceruini-*erit

61 1838 80 1867 in
93 1836 163 1861 lleguo
176 1835 247 1856 Eut-le-

63 1865 148 1883 masth-0

96 2153 195 2178 I’ioregis
205 2151 252 2172 offi-

65 2184 253 2206 ciatihueticcttiu-

63 2216 151 2236 lttStnOtli
170 2214 253 2235 facino-

63 2252 123 2267 rosos
140 2247 221 2273 insequi
234 2247 254 2266 in

64 2277 256 2304 campestribuslo-

61 2310 92 2329 cis
100 2309 170 2329 status
181 2308 255 2329 Eccle-

61 2340 148 2361 siastici.

929 279 997 304 PIUS
1020 280 1039 304 V
1063 279 1111 304 PP-

253 337 309 366 aut
340 333 384 365 ibi
413 343 468 366 cos
501 334 650 377 reperiri,
676 333 716 366 ab
732 334 852 367 eisdem
879 333 1003 375 legatis,

253 385 445 428 vicelegatis,
476 387 760 429 gubernatffl'ibus,
797 386 1005 419 locatencnti-

255 439 314 471 bus
334 445 364 471 et
385 439 456 471 aliis
471 439 664 472 officialibus
675 446 706 473 et
721 439 874 471 ministris
890 439 1007 471 nostris

253 497 284 523 et,
307 492 450 524 eiusdem
472 492 563 525 Sedis
583 493 665 535 capi,
690 492 826 525 detineri
846 498 874 525 et
897 503 1006 525 caroe-

254 544 344 576 ribus
364 544 540 588 mancipari
563 546 716 578 volumus
745 550 775 578 et
801 546 1004 585 mandamus,

253 607 290 629 ae
310 597 429 630 eisdem
453 598 580 641 proregi
607 599 653 631 vel
685 598 876 631 officialibus
896 603 927 631 et
947 598 1006 630 mi-

253 650 374 690 nistris,
403 662 458 684 seu
481 652 519 683 ad
547 661 676 684 onmem
695 651 794 695 ipsius
814 651 860 683 vel
882 662 1009 683 cormu-

254 704 326 736 dem
348 705 570 737 ministrorum
601 715 734 736 suorum
765 703 1008 747 requisitionem

256 756 397 800 captivos
425 757 525 789 factos
563 757 663 790 libere
692 763 723 789 et
747 756 937 799 simpliciter
958 768 1008 789 re-

256 809 351 850 111iui;
364 821 429 843 non
447 816 558 853 captos
575 812 659 853 capi,
682 810 817 843 detineri
830 815 861 843 et
876 810 1007 849 remitti,

255 862 456 906 quicumque
478 864 522 895 illi
545 863 675 903 suerint,
698 870 753 897 aut
775 864 1010 907 qualitercum-

255 927 318 959 que
339 917 499 959 graduati,
529 917 654 950 nobiles
678 918 725 950 vel
746 917 895 957 barones,
918 927 1010 949 man—

255 970 367 1003 dantes
388 971 506 1003 eisdem
528 971 652 1013 legatis,
675 970 868 1013 vicelegatis,
891 970 1010 1013 guber-

256 1023 424 1056 natoribus
439 1029 470 1056 ct
489 1024 559 1056 aliis
574 1023 778 1064 officialibus,
803 1034 1012 1067 quocumque

257 1077 388 1109 nomine
410 1077 618 1121 nuncupatis,
641 1083 677 1109 ut
697 1077 722 1110 si
749 1088 830 1121 quas
850 1076 1009 1115 fidantias,

257 1130 359 1162 salvos
392 1131 574 1163 conductus
602 1136 658 1163 aut
688 1129 876 1163 securitates
907 1130 1013 1162 haete-

258 1193 320 1214 nus
353 1183 507 1220 fecerint,
544 1183 616 1216 illos
646 1189 677 1216 et
702 1183 772 1216 illas
802 1188 954 1216 revocent
984 1188 1014 1215 et

259 1237 440 1277 annullent,
459 1242 634 1280 proutnos,
653 1236 870 1280 praesentium
888 1242 1012 1273 tenore,

258 1300 350 1331 quas,
382 1296 453 1333 post
488 1290 651 1322 decimum
672 1301 689 1322 a
709 1290 759 1322 die
785 1289 1015 1334 publicationis

259 1344 446 1375 earumdem
478 1343 575 1383 diem,
598 1354 693 1376 suum
727 1343 877 1376 effectum
907 1343 1013 1375 sortiri

259 1397 419 1437 volumus,
442 1407 632 1430 revocamus
647 1402 678 1429 et
697 1397 918 1437 annullamus,
941 1397 1014 1429 nul-

260 1449 387 1493 liusque
408 1450 554 1491 effeetus,
576 1450 704 1483 roboris
718 1450 766 1483 vel
779 1450 935 1483 momenti
948 1460 1015 1483 esse

260 1503 409 1536 volumus
429 1509 459 1537 et
480 1504 684 1537 mandamus.

305 1557 320 1598 ξ
340 1555 370 1589 4.
394 1557 608 1590 Deeernentes
625 1557 757 1600 insuper
781 1557 868 1600 quod
890 1556 914 1589 si
941 1567 1017 1590 eon-

260 1609 369 1652 tigerit
389 1610 530 1653 aliquem
557 1610 708 1644 ex‘terris
741 1616 771 1643 et
796 1610 876 1643 loeis
899 1610 1017 1643 nostris

262 1668 294 1696 et
312 1663 515 1706 Apostolicae
545 1663 636 1697 Sedis
660 1664 837 1697 oriundum
858 1664 905 1696 vel
926 1663 1017 1696 inco-

262 1717 324 1748 lam
347 1716 379 1749 in
405 1717 548 1760 praefato
571 1728 670 1760 regno
694 1717 844 1760 Neapolis
863 1717 911 1750 vel
933 1716 1019 1749 illius

262 1769 356 1802 terris
376 1775 407 1802 et
431 1770 510 1803 locis
542 1770 695 1803 delictum
721 1770 851 1813 aliquod
873 1771 1019 1803 commit-

264 1829 341 1863 tere,
364 1823 456 1856 illum
476 1824 515 1856 ab
536 1823 729 1856 officialibus
744 1829 775 1856 et
791 1823 947 1855 ministris
964 1834 1019 1856 no-

264 1876 349 1916 stris,
371 1877 479 1920 puniri
502 1881 533 1910 et
553 1877 648 1920 plecti
665 1887 770 1920 posse,
792 1887 858 1909 non
879 1887 971 1909 secus
983 1888 1019 1910 ae

264 1929 290 1962 si
321 1929 473 1962 delictum
504 1930 609 1973 ipsum
631 1929 663 1962 in
685 1930 802 1963 nostris
823 1935 851 1962 et
873 1930 1017 1963 eiusdem

265 1982 429 2015 Romanae
444 1982 605 2015 Ecclesiae
631 1982 724 2015 terris
749 1988 779 2015 et
799 1983 880 2015 locis
905 1982 1019 2016 inune-

265 2035 350 2068 diate
375 2035 526 2068 subiectis
549 2035 773 2069 commisisset.

311 2088 326 2131 ἓ
350 2089 380 2122 5.
404 2088 442 2121 Et
460 2099 500 2122 ne
521 2089 595 2121 talia
616 2094 780 2132 patrantes
806 2089 943 2122 erimina
969 2090 1018 2122 iu-

268 2140 371 2174 stitiae
394 2142 528 2185 laqueos
548 2142 689 2185 effugere
711 2142 850 2186 possint,
874 2142 1023 2176 volumus

270 2200 301 2228 et
320 2195 527 2228 decernimus
554 2196 641 2239 quod
663 2195 816 2229 officiales
836 2201 866 2228 et
886 2195 1022 2229 ministri

271 2248 416 2281 eiusdem
438 2249 596 2296 pro-regis,
632 2248 825 2282 criminosos
857 2254 887 2281 et
920 2249 1023 2282 delin-

271 2311 407 2349 quentes
423 2306 593 2350 praefatos,
612 2313 646 2340 ut
662 2307 855 2350 praefertur,
874 2306 1024 2340 bannitos

272 2369 303 2396 et
322 2365 431 2398 exules
451 2365 657 2407 insequentes
677 2369 707 2397 et
723 2364 957 2407 perquirentes,
979 2365 1025 2398 in-

271 2427 320 2454 tra
340 2422 420 2456 fines
440 2428 471 2456 et
495 2421 694 2456 territorium
716 2422 822 2455 Status
842 2423 943 2455 nostri
965 2423 1024 2455 Ee-

272 2480 440 2513 elesiastici
462 2491 520 2525 per
540 2480 679 2524 spatium
704 2479 814 2512 decem
837 2480 1025 2513 milliarium

275 2538 307 2570 in
328 2538 422 2579 villis,
444 2539 604 2571 casalibus
623 2543 654 2570 et
673 2537 784 2579 terris,
815 2548 898 2580 quae
918 2543 1026 2571 tamen

277 2597 378 2629 inuris
398 2596 614 2630 circumdatae
630 2606 696 2630 non
715 2595 787 2635 sint,
809 2600 839 2628 et
858 2595 928 2628 aliis
948 2595 1027 2629 loeis

276 2655 528 2698 campestribus,
558 2665 623 2688 non
642 2659 749 2688 tamen
770 2653 960 2695 civitatibus,
982 2653 1027 2686 in-

1691 268 1756 303 4⁶29

1049 332 1152 375 sequi,
1171 340 1340 374 quaerere,
1358 340 1473 374 capere
1490 334 1520 363 et
1536 331 1677 374 captivos
1693 337 1803 375 captos

1050 396 1158 418 secum
1185 385 1304 417 ducere
1324 383 1424 416 libere
1445 388 1475 416 et
1493 394 1607 416 secure
1627 385 1763 417 valeant.

1093 440 1107 479 ,ξ
1133 438 1164 470 6.
1192 437 1376 470 lllandantes
1395 442 1567 480 propterea
1597 437 1748 470 omnibus
1773 443 1800 469 et
1844 452 1939 471 semsi
1956 451 2003 471 offi-

1049 490 1183 531 singulis
1200 489 1457 532 magistralibus,
1480 489 1671 522 officialibus
1691 501 1727 522 ac
1744 501 1802 533 po-
1818 483 2004 539 {2fllif¹¹¹¹⁸m³¹'p¹{fs‚¹j

1050 543 1134 587 pulis
1155 549 1184 576 et
1214 543 1465 587 particularibus
1485 543 1644 586 personis,
1664 543 1758 575 nobis
1773 548 1804 575 et.
1819 538 2004 595 ¹³⁰5in,nnuissjfi'ssflssf

1050 596 1152 629 dictae
1168 596 1328 629 Ecclesiae
1355 595 1522 635 subiectis,
1548 602 1584 629 ut
1601 595 1754 628 ministris
1774 583 2005 635 etil‘myim11uc1c-

1050 649 1353 694 ollieialibusipsius
1370 649 1515 693 prorcgis
1527 649 1611 681 eirca
1629 648 1804 691 praemissa
1819 636 1928 659 ‘mumma‘

1051 702 1237 745 cx‹i=‹piemla
1257 714 1386 735 omnem
1419 703 1559 735 savorem
1589 708 1619 735 et
1647 702 1803 735 auxilium

1054 755 1240 798 praebcant.

1096 810 1111 851 ξ
1132 809 1161 841 7.
1186 808 1271 841 llaec
1283 814 1390 841 autem
1412 809 1521 841 omnia
1542 819 1580 841 eo
1596 808 1750 841 libentius
1767 808 1808 840 se—

1053 862 1157 893 cimus
1182 867 1212 894 et
1231 861 1445 902 decmevinnis,
1478 862 1554 904 quia
1583 861 1665 895 idem
1691 872 1807 905 prorex

1054 926 1112 958 per
1131 926 1205 947 suas
1220 915 1330 947 literas
1350 915 1442 947 nobis
1459 926 1516 958 per
1534 915 1687 948 dilectum
1706 914 1807 947 silium

1053 968 1076 1000 F
1079 968 1293 1000 ordinandum
1314 968 1353 1001 dc
1371 969 1498 1008 Torres,
1522 968 1732 1001 secretarium
1754 978 1810 1000 no-

1054 1024 1155 1053 “strum
1178 1022 1215 1053 de
1237 1031 1374 1054 numero
1402 1021 1679 1065 participantium,
1698 1027 1727 1054 et
1757 1021 1808 1053 cui

1055 1073 1157 1116 ipsius
1187 1074 1276 1116 regni
1310 1074 1514 1116 negotiorum
1550 1074 1699 1117 specialis
1732 1085 1811 1107 eura

1056 1126 1215 1166 imminet,
1238 1126 1414 1169 significari
1433 1127 1506 1159 feeit
1522 1133 1639 1160 cuncta
1661 1127 1811 1170 superius

1056 1190 1217 1223 expressa,
1239 1179 1400 1212 viceversa
1427 1179 1458 1212 in
1480 1179 1565 1213 dieto
1587 1190 1687 1223 regno
1708 1190 1725 1212 a
1746 1179 1813 1211 suis

1057 1232 1212 1266 ministris
1232 1238 1261 1265 et
1283 1233 1476 1266 officialibus
1500 1233 1620 1276 pariter
1649 1232 1812 1266 observari

1058 1292 1171 1318 statuet
1198 1292 1227 1318 et
1248 1285 1411 1319 decernet.

1102 1341 1116 1381 ᾗ
1136 1340 1167 1372 8.
1193 1341 1279 1378 Quae
1301 1350 1375 1372 cum
1402 1344 1519 1372 statuta
1546 1345 1576 1371 et
1596 1340 1726 1372 decreta
1747 1340 1812 1371 sue—

1059 1392 1133 1432 rint,
1160 1393 1239 1425 hace
1261 1392 1315 1424 illa
1342 1392 1568 1425 inviolabiliter
1598 1393 1636 1425 ab
1662 1392 1813 1425 omnibus

1058 1446 1188 1486 legatis,
1230 1446 1431 1488 vicelegatis,
1469 1446 1743 1488 gubernatoribus
1783 1451 1814 1479 et

1059 1499 1140 1539 aliis,
1168 1505 1202 1531 ut
1222 1499 1416 1542 praefertur,
1445 1499 1639 1532 officialibus
1658 1505 1687 1532 et
1717 1499 1813 1532 mini-

1060 1553 1131 1586 stris
1155 1552 1272 1585 nostris
1303 1552 1465 1586 observari
1492 1553 1642 1585 volumus
1671 1558 1702 1585 et
1724 1563 1813 1585 man-

1060 1607 1174 1639 damus
1203 1606 1262 1639 sub
1287 1613 1415 1640 nostrae
1441 1606 1672 1648 indignationis
1696 1616 1812 1648 poena.

1060 1660 1129 1692 Non
1148 1660 1351 1693 obstantibus
1371 1659 1572 1704 praemissis,
1601 1671 1637 1692 ae
1658 1659 1814 1692 eonstitu-

1060 1713 1201 1746 tionibus
1221 1719 1251 1746 et
1266 1713 1525 1746 ordinationilnis
1540 1712 1738 1756 apostolicis,
1756 1718 1816 1745 sta-

1062 1766 1201 1809 tutisque
1214 1772 1244 1799 et
1256 1766 1546 1799 consuetudinibus
1573 1765 1749 1805 civitatum,
1771 1766 1817 1798 lo-

1062 1830 1188 1859 corum,
1219 1819 1471 1863 privilegiisque,
1500 1819 1634 1851 indultis
1657 1830 1694 1852 ae
1714 1819 1816 1852 literis

1062 1873 1245 1915 apostolicis
1279 1872 1523 1916 quomodolibet
1553 1872 1584 1904 in
1615 1872 1815 1905 contrarium

1063 1926 1235 1967 concessis,
1254 1926 1452 1965 confirmatis
1467 1932 1496 1959 et
1510 1925 1681 1966 innovatis3
1698 1925 1817 1968 quibus

1063 1979 1224 2019 omnibus,
1243 1990 1358 2013 eorum
1373 1986 1500 2012 tenores
1520 1979 1747 2023 praesentibus
1759 1988 1817 2022 pro

1064 2032 1261 2066 sufficienter
1285 2032 1443 2076 expressis
1467 2031 1635 2073 habentes,
1653 2031 1717 2064 illis
1740 2032 1819 2064 alias

1064 2085 1096 2118 in
1117 2096 1175 2119 suo
1191 2086 1309 2119 robore
1325 2085 1560 2129 permansuris,
1576 2085 1637 2118 hac
1648 2085 1715 2117 viee
1727 2085 1819 2117 dum-

1064 2144 1157 2178 taxat,
1169 2139 1208 2172 ad
1221 2139 1372 2172 effectum
1383 2138 1615 2182 praesentium,
1637 2137 1820 2181 specialiter

1065 2198 1096 2225 et
1124 2202 1272 2236 expresse
1302 2192 1508 2235 derogamus,
1537 2191 1718 2235 ceterisque
1740 2201 1819 2224 con-

1066 2244 1171 2278 trariis
1191 2245 1464 2289 quibuscumque.

1110 2298 1176 2331 Dat.
1192 2299 1312 2332 Romae
1328 2299 1414 2342 apud
1429 2298 1738 2338 SanctumPetrum,
1760 2297 1820 2331 sub

1066 2352 1186 2384 annulo
1207 2351 1390 2392 Piscatoris,
1411 2352 1462 2385 die
1481 2362 1490 2384 l
1516 2351 1669 2384 februarii
1687 2360 1817 2391 MDLXVI,

1066 2404 1274 2448 pontificatus
1294 2406 1395 2439 nostri
1416 2415 1501 2437 anno
1522 2405 1640 2448 primo.

1116 2466 1175 2496 Dat.
1188 2467 1235 2497 die
1255 2468 1268 2497 1
1289 2467 1430 2497 februarii
1448 2467 1533 2503 1500,
1551 2466 1654 2506 pontis.
1671 2475 1748 2496 atino
1766 2475 1782 2495 ι.

1817 277 1868 305 Αη.
1887 278 1915 305 C.
1934 279 2002 306 1566

1864 818 1939 839 Eadem
1955 823 2004 843 pro<

1823 849 1888 869 mittit
1905 853 1981 875 prorex

1870 1351 1925 1371 llaec
1943 1354 2012 1371 auten·

1829 1384 1899 1403 omnia
1908 1388 2014 1408 exequen-

1828 1414 1853 1434 da
1863 1417 1918 1437 sunt,
1928 1413 1998 1439 quibn-
2008 1424 2015 1427 -

1829 1450 1916 1470 cumque
1933 1446 1953 1463 iu
1966 1449 2014 1464 eeu*

1829 1476 1914 1496 trarium
1927 1481 1968 1495 uon
1981 1476 2013 1494 υΙν

1829 1506 1941 1526 stantibus
