2237 3100
279 270 328 295 An.
347 268 374 295 C.
396 269 461 296 1562

344 1727 452 1753 Dvmguio

271 1760 431 1780 conti-:tinnitu

298 2213 382 2234 Sanctio
403 2219 455 2241 poe-

273 2244 333 2265 natis.

520 259 582 294 228

476 322 581 367 petuis
601 323 718 355 suturis
737 322 949 367 temporibus,
967 330 1158 358 occurrente
1176 335 1225 358 va-

477 377 614 415 catione,
634 377 673 409 ad
693 376 908 419 antiquiorem
925 388 1096 410 causarum
1116 378 1226 411 Palatii

476 429 660 462 huiusmodi
682 430 861 462 auditorem
883 430 916 463 111
935 431 1019 463 dicta
1035 430 1129 463 Curia
1150 431 1226 465 resi-

475 484 620 524 dentem,
643 489 695 515 aut
720 494 756 516 ex
783 495 879 516 eausa
910 484 1039 527 publiea
1060 484 1224 518 absentem

474 542 502 569 et
524 542 610 570 extra
631 537 766 569 eandem
791 536 921 569 Curiam
950 548 1008 580 per
1044 538 1224 571 Romanum

474 590 659 623 Pontificem
677 589 882 630 destinatum,
896 590 1045 624 devenire
1062 592 1170 634 possit.
1190 592 1226 624 Et

474 644 607 676 Ioannes
626 643 777 687 Baptista,
795 654 843 681 ae,
858 649 1027 687 postquam
1050 644 1153 678 dictus
1173 645 1226 678 de-

474 702 606 729 canatus
626 697 665 729 ad
685 708 760 730 eum
781 697 955 738 devenerit,
974 698 1006 730 111
1027 698 1110 731 dicta
1130 699 1225 732 Curia

474 761 644 793 praesens,
672 755 737 791 aut,
761 756 793 783 ut
828 752 1026 795 praefertur,
1052 752 1166 785 absens
1195 758 1225 785 et,

473 809 559 837 extra
580 804 696 837 dictam
730 805 859 838 Curiam
894 805 1070 839 destinatus
1097 806 1226 840 auditor

472 858 636 901 antiquior
655 859 837 902 praefatus,
864 869 976 892 omnes
996 860 1076 893 alios
1100 860 1224 894 audito-

472 922 542 951 res,
570 911 664 944 etiam
695 911 910 955 antiquiores,
943 924 1070 957 semper
1094 914 1126 946 111
1151 915 1223 957 qui-

471 965 579 998 busvis
600 965 812 1005 sessionibus,
835 966 1124 1010 disputationibus,
1145 969 1224 1001 votis

472 1025 498 1052 et
521 1019 590 1051 aliis
610 1019 746 1059 actibus,
761 1019 900 1064 publicis
920 1026 950 1053 et
974 1021 1112 1064 privatis,
1130 1033 1223 1065 prae-

471 1073 578 1113 cedat,
601 1084 660 1106 1166
686 1084 744 1116 per
763 1073 842 1106 alios
862 1074 1036 1115 auditores,
1055 1075 1149 1108 etiam
1166 1087 1222 1108 an-

471 1122 636 1170 tiquiores,
668 1133 744 1160 tunc
769 1127 932 1163 absentes,
964 1128 1058 1160 etiam
1085 1129 1109 1160 si
1136 1135 1222 1172 post-

471 1181 603 1213 modum
625 1180 836 1214 incontinenti
852 1182 891 1214 ad
912 1181 1028 1214 dictam
1044 1182 1173 1215 Curiam
1191 1195 1222 1216 se

471 1235 634 1267 conserant
666 1240 693 1267 et
722 1234 753 1266 in
787 1245 824 1267 ea
857 1234 1011 1268 continuo
1042 1236 1219 1277 resideant,

469 1300 566 1333 super
590 1288 660 1333 ipso
683 1289 841 1321 decanatu
874 1295 929 1322 aut
957 1289 1043 1322 1111115
1071 1290 1220 1323 565510111-

468 1343 528 1376 bus
548 1344 595 1375 vel
615 1343 685 1376 aliis
718 1343 842 1376 actibus
868 1354 925 1376 seu
953 1343 1222 1388 disputationibus

468 1397 506 1429 ad
527 1408 602 1429 611111
634 1397 867 1440 pertinentibus
893 1397 1041 1441 impediri
1069 1404 1123 1431 aut
1151 1410 1220 1432 mo-

468 1451 574 1483 lestari
595 1451 714 1491 valcat,
736 1456 825 1483 motu
850 1451 982 1494 proprio
1017 1457 1047 1484 et.
1075 1463 1111 1485 ex
1136 1458 1221 1486 certa

468 1511 576 1537 nostra
604 1504 756 1545 scientia,
779 1516 814 1537 ac
843 1505 880 1537 de
907 1505 1102 1549 apostolieae
1132 1512 1220 1549 pote-

469 1558 555 1591 statis
583 1559 781 1602 plenitudine
808 1559 1009 1592 extendimus
1035 1565 1065 1592 et
1084 1560 1220 1604 amplia-

470 1623 552 1644 mus.

513 1665 578 1707 §3.
610 1665 678 1698 Non
707 1665 908 1698 obstantibus
940 1665 1222 1699 constitutionibus

469 1724 496 1751 et
524 1719 780 1751 ordinationibus
799 1719 984 1763 apostolicis
1009 1731 1045 1752 ac
1065 1720 1144 1763 stylo
1165 1732 1222 1763 pa-

470 1772 534 1805 latii
556 1784 681 1806 necnon
709 1773 835 1816 collegii
855 1773 1040 1806 auditorum
1062 1775 1222 1817 praefato—

469 1838 552 1865 rum,
569 1826 663 1859 etiam
682 1827 873 1867 iuramento,
886 1827 1131 1860 confirmatione
1147 1839 1223 1871 apo-

470 1881 580 1913 stoliea
596 1881 642 1913 vel
663 1881 773 1924 quavis
798 1880 947 1913 firmitate
969 1881 1030 1913 alia
1052 1881 1221 1921 roboratis,

470 1934 594 1967 statutis
621 1940 648 1967 et
681 1933 970 1967 consuetudinibus
1003 1945 1038 1967 ac
1071 1934 1222 1968 omnibus

469 1989 550 2028 illis,
583 1999 664 2032 quac
698 1988 802 2020 dictus
831 1988 1058 2031 praedecessor
1078 1988 1109 2020 in
1130 1988 1222 2021 dictis

469 2042 569 2075 literis
584 2041 682 2075 voluit
702 2053 766 2075 non
787 2042 925 2081 obstare,
944 2042 1123 2085 ceterisque
1144 2053 1221 2075 6011-

469 2096 575 2128 trariis
595 2095 867 2139 quilmseumqtie.

514 2150 579 2193 §le
602 2150 687 2183 Nulli
715 2160 791 2192 ergo
819 2149 950 2182 omnino
985 2148 1153 2182 hominum
1183 2150 1221 2182 li-

471 2209 540 2237 ceat
564 2205 646 2236 lianc
667 2204 815 2247 paginam
837 2210 963 2236 nostrae
984 2203 1177 2236 extensionis
1193 2209 1222 2236 et

470 2257 686 2301 ampliationis
707 2258 893 2301 infringere,
911 2257 959 2290 vel
976 2257 1004 2290 ei
1025 2268 1105 2289 ausu
1126 2263 1222 2291 teme.-

470 2311 555 2344 rario
576 2311 748 2345 contraire.

515 2365 545 2397 Si
567 2365 639 2409 quis
658 2370 714 2397 etr.
1147 2403 1149 2405 ¹

514 2419 626 2451 Datum
648 2419 767 2451 Romae
788 2419 874 2463 apud
892 2419 1045 2451 Sanctum
1066 2418 1218 2458 Marcum,

470 2478 553 2499 aimo
589 2467 820 2500 lnearnationis
840 2467 1020 2500 dominicae
1052 2466 1221 2499 millesimo

470 2516 728 2559 quingentesimo
749 2516 944 2559 sexagesimo
965 2516 1118 2555 seeundo,
1136 2522 1221 2548 sexto

471 2565 623 2598 kalendas
648 2565 773 2608 augusti
788 2592 795 2606 ,
818 2565 1025 2609 pontificatus
1045 2564 1144 2597 nostri
1164 2576 1221 2597 an-

471 2624 513 2647 no
535 2624 579 2647 111.

511 2667 572 2697 Dat.
595 2667 641 2698 die
663 2667 699 2698 27
723 2667 788 2698 iulii
804 2667 891 2706 1562,
909 2667 1013 2708 pontis.
1035 2676 1111 2698 anno
1127 2675 1169 2697 111.

1072 269 1252 295 BULLARIL'M
1276 269 1427 295 ROMANUM

2033 263 2084 291 An.
2102 263 2216 291 615611

1581 320 1706 354 LXXIV.

1267 398 1435 431 Bet-acatio
1452 397 1697 440 qm'vileqv'orum
1717 395 1962 439 qm'bnscmnque
1976 392 2019 424 Io-

1312 448 1356 479 cis
1382 448 1448 490 piis
1475 451 1504 479 et
1530 447 1606 478 aliis
1634 456 1867 483 concessorum,
1889 443 2018 485 dispen-

1311 498 1408 530 sandi
1435 507 1530 540 super
1557 495 1850 539 irrequlm'itatibus
1881 491 2018 535 impedi-

1311 546 1487 589 mentisque
1506 544 1816 584 mcctrimoniale'bua,
1839 546 1895 576 etc.

1359 617 1421 646 Pius
1440 617 1581 653 episcopus
1600 624 1696 645 servus
1719 622 1860 644 servorum
1874 615 1932 647 Dei,

1402 668 1436 696 ad
1459 668 1622 703 perpetuam
1647 667 1688 696 rei
1714 666 1883 695 memoriam.

1310 731 1353 764 De
1375 730 1545 764 commisso
1574 729 1666 763 nobis
1695 728 1884 762 universalis
1908 727 2019 760 Eccle-
2059 738 2179 761 Exordium.

1267 781 1330 814 siae
1351 780 1508 823 regimine
1522 806 1529 819 ,
1551 779 1593 811 ita
1621 789 1679 811 nos
1704 782 1831 822 oportet,
1856 788 1923 810 esse
1944 775 2019 809 5011-

1267 831 1347 863 citos
1386 834 1421 862 ut
1460 827 1668 872 propensiore
1709 827 1814 860 studio
1852 836 2020 860 caveamus

1267 891 1305 912 nc
1323 872 1399 917 illa,
1427 889 1509 922 quae
1530 879 1685 910 hactenus
1706 877 1883 909 multorum
1913 875 2019 920 preci-

1265 929 1326 961 bus
1354 933 1381 961 et
1416 926 1574 960 instantiis
1608 936 1666 969 pro
1699 925 1881 958 animarum
1902 925 2016 965 salute,

1266 983 1329 1010 tam
1353 988 1369 1010 a
1390 977 1518 1017 nobis4‚
1540 975 1656 1009 mentis
1676 975 1845 1008 hominum
1861 975 1974 1015 abusu,
1987 973 2020 1007 in

1265 1037 1392 1069 gravem
1418 1026 1529 1058 cedant
1551 1024 1731 1058 animarum
1754 1024 1923 1065 iacturam,
1941 1035 2019 1057 neve

1266 1075 1499 1115 christifideles,
1529 1073 1668 1107 cuiusvis
1688 1073 1922 1116 indulgentiae,
1945 1084 2019 1118 pec-

1265 1130 1411 1159 catorum
1448 1124 1645 1158 remissionis
1680 1124 1729 1157 vel
1770 1123 1929 1157 facultatis
1964 1129 2018 1157 aut

1266 1174 1421 1217 privilegii
1443 1174 1597 1214 obtentu,
1620 1172 1829 1216 procliviores
1848 1172 1888 1205 ad
1908 1172 2019 1206 illicita

1265 1223 1295 1255 in
1323 1229 1489 1267 posterum
1517 1222 1732 1267 perpetranda
1761 1221 1958 1262 reddantur,
1981 1232 2018 1255 ac

1264 1272 1364 1305 nimia
1383 1273 1493 1306 veniae
1514 1271 1648 1305 facilitas
1668 1271 1713 1305 eis
1728 1270 1882 1316 peccandi
1898 1271 2018 1304 tribuat

1264 1321 1472 1355 incentivum.

1308 1372 1322 1415 ξ
1342 1372 1373 1405 l.
1397 1372 1479 1405 Sane
1500 1382 1573 1404 cum
1608 1380 1683 1410 nos,
1711 1369 1842 1413 auspice
1869 1369 2014 1411 Christo,
2032 1369 2216 1423 „flssssflpssfflssf

1263 1431 1368 1464 nuper
1402 1422 1440 1454 ad
1470 1421 1654 1464 generalem
1681 1419 1892 1452 tribunalium
1913 1420 2016 1452 almae
2031 1408 2137 1454 cessoresp
2163 1439 2216 1454 con-

1264 1469 1356 1503 [Ji-his
1382 1470 1561 1514 Cariaeque
1583 1475 1709 1502 nostrae
1737 1468 1918 1502 officiorum
1946 1479 2015 1501 om·
2031 1467 2142 1486 ⁰⁸⁵⁵⁹m¹¹¹
2184 1464 2217 1484 ω·

2057 1496 2061 1500 .
2122 1495 2135 1510 q
2212 1495 2216 1499 .

1263 1520 1352 1553 nium
1382 1520 1521 1553 debitam
1552 1530 1588 1552 ac
1621 1518 1782 1551 salubrem
1811 1517 2015 1551 reformatio·
2030 1494 2217 1553 {imiicispiiaiie's‘i

1263 1580 1348 1609 nem,
1380 1569 1475 1602 certis
1513 1574 1590 1601 tunc
1629 1567 1874 1601 rationabilibus
1912 1566 2016 1601 causis
2030 1557 2216 1615 ῗὲζζζᾞῇςῖζῖζῗξ

1265 1619 1352 1657 111011,
1374 1617 1622 1662 perrexerimus,
1646 1627 1682 1649 ac
1708 1616 1885 1660 quosdam,
1908 1615 1963 1660 qui
1984 1616 2016 1649 in
2031 1615 2149 1642 Ps³V¹¹⁰gi³³

1264 1667 1326 1699 illis
1337 1667 1558 1707 diversimode,
1568 1670 1694 1710 praeter
1708 1671 1849 1699 mentem
1859 1671 2014 1707 nostram,

1264 1717 1547 1750 committebantur
1563 1716 1693 1757 abusus,
1713 1726 1771 1759 per
1786 1720 1928 1748 nostram
1945 1726 2018 1759 pro-

1264 1766 1434 1799 videntiam
1471 1765 1727 1806 removerimus,
1755 1765 2017 1798 reformationem
2050 1795 2060 1806 ,.

1264 1815 1449 1849 huiusmodi
1484 1816 1706 1859 insequentes,
1743 1815 1775 1847 in
1808 1814 1888 1847 alios
1921 1815 2016 1848 etiam

1265 1866 1433 1898 hommum
1457 1870 1571 1905 status,
1593 1875 1656 1897 non
1683 1863 1823 1896 minores
1843 1864 1884 1896 ob
1904 1874 2016 1897 causas

1264 1914 1401 1958 dirigere
1421 1914 1698 1947 2sa11.1berri1mim
1734 1923 1802 1946 esse
1832 1923 2012 1946 censemus.

1263 1965 1471 1997 Attendentes
1497 1963 1594 2006 igitur
1625 1963 1724 2006 quod,
1755 1962 1829 1995 licet
1861 1961 1939 1995 alias
1958 1972 2017 1995 nos

1263 2025 1299 2047 ac
1321 2014 1435 2047 diversi
1463 2014 1598 2046 Romani
1627 2012 1799 2045 Pontifices
1824 2011 2015 2055 praedeces-

1263 2074 1351 2095 sores
1371 2062 1488 2101 nostri,
1512 2067 1547 2095 ut
1567 2061 1791 2095 christifideles
1816 2061 1950 2104 praefati
1977 2061 2015 2094 ad

1264 2111 1449 2145 charitativa
1470 2116 1500 2144 et
1519 2111 1572 2155 pia
1592 2122 1691 2155 opera
1711 2109 1888 2146 exercenda
1909 2120 2016 2153 prom-

1264 2161 1384 2204 ptiores
1404 2160 1636 2201 redderentur,
1659 2160 1768 2203 sicque
1794 2158 1925 2192 illorum
1945 2158 2014 2191 ani-

1264 2221 1390 2243 marum
1409 2210 1521 2250 saluti,
1551 2219 1678 2242 necnon
1708 2208 1847 2241 fabricae
1866 2207 2015 2241 basilicae

1263 2259 1421 2304 Principis
1440 2259 1667 2303 Apostolorum
1688 2258 1726 2292 de
1746 2257 1830 2291 Urbe
1847 2263 2015 2291 manuten-

1265 2309 1342 2342 tioni
1363 2315 1393 2342 et
1413 2309 1520 2349 statui,
1543 2320 1579 2342 ac
1601 2308 1767 2352 hospitalis
1786 2306 1886 2340 nostri
1907 2306 2014 2340 Sancti

1263 2359 1401 2403 Spiritus
1421 2360 1452 2392 in
1474 2358 1564 2392 Saxia
1584 2358 1622 2391 de
1642 2357 1753 2391 eadem
1773 2357 1857 2389 Urbe
1877 2367 1914 2389 ac
1934 2356 2014 2389 alio-

1264 2419 1335 2441 rum
1352 2408 1482 2453 piorum
1498 2408 1645 2441 locorum
1666 2412 1696 2440 et
1716 2404 2013 2439 confraternitatum

1263 2457 1483 2491 commoditati
1513 2462 1543 2489 et
1575 2466 1754 2500 pauperum
1781 2465 1817 2487 ac
1847 2453 2014 2487 miserabi-

1263 2507 1341 2539 lium
1372 2513 1401 2540 et
1431 2506 1567 2539 aliarum
1593 2515 1804 2550 personarum
1830 2503 1862 2536 in
1890 2503 1935 2536 eis
1956 2514 2015 2548 pro

1300 2563 1309 2587 t
1333 2560 1369 2587 lta
1381 2561 1451 2587 1111116
1463 2561 1549 2588 locum
1561 2560 1731 2595 supplemus:
1747 2563 1799 2585 tum
1811 2567 1827 2584 a
1837 2559 1923 2590 nobis,
1935 2567 2013 2590 quam

1263 2608 1277 2625 1ι
1286 2602 1530 2632 praedecessoribus
1543 2602 1638 2626 nostris
1654 2607 1771 2625 concessa
1783 2598 1905 2631 fluerunt,
1918 2600 2013 2624 mentis

1262 2638 1311 2661 etc.
1334 2636 1370 2671 (n.
1399 2635 1447 2670 T.).
1487 2637 1503 2663 ,⁶2
1523 2636 1663 2669 Legimus:
1690 2637 1773 2661 aciem
1792 2636 1887 2660 mentis
1906 2637 2014 2661 nostrae

1261 2673 1378 2705 diriqere
1397 2675 1448 2698 etc.
1471 2671 1507 2706 (11.
1530 2671 1578 2706 τ.).
