2237 3100
216 256 265 284 Αη.
284 257 312 285 c.
333 255 400 285 imo
461 246 501 279 10

1012 250 1192 275 ssl'LLARlUM
1212 250 1317 275 noMixN
1323 250 1363 274 [M

1982 247 2032 275 An.
2050 247 2081 275 C.
2099 248 2168 276 {560

416 307 596 341 decembris
612 306 702 345 eitra,
717 306 801 339 iuxta
817 305 983 338 literarum
1000 304 1174 338 Clementis
1216 301 1360 335 ctoritate
1378 307 1408 334 et
1423 302 1551 334 licentia
1569 312 1605 335 ac
1626 302 1760 335 consilio
1772 307 1803 335 et.
1818 312 1963 342 assensu,

417 360 672 406 praedecessoris
683 359 868 392 huiusmodi
882 358 1031 399 formam,
1046 368 1174 401 semper

416 426 571 460 suspensa
591 414 791 453 remansisse,
808 423 935 446 necnon
953 411 1126 445 electiones·
1144 416 1174 443 et

417 468 648 514 postulationes
669 472 780 500 contra
810 466 985 510 praemissa
1012 475 1070 508 pro
1093 470 1173 497 tem-

417 536 494 568 pore
506 527 674 556 attentatas
690 528 717 555 et
741 521 837 554 factas
849 519 971 553 nullius
987 519 1115 551 roboris
1125 519 1171 552 vel

418 576 585 616 momenti,
608 574 844 608 nominationes
865 584 940 605 vcro
960 583 1173 616 personarum

419 632 619 669 idonearum,
644 635 678 662 nt.
699 630 889 672 praefertur,
911 627 1172 671 qualificatarum

417 686 455 717 ad
478 685 628 718 ecclesias
644 690 674 716 et
695 680 900 721 monasteria,
925 691 988 713 non
1011 686 1115 713 tamen
1138 691 1173 714 ea

418 750 499 781 quae
522 748 579 782 per
599 737 726 770 eosde111
744 735 911 777 generales
933 741 1091 775 reguntur
1117 746 1174 768 scu

418 793 483 834 regi
506 797 753 829 consueremtnt,
782 799 909 822 necnon
930 789 1092 832 prioratus
1113 790 1174 822 liu—

419 845 574 884 jusmodi,
597 855 680 888 quae
705 844 860 876 hactenns
880 847 1044 882 vacarunt,
1067 853 1126 886 per
1146 848 1174 875 te

417 911 431 931 a
446 900 496 932 die
508 898 614 931 obitus
628 897 703 931 dieti
722 896 851 930 llenrici
874 896 956 938 rogis
977 896 1081 929 eidem
1094 897 1175 930 Pau-

419 955 447 986 lo
468 953 503 986 llv
525 950 763 996 praedecessori
799 961 835 983 ac
862 949 954 983 nobis
980 956 1006 982 et
1030 950 1175 984 Romano

417 1006 562 1040 Pontifici
585 1016 639 1038 seu
658 1004 728 1037 Sedi
753 1004 926 1047 przoesatae,
944 1004 1042 1037 modo
1063 1004 1093 1036 in
1115 1012 1175 1038 sta-

418 1067 485 1093 tuto
506 1066 535 1093 et
557 1059 759 1093 ordinatione
780 1057 895 1090 Leonis
917 1058 1176 1100 praedecessoris

415 1115 603 1149 huiusmodi
624 1112 793 1152 contentis,
814 1112 923 1152 factas,
942 1113 1075 1156 perinde
1093 1126 1130 1148 ac
1151 1115 1175 1148 si

419 1180 571 1212 personas
593 1169 677 1211 ipsas
697 1168 734 1199 ad
757 1167 909 1199 ecclesias
929 1172 960 1199 et
980 1169 1175 1201 monasteria

418 1236 455 1256 :tc
475 1224 638 1268 prioratus
659 1221 855 1257 huiusmodi,
869 1222 1105 1264 utpraefertur,
1120 1233 1176 1256 no—

420 1277 564 1310 minandi
581 1276 710 1309 licentia
725 1282 750 1308 et
770 1275 903 1308 facultas
919 1286 978 1319 per
991 1275 1127 1309 Paulum
1140 1277 1176 1309 lv

419 1332 700 1373 praedecessorem
724 1329 910 1362 huiusmodi
929 1335 1007 1361 tunc
1024 1341 1175 1365 concessa

418 1385 539 1425 suisset,
563 1383 682 1416 validas
698 1388 727 1416 et
744 1383 892 1415 efficaces
918 1382 1030 1423 fnisse,
1058 1395 1126 1417 esse
1147 1390 1175 1418 et

419 1441 498 1479 l'ore,
521 1440 732 1471 decernentes
748 1443 779 1470 et
795 1437 995 1470 declarantes
1012 1438 1175 1482 privilegia

419 1492 568 1537 1⁷·al‘1itulis
594 1492 915 1535 1netropolitanarum
948 1497 978 1523 rt
1007 1492 1176 1526 cathedra-

421 1547 497 1579 lium
533 1546 743 1579 eeclesiarum
771 1556 807 1577 ac
832 1545 1041 1578 conventibus
1063 1556 1175 1579 mona-

419 1601 610 1641 ›-te1'i01‘t11n‚
634 1611 697 1632 non
728 1605 833 1633 tamen
862 1610 975 1632 eorum
1010 1610 1093 1643 quae
1119 1611 1176 1644 per

419 1655 584 1698 generatos
612 1665 744 1686 suorum
776 1653 932 1686 Ordinum
961 1659 1119 1696 rrguntur
1147 1661 1176 1687 et

419 1709 485 1753 regi
507 1714 754 1747 consueverunt,
771 1718 807 1740 ac
824 1707 1028 1751 prioratuum
1041 1718 1176 1741 conven-

421 1764 554 1797 tualium
579 1770 605 1795 et
621 1763 828 1796 electirornm
846 1761 948 1803 regni,
966 1761 1176 1804 Delphinatus

419 1829 455 1850 ac
481 1817 652 1850 comitatus
679 1816 931 1859 praedictorum,
957 1815 1093 1858 eligendi
1117 1815 1175 1848 sibi

421 1872 598 1914 praelatum
621 1880 785 1909 concessa,
800 1869 955 1913 quamdin
968 1869 1064 1902 vitam
1075 1870 1175 1902 duxe-

420 1925 463 1957 ris
484 1925 514 1957 in
537 1925 702 1961 humanis,
725 1923 808 1956 dicta
834 1923 1038 1964 auctoritate,
1067 1929 1176 1956 tenore

421 1979 651 2022 praesentium.
670 1991 705 2011 ac
723 1990 757 2011 ex
776 1978 920 2017 seientia,
935 1978 1067 2011 consilio
1085 1984 1114 2011 et
1130 1990 1176 2011 as-

420 2043 515 2065 sensn
526 2032 696 2077 p1*.‘edi‹‘·tis,
705 2031 943 2075 suspendimus,
951 2038 978 2064 et
988 2032 1054 2073 tibi,
1065 2044 1177 2076 quam-

421 2087 474 2119 diu
496 2087 589 2119 vitam
612 2086 741 2119 duxeris
767 2086 797 2119 in
822 2087 974 2119 humanis
998 2086 1174 2127 dumtaxat,

422 2151 576 2185 personas
596 2141 728 2174 idoneas
748 2152 784 2174 ac
805 2140 890 2173 iuxta
907 2146 1060 2173 statutum
1078 2147 1107 2174 et
1124 2152 1176 2174 or-

423 2195 616 2228 dinationem
644 2195 757 2228 Leonis
785 2195 1042 2240 praedecessoris
1063 2195 1176 2228 liuius-

424 2250 508 2283 modi
535 2249 736 2293 qualificatas
752 2249 789 2281 ad
807 2248 958 2281 ecclesias
976 2253 1176 2282 ctmonaste—

423 2304 482 2343 ria,
504 2314 569 2336 non
595 2308 699 2336 tamen
722 2314 756 2335 ea
779 2313 860 2346 qnae
882 2314 939 2347 per
959 2303 1060 2336 dictos
1081 2314 1177 2346 gene-

425 2359 506 2390 rales
537 2363 696 2400 reguntur
731 2369 786 2390 sen
825 2357 897 2401 regi
920 2364 1176 2398 consueverunt,

425 2417 552 2440 necnon
573 2407 733 2450 prioratus
758 2406 946 2439 huiusmodi
972 2406 1079 2449 regui,
1107 2408 1179 2440 Del-

426 2456 577 2500 pliinatns
606 2462 636 2488 et
656 2457 826 2489 comitatus
856 2456 1093 2500 praedictorum
1120 2468 1179 2501 pro

427 2512 571 2549 tempore
591 2505 838 2538 racantianobis
860 2511 889 2538 et
905 2506 1050 2539 Romano
1071 2506 1178 2540 Ponti-

428 2555 478 2587 tici
499 2565 557 2598 pro
569 2559 714 2598 tempore
735 2555 892 2594 existenti,
912 2555 1007 2588 modo
1020 2555 1051 2588 in
1063 2560 1179 2590 statuto

426 2611 453 2636 et
476 2603 678 2636 ordinatione
700 2604 814 2637 Leonis
840 2604 1098 2648 praedecessoris
1117 2605 1179 2638 hu-

425 2652 564 2687 iusmodi
583 2658 747 2695 contento,
767 2653 965 2691 nominandi.
984 2654 1103 2687 eisdem
1120 2665 1179 2688 au-

1217 354 1378 387 lieentiant
1401 360 1431 387 ct
1450 354 1634 387 facultatem
1656 355 1874 388 concedimus.

1260 408 1274 449 ξ
1296 407 1327 440 7.
1349 407 1563 440 Decernentes
1584 419 1620 440 ex
1640 417 1726 440 nunc
1747 419 1969 452 quascumque
2011 420 2169 446 necamus„

1217 460 1391 493 electiones
1411 466 1440 493 et
1456 460 1686 503 postulationes
1705 471 1742 494 ac
1753 460 1880 494 illarum
1892 473 1970 495 con·
1984 453 2171 504 ξῗῃξξιξζζῗξεῖζ

1218 515 1416 549 firmationes
1437 520 1465 547 et
1478 514 1699 555 admissiones,
1723 525 1849 548 necnon
1869 516 1972 549 nomi·
1986 514 2173 567 ifsmiffl'io'c'i'ss

1217 569 1364 602 nationes·
1384 574 1495 601 contra
1517 568 1692 611 praemissa
1710 573 1878 602 attentatas
1898 569 1972 602 etin
1987 579 2028 597 m.

1218 628 1383 667 posterum
1393 622 1603 662 attentandas,
1614 633 1650 654 ac
1657 621 1866 665 provisiones,
1878 633 1973 667 prae-

1220 676 1384 715 lectiones,
1400 674 1607 709 commendas
1618 680 1646 707 et
1664 675 1741 708 alias
1750 674 1975 718 dispositiones

1218 740 1276 773 per
1294 741 1354 762 nos
1375 735 1404 762 et
1426 740 1483 773 pro
1497 735 1641 772 tempore
1654 729 1839 763 existentem
1856 730 1973 764 Roma-

1219 796 1296 818 num
1313 784 1502 818 Pontificem
1514 790 1545 817 et
1554 784 1668 817 Sedem
1681 783 1841 828 praefatos
1852 784 1973 818 lacien-

1218 839 1292 879 das,
1320 850 1356 871 ac
1383 838 1456 872 inde
1482 844 1616 882 sequuta
1636 849 1862 883 quaecumque
1883 839 1974 872 nulla

1218 897 1248 925 et
1264 892 1401 925 invalida
1428 892 1614 936 nulliusque
1627 891 1752 925 roboris
1760 892 1808 924 vel
1819 893 1973 926 momenti

1219 946 1299 985 sore,
1321 956 1356 978 ac
1385 946 1511 978 irritum
1533 951 1563 978 et
1583 945 1677 979 inane
1702 945 1861 989 quidquid
1882 957 1974 980 secus

1219 1010 1317 1043 super
1337 999 1386 1032 his
1403 1011 1419 1032 a
1436 1011 1614 1044 quoquam,
1633 1000 1744 1044 quavis
1768 999 1972 1039 auctoritate,

1218 1053 1357 1087 scienter
1365 1054 1412 1087 vel
1425 1055 1610 1098 ignoranter
1622 1055 1790 1098 eontigerit
1813 1055 1973 1090 attentari.

1262 1108 1277 1149 ξ
1311 1107 1342 1141 8.
1371 1107 1437 1140 Non
1464 1107 1666 1141 obstantibus
1691 1109 1975 1144 constitutionibus

1219 1168 1247 1194 ct
1269 1162 1528 1195 ordinationilms
1549 1163 1734 1206 apostolicis
1763 1174 1800 1197 ac
1824 1164 1976 1198 omnibus

1218 1216 1293 1253 illis,
1316 1227 1398 1259 qnae
1419 1217 1535 1260 singuli
1558 1219 1821 1261 praedecessores
1841 1219 1975 1263 praefati

1221 1270 1250 1302 in
1272 1270 1407 1313 singulis
1427 1281 1539 1304 eorum
1562 1271 1662 1305 literis
1682 1271 1853 1316 praedietis
1863 1273 1974 1307 volue-

1219 1329 1295 1356 runt
1312 1334 1375 1356 non
1393 1323 1530 1365 obstare,
1551 1336 1646 1368 quae,
1665 1336 1702 1358 ac
1718 1325 1743 1359 si
1759 1326 1799 1359 de
1818 1326 1915 1360 verbo
1934 1328 1974 1360 ad

1220 1377 1352 1411 verbum
1370 1378 1602 1420 insererentur,
1618 1379 1841 1423 praesentibus
1852 1391 1910 1423 pro
1921 1391 1974 1414 re-

1220 1430 1326 1473 petitis
1341 1431 1452 1464 haberi
1465 1433 1626 1473 volumus,
1649 1432 1829 1476 ceterisque
1845 1439 1973 1468 contra-

1221 1480 1273 1512 riis
1287 1480 1562 1524 quibuscumque.

1262 1530 1276 1572 ξ
1297 1530 1328 1563 9.
1348 1530 1503 1564 Volumus
1523 1537 1630 1564 autem
1656 1531 1743 1575 quod
1765 1536 1919 1565 statutum
1945 1538 1977 1566 et
2021 1541 2126 1563 Contenta
2154 1544 2174 1563 in

1219 1578 1437 1613 ordinationes
1458 1579 1572 1613 Leonis
1589 1579 1845 1623 praedecessoris
1864 1580 1974 1615 huius·
1988 1571 2174 1626 ξζᾚζζήιζῗῃ’

1220 1628 1305 1660 modi
1327 1639 1363 1661 ac
1384 1629 1444 1662 alia
1471 1630 1501 1662 in
1527 1629 1660 1672 singulis
1681 1629 1781 1663 literis
1801 1630 1974 1674 praedictis
1988 1622 2172 1662 ademptast>-

1218 1688 1254 1709 ac
1281 1679 1505 1720 praesentibus
1525 1684 1691 1719 contenta,
1723 1690 1759 1712 ac
1788 1690 1846 1723 per
1866 1679 1972 1724 ipsum
1987 1667 2173 1724 {issmnffssessssss

1219 1726 1395 1759 llcnricum
1417 1739 1523 1771 regem
1539 1728 1695 1772 promissa
1707 1734 1735 1762 et
1749 1728 1778 1761 in
1792 1729 1974 1772 patentibus
1988 1732 2060 1781 mm]
2076 1735 2113 1764 '10‘
2134 1735 2170 1750 ’θ’

1220 1775 1318 1808 literis
1343 1777 1516 1819 praedictis
1540 1777 1920 1817 c011tenta‚i110111nib11s
1944 1784 1975 1812 et
1988 1766 2033 1786 ‘em
2063 1766 2101 1781 m

1219 1835 1277 1867 per
1297 1825 1513 1865 omnia,iuxta
1530 1827 1659 1860 illorum
1673 1833 1810 1867 tenores,
1832 1827 1975 1871 plenarie

1219 1880 1249 1906 et
1270 1885 1344 1907 cum
1357 1875 1473 1908 effectu
1495 1875 1524 1909 in
1545 1887 1644 1917 regno
1666 1882 1692 1909 et
1716 1876 1910 1920 Delpliinatu
1939 1889 1975 1912 ac

1220 1924 1372 1957 comitatu
1393 1925 1544 1968 praefatis
1570 1937 1606 1958 ac
1627 1925 1716 1965 alias,
1741 1925 1794 1958 uhi
1813 1936 1896 1969 opus
1906 1925 1976 1959 fue-

1218 1972 1271 2011 rit,
1290 1974 1471 2015 ohservare,
1485 1986 1521 2007 ac
1538 1974 1699 2008 observari
1717 1974 1833 2014 facere,
1849 1981 1878 2008 et
1894 1975 1975 2009 infra

1220 2034 1270 2054 sex
1294 2023 1437 2066 proxime
1459 2025 1586 2057 futuros
1608 2030 1677 2057 tuas
1698 2029 1842 2068 patentes
1867 2023 1976 2058 literas

1220 2071 1442 2105 ratificationis
1475 2078 1502 2105 et
1525 2072 1755 2117 acceptationis
1777 2073 1923 2106 omnium
1945 2079 1976 2107 et

1220 2120 1437 2164 singulorum,
1461 2128 1523 2155 tam
1547 2123 1577 2154 in
1590 2127 1707 2155 statuto
1723 2127 1753 2154 et
1773 2121 1976 2156 ordinatione

1222 2170 1332 2202 Leonis
1352 2171 1609 2215 praedecessoris
1625 2182 1721 2214 qnam
1745 2170 1776 2203 in
1792 2171 1976 2215 patentibus

1221 2218 1320 2251 literis
1331 2220 1502 2263 1.»raedictis
1514 2225 1754 2261 contentor1nn3
1765 2224 1795 2252 et
1804 2219 1887 2252 infra
1897 2219 1976 2253 alios

1220 2279 1271 2301 sex
1295 2280 1419 2303 menses·
1440 2282 1474 2302 ex
1500 2275 1577 2302 tunc
1599 2269 1781 2302 immediate
1807 2274 1976 2313 sequentes

1221 2318 1303 2360 [tuas
1332 2325 1476 2362 patentes
1497 2319 1605 2352 literas
1627 2318 1848 2352 ratificationis
1873 2323 1903 2352 et
1923 2329 1977 2352 ac-

1222 2368 1410 2411 ceptationis
1431 2368 1577 2401 omnium
1589 2373 1616 2401 et
1639 2368 1853 2411 singulorum,
1869 2367 1976 2401 tamin

1221 2421 1337 2449 statuto
1365 2423 1391 2447 tat
1420 2417 1623 2449 ordinatione
1647 2416 1760 2449 Leonis
1787 2416 1975 2460 praedeces-

1221 2465 1302 2497 soris
1329 2476 1425 2508 quam
1458 2465 1556 2498 literis
1596 2465 1777 2509 patentibus
1802 2465 1976 2509 praedictis

1222 2519 1447 2547 contentorum
1461 2515 1717 2559 praedictorum]
1735 2514 1745 2540 Ἰ
1775 2514 1806 2546 in
1827 2525 1925 2558 regno
1946 2520 1976 2547 et

1221 2562 1414 2606 Delphinatn
1442 2576 1477 2596 ac
1505 2564 1656 2597 comitatu
1684 2563 1835 2607 praefatis
1864 2563 1974 2596 ohser-

1260 2622 1268 2646 t
1293 2621 1430 2655 Duplicata
1448 2622 1558 2649 fortasse
1578 2625 1639 2648 sunt
1658 2621 1737 2648 verba
1755 2622 1823 2648 inter
1841 2622 1914 2656 signa
1935 2619 1945 2658 [
1964 2620 1974 2658 ]

1221 2664 1344 2688 contenta
1365 2663 1402 2696 (n.
1424 2662 1471 2691 τ.),

2016 1117 2132 1139 Contrariis
2140 1118 2175 1139 de*

1989 1152 2058 1176 regnu
