<?xml version="1.0" encoding="UTF-8"?>
<!DOCTYPE html PUBLIC "-//W3C//DTD XHTML 1.0 Transitional//EN"
    "http://www.w3.org/TR/xhtml1/DTD/xhtml1-transitional.dtd">
<html xmlns="http://www.w3.org/1999/xhtml" xml:lang="en" lang="en">
 <head>
  <title>
</title>
<meta http-equiv="Content-Type" content="text/html;charset=utf-8" />
  <meta name='ocr-system' content='tesseract 3.04.00' />
  <meta name='ocr-capabilities' content='ocr_page ocr_carea ocr_par ocr_line ocrx_word'/>
</head>
<body>
  <div class='ocr_page' id='page_1' title='image "./bullarumdiplomat07cath/bullarumdiplomat07cath_0898.png"; bbox 0 0 2237 3100; ppageno 0'>
   <div class='ocr_carea' id='block_1_1' title="bbox 204 255 509 294">
    <p class='ocr_par' dir='ltr' id='par_1_1' title="bbox 204 255 509 294">
     <span class='ocr_line' id='line_1_1' title="bbox 204 255 509 294; baseline 0.003 -2"><span class='ocrx_word' id='word_1_1' title='bbox 204 264 257 292; x_wconf 65' lang='grc' dir='ltr'>ιι.</span> <span class='ocrx_word' id='word_1_2' title='bbox 270 263 302 294; x_wconf 68' lang='grc' dir='ltr'>α</span> <span class='ocrx_word' id='word_1_3' title='bbox 317 263 389 293; x_wconf 68' lang='lat'><strong>¹5⁷0</strong></span> <span class='ocrx_word' id='word_1_4' title='bbox 444 255 509 293; x_wconf 86' lang='lat'>830</span> 
     </span>
    </p>
   </div>
   <div class='ocr_carea' id='block_1_2' title="bbox 376 320 1148 2641">
    <p class='ocr_par' dir='ltr' id='par_1_2' title="bbox 376 320 1148 2544">
     <span class='ocr_line' id='line_1_2' title="bbox 400 320 1148 366; baseline -0.001 -12"><span class='ocrx_word' id='word_1_5' title='bbox 400 324 611 366; x_wconf 86' lang='lat' dir='ltr'>tumeumque</span> <span class='ocrx_word' id='word_1_6' title='bbox 636 326 776 354; x_wconf 88' lang='lat' dir='ltr'>secretae</span> <span class='ocrx_word' id='word_1_7' title='bbox 794 346 802 361; x_wconf 92' lang='lat'><strong><em>‚</em></strong></span> <span class='ocrx_word' id='word_1_8' title='bbox 829 320 889 353; x_wconf 88' lang='lat' dir='ltr'>nisi</span> <span class='ocrx_word' id='word_1_9' title='bbox 910 320 1000 364; x_wconf 87' lang='lat' dir='ltr'>prius</span> <span class='ocrx_word' id='word_1_10' title='bbox 1024 331 1041 353; x_wconf 89' lang='lat' dir='ltr'>a</span> <span class='ocrx_word' id='word_1_11' title='bbox 1062 332 1148 354; x_wconf 89' lang='lat' dir='ltr'>sum-</span> 
     </span>
     <span class='ocr_line' id='line_1_3' title="bbox 400 374 1144 418; baseline 0 -10"><span class='ocrx_word' id='word_1_12' title='bbox 400 380 522 408; x_wconf 87' lang='lat' dir='ltr'>matore</span> <span class='ocrx_word' id='word_1_13' title='bbox 555 375 763 414; x_wconf 68' lang='lat' dir='ltr'>examinatae,</span> <span class='ocrx_word' id='word_1_14' title='bbox 796 374 941 418; x_wconf 86' lang='lat' dir='ltr'>expediri</span> <span class='ocrx_word' id='word_1_15' title='bbox 977 374 1144 412; x_wconf 65' lang='lat' dir='ltr'>deberentz</span> 
     </span>
     <span class='ocr_line' id='line_1_4' title="bbox 399 424 1148 476; baseline 0.001 -15"><span class='ocrx_word' id='word_1_16' title='bbox 399 424 572 476; x_wconf 76' lang='lat' dir='ltr'>nullusque</span> <span class='ocrx_word' id='word_1_17' title='bbox 615 427 827 468; x_wconf 83' lang='lat' dir='ltr'>secretarius,</span> <span class='ocrx_word' id='word_1_18' title='bbox 861 428 924 461; x_wconf 82' lang='lat' dir='ltr'>sive</span> <span class='ocrx_word' id='word_1_19' title='bbox 953 428 1148 462; x_wconf 84' lang='lat' dir='ltr'>domesticus</span> 
     </span>
     <span class='ocr_line' id='line_1_5' title="bbox 400 475 1148 526; baseline 0 -11"><span class='ocrx_word' id='word_1_20' title='bbox 400 482 462 515; x_wconf 84' lang='lat' dir='ltr'>sive</span> <span class='ocrx_word' id='word_1_21' title='bbox 487 475 526 515; x_wconf 89' lang='lat' dir='ltr'>de</span> <span class='ocrx_word' id='word_1_22' title='bbox 545 492 681 514; x_wconf 87' lang='lat' dir='ltr'>numero</span> <span class='ocrx_word' id='word_1_23' title='bbox 702 481 965 526; x_wconf 77' lang='lat' dir='ltr'>participantium</span> <span class='ocrx_word' id='word_1_24' title='bbox 990 487 1043 515; x_wconf 90' lang='lat' dir='ltr'>aut</span> <span class='ocrx_word' id='word_1_25' title='bbox 1065 483 1148 516; x_wconf 90' lang='lat' dir='ltr'>alius</span> 
     </span>
     <span class='ocr_line' id='line_1_6' title="bbox 399 535 1147 581; baseline 0 -12"><span class='ocrx_word' id='word_1_26' title='bbox 399 535 532 581; x_wconf 80' lang='lat' dir='ltr'>quique,</span> <span class='ocrx_word' id='word_1_27' title='bbox 553 535 675 569; x_wconf 81' lang='lat' dir='ltr'>litteras</span> <span class='ocrx_word' id='word_1_28' title='bbox 696 536 887 579; x_wconf 80' lang='lat' dir='ltr'>plumbatas,</span> <span class='ocrx_word' id='word_1_29' title='bbox 906 535 967 569; x_wconf 88' lang='lat' dir='ltr'>nisi</span> <span class='ocrx_word' id='word_1_30' title='bbox 988 536 1020 568; x_wconf 93' lang='lat' dir='ltr'>in</span> <span class='ocrx_word' id='word_1_31' title='bbox 1041 536 1147 570; x_wconf 82' lang='lat' dir='ltr'>officio</span> 
     </span>
     <span class='ocr_line' id='line_1_7' title="bbox 398 589 1148 635; baseline 0.001 -13"><span class='ocrx_word' id='word_1_32' title='bbox 398 590 560 635; x_wconf 86' lang='lat' dir='ltr'>praedicto</span> <span class='ocrx_word' id='word_1_33' title='bbox 581 589 754 633; x_wconf 78' lang='lat' dir='ltr'>expeditas,</span> <span class='ocrx_word' id='word_1_34' title='bbox 778 590 974 633; x_wconf 72' lang='lat' dir='ltr'>registraret;</span> <span class='ocrx_word' id='word_1_35' title='bbox 997 601 1089 623; x_wconf 86' lang='lat' dir='ltr'>secus</span> <span class='ocrx_word' id='word_1_36' title='bbox 1105 591 1148 623; x_wconf 91' lang='lat' dir='ltr'>sa-</span> 
     </span>
     <span class='ocr_line' id='line_1_8' title="bbox 398 643 1148 688; baseline 0.001 -11"><span class='ocrx_word' id='word_1_37' title='bbox 398 643 485 677; x_wconf 90' lang='lat' dir='ltr'>ciens</span> <span class='ocrx_word' id='word_1_38' title='bbox 505 644 627 677; x_wconf 78' lang='lat' dir='ltr'><strong>crimen</strong></span> <span class='ocrx_word' id='word_1_39' title='bbox 652 643 720 676; x_wconf 83' lang='lat' dir='ltr'>salsi</span> <span class='ocrx_word' id='word_1_40' title='bbox 742 643 934 685; x_wconf 70' lang='lat' dir='ltr'>incurreret,</span> <span class='ocrx_word' id='word_1_41' title='bbox 961 650 1057 688; x_wconf 86' lang='lat' dir='ltr'>atque</span> <span class='ocrx_word' id='word_1_42' title='bbox 1079 645 1148 678; x_wconf 84' lang='lat' dir='ltr'>osti-</span> 
     </span>
     <span class='ocr_line' id='line_1_9' title="bbox 397 696 1144 739; baseline 0.001 -9"><span class='ocrx_word' id='word_1_43' title='bbox 397 696 522 730; x_wconf 85' lang='lat' dir='ltr'>ciorum</span> <span class='ocrx_word' id='word_1_44' title='bbox 556 708 689 731; x_wconf 89' lang='lat' dir='ltr'>suorum</span> <span class='ocrx_word' id='word_1_45' title='bbox 719 698 938 730; x_wconf 84' lang='lat' dir='ltr'>emolumenta</span> <span class='ocrx_word' id='word_1_46' title='bbox 972 698 1144 739; x_wconf 87' lang='lat' dir='ltr'>amitteret,</span> 
     </span>
     <span class='ocr_line' id='line_1_10' title="bbox 397 751 1146 796; baseline 0 -12"><span class='ocrx_word' id='word_1_47' title='bbox 397 762 479 796; x_wconf 85' lang='lat' dir='ltr'>quae</span> <span class='ocrx_word' id='word_1_48' title='bbox 499 751 538 785; x_wconf 90' lang='lat' dir='ltr'>ad</span> <span class='ocrx_word' id='word_1_49' title='bbox 558 757 788 785; x_wconf 89' lang='lat' dir='ltr'>summatorem</span> <span class='ocrx_word' id='word_1_50' title='bbox 810 751 1011 795; x_wconf 83' lang='lat' dir='ltr'>praedictum</span> <span class='ocrx_word' id='word_1_51' title='bbox 1047 752 1146 796; x_wconf 89' lang='lat' dir='ltr'>perti-</span> 
     </span>
     <span class='ocr_line' id='line_1_11' title="bbox 396 805 1148 850; baseline -0.001 -10"><span class='ocrx_word' id='word_1_52' title='bbox 396 810 520 840; x_wconf 83' lang='lat' dir='ltr'>nerent.</span> <span class='ocrx_word' id='word_1_53' title='bbox 543 805 703 846; x_wconf 81' lang='lat' dir='ltr'>Ceterum,</span> <span class='ocrx_word' id='word_1_54' title='bbox 721 816 777 848; x_wconf 91' lang='lat' dir='ltr'>pro</span> <span class='ocrx_word' id='word_1_55' title='bbox 790 805 940 838; x_wconf 84' lang='lat' dir='ltr'>omnibus</span> <span class='ocrx_word' id='word_1_56' title='bbox 961 805 1073 839; x_wconf 86' lang='lat' dir='ltr'>litteris</span> <span class='ocrx_word' id='word_1_57' title='bbox 1090 817 1148 850; x_wconf 84' lang='lat' dir='ltr'>per</span> 
     </span>
     <span class='ocr_line' id='line_1_12' title="bbox 397 859 1146 905; baseline -0.001 -11"><span class='ocrx_word' id='word_1_58' title='bbox 397 859 515 895; x_wconf 85' lang='lat' dir='ltr'>dictam</span> <span class='ocrx_word' id='word_1_59' title='bbox 535 860 702 893; x_wconf 87' lang='lat' dir='ltr'>Cameram</span> <span class='ocrx_word' id='word_1_60' title='bbox 723 859 929 905; x_wconf 76' lang='lat' dir='ltr'>expediendis</span> <span class='ocrx_word' id='word_1_61' title='bbox 949 870 1073 893; x_wconf 88' lang='lat' dir='ltr'>merces</span> <span class='ocrx_word' id='word_1_62' title='bbox 1094 870 1146 893; x_wconf 91' lang='lat' dir='ltr'>or-</span> 
     </span>
     <span class='ocr_line' id='line_1_13' title="bbox 376 912 1146 948; baseline 0.001 -2"><span class='ocrx_word' id='word_1_63' title='bbox 376 912 520 948; x_wconf 42' lang='lat' dir='ltr'>,dinaria</span> <span class='ocrx_word' id='word_1_64' title='bbox 544 913 577 946; x_wconf 87' lang='lat' dir='ltr'>in</span> <span class='ocrx_word' id='word_1_65' title='bbox 602 913 687 947; x_wconf 87' lang='lat' dir='ltr'>dicto</span> <span class='ocrx_word' id='word_1_66' title='bbox 708 913 915 947; x_wconf 87' lang='lat' dir='ltr'>summatoris</span> <span class='ocrx_word' id='word_1_67' title='bbox 946 913 1052 948; x_wconf 85' lang='lat' dir='ltr'>officio</span> <span class='ocrx_word' id='word_1_68' title='bbox 1078 913 1146 947; x_wconf 87' lang='lat' dir='ltr'>dari</span> 
     </span>
     <span class='ocr_line' id='line_1_14' title="bbox 396 967 1145 1012; baseline 0 -11"><span class='ocrx_word' id='word_1_69' title='bbox 396 967 500 1009; x_wconf 87' lang='lat' dir='ltr'>solita,</span> <span class='ocrx_word' id='word_1_70' title='bbox 527 967 589 1000; x_wconf 90' lang='lat' dir='ltr'>illis</span> <span class='ocrx_word' id='word_1_71' title='bbox 621 967 784 1000; x_wconf 75' lang='lat' dir='ltr'>dumtaxat</span> <span class='ocrx_word' id='word_1_72' title='bbox 803 967 954 1012; x_wconf 80' lang='lat' dir='ltr'>exceptis,</span> <span class='ocrx_word' id='word_1_73' title='bbox 977 979 1059 1012; x_wconf 87' lang='lat' dir='ltr'>quae</span> <span class='ocrx_word' id='word_1_74' title='bbox 1084 974 1145 1001; x_wconf 88' lang='lat' dir='ltr'>sta-</span> 
     </span>
     <span class='ocr_line' id='line_1_15' title="bbox 396 1022 1145 1056; baseline 0 -1"><span class='ocrx_word' id='word_1_75' title='bbox 396 1027 464 1056; x_wconf 88' lang='lat' dir='ltr'>tum</span> <span class='ocrx_word' id='word_1_76' title='bbox 489 1022 652 1056; x_wconf 79' lang='lat' dir='ltr'>Romanae</span> <span class='ocrx_word' id='word_1_77' title='bbox 685 1022 846 1055; x_wconf 74' lang='lat' dir='ltr'>Ecclesiae</span> <span class='ocrx_word' id='word_1_78' title='bbox 879 1023 926 1055; x_wconf 86' lang='lat' dir='ltr'>vel</span> <span class='ocrx_word' id='word_1_79' title='bbox 953 1022 1145 1055; x_wconf 77' lang='lat' dir='ltr'>catholicam</span> 
     </span>
     <span class='ocr_line' id='line_1_16' title="bbox 395 1076 1143 1119; baseline 0.001 -9"><span class='ocrx_word' id='word_1_80' title='bbox 395 1076 492 1111; x_wconf 84' lang='lat' dir='ltr'>fidem</span> <span class='ocrx_word' id='word_1_81' title='bbox 503 1082 747 1116; x_wconf 75' lang='lat' dir='ltr'>concernerent,</span> <span class='ocrx_word' id='word_1_82' title='bbox 760 1076 882 1119; x_wconf 75' lang='lat' dir='ltr'>integre</span> <span class='ocrx_word' id='word_1_83' title='bbox 895 1076 1143 1119; x_wconf 69' lang='lat' dir='ltr'>persolveretur.</span> 
     </span>
     <span class='ocr_line' id='line_1_17' title="bbox 394 1129 1145 1174; baseline -0.003 -10"><span class='ocrx_word' id='word_1_84' title='bbox 394 1130 420 1164; x_wconf 88' lang='lat' dir='ltr'><strong>A</strong></span> <span class='ocrx_word' id='word_1_85' title='bbox 439 1141 502 1174; x_wconf 83' lang='lat' dir='ltr'>qua</span> <span class='ocrx_word' id='word_1_86' title='bbox 529 1130 639 1163; x_wconf 88' lang='lat' dir='ltr'>nullus</span> <span class='ocrx_word' id='word_1_87' title='bbox 663 1129 855 1163; x_wconf 75' lang='lat' dir='ltr'>secretarius</span> <span class='ocrx_word' id='word_1_88' title='bbox 889 1130 1016 1173; x_wconf 83' lang='lat' dir='ltr'>Papae,</span> <span class='ocrx_word' id='word_1_89' title='bbox 1051 1129 1145 1163; x_wconf 87' lang='lat' dir='ltr'>etiam</span> 
     </span>
     <span class='ocr_line' id='line_1_18' title="bbox 395 1184 1145 1229; baseline -0.003 -11"><span class='ocrx_word' id='word_1_90' title='bbox 395 1185 590 1219; x_wconf 86' lang='lat' dir='ltr'>domesticus</span> <span class='ocrx_word' id='word_1_91' title='bbox 623 1190 678 1218; x_wconf 88' lang='lat' dir='ltr'>aut</span> <span class='ocrx_word' id='word_1_92' title='bbox 697 1184 836 1229; x_wconf 85' lang='lat' dir='ltr'>scriptor</span> <span class='ocrx_word' id='word_1_93' title='bbox 854 1184 903 1217; x_wconf 81' lang='lat' dir='ltr'>vel</span> <span class='ocrx_word' id='word_1_94' title='bbox 923 1184 1017 1224; x_wconf 88' lang='lat' dir='ltr'>alius,</span> <span class='ocrx_word' id='word_1_95' title='bbox 1050 1184 1145 1217; x_wconf 84' lang='lat' dir='ltr'>etiam</span> 
     </span>
     <span class='ocr_line' id='line_1_19' title="bbox 395 1237 1146 1282; baseline -0.003 -10"><span class='ocrx_word' id='word_1_96' title='bbox 395 1238 525 1272; x_wconf 88' lang='lat' dir='ltr'>maioris</span> <span class='ocrx_word' id='word_1_97' title='bbox 545 1238 738 1272; x_wconf 79' lang='lat' dir='ltr'>conditionis</span> <span class='ocrx_word' id='word_1_98' title='bbox 769 1242 797 1270; x_wconf 88' lang='lat' dir='ltr'>et</span> <span class='ocrx_word' id='word_1_99' title='bbox 819 1248 1028 1282; x_wconf 88' lang='lat' dir='ltr'>quocumque</span> <span class='ocrx_word' id='word_1_100' title='bbox 1050 1237 1146 1282; x_wconf 71' lang='lat' dir='ltr'>privi-</span> 
     </span>
     <span class='ocr_line' id='line_1_20' title="bbox 394 1292 1146 1336; baseline -0.003 -10"><span class='ocrx_word' id='word_1_101' title='bbox 394 1292 478 1336; x_wconf 85' lang='lat' dir='ltr'>legio</span> <span class='ocrx_word' id='word_1_102' title='bbox 502 1293 613 1333; x_wconf 83' lang='lat' dir='ltr'>fretus,</span> <span class='ocrx_word' id='word_1_103' title='bbox 637 1297 803 1336; x_wconf 85' lang='lat' dir='ltr'>exemptus</span> <span class='ocrx_word' id='word_1_104' title='bbox 836 1297 1032 1325; x_wconf 79' lang='lat' dir='ltr'>censeretur.</span> <span class='ocrx_word' id='word_1_105' title='bbox 1064 1292 1146 1332; x_wconf 83' lang='lat' dir='ltr'>Quin</span> 
     </span>
     <span class='ocr_line' id='line_1_21' title="bbox 395 1346 1146 1391; baseline -0.003 -12"><span class='ocrx_word' id='word_1_106' title='bbox 395 1346 490 1380; x_wconf 87' lang='lat' dir='ltr'>etiam</span> <span class='ocrx_word' id='word_1_107' title='bbox 511 1352 689 1380; x_wconf 87' lang='lat' dir='ltr'>summator</span> <span class='ocrx_word' id='word_1_108' title='bbox 722 1346 790 1391; x_wconf 85' lang='lat' dir='ltr'>ipse</span> <span class='ocrx_word' id='word_1_109' title='bbox 818 1356 1043 1390; x_wconf 85' lang='lat' dir='ltr'>quaecumque</span> <span class='ocrx_word' id='word_1_110' title='bbox 1064 1346 1146 1378; x_wconf 86' lang='lat' dir='ltr'>sala-</span> 
     </span>
     <span class='ocr_line' id='line_1_22' title="bbox 394 1399 1146 1444; baseline -0.004 -10"><span class='ocrx_word' id='word_1_111' title='bbox 394 1401 452 1442; x_wconf 85' lang='lat' dir='ltr'>ria,</span> <span class='ocrx_word' id='word_1_112' title='bbox 477 1401 712 1444; x_wconf 80' lang='lat' dir='ltr'>recognitiones</span> <span class='ocrx_word' id='word_1_113' title='bbox 745 1405 775 1433; x_wconf 81' lang='lat' dir='ltr'>et</span> <span class='ocrx_word' id='word_1_114' title='bbox 810 1400 893 1440; x_wconf 90' lang='lat' dir='ltr'>iura,</span> <span class='ocrx_word' id='word_1_115' title='bbox 929 1410 946 1432; x_wconf 91' lang='lat' dir='ltr'>a</span> <span class='ocrx_word' id='word_1_116' title='bbox 981 1399 1146 1444; x_wconf 72' lang='lat' dir='ltr'>quibusvis</span> 
     </span>
     <span class='ocr_line' id='line_1_23' title="bbox 394 1454 1145 1496; baseline -0.005 -7"><span class='ocrx_word' id='word_1_117' title='bbox 394 1455 557 1489; x_wconf 86' lang='lat' dir='ltr'>Romanae</span> <span class='ocrx_word' id='word_1_118' title='bbox 590 1455 704 1489; x_wconf 86' lang='lat' dir='ltr'>Curiae</span> <span class='ocrx_word' id='word_1_119' title='bbox 741 1454 933 1488; x_wconf 78' lang='lat' dir='ltr'>officialibus</span> <span class='ocrx_word' id='word_1_120' title='bbox 966 1464 1145 1496; x_wconf 84' lang='lat' dir='ltr'>eorumque</span> 
     </span>
     <span class='ocr_line' id='line_1_24' title="bbox 394 1507 1145 1553; baseline -0.005 -10"><span class='ocrx_word' id='word_1_121' title='bbox 394 1509 538 1553; x_wconf 85' lang='lat' dir='ltr'>collegiis</span> <span class='ocrx_word' id='word_1_122' title='bbox 557 1509 712 1553; x_wconf 88' lang='lat' dir='ltr'>praestari</span> <span class='ocrx_word' id='word_1_123' title='bbox 733 1509 838 1548; x_wconf 89' lang='lat' dir='ltr'>solita,</span> <span class='ocrx_word' id='word_1_124' title='bbox 863 1507 1054 1552; x_wconf 70' lang='lat' dir='ltr'>perciperet,</span> <span class='ocrx_word' id='word_1_125' title='bbox 1080 1507 1145 1540; x_wconf 84' lang='lat' dir='ltr'>exi-</span> 
     </span>
     <span class='ocr_line' id='line_1_25' title="bbox 395 1562 1146 1607; baseline -0.003 -10"><span class='ocrx_word' id='word_1_126' title='bbox 395 1568 484 1607; x_wconf 82' lang='lat' dir='ltr'>geret</span> <span class='ocrx_word' id='word_1_127' title='bbox 504 1569 534 1597; x_wconf 89' lang='lat' dir='ltr'>et</span> <span class='ocrx_word' id='word_1_128' title='bbox 554 1565 684 1604; x_wconf 79' lang='lat' dir='ltr'>levaret3</span> <span class='ocrx_word' id='word_1_129' title='bbox 720 1574 757 1596; x_wconf 89' lang='lat' dir='ltr'>ac</span> <span class='ocrx_word' id='word_1_130' title='bbox 786 1562 939 1596; x_wconf 83' lang='lat' dir='ltr'>officiales</span> <span class='ocrx_word' id='word_1_131' title='bbox 960 1567 990 1596; x_wconf 90' lang='lat' dir='ltr'>et</span> <span class='ocrx_word' id='word_1_132' title='bbox 1010 1562 1146 1605; x_wconf 78' lang='lat' dir='ltr'>collegia</span> 
     </span>
     <span class='ocr_line' id='line_1_26' title="bbox 393 1611 1146 1656; baseline -0.004 -9"><span class='ocrx_word' id='word_1_133' title='bbox 393 1613 432 1647; x_wconf 78' lang='lat' dir='ltr'>ad</span> <span class='ocrx_word' id='word_1_134' title='bbox 453 1623 489 1647; x_wconf 89' lang='lat' dir='ltr'>ea</span> <span class='ocrx_word' id='word_1_135' title='bbox 509 1614 671 1653; x_wconf 81' lang='lat' dir='ltr'>solvenda,</span> <span class='ocrx_word' id='word_1_136' title='bbox 689 1623 895 1656; x_wconf 83' lang='lat' dir='ltr'>quacumque</span> <span class='ocrx_word' id='word_1_137' title='bbox 917 1611 1146 1644; x_wconf 81' lang='lat' dir='ltr'>reformatione</span> 
     </span>
     <span class='ocr_line' id='line_1_27' title="bbox 393 1661 1145 1704; baseline -0.003 -8"><span class='ocrx_word' id='word_1_138' title='bbox 393 1661 474 1696; x_wconf 84' lang='lat' dir='ltr'>sacta</span> <span class='ocrx_word' id='word_1_139' title='bbox 505 1667 535 1695; x_wconf 86' lang='lat' dir='ltr'>et</span> <span class='ocrx_word' id='word_1_140' title='bbox 568 1662 713 1696; x_wconf 84' lang='lat' dir='ltr'>facienda</span> <span class='ocrx_word' id='word_1_141' title='bbox 732 1672 798 1694; x_wconf 88' lang='lat' dir='ltr'>non</span> <span class='ocrx_word' id='word_1_142' title='bbox 818 1661 976 1701; x_wconf 87' lang='lat' dir='ltr'>obstante,</span> <span class='ocrx_word' id='word_1_143' title='bbox 1001 1662 1145 1704; x_wconf 88' lang='lat' dir='ltr'>compel-</span> 
     </span>
     <span class='ocr_line' id='line_1_28' title="bbox 393 1710 1143 1750; baseline -0.003 -6"><span class='ocrx_word' id='word_1_144' title='bbox 393 1711 460 1745; x_wconf 88' lang='lat' dir='ltr'>lere</span> <span class='ocrx_word' id='word_1_145' title='bbox 492 1711 593 1745; x_wconf 89' lang='lat' dir='ltr'>lihere</span> <span class='ocrx_word' id='word_1_146' title='bbox 627 1717 657 1744; x_wconf 83' lang='lat' dir='ltr'>et</span> <span class='ocrx_word' id='word_1_147' title='bbox 690 1711 775 1743; x_wconf 78' lang='lat' dir='ltr'>licite</span> <span class='ocrx_word' id='word_1_148' title='bbox 810 1711 940 1743; x_wconf 70' lang='lat' dir='ltr'>valeret.</span> <span class='ocrx_word' id='word_1_149' title='bbox 963 1710 1143 1750; x_wconf 86' lang='lat' dir='ltr'>Postremo,</span> 
     </span>
     <span class='ocr_line' id='line_1_29' title="bbox 391 1759 1144 1801; baseline -0.001 -7"><span class='ocrx_word' id='word_1_150' title='bbox 391 1759 477 1795; x_wconf 85' lang='lat' dir='ltr'>idem</span> <span class='ocrx_word' id='word_1_151' title='bbox 501 1766 689 1801; x_wconf 87' lang='lat' dir='ltr'>summator,</span> <span class='ocrx_word' id='word_1_152' title='bbox 706 1761 753 1793; x_wconf 74' lang='lat' dir='ltr'>vel</span> <span class='ocrx_word' id='word_1_153' title='bbox 774 1761 813 1792; x_wconf 90' lang='lat' dir='ltr'>ab</span> <span class='ocrx_word' id='word_1_154' title='bbox 830 1771 866 1792; x_wconf 88' lang='lat' dir='ltr'>eo</span> <span class='ocrx_word' id='word_1_155' title='bbox 888 1760 920 1792; x_wconf 92' lang='lat' dir='ltr'>in</span> <span class='ocrx_word' id='word_1_156' title='bbox 937 1759 1021 1792; x_wconf 87' lang='lat' dir='ltr'>dicto</span> <span class='ocrx_word' id='word_1_157' title='bbox 1037 1760 1144 1793; x_wconf 82' lang='lat' dir='ltr'>officio</span> 
     </span>
     <span class='ocr_line' id='line_1_30' title="bbox 391 1809 1145 1850; baseline -0.001 -7"><span class='ocrx_word' id='word_1_158' title='bbox 391 1809 595 1850; x_wconf 80' lang='lat' dir='ltr'>substitutus,</span> <span class='ocrx_word' id='word_1_159' title='bbox 614 1810 813 1842; x_wconf 85' lang='lat' dir='ltr'>mansionem</span> <span class='ocrx_word' id='word_1_160' title='bbox 827 1820 881 1842; x_wconf 81' lang='lat' dir='ltr'>seu</span> <span class='ocrx_word' id='word_1_161' title='bbox 893 1820 1054 1842; x_wconf 77' lang='lat' dir='ltr'>cameram</span> <span class='ocrx_word' id='word_1_162' title='bbox 1068 1810 1145 1842; x_wconf 84' lang='lat' dir='ltr'>alias</span> 
     </span>
     <span class='ocr_line' id='line_1_31' title="bbox 390 1859 1144 1903; baseline -0.001 -9"><span class='ocrx_word' id='word_1_163' title='bbox 390 1859 517 1894; x_wconf 80' lang='lat' dir='ltr'>solitam</span> <span class='ocrx_word' id='word_1_164' title='bbox 538 1860 570 1894; x_wconf 92' lang='lat' dir='ltr'>in</span> <span class='ocrx_word' id='word_1_165' title='bbox 594 1860 715 1893; x_wconf 86' lang='lat' dir='ltr'>Palatio</span> <span class='ocrx_word' id='word_1_166' title='bbox 736 1860 934 1903; x_wconf 82' lang='lat' dir='ltr'>Apostolico,</span> <span class='ocrx_word' id='word_1_167' title='bbox 956 1870 1085 1892; x_wconf 88' lang='lat' dir='ltr'>necnon</span> <span class='ocrx_word' id='word_1_168' title='bbox 1100 1861 1144 1893; x_wconf 74' lang='lat' dir='ltr'>vi-</span> 
     </span>
     <span class='ocr_line' id='line_1_32' title="bbox 391 1909 1143 1953; baseline 0 -10"><span class='ocrx_word' id='word_1_169' title='bbox 391 1915 478 1943; x_wconf 86' lang='lat' dir='ltr'>ctum</span> <span class='ocrx_word' id='word_1_170' title='bbox 499 1920 558 1953; x_wconf 90' lang='lat' dir='ltr'>pro</span> <span class='ocrx_word' id='word_1_171' title='bbox 576 1920 609 1943; x_wconf 87' lang='lat' dir='ltr'>se</span> <span class='ocrx_word' id='word_1_172' title='bbox 633 1915 661 1942; x_wconf 85' lang='lat' dir='ltr'>ct</span> <span class='ocrx_word' id='word_1_173' title='bbox 684 1919 749 1942; x_wconf 88' lang='lat' dir='ltr'>uno</span> <span class='ocrx_word' id='word_1_174' title='bbox 770 1909 890 1942; x_wconf 79' lang='lat' dir='ltr'>famulo</span> <span class='ocrx_word' id='word_1_175' title='bbox 916 1909 947 1941; x_wconf 93' lang='lat' dir='ltr'>in</span> <span class='ocrx_word' id='word_1_176' title='bbox 967 1909 1091 1949; x_wconf 65' lang='lat' dir='ltr'>tinello,</span> <span class='ocrx_word' id='word_1_177' title='bbox 1116 1917 1143 1943; x_wconf 87' lang='lat' dir='ltr'>et</span> 
     </span>
     <span class='ocr_line' id='line_1_33' title="bbox 391 1959 1145 2004; baseline 0.003 -14"><span class='ocrx_word' id='word_1_178' title='bbox 391 1964 556 2001; x_wconf 84' lang='lat' dir='ltr'>praeterea</span> <span class='ocrx_word' id='word_1_179' title='bbox 577 1970 636 2004; x_wconf 90' lang='lat' dir='ltr'>pro</span> <span class='ocrx_word' id='word_1_180' title='bbox 662 1959 730 2003; x_wconf 89' lang='lat' dir='ltr'>ipso</span> <span class='ocrx_word' id='word_1_181' title='bbox 752 1964 948 1992; x_wconf 81' lang='lat' dir='ltr'>summatore</span> <span class='ocrx_word' id='word_1_182' title='bbox 974 1970 1089 2002; x_wconf 90' lang='lat' dir='ltr'>panem</span> <span class='ocrx_word' id='word_1_183' title='bbox 1116 1965 1145 1992; x_wconf 85' lang='lat' dir='ltr'>et</span> 
     </span>
     <span class='ocr_line' id='line_1_34' title="bbox 389 2007 1143 2051; baseline -0.003 -9"><span class='ocrx_word' id='word_1_184' title='bbox 389 2007 569 2048; x_wconf 86' lang='lat' dir='ltr'>buccellas,</span> <span class='ocrx_word' id='word_1_185' title='bbox 605 2008 739 2050; x_wconf 71' lang='lat' dir='ltr'>singulis</span> <span class='ocrx_word' id='word_1_186' title='bbox 763 2007 888 2048; x_wconf 87' lang='lat' dir='ltr'>diebus,</span> <span class='ocrx_word' id='word_1_187' title='bbox 925 2009 1143 2051; x_wconf 89' lang='lat' dir='ltr'>praelatorum</span> 
     </span>
     <span class='ocr_line' id='line_1_35' title="bbox 389 2056 1144 2102; baseline 0.001 -13"><span class='ocrx_word' id='word_1_188' title='bbox 389 2056 642 2090; x_wconf 86' lang='lat' dir='ltr'>domesticorum</span> <span class='ocrx_word' id='word_1_189' title='bbox 664 2056 773 2097; x_wconf 86' lang='lat' dir='ltr'>instar,</span> <span class='ocrx_word' id='word_1_190' title='bbox 794 2057 914 2089; x_wconf 86' lang='lat' dir='ltr'>habere</span> <span class='ocrx_word' id='word_1_191' title='bbox 935 2057 1077 2090; x_wconf 81' lang='lat' dir='ltr'>deberet.</span> <span class='ocrx_word' id='word_1_192' title='bbox 1096 2059 1144 2102; x_wconf 88' lang='lat' dir='ltr'>lp—</span> 
     </span>
     <span class='ocr_line' id='line_1_36' title="bbox 389 2106 1144 2150; baseline 0 -10"><span class='ocrx_word' id='word_1_193' title='bbox 389 2116 527 2150; x_wconf 77' lang='lat' dir='ltr'>sumque</span> <span class='ocrx_word' id='word_1_194' title='bbox 548 2106 691 2139; x_wconf 86' lang='lat' dir='ltr'>osticium</span> <span class='ocrx_word' id='word_1_195' title='bbox 702 2106 837 2150; x_wconf 86' lang='lat' dir='ltr'>et,quod</span> <span class='ocrx_word' id='word_1_196' title='bbox 854 2107 893 2138; x_wconf 86' lang='lat' dir='ltr'>ad</span> <span class='ocrx_word' id='word_1_197' title='bbox 911 2106 1003 2147; x_wconf 89' lang='lat' dir='ltr'>illud,</span> <span class='ocrx_word' id='word_1_198' title='bbox 1022 2107 1144 2140; x_wconf 76' lang='lat' dir='ltr'>dictum</span> 
     </span>
     <span class='ocr_line' id='line_1_37' title="bbox 389 2155 1145 2196; baseline 0 -7"><span class='ocrx_word' id='word_1_199' title='bbox 389 2162 622 2190; x_wconf 82' lang='lat' dir='ltr'>summatorem</span> <span class='ocrx_word' id='word_1_200' title='bbox 643 2156 683 2188; x_wconf 89' lang='lat' dir='ltr'>ab</span> <span class='ocrx_word' id='word_1_201' title='bbox 703 2155 791 2189; x_wconf 91' lang='lat' dir='ltr'>omni</span> <span class='ocrx_word' id='word_1_202' title='bbox 812 2166 922 2196; x_wconf 83' lang='lat' dir='ltr'>onere,</span> <span class='ocrx_word' id='word_1_203' title='bbox 946 2157 1041 2188; x_wconf 83' lang='lat' dir='ltr'>ctiam</span> <span class='ocrx_word' id='word_1_204' title='bbox 1063 2157 1145 2189; x_wconf 77' lang='lat' dir='ltr'>deri-</span> 
     </span>
     <span class='ocr_line' id='line_1_38' title="bbox 391 2205 1145 2249; baseline -0.004 -10"><span class='ocrx_word' id='word_1_205' title='bbox 391 2215 518 2240; x_wconf 85' lang='lat' dir='ltr'>marum</span> <span class='ocrx_word' id='word_1_206' title='bbox 539 2205 718 2249; x_wconf 88' lang='lat' dir='ltr'>papalium,</span> <span class='ocrx_word' id='word_1_207' title='bbox 741 2205 836 2238; x_wconf 88' lang='lat' dir='ltr'>etiam</span> <span class='ocrx_word' id='word_1_208' title='bbox 862 2205 986 2238; x_wconf 77' lang='lat' dir='ltr'>ratione</span> <span class='ocrx_word' id='word_1_209' title='bbox 1011 2206 1086 2239; x_wconf 83' lang='lat' dir='ltr'>fidei</span> <span class='ocrx_word' id='word_1_210' title='bbox 1114 2213 1145 2239; x_wconf 68' lang='lat' dir='ltr'>et</span> 
     </span>
     <span class='ocr_line' id='line_1_39' title="bbox 389 2254 1143 2298; baseline 0.001 -11"><span class='ocrx_word' id='word_1_211' title='bbox 389 2254 603 2298; x_wconf 80' lang='lat' dir='ltr'>expeditionis</span> <span class='ocrx_word' id='word_1_212' title='bbox 623 2260 735 2288; x_wconf 88' lang='lat' dir='ltr'>contra</span> <span class='ocrx_word' id='word_1_213' title='bbox 755 2254 911 2294; x_wconf 83' lang='lat' dir='ltr'>infideles,</span> <span class='ocrx_word' id='word_1_214' title='bbox 928 2261 982 2288; x_wconf 89' lang='lat' dir='ltr'>aut</span> <span class='ocrx_word' id='word_1_215' title='bbox 996 2261 1143 2288; x_wconf 72' lang='lat' dir='ltr'>sternen-</span> 
     </span>
     <span class='ocr_line' id='line_1_40' title="bbox 388 2303 1141 2345; baseline 0.001 -9"><span class='ocrx_word' id='word_1_216' title='bbox 388 2303 505 2337; x_wconf 81' lang='lat' dir='ltr'>darum</span> <span class='ocrx_word' id='word_1_217' title='bbox 539 2309 569 2337; x_wconf 89' lang='lat' dir='ltr'>et</span> <span class='ocrx_word' id='word_1_218' title='bbox 602 2304 853 2337; x_wconf 72' lang='lat' dir='ltr'>reficiendarum</span> <span class='ocrx_word' id='word_1_219' title='bbox 887 2304 1011 2336; x_wconf 79' lang='lat' dir='ltr'>viarum</span> <span class='ocrx_word' id='word_1_220' title='bbox 1033 2315 1141 2345; x_wconf 82' lang='lat' dir='ltr'>causa,</span> 
     </span>
     <span class='ocr_line' id='line_1_41' title="bbox 390 2353 1144 2397; baseline -0.001 -11"><span class='ocrx_word' id='word_1_221' title='bbox 390 2358 536 2397; x_wconf 83' lang='lat' dir='ltr'>exempta</span> <span class='ocrx_word' id='word_1_222' title='bbox 550 2358 654 2386; x_wconf 86' lang='lat' dir='ltr'>essent</span> <span class='ocrx_word' id='word_1_223' title='bbox 666 2353 693 2393; x_wconf 68' lang='lat' dir='ltr'>&#39;l‚</span> <span class='ocrx_word' id='word_1_224' title='bbox 706 2363 811 2396; x_wconf 79' lang='lat' dir='ltr'>neque</span> <span class='ocrx_word' id='word_1_225' title='bbox 826 2353 865 2386; x_wconf 89' lang='lat' dir='ltr'>ad</span> <span class='ocrx_word' id='word_1_226' title='bbox 879 2353 1009 2386; x_wconf 91' lang='lat' dir='ltr'>illorum</span> <span class='ocrx_word' id='word_1_227' title='bbox 1026 2353 1144 2386; x_wconf 88' lang='lat' dir='ltr'>contri-</span> 
     </span>
     <span class='ocr_line' id='line_1_42' title="bbox 390 2401 1143 2446; baseline 0 -11"><span class='ocrx_word' id='word_1_228' title='bbox 390 2401 558 2436; x_wconf 88' lang='lat' dir='ltr'>butionem</span> <span class='ocrx_word' id='word_1_229' title='bbox 593 2402 745 2445; x_wconf 89' lang='lat' dir='ltr'>compelli</span> <span class='ocrx_word' id='word_1_230' title='bbox 776 2413 893 2446; x_wconf 87' lang='lat' dir='ltr'>posse,</span> <span class='ocrx_word' id='word_1_231' title='bbox 930 2402 1143 2445; x_wconf 87' lang='lat' dir='ltr'>quemadmo-</span> 
     </span>
     <span class='ocr_line' id='line_1_43' title="bbox 390 2449 1145 2494; baseline 0 -11"><span class='ocrx_word' id='word_1_232' title='bbox 390 2450 469 2483; x_wconf 89' lang='lat' dir='ltr'>dum</span> <span class='ocrx_word' id='word_1_233' title='bbox 489 2451 619 2484; x_wconf 88' lang='lat' dir='ltr'>diversis</span> <span class='ocrx_word' id='word_1_234' title='bbox 652 2451 766 2483; x_wconf 86' lang='lat' dir='ltr'>litteris</span> <span class='ocrx_word' id='word_1_235' title='bbox 799 2449 985 2494; x_wconf 88' lang='lat' dir='ltr'>apostolicis</span> <span class='ocrx_word' id='word_1_236' title='bbox 1005 2450 1145 2494; x_wconf 80' lang='lat' dir='ltr'>desuper</span> 
     </span>
     <span class='ocr_line' id='line_1_44' title="bbox 391 2499 907 2544; baseline -0.006 -10"><span class='ocrx_word' id='word_1_237' title='bbox 391 2500 546 2535; x_wconf 84' lang='lat' dir='ltr'>confectis</span> <span class='ocrx_word' id='word_1_238' title='bbox 566 2500 693 2544; x_wconf 88' lang='lat' dir='ltr'>plenius</span> <span class='ocrx_word' id='word_1_239' title='bbox 713 2499 907 2533; x_wconf 78' lang='lat' dir='ltr'>continetur.</span> 
     </span>
    </p>

    <p class='ocr_par' dir='ltr' id='par_1_3' title="bbox 391 2549 1144 2641">
     <span class='ocr_line' id='line_1_45' title="bbox 438 2549 1143 2594; baseline -0.003 -12"><span class='ocrx_word' id='word_1_240' title='bbox 438 2549 505 2594; x_wconf 47' lang='lat' dir='ltr'>§la</span> <span class='ocrx_word' id='word_1_241' title='bbox 531 2549 605 2589; x_wconf 85' lang='lat' dir='ltr'>Nos,</span> <span class='ocrx_word' id='word_1_242' title='bbox 642 2549 680 2582; x_wconf 90' lang='lat' dir='ltr'>ad</span> <span class='ocrx_word' id='word_1_243' title='bbox 719 2549 821 2582; x_wconf 85' lang='lat' dir='ltr'>dictae</span> <span class='ocrx_word' id='word_1_244' title='bbox 846 2549 937 2582; x_wconf 83' lang='lat' dir='ltr'>Sedis</span> <span class='ocrx_word' id='word_1_245' title='bbox 969 2559 1143 2582; x_wconf 86' lang='lat' dir='ltr'>ornamen-</span> 
     </span>
     <span class='ocr_line' id='line_1_46' title="bbox 391 2598 1144 2641; baseline -0.007 -7"><span class='ocrx_word' id='word_1_246' title='bbox 391 2604 462 2634; x_wconf 83' lang='lat' dir='ltr'>tum</span> <span class='ocrx_word' id='word_1_247' title='bbox 482 2603 512 2632; x_wconf 88' lang='lat' dir='ltr'>et</span> <span class='ocrx_word' id='word_1_248' title='bbox 531 2599 743 2632; x_wconf 83' lang='lat' dir='ltr'>salubriorem</span> <span class='ocrx_word' id='word_1_249' title='bbox 765 2598 945 2631; x_wconf 85' lang='lat' dir='ltr'>litterarum</span> <span class='ocrx_word' id='word_1_250' title='bbox 966 2598 1144 2641; x_wconf 81' lang='lat' dir='ltr'>praedicta-</span> 
     </span>
    </p>
   </div>
   <div class='ocr_carea' id='block_1_3' title="bbox 427 2670 1018 2706">
    <p class='ocr_par' dir='ltr' id='par_1_4' title="bbox 427 2670 1018 2706">
     <span class='ocr_line' id='line_1_47' title="bbox 427 2670 1018 2706; baseline -0.003 -6"><span class='ocrx_word' id='word_1_251' title='bbox 427 2673 440 2700; x_wconf 87' lang='lat'>1</span> <span class='ocrx_word' id='word_1_252' title='bbox 456 2672 617 2705; x_wconf 76' lang='lat' dir='ltr'>Exemplum</span> <span class='ocrx_word' id='word_1_253' title='bbox 633 2679 682 2697; x_wconf 80' lang='lat' dir='ltr'>esse</span> <span class='ocrx_word' id='word_1_254' title='bbox 699 2670 759 2706; x_wconf 76' lang='lat' dir='ltr'>legit</span> <span class='ocrx_word' id='word_1_255' title='bbox 776 2670 890 2698; x_wconf 83' lang='lat' dir='ltr'>Cherub.</span> <span class='ocrx_word' id='word_1_256' title='bbox 910 2670 947 2705; x_wconf 82' lang='lat' dir='ltr'>(a.</span> <span class='ocrx_word' id='word_1_257' title='bbox 969 2670 1018 2705; x_wconf 85' lang='lat' dir='ltr'>T.).</span> 
     </span>
    </p>
   </div>
   <div class='ocr_carea' id='block_1_4' title="bbox 993 264 1344 291">
    <p class='ocr_par' dir='ltr' id='par_1_5' title="bbox 993 264 1344 291">
     <span class='ocr_line' id='line_1_48' title="bbox 993 264 1344 291; baseline 0 -2"><span class='ocrx_word' id='word_1_258' title='bbox 993 266 1173 291; x_wconf 76' lang='lat' dir='ltr'>BULLARIUM</span> <span class='ocrx_word' id='word_1_259' title='bbox 1192 264 1344 289; x_wconf 71' lang='lat' dir='ltr'><strong>ROMANUM</strong></span> 
     </span>
    </p>
   </div>
   <div class='ocr_carea' id='block_1_5' title="bbox 1958 256 2142 289">
    <p class='ocr_par' dir='ltr' id='par_1_6' title="bbox 1958 256 2142 289">
     <span class='ocr_line' id='line_1_49' title="bbox 1958 256 2142 289; baseline 0.005 -1"><span class='ocrx_word' id='word_1_260' title='bbox 1958 261 2007 288; x_wconf 72' lang='lat' dir='ltr'>An.</span> <span class='ocrx_word' id='word_1_261' title='bbox 2026 259 2056 289; x_wconf 56' lang='lat' dir='ltr'>C:</span> <span class='ocrx_word' id='word_1_262' title='bbox 2072 256 2142 289; x_wconf 71' lang='lat'>457⁰</span> 
     </span>
    </p>
   </div>
   <div class='ocr_carea' id='block_1_6' title="bbox 1189 316 2144 378">
    <p class='ocr_par' dir='ltr' id='par_1_7' title="bbox 1189 316 2144 378">
     <span class='ocr_line' id='line_1_50' title="bbox 1189 316 2144 378; baseline -0.005 -26"><span class='ocrx_word' id='word_1_263' title='bbox 1189 329 1261 352; x_wconf 90' lang='lat' dir='ltr'>rum</span> <span class='ocrx_word' id='word_1_264' title='bbox 1283 318 1533 362; x_wconf 80' lang='lat' dir='ltr'>expeditionem,</span> <span class='ocrx_word' id='word_1_265' title='bbox 1560 319 1657 352; x_wconf 89' lang='lat' dir='ltr'>huius</span> <span class='ocrx_word' id='word_1_266' title='bbox 1691 317 1789 352; x_wconf 84' lang='lat' dir='ltr'>officii</span> <span class='ocrx_word' id='word_1_267' title='bbox 1822 321 1938 351; x_wconf 77' lang='lat' dir='ltr'>statum</span> <span class='ocrx_word' id='word_1_268' title='bbox 1956 316 2144 378; x_wconf 45' lang='grc' dir='ltr'>ἔὶξιωιξεᾷῑᾷῖῖ</span> 
     </span>
    </p>
   </div>
   <div class='ocr_carea' id='block_1_7' title="bbox 1186 372 2151 2705">
    <p class='ocr_par' dir='ltr' id='par_1_8' title="bbox 1188 372 2145 578">
     <span class='ocr_line' id='line_1_51' title="bbox 1189 372 2142 417; baseline 0.001 -12"><span class='ocrx_word' id='word_1_269' title='bbox 1189 372 1413 417; x_wconf 82' lang='lat' dir='ltr'>perfectiorem</span> <span class='ocrx_word' id='word_1_270' title='bbox 1447 373 1721 416; x_wconf 79' lang='lat' dir='ltr'>insignioremque</span> <span class='ocrx_word' id='word_1_271' title='bbox 1746 372 1940 405; x_wconf 84' lang='lat' dir='ltr'>constituere</span> <span class='ocrx_word' id='word_1_272' title='bbox 1956 380 2142 408; x_wconf 51' lang='lat' dir='ltr'>rvmstnumffie‘tt</span> 
     </span>
     <span class='ocr_line' id='line_1_52' title="bbox 1188 417 2145 474; baseline -0.002 -16"><span class='ocrx_word' id='word_1_273' title='bbox 1188 426 1342 466; x_wconf 83' lang='lat' dir='ltr'>volentes,</span> <span class='ocrx_word' id='word_1_274' title='bbox 1360 431 1449 459; x_wconf 87' lang='lat' dir='ltr'>motu</span> <span class='ocrx_word' id='word_1_275' title='bbox 1470 426 1604 470; x_wconf 90' lang='lat' dir='ltr'>proprio</span> <span class='ocrx_word' id='word_1_276' title='bbox 1624 431 1654 459; x_wconf 87' lang='lat' dir='ltr'>et</span> <span class='ocrx_word' id='word_1_277' title='bbox 1672 437 1709 458; x_wconf 81' lang='lat' dir='ltr'>ex</span> <span class='ocrx_word' id='word_1_278' title='bbox 1730 430 1815 458; x_wconf 85' lang='lat' dir='ltr'>certa</span> <span class='ocrx_word' id='word_1_279' title='bbox 1836 424 1940 457; x_wconf 82' lang='lat' dir='ltr'>scien-</span> <span class='ocrx_word' id='word_1_280' title='bbox 1956 417 2145 474; x_wconf 52' lang='lat' dir='ltr'>2J}}fffjf‚¹g‡&#39;¹⁰⁵;{2&#39;</span> 
     </span>
     <span class='ocr_line' id='line_1_53' title="bbox 1190 477 2143 524; baseline -0.002 -12"><span class='ocrx_word' id='word_1_281' title='bbox 1190 479 1231 512; x_wconf 89' lang='lat' dir='ltr'>tia</span> <span class='ocrx_word' id='word_1_282' title='bbox 1264 481 1372 512; x_wconf 89' lang='lat' dir='ltr'>nostra</span> <span class='ocrx_word' id='word_1_283' title='bbox 1409 480 1514 523; x_wconf 88' lang='lat' dir='ltr'>deque</span> <span class='ocrx_word' id='word_1_284' title='bbox 1548 479 1741 524; x_wconf 85' lang='lat' dir='ltr'>apostolicae</span> <span class='ocrx_word' id='word_1_285' title='bbox 1777 477 1942 522; x_wconf 85' lang='lat' dir='ltr'>potestatis</span> <span class='ocrx_word' id='word_1_286' title='bbox 1957 481 2143 505; x_wconf 70' lang='lat' dir='ltr'>si‘¹⁰⁰²&lt;³¹¹¹¹¹¹¹¹¹¹¹¹·</span> 
     </span>
     <span class='ocr_line' id='line_1_54' title="bbox 1190 531 1942 578; baseline -0.001 -13"><span class='ocrx_word' id='word_1_287' title='bbox 1190 533 1402 577; x_wconf 85' lang='lat' dir='ltr'>plenitudine,</span> <span class='ocrx_word' id='word_1_288' title='bbox 1425 533 1457 566; x_wconf 92' lang='lat' dir='ltr'>in</span> <span class='ocrx_word' id='word_1_289' title='bbox 1482 533 1551 578; x_wconf 88' lang='lat' dir='ltr'>ipso</span> <span class='ocrx_word' id='word_1_290' title='bbox 1570 533 1677 566; x_wconf 85' lang='lat' dir='ltr'>officio</span> <span class='ocrx_word' id='word_1_291' title='bbox 1698 542 1800 566; x_wconf 88' lang='lat' dir='ltr'>unum</span> <span class='ocrx_word' id='word_1_292' title='bbox 1822 531 1942 576; x_wconf 82' lang='lat' dir='ltr'>praesi-</span> 
     </span>
    </p>

    <p class='ocr_par' dir='ltr' id='par_1_9' title="bbox 1190 586 1943 630">
     <span class='ocr_line' id='line_1_55' title="bbox 1190 586 1943 630; baseline -0.001 -11"><span class='ocrx_word' id='word_1_293' title='bbox 1190 587 1329 626; x_wconf 79' lang='lat' dir='ltr'>dentem,</span> <span class='ocrx_word' id='word_1_294' title='bbox 1373 586 1428 629; x_wconf 85' lang='lat' dir='ltr'>qui</span> <span class='ocrx_word' id='word_1_295' title='bbox 1461 587 1668 620; x_wconf 84' lang='lat' dir='ltr'>summatoris</span> <span class='ocrx_word' id='word_1_296' title='bbox 1699 597 1757 630; x_wconf 89' lang='lat' dir='ltr'>pro</span> <span class='ocrx_word' id='word_1_297' title='bbox 1793 590 1943 629; x_wconf 72' lang='lat' dir='ltr'>tempore</span> 
     </span>
    </p>

    <p class='ocr_par' dir='ltr' id='par_1_10' title="bbox 1189 634 1943 684">
     <span class='ocr_line' id='line_1_56' title="bbox 1189 634 1943 684; baseline -0.001 -11"><span class='ocrx_word' id='word_1_298' title='bbox 1189 640 1352 673; x_wconf 76' lang='lat' dir='ltr'>existentis</span> <span class='ocrx_word' id='word_1_299' title='bbox 1375 640 1460 673; x_wconf 75' lang='lat' dir='ltr'>vices</span> <span class='ocrx_word' id='word_1_300' title='bbox 1480 645 1579 683; x_wconf 76' lang='lat' dir='ltr'>gerat,</span> <span class='ocrx_word' id='word_1_301' title='bbox 1608 640 1708 684; x_wconf 81' lang='lat' dir='ltr'>ipsius</span> <span class='ocrx_word' id='word_1_302' title='bbox 1733 634 1943 672; x_wconf 69' lang='lat' dir='ltr'>sum-maioris·</span> 
     </span>
    </p>

    <p class='ocr_par' dir='ltr' id='par_1_11' title="bbox 1189 689 1944 738">
     <span class='ocr_line' id='line_1_57' title="bbox 1189 689 1944 738; baseline -0.001 -12"><span class='ocrx_word' id='word_1_303' title='bbox 1189 699 1269 726; x_wconf 89' lang='lat' dir='ltr'>nutu</span> <span class='ocrx_word' id='word_1_304' title='bbox 1291 699 1386 738; x_wconf 83' lang='lat' dir='ltr'>atquc</span> <span class='ocrx_word' id='word_1_305' title='bbox 1407 693 1540 727; x_wconf 88' lang='lat' dir='ltr'>arbitrio</span> <span class='ocrx_word' id='word_1_306' title='bbox 1565 689 1761 727; x_wconf 78' lang='lat' dir='ltr'>sumendum</span> <span class='ocrx_word' id='word_1_307' title='bbox 1786 693 1817 725; x_wconf 76' lang='lat' dir='ltr'>et</span> <span class='ocrx_word' id='word_1_308' title='bbox 1837 699 1944 726; x_wconf 77' lang='lat' dir='ltr'>reme=</span> 
     </span>
    </p>

    <p class='ocr_par' dir='ltr' id='par_1_12' title="bbox 1188 748 1339 780">
     <span class='ocr_line' id='line_1_58' title="bbox 1188 748 1339 780; baseline 0 0"><span class='ocrx_word' id='word_1_309' title='bbox 1188 748 1339 780; x_wconf 77' lang='lat' dir='ltr'>rendum.</span> 
     </span>
    </p>

    <p class='ocr_par' dir='ltr' id='par_1_13' title="bbox 1189 800 2151 1006">
     <span class='ocr_line' id='line_1_59' title="bbox 1233 800 2151 846; baseline -0.002 -12"><span class='ocrx_word' id='word_1_310' title='bbox 1233 802 1247 845; x_wconf 62' lang='grc' dir='ltr'>ξ</span> <span class='ocrx_word' id='word_1_311' title='bbox 1268 801 1299 835; x_wconf 82' lang='grc'>5.</span> <span class='ocrx_word' id='word_1_312' title='bbox 1322 802 1411 841; x_wconf 86' lang='lat' dir='ltr'>Item,</span> <span class='ocrx_word' id='word_1_313' title='bbox 1427 806 1566 846; x_wconf 87' lang='lat' dir='ltr'>quatuor</span> <span class='ocrx_word' id='word_1_314' title='bbox 1581 800 1642 835; x_wconf 89' lang='lat' dir='ltr'>alia</span> <span class='ocrx_word' id='word_1_315' title='bbox 1658 806 1815 846; x_wconf 90' lang='lat' dir='ltr'>perpetua</span> <span class='ocrx_word' id='word_1_316' title='bbox 1835 800 1941 834; x_wconf 86' lang='lat' dir='ltr'>officia</span> <span class='ocrx_word' id='word_1_317' title='bbox 1986 805 2126 832; x_wconf 69' lang='lat' dir='ltr'>Recossnitore</span> <span class='ocrx_word' id='word_1_318' title='bbox 2142 810 2151 830; x_wconf 71' lang='grc' dir='ltr'>,ε</span> 
     </span>
     <span class='ocr_line' id='line_1_60' title="bbox 1190 839 2053 899; baseline 0 -12"><span class='ocrx_word' id='word_1_319' title='bbox 1190 854 1428 897; x_wconf 72' lang='lat' dir='ltr'>recognitorum</span> <span class='ocrx_word' id='word_1_320' title='bbox 1440 855 1619 888; x_wconf 89' lang='lat' dir='ltr'>litterarum</span> <span class='ocrx_word' id='word_1_321' title='bbox 1631 855 1871 899; x_wconf 64' lang='lat' dir='ltr'>przedictarum,</span> <span class='ocrx_word' id='word_1_322' title='bbox 1883 865 1942 898; x_wconf 89' lang='lat' dir='ltr'>per</span> <span class='ocrx_word' id='word_1_323' title='bbox 1957 839 2053 864; x_wconf 74' lang='lat' dir='ltr'>quatuor.</span> 
     </span>
     <span class='ocr_line' id='line_1_61' title="bbox 1189 908 1940 953; baseline 0.003 -13"><span class='ocrx_word' id='word_1_324' title='bbox 1189 909 1372 953; x_wconf 84' lang='lat' dir='ltr'>proximum</span> <span class='ocrx_word' id='word_1_325' title='bbox 1398 914 1631 942; x_wconf 80' lang='lat' dir='ltr'>summatorem</span> <span class='ocrx_word' id='word_1_326' title='bbox 1653 908 1801 949; x_wconf 87' lang='lat' dir='ltr'>dotanda,</span> <span class='ocrx_word' id='word_1_327' title='bbox 1822 919 1940 953; x_wconf 87' lang='lat' dir='ltr'>perpe-</span> 
     </span>
     <span class='ocr_line' id='line_1_62' title="bbox 1189 962 1694 1006; baseline 0 -11"><span class='ocrx_word' id='word_1_328' title='bbox 1189 969 1243 996; x_wconf 89' lang='lat' dir='ltr'>tuo</span> <span class='ocrx_word' id='word_1_329' title='bbox 1261 962 1414 1006; x_wconf 73' lang='lat' dir='ltr'>erigimus</span> <span class='ocrx_word' id='word_1_330' title='bbox 1435 968 1466 996; x_wconf 87' lang='lat' dir='ltr'>et</span> <span class='ocrx_word' id='word_1_331' title='bbox 1485 962 1694 995; x_wconf 86' lang='lat' dir='ltr'>instituimus.</span> 
     </span>
    </p>

    <p class='ocr_par' dir='ltr' id='par_1_14' title="bbox 1186 1016 2140 2705">
     <span class='ocr_line' id='line_1_63' title="bbox 1232 1016 2140 1060; baseline 0.001 -11"><span class='ocrx_word' id='word_1_332' title='bbox 1232 1018 1246 1060; x_wconf 61' lang='grc' dir='ltr'>ξ</span> <span class='ocrx_word' id='word_1_333' title='bbox 1268 1017 1298 1050; x_wconf 81' lang='grc'>6.</span> <span class='ocrx_word' id='word_1_334' title='bbox 1319 1017 1362 1050; x_wconf 80' lang='lat' dir='ltr'>Ac</span> <span class='ocrx_word' id='word_1_335' title='bbox 1383 1017 1590 1050; x_wconf 88' lang='lat' dir='ltr'>summatoris</span> <span class='ocrx_word' id='word_1_336' title='bbox 1614 1016 1723 1050; x_wconf 83' lang='lat' dir='ltr'>officio</span> <span class='ocrx_word' id='word_1_337' title='bbox 1752 1027 1855 1050; x_wconf 89' lang='lat' dir='ltr'>unum</span> <span class='ocrx_word' id='word_1_338' title='bbox 1881 1016 1939 1050; x_wconf 88' lang='lat' dir='ltr'>Se·</span> <span class='ocrx_word' id='word_1_339' title='bbox 1955 1029 2140 1056; x_wconf 73' lang='lat' dir='ltr'>Quaedamofficia</span> 
     </span>
     <span class='ocr_line' id='line_1_64' title="bbox 1188 1060 2140 1115; baseline -0.002 -11"><span class='ocrx_word' id='word_1_340' title='bbox 1188 1071 1377 1105; x_wconf 86' lang='lat' dir='ltr'>cretariatus</span> <span class='ocrx_word' id='word_1_341' title='bbox 1401 1071 1575 1115; x_wconf 76' lang='lat' dir='ltr'>Apostolici</span> <span class='ocrx_word' id='word_1_342' title='bbox 1594 1071 1632 1103; x_wconf 89' lang='lat' dir='ltr'>de</span> <span class='ocrx_word' id='word_1_343' title='bbox 1651 1081 1789 1104; x_wconf 86' lang='lat' dir='ltr'>numero</span> <span class='ocrx_word' id='word_1_344' title='bbox 1809 1071 1940 1114; x_wconf 86' lang='lat' dir='ltr'>partici-</span> <span class='ocrx_word' id='word_1_345' title='bbox 1955 1060 2140 1113; x_wconf 54' lang='lat' dir='ltr'>{fffimfs¹¹¹¹¹¹⁵⁰c³2‡21</span> 
     </span>
     <span class='ocr_line' id='line_1_65' title="bbox 1188 1123 2138 1176; baseline -0.001 -18"><span class='ocrx_word' id='word_1_346' title='bbox 1188 1125 1347 1170; x_wconf 77' lang='lat' dir='ltr'>pantium,</span> <span class='ocrx_word' id='word_1_347' title='bbox 1369 1125 1456 1168; x_wconf 89' lang='lat' dir='ltr'>quod</span> <span class='ocrx_word' id='word_1_348' title='bbox 1481 1124 1650 1158; x_wconf 83' lang='lat' dir='ltr'>Marcellus</span> <span class='ocrx_word' id='word_1_349' title='bbox 1674 1123 1884 1167; x_wconf 78' lang='lat' dir='ltr'>Augustinus,</span> <span class='ocrx_word' id='word_1_350' title='bbox 1911 1123 2138 1176; x_wconf 47' lang='lat' dir='ltr'>etfl¹5¹30⁷⁰¹¹¹³ffg¹i¹c¹¹i23</span> 
     </span>
     <span class='ocr_line' id='line_1_66' title="bbox 1188 1178 2140 1223; baseline -0.004 -10"><span class='ocrx_word' id='word_1_351' title='bbox 1188 1190 1289 1213; x_wconf 89' lang='lat' dir='ltr'>unum</span> <span class='ocrx_word' id='word_1_352' title='bbox 1316 1178 1527 1223; x_wconf 85' lang='lat' dir='ltr'>praesidentis</span> <span class='ocrx_word' id='word_1_353' title='bbox 1551 1188 1709 1218; x_wconf 84' lang='lat' dir='ltr'>annonae,</span> <span class='ocrx_word' id='word_1_354' title='bbox 1745 1178 1832 1222; x_wconf 91' lang='lat' dir='ltr'>quod</span> <span class='ocrx_word' id='word_1_355' title='bbox 1856 1178 1940 1212; x_wconf 88' lang='lat' dir='ltr'>Ana·</span> <span class='ocrx_word' id='word_1_356' title='bbox 1956 1187 2140 1221; x_wconf 62' lang='lat' dir='ltr'>s=1nurgm¹orisnn-</span> 
     </span>
     <span class='ocr_line' id='line_1_67' title="bbox 1188 1218 2033 1276; baseline 0 -10"><span class='ocrx_word' id='word_1_357' title='bbox 1188 1233 1301 1266; x_wconf 75' lang='lat' dir='ltr'>stasius</span> <span class='ocrx_word' id='word_1_358' title='bbox 1321 1232 1460 1273; x_wconf 69' lang='lat' dir='ltr'>Puzzuti,</span> <span class='ocrx_word' id='word_1_359' title='bbox 1478 1244 1515 1265; x_wconf 90' lang='lat' dir='ltr'>ac</span> <span class='ocrx_word' id='word_1_360' title='bbox 1535 1232 1622 1265; x_wconf 86' lang='lat' dir='ltr'>aliud</span> <span class='ocrx_word' id='word_1_361' title='bbox 1639 1231 1755 1272; x_wconf 88' lang='lat' dir='ltr'>simile,</span> <span class='ocrx_word' id='word_1_362' title='bbox 1769 1232 1856 1276; x_wconf 88' lang='lat' dir='ltr'>quod</span> <span class='ocrx_word' id='word_1_363' title='bbox 1870 1233 1943 1266; x_wconf 83' lang='lat' dir='ltr'>Hie·</span> <span class='ocrx_word' id='word_1_364' title='bbox 1958 1218 2033 1244; x_wconf 51' lang='lat' dir='ltr'>neem*</span> 
     </span>
     <span class='ocr_line' id='line_1_68' title="bbox 1189 1285 1941 1332; baseline 0.003 -13"><span class='ocrx_word' id='word_1_365' title='bbox 1189 1298 1341 1332; x_wconf 67' lang='lat' dir='ltr'>ronymus</span> <span class='ocrx_word' id='word_1_366' title='bbox 1353 1287 1584 1330; x_wconf 86' lang='lat' dir='ltr'>Lippomanus,</span> <span class='ocrx_word' id='word_1_367' title='bbox 1608 1290 1638 1318; x_wconf 85' lang='lat' dir='ltr'>et</span> <span class='ocrx_word' id='word_1_368' title='bbox 1665 1285 1729 1319; x_wconf 92' lang='lat' dir='ltr'>duo</span> <span class='ocrx_word' id='word_1_369' title='bbox 1754 1286 1941 1329; x_wconf 86' lang='lat' dir='ltr'>portionum</span> 
     </span>
     <span class='ocr_line' id='line_1_69' title="bbox 1189 1339 1938 1383; baseline -0.001 -10"><span class='ocrx_word' id='word_1_370' title='bbox 1189 1340 1286 1383; x_wconf 80' lang='lat' dir='ltr'>Ripae</span> <span class='ocrx_word' id='word_1_371' title='bbox 1311 1340 1417 1373; x_wconf 73' lang='lat' dir='ltr'>ot&#39;ticia</span> <span class='ocrx_word' id='word_1_372' title='bbox 1435 1366 1441 1380; x_wconf 89' lang='lat'>,</span> <span class='ocrx_word' id='word_1_373' title='bbox 1478 1350 1561 1382; x_wconf 85' lang='lat' dir='ltr'>quac</span> <span class='ocrx_word' id='word_1_374' title='bbox 1595 1339 1720 1372; x_wconf 87' lang='lat' dir='ltr'>Marcus</span> <span class='ocrx_word' id='word_1_375' title='bbox 1759 1339 1938 1381; x_wconf 89' lang='lat' dir='ltr'>Cornelius,</span> 
     </span>
     <span class='ocr_line' id='line_1_70' title="bbox 1187 1392 1941 1437; baseline -0.001 -11"><span class='ocrx_word' id='word_1_376' title='bbox 1187 1394 1264 1427; x_wconf 90' lang='lat' dir='ltr'>dum</span> <span class='ocrx_word' id='word_1_377' title='bbox 1298 1394 1452 1433; x_wconf 63' lang='lat' dir='ltr'>vivent-nt,</span> <span class='ocrx_word' id='word_1_378' title='bbox 1481 1392 1679 1433; x_wconf 84' lang='lat' dir='ltr'>obtinebant,</span> <span class='ocrx_word' id='word_1_379' title='bbox 1713 1403 1772 1437; x_wconf 85' lang='lat' dir='ltr'>per</span> <span class='ocrx_word' id='word_1_380' title='bbox 1805 1392 1941 1426; x_wconf 86' lang='lat' dir='ltr'>liberam</span> 
     </span>
     <span class='ocr_line' id='line_1_71' title="bbox 1188 1446 1940 1491; baseline 0 -10"><span class='ocrx_word' id='word_1_381' title='bbox 1188 1447 1438 1491; x_wconf 74' lang='lat' dir='ltr'>resignationem</span> <span class='ocrx_word' id='word_1_382' title='bbox 1459 1446 1567 1480; x_wconf 86' lang='lat' dir='ltr'>dilecti</span> <span class='ocrx_word' id='word_1_383' title='bbox 1583 1447 1639 1479; x_wconf 87' lang='lat' dir='ltr'>filii</span> <span class='ocrx_word' id='word_1_384' title='bbox 1661 1446 1805 1490; x_wconf 76' lang='lat' dir='ltr'>magistri</span> <span class='ocrx_word' id='word_1_385' title='bbox 1820 1447 1940 1481; x_wconf 79' lang='lat' dir='ltr'>Antimi</span> 
     </span>
     <span class='ocr_line' id='line_1_72' title="bbox 1188 1501 1941 1542; baseline -0.003 -7"><span class='ocrx_word' id='word_1_386' title='bbox 1188 1501 1402 1542; x_wconf 84' lang='lat' dir='ltr'>Marchesani,</span> <span class='ocrx_word' id='word_1_387' title='bbox 1438 1501 1552 1533; x_wconf 90' lang='lat' dir='ltr'>datarii</span> <span class='ocrx_word' id='word_1_388' title='bbox 1577 1501 1690 1541; x_wconf 85' lang='lat' dir='ltr'>nostri,</span> <span class='ocrx_word' id='word_1_389' title='bbox 1725 1501 1758 1533; x_wconf 93' lang='lat' dir='ltr'>in</span> <span class='ocrx_word' id='word_1_390' title='bbox 1791 1501 1941 1535; x_wconf 85' lang='lat' dir='ltr'>manibus</span> 
     </span>
     <span class='ocr_line' id='line_1_73' title="bbox 1188 1554 1940 1600; baseline -0.001 -12"><span class='ocrx_word' id='word_1_391' title='bbox 1188 1557 1304 1589; x_wconf 82' lang='lat' dir='ltr'>nostris</span> <span class='ocrx_word' id='word_1_392' title='bbox 1325 1561 1438 1600; x_wconf 89' lang='lat' dir='ltr'>sponte</span> <span class='ocrx_word' id='word_1_393' title='bbox 1464 1556 1579 1588; x_wconf 80' lang='lat' dir='ltr'>saetam</span> <span class='ocrx_word' id='word_1_394' title='bbox 1611 1560 1641 1588; x_wconf 86' lang='lat' dir='ltr'>et</span> <span class='ocrx_word' id='word_1_395' title='bbox 1665 1565 1724 1598; x_wconf 90' lang='lat' dir='ltr'>per</span> <span class='ocrx_word' id='word_1_396' title='bbox 1743 1565 1802 1588; x_wconf 89' lang='lat' dir='ltr'>nos</span> <span class='ocrx_word' id='word_1_397' title='bbox 1821 1554 1940 1588; x_wconf 86' lang='lat' dir='ltr'>admis-</span> 
     </span>
     <span class='ocr_line' id='line_1_74' title="bbox 1187 1607 1942 1652; baseline -0.003 -10"><span class='ocrx_word' id='word_1_398' title='bbox 1187 1621 1267 1649; x_wconf 87' lang='lat' dir='ltr'>sam,</span> <span class='ocrx_word' id='word_1_399' title='bbox 1291 1614 1344 1642; x_wconf 91' lang='lat' dir='ltr'>aut</span> <span class='ocrx_word' id='word_1_400' title='bbox 1364 1608 1442 1642; x_wconf 86' lang='lat' dir='ltr'>alias</span> <span class='ocrx_word' id='word_1_401' title='bbox 1462 1607 1629 1652; x_wconf 77' lang='lat' dir='ltr'>quibusvis</span> <span class='ocrx_word' id='word_1_402' title='bbox 1646 1607 1750 1641; x_wconf 88' lang='lat' dir='ltr'>modis</span> <span class='ocrx_word' id='word_1_403' title='bbox 1766 1613 1847 1641; x_wconf 82' lang='lat' dir='ltr'>etex</span> <span class='ocrx_word' id='word_1_404' title='bbox 1861 1619 1942 1652; x_wconf 87' lang='lat' dir='ltr'>quo-</span> 
     </span>
     <span class='ocr_line' id='line_1_75' title="bbox 1188 1662 1940 1707; baseline 0 -11"><span class='ocrx_word' id='word_1_405' title='bbox 1188 1674 1405 1707; x_wconf 81' lang='lat' dir='ltr'>rumcumque</span> <span class='ocrx_word' id='word_1_406' title='bbox 1440 1662 1586 1706; x_wconf 85' lang='lat' dir='ltr'>personis</span> <span class='ocrx_word' id='word_1_407' title='bbox 1618 1662 1763 1695; x_wconf 84' lang='lat' dir='ltr'>vacantia</span> <span class='ocrx_word' id='word_1_408' title='bbox 1780 1689 1787 1702; x_wconf 89' lang='lat'>‚</span> <span class='ocrx_word' id='word_1_409' title='bbox 1813 1672 1940 1696; x_wconf 86' lang='lat' dir='ltr'>necnon</span> 
     </span>
     <span class='ocr_line' id='line_1_76' title="bbox 1187 1715 1940 1761; baseline 0 -13"><span class='ocrx_word' id='word_1_410' title='bbox 1187 1728 1424 1761; x_wconf 76' lang='lat' dir='ltr'>‹pia‹·=‹·uinque,</span> <span class='ocrx_word' id='word_1_411' title='bbox 1448 1721 1671 1760; x_wconf 85' lang='lat' dir='ltr'>quotcumque</span> <span class='ocrx_word' id='word_1_412' title='bbox 1691 1722 1719 1748; x_wconf 85' lang='lat' dir='ltr'>et</span> <span class='ocrx_word' id='word_1_413' title='bbox 1741 1715 1940 1758; x_wconf 77' lang='lat' dir='ltr'>qualiacum-</span> 
     </span>
     <span class='ocr_line' id='line_1_77' title="bbox 1187 1769 1937 1815; baseline -0.001 -12"><span class='ocrx_word' id='word_1_414' title='bbox 1187 1782 1249 1815; x_wconf 85' lang='lat' dir='ltr'>que</span> <span class='ocrx_word' id='word_1_415' title='bbox 1270 1771 1331 1803; x_wconf 88' lang='lat' dir='ltr'>alia</span> <span class='ocrx_word' id='word_1_416' title='bbox 1352 1771 1454 1803; x_wconf 77' lang='lat' dir='ltr'>dictae</span> <span class='ocrx_word' id='word_1_417' title='bbox 1479 1770 1593 1803; x_wconf 87' lang='lat' dir='ltr'>Curiae</span> <span class='ocrx_word' id='word_1_418' title='bbox 1614 1769 1731 1810; x_wconf 76' lang='lat' dir='ltr'>officia,</span> <span class='ocrx_word' id='word_1_419' title='bbox 1755 1769 1871 1802; x_wconf 83' lang='lat' dir='ltr'>similia</span> <span class='ocrx_word' id='word_1_420' title='bbox 1890 1769 1937 1803; x_wconf 88' lang='lat' dir='ltr'>vel</span> 
     </span>
     <span class='ocr_line' id='line_1_78' title="bbox 1187 1823 1936 1867; baseline -0.003 -10"><span class='ocrx_word' id='word_1_421' title='bbox 1187 1824 1354 1857; x_wconf 83' lang='lat' dir='ltr'>dissimilia</span> <span class='ocrx_word' id='word_1_422' title='bbox 1373 1829 1404 1856; x_wconf 80' lang='lat' dir='ltr'>et</span> <span class='ocrx_word' id='word_1_423' title='bbox 1428 1823 1709 1866; x_wconf 82' lang='lat' dir='ltr'>qualitercmnque</span> <span class='ocrx_word' id='word_1_424' title='bbox 1738 1823 1936 1867; x_wconf 86' lang='lat' dir='ltr'>qualificata,</span> 
     </span>
     <span class='ocr_line' id='line_1_79' title="bbox 1187 1876 1938 1922; baseline -0.003 -10"><span class='ocrx_word' id='word_1_425' title='bbox 1187 1879 1226 1912; x_wconf 87' lang='lat' dir='ltr'>ad</span> <span class='ocrx_word' id='word_1_426' title='bbox 1252 1877 1494 1921; x_wconf 84' lang='lat' dir='ltr'>dispositionem</span> <span class='ocrx_word' id='word_1_427' title='bbox 1520 1877 1655 1910; x_wconf 88' lang='lat' dir='ltr'>Romani</span> <span class='ocrx_word' id='word_1_428' title='bbox 1690 1876 1855 1910; x_wconf 86' lang='lat' dir='ltr'>Pontificis</span> <span class='ocrx_word' id='word_1_429' title='bbox 1878 1887 1938 1922; x_wconf 89' lang='lat' dir='ltr'>pro</span> 
     </span>
     <span class='ocr_line' id='line_1_80' title="bbox 1187 1931 1938 1976; baseline -0.001 -11"><span class='ocrx_word' id='word_1_430' title='bbox 1187 1938 1331 1976; x_wconf 83' lang='lat' dir='ltr'>tempore</span> <span class='ocrx_word' id='word_1_431' title='bbox 1376 1931 1536 1964; x_wconf 82' lang='lat' dir='ltr'>existentis</span> <span class='ocrx_word' id='word_1_432' title='bbox 1574 1931 1768 1975; x_wconf 83' lang='lat' dir='ltr'>pertinentia</span> <span class='ocrx_word' id='word_1_433' title='bbox 1785 1957 1792 1971; x_wconf 92' lang='lat'>,</span> <span class='ocrx_word' id='word_1_434' title='bbox 1834 1931 1938 1974; x_wconf 90' lang='lat' dir='ltr'>pretio</span> 
     </span>
     <span class='ocr_line' id='line_1_81' title="bbox 1187 1984 1936 2029; baseline -0.003 -10"><span class='ocrx_word' id='word_1_435' title='bbox 1187 1986 1321 2020; x_wconf 85' lang='lat' dir='ltr'>concedi</span> <span class='ocrx_word' id='word_1_436' title='bbox 1343 1985 1447 2025; x_wconf 86' lang='lat' dir='ltr'>solita,</span> <span class='ocrx_word' id='word_1_437' title='bbox 1475 1996 1557 2029; x_wconf 83' lang='lat' dir='ltr'>quae</span> <span class='ocrx_word' id='word_1_438' title='bbox 1578 1984 1741 2028; x_wconf 77' lang='lat' dir='ltr'>praedicta</span> <span class='ocrx_word' id='word_1_439' title='bbox 1761 1985 1870 2018; x_wconf 86' lang='lat' dir='ltr'>omnia</span> <span class='ocrx_word' id='word_1_440' title='bbox 1893 1984 1936 2018; x_wconf 86' lang='lat' dir='ltr'>si-</span> 
     </span>
     <span class='ocr_line' id='line_1_82' title="bbox 1187 2038 1936 2083; baseline -0.001 -10"><span class='ocrx_word' id='word_1_441' title='bbox 1187 2042 1254 2073; x_wconf 91' lang='lat' dir='ltr'>mul</span> <span class='ocrx_word' id='word_1_442' title='bbox 1274 2041 1415 2073; x_wconf 68' lang='lat' dir='ltr'>valorem</span> <span class='ocrx_word' id='word_1_443' title='bbox 1430 2039 1633 2083; x_wconf 80' lang='lat' dir='ltr'>septuaginta</span> <span class='ocrx_word' id='word_1_444' title='bbox 1649 2038 1786 2071; x_wconf 91' lang='lat' dir='ltr'>millium</span> <span class='ocrx_word' id='word_1_445' title='bbox 1803 2038 1936 2072; x_wconf 86' lang='lat' dir='ltr'>ducato-</span> 
     </span>
     <span class='ocr_line' id='line_1_83' title="bbox 1187 2092 1936 2136; baseline -0.003 -9"><span class='ocrx_word' id='word_1_446' title='bbox 1187 2106 1257 2127; x_wconf 89' lang='lat' dir='ltr'>rum</span> <span class='ocrx_word' id='word_1_447' title='bbox 1275 2094 1345 2127; x_wconf 89' lang='lat' dir='ltr'>auri</span> <span class='ocrx_word' id='word_1_448' title='bbox 1369 2094 1400 2126; x_wconf 92' lang='lat' dir='ltr'>in</span> <span class='ocrx_word' id='word_1_449' title='bbox 1420 2103 1500 2126; x_wconf 80' lang='lat' dir='ltr'>‘uiro</span> <span class='ocrx_word' id='word_1_450' title='bbox 1514 2092 1698 2132; x_wconf 78' lang='lat' dir='ltr'>conficiant,</span> <span class='ocrx_word' id='word_1_451' title='bbox 1719 2093 1757 2125; x_wconf 90' lang='lat' dir='ltr'>ab</span> <span class='ocrx_word' id='word_1_452' title='bbox 1778 2092 1847 2136; x_wconf 86' lang='lat' dir='ltr'>ipso</span> <span class='ocrx_word' id='word_1_453' title='bbox 1861 2103 1936 2136; x_wconf 89' lang='lat' dir='ltr'>pro-</span> 
     </span>
     <span class='ocr_line' id='line_1_84' title="bbox 1186 2146 1939 2190; baseline -0.003 -10"><span class='ocrx_word' id='word_1_454' title='bbox 1186 2148 1271 2181; x_wconf 80' lang='lat' dir='ltr'>ximo</span> <span class='ocrx_word' id='word_1_455' title='bbox 1292 2152 1488 2181; x_wconf 77' lang='lat' dir='ltr'>summatore</span> <span class='ocrx_word' id='word_1_456' title='bbox 1513 2146 1734 2190; x_wconf 72' lang='lat' dir='ltr'>conquirenda</span> <span class='ocrx_word' id='word_1_457' title='bbox 1759 2151 1790 2179; x_wconf 88' lang='lat' dir='ltr'>et</span> <span class='ocrx_word' id='word_1_458' title='bbox 1810 2156 1939 2190; x_wconf 87' lang='lat' dir='ltr'>compa-</span> 
     </span>
     <span class='ocr_line' id='line_1_85' title="bbox 1186 2196 1937 2244; baseline -0.003 -10"><span class='ocrx_word' id='word_1_459' title='bbox 1186 2202 1297 2241; x_wconf 89' lang='lat' dir='ltr'>randa,</span> <span class='ocrx_word' id='word_1_460' title='bbox 1312 2212 1348 2234; x_wconf 80' lang='lat' dir='ltr'>ex</span> <span class='ocrx_word' id='word_1_461' title='bbox 1364 2212 1461 2241; x_wconf 85' lang='lat' dir='ltr'>nunc,</span> <span class='ocrx_word' id='word_1_462' title='bbox 1475 2206 1571 2244; x_wconf 88' lang='lat' dir='ltr'>prout</span> <span class='ocrx_word' id='word_1_463' title='bbox 1587 2212 1623 2233; x_wconf 81' lang='lat' dir='ltr'>ex</span> <span class='ocrx_word' id='word_1_464' title='bbox 1639 2205 1716 2233; x_wconf 90' lang='lat' dir='ltr'>tunc</span> <span class='ocrx_word' id='word_1_465' title='bbox 1737 2204 1766 2232; x_wconf 88' lang='lat' dir='ltr'>et</span> <span class='ocrx_word' id='word_1_466' title='bbox 1778 2210 1794 2232; x_wconf 91' lang='lat' dir='ltr'>e</span> <span class='ocrx_word' id='word_1_467' title='bbox 1806 2196 1937 2240; x_wconf 80' lang='lat' dir='ltr'>contra,</span> 
     </span>
     <span class='ocr_line' id='line_1_86' title="bbox 1186 2253 1938 2299; baseline -0.003 -12"><span class='ocrx_word' id='word_1_468' title='bbox 1186 2261 1344 2299; x_wconf 82' lang='lat' dir='ltr'>perpetuo</span> <span class='ocrx_word' id='word_1_469' title='bbox 1366 2255 1495 2288; x_wconf 78' lang='lat' dir='ltr'>unimus</span> <span class='ocrx_word' id='word_1_470' title='bbox 1516 2260 1543 2287; x_wconf 90' lang='lat' dir='ltr'>et</span> <span class='ocrx_word' id='word_1_471' title='bbox 1566 2254 1768 2286; x_wconf 87' lang='lat' dir='ltr'>annectimus</span> <span class='ocrx_word' id='word_1_472' title='bbox 1788 2258 1818 2286; x_wconf 86' lang='lat' dir='ltr'>et</span> <span class='ocrx_word' id='word_1_473' title='bbox 1833 2253 1938 2286; x_wconf 89' lang='lat' dir='ltr'>incor-</span> 
     </span>
     <span class='ocr_line' id='line_1_87' title="bbox 1187 2306 1938 2352; baseline -0.001 -12"><span class='ocrx_word' id='word_1_474' title='bbox 1187 2320 1350 2352; x_wconf 86' lang='lat' dir='ltr'>poramus.</span> <span class='ocrx_word' id='word_1_475' title='bbox 1374 2309 1418 2341; x_wconf 87' lang='lat' dir='ltr'>Ita</span> <span class='ocrx_word' id='word_1_476' title='bbox 1443 2314 1477 2341; x_wconf 87' lang='lat' dir='ltr'>ut</span> <span class='ocrx_word' id='word_1_477' title='bbox 1497 2307 1632 2351; x_wconf 84' lang='lat' dir='ltr'>quisque</span> <span class='ocrx_word' id='word_1_478' title='bbox 1665 2312 1855 2347; x_wconf 84' lang='lat' dir='ltr'>summator,</span> <span class='ocrx_word' id='word_1_479' title='bbox 1882 2306 1938 2350; x_wconf 89' lang='lat' dir='ltr'>qui</span> 
     </span>
     <span class='ocr_line' id='line_1_88' title="bbox 1186 2360 1934 2406; baseline -0.004 -11"><span class='ocrx_word' id='word_1_480' title='bbox 1186 2374 1245 2406; x_wconf 92' lang='lat' dir='ltr'>pro</span> <span class='ocrx_word' id='word_1_481' title='bbox 1271 2368 1417 2406; x_wconf 79' lang='lat' dir='ltr'>tempore</span> <span class='ocrx_word' id='word_1_482' title='bbox 1438 2362 1551 2401; x_wconf 80' lang='lat' dir='ltr'>fucrit,</span> <span class='ocrx_word' id='word_1_483' title='bbox 1586 2361 1695 2394; x_wconf 89' lang='lat' dir='ltr'>itidem</span> <span class='ocrx_word' id='word_1_484' title='bbox 1731 2360 1934 2400; x_wconf 85' lang='lat' dir='ltr'>secretarius,</span> 
     </span>
     <span class='ocr_line' id='line_1_89' title="bbox 1186 2413 1939 2460; baseline -0.004 -12"><span class='ocrx_word' id='word_1_485' title='bbox 1186 2416 1383 2460; x_wconf 83' lang='lat' dir='ltr'>praesidens,</span> <span class='ocrx_word' id='word_1_486' title='bbox 1407 2415 1625 2459; x_wconf 87' lang='lat' dir='ltr'>portionarius</span> <span class='ocrx_word' id='word_1_487' title='bbox 1649 2419 1679 2447; x_wconf 88' lang='lat' dir='ltr'>et</span> <span class='ocrx_word' id='word_1_488' title='bbox 1699 2414 1845 2447; x_wconf 89' lang='lat' dir='ltr'>omnium</span> <span class='ocrx_word' id='word_1_489' title='bbox 1861 2413 1939 2446; x_wconf 89' lang='lat' dir='ltr'>alio-</span> 
     </span>
     <span class='ocr_line' id='line_1_90' title="bbox 1187 2462 1937 2498; baseline -0.003 -1"><span class='ocrx_word' id='word_1_490' title='bbox 1187 2476 1259 2497; x_wconf 88' lang='lat' dir='ltr'>rum</span> <span class='ocrx_word' id='word_1_491' title='bbox 1281 2466 1465 2498; x_wconf 86' lang='lat' dir='ltr'>futurorum</span> <span class='ocrx_word' id='word_1_492' title='bbox 1487 2465 1672 2497; x_wconf 81' lang='lat' dir='ltr'>officiorum</span> <span class='ocrx_word' id='word_1_493' title='bbox 1693 2462 1881 2496; x_wconf 88' lang='lat' dir='ltr'>huiusmodi</span> <span class='ocrx_word' id='word_1_494' title='bbox 1903 2463 1937 2495; x_wconf 89' lang='lat' dir='ltr'>ti-</span> 
     </span>
     <span class='ocr_line' id='line_1_91' title="bbox 1187 2512 1939 2557; baseline -0.004 -10"><span class='ocrx_word' id='word_1_495' title='bbox 1187 2515 1324 2547; x_wconf 89' lang='lat' dir='ltr'>tularius</span> <span class='ocrx_word' id='word_1_496' title='bbox 1345 2515 1464 2555; x_wconf 78' lang='lat' dir='ltr'>existat,</span> <span class='ocrx_word' id='word_1_497' title='bbox 1482 2514 1679 2557; x_wconf 87' lang='lat' dir='ltr'>illorumque</span> <span class='ocrx_word' id='word_1_498' title='bbox 1697 2512 1843 2546; x_wconf 88' lang='lat' dir='ltr'>omnium</span> <span class='ocrx_word' id='word_1_499' title='bbox 1869 2522 1939 2544; x_wconf 87' lang='lat' dir='ltr'>cor-</span> 
     </span>
     <span class='ocr_line' id='line_1_92' title="bbox 1187 2560 1937 2608; baseline -0.005 -12"><span class='ocrx_word' id='word_1_500' title='bbox 1187 2565 1331 2607; x_wconf 72' lang='lat' dir='ltr'>poralem</span> <span class='ocrx_word' id='word_1_501' title='bbox 1354 2564 1586 2608; x_wconf 85' lang='lat' dir='ltr'>possessionem</span> <span class='ocrx_word' id='word_1_502' title='bbox 1613 2573 1673 2607; x_wconf 90' lang='lat' dir='ltr'>per</span> <span class='ocrx_word' id='word_1_503' title='bbox 1704 2573 1736 2595; x_wconf 91' lang='lat' dir='ltr'>se</span> <span class='ocrx_word' id='word_1_504' title='bbox 1765 2562 1813 2594; x_wconf 81' lang='lat' dir='ltr'>vel</span> <span class='ocrx_word' id='word_1_505' title='bbox 1838 2560 1937 2593; x_wconf 88' lang='lat' dir='ltr'>alium</span> 
     </span>
     <span class='ocr_line' id='line_1_93' title="bbox 1186 2611 1936 2656; baseline -0.001 -12"><span class='ocrx_word' id='word_1_506' title='bbox 1186 2623 1242 2645; x_wconf 77' lang='lat' dir='ltr'>seu</span> <span class='ocrx_word' id='word_1_507' title='bbox 1263 2613 1354 2652; x_wconf 79' lang='lat' dir='ltr'>alios⁷</span> <span class='ocrx_word' id='word_1_508' title='bbox 1377 2612 1509 2656; x_wconf 83' lang='lat' dir='ltr'>propria</span> <span class='ocrx_word' id='word_1_509' title='bbox 1529 2612 1730 2652; x_wconf 84' lang='lat' dir='ltr'>auctoritate,</span> <span class='ocrx_word' id='word_1_510' title='bbox 1752 2611 1853 2644; x_wconf 88' lang='lat' dir='ltr'>libere</span> <span class='ocrx_word' id='word_1_511' title='bbox 1879 2620 1936 2654; x_wconf 92' lang='lat' dir='ltr'>ap-</span> 
     </span>
     <span class='ocr_line' id='line_1_94' title="bbox 1186 2661 1518 2705; baseline -0.003 -11"><span class='ocrx_word' id='word_1_512' title='bbox 1186 2661 1386 2705; x_wconf 88' lang='lat' dir='ltr'>prchendere</span> <span class='ocrx_word' id='word_1_513' title='bbox 1406 2661 1518 2694; x_wconf 69' lang='lat' dir='ltr'>valeat.</span> 
     </span>
    </p>
   </div>
   <div class='ocr_carea' id='block_1_8' title="bbox 2224 296 2237 675">
    <p class='ocr_par' dir='ltr' id='par_1_15' title="bbox 2224 296 2237 675">
     <span class='ocr_line' id='line_1_95' title="bbox 2224 296 2237 675; textangle 90"><span class='ocrx_word' id='word_1_514' title='bbox 2226 511 2237 675; x_wconf 32' lang='lat' dir='ltr'>..pn-*1⁴:22³</span> <span class='ocrx_word' id='word_1_515' title='bbox 2224 359 2237 495; x_wconf 38' lang='lat' dir='ltr'>afar-222„</span> <span class='ocrx_word' id='word_1_516' title='bbox 2228 332 2234 343; x_wconf 78' lang='lat'>-·</span> <span class='ocrx_word' id='word_1_517' title='bbox 2226 296 2235 315; x_wconf 37' lang='grc' dir='ltr'>-Α</span> 
     </span>
    </p>
   </div>
   <div class='ocr_carea' id='block_1_9' title="bbox 2226 1519 2237 1806">
    <p class='ocr_par' dir='ltr' id='par_1_16' title="bbox 2226 1519 2237 1806">
     <span class='ocr_line' id='line_1_96' title="bbox 2226 1519 2237 1806; textangle 90"><span class='ocrx_word' id='word_1_518' title='bbox 2231 1803 2234 1806; x_wconf 39' lang='grc' dir='ltr'><strong>Δ</strong></span> <span class='ocrx_word' id='word_1_519' title='bbox 2226 1686 2237 1765; x_wconf 41' lang='grc' dir='ltr'>;ιΑ-.’ὴ&gt;</span> <span class='ocrx_word' id='word_1_520' title='bbox 2228 1651 2237 1673; x_wconf 58' lang='grc' dir='ltr'><strong>Α</strong></span> <span class='ocrx_word' id='word_1_521' title='bbox 2229 1519 2237 1632; x_wconf 47' lang='grc' dir='ltr'>.“Ᾰ.ο;..</span> 
     </span>
    </p>
   </div>
   <div class='ocr_carea' id='block_1_10' title="bbox 2224 2663 2237 2982">
    <p class='ocr_par' dir='ltr' id='par_1_17' title="bbox 2224 2663 2237 2982">
     <span class='ocr_line' id='line_1_97' title="bbox 2224 2663 2237 2982; textangle 90"><span class='ocrx_word' id='word_1_522' title='bbox 2234 2972 2237 2982; x_wconf 29' lang='lat' dir='ltr'>„A</span> <span class='ocrx_word' id='word_1_523' title='bbox 2224 2862 2237 2952; x_wconf 41' lang='grc' dir='ltr'>,Δῌ</span> <span class='ocrx_word' id='word_1_524' title='bbox 2225 2704 2237 2846; x_wconf 36' lang='lat' dir='ltr'>„miv-&lt;⁴24</span> <span class='ocrx_word' id='word_1_525' title='bbox 2236 2663 2237 2668; x_wconf 33' lang='grc' dir='ltr'><em>Α</em></span> 
     </span>
    </p>
   </div>
  </div>
 </body>
</html>
