2237 3100
65 297 116 325 An.
132 297 162 326 C.
180 298 246 327 1561

82 1049 108 1071 Bt
122 1048 200 1071 deindo
216 1054 241 1070 e-

57 1082 151 1109 piscopis
167 1080 242 1102 etaltis

936 297 1004 321 PIUS
1028 297 1057 320 IV
1081 297 1128 320 PP.

262 348 425 389 latricum,
448 347 664 382 saecularium
676 354 708 382 et
722 349 934 391 regularium,
952 360 1017 383 non

262 407 369 436 tamen
390 407 518 436 sanctae
538 402 701 436 Romanae
724 402 886 436 Ecclesiae
912 403 1016 436 cardi-

261 455 385 489 nalium
405 460 458 488 aut
488 455 628 488 aliorum
658 456 717 489 sub
745 456 947 489 concordatis
967 457 1016 489 in-

260 513 310 542 ter
338 509 453 542 Sedcm
484 509 700 552 Apostolicam
729 515 757 542 et
792 520 1016 554 quoscumque

260 563 340 596 alios
359 562 445 595 initis
462 568 493 595 et
513 573 571 606 per
591 573 664 603 eos,
697 563 752 606 qui
772 563 826 596 illa
847 568 1015 607 acceptare

260 621 291 650 et
309 612 479 650 observare
504 616 692 656 debuerant,
714 616 886 661 acceptatis
907 622 935 649 et
957 617 1014 650 ob-

259 669 401 710 servatis,
424 681 506 713 quae
527 671 654 704 laedere
671 681 736 704 non
753 671 1011 711 intendebamus,

259 723 588 767 comprehensorum,
632 724 875 768 quomodolibet
914 724 1013 768 perti-

257 777 366 811 nentia
386 782 515 810 nostrae
543 777 756 821 dispositioni,
780 788 838 821 per
857 778 1012 811 constitu-

258 831 378 864 tionem
395 837 538 864 nostram
555 831 694 876 desuper
709 831 827 865 editam
843 837 871 865 et
889 831 921 863 in
936 830 1014 864 Can-

257 884 389 918 cellaria
422 885 606 929 Apostolica
637 885 848 930 publicatam,
869 895 1011 918 reserva-

257 948 330 972 mus
350 937 376 970 1.

300 991 315 1034 ἓ
339 991 370 1024 ⁶2.
405 991 443 1024 Et
469 991 583 1025 deinde
609 1002 669 1036 per
693 991 839 1025 eamdem
861 990 1013 1024 constitu-

254 1044 376 1079 tionem
393 1046 630 1080 vencrabilibus
645 1044 798 1078 fratribus
812 1045 929 1078 nostris
946 1045 1011 1089 epi-

57 1112 111 1136 nnuu
127 1116 244 1133 eorumeo-
256 1099 374 1143 scopis,
388 1099 640 1144 archiepiscopis
656 1105 685 1132 et
701 1097 902 1142 patriarchis,
923 1099 1009 1143 apud

57 1142 134 1164 elesius
142 1143 243 1164 residen-

57 1173 240 1195 u„„ss,cu1fflem
257 1163 330 1185 suas
364 1152 515 1186 ecclesias
545 1163 600 1186 seu
629 1152 662 1184 in
697 1152 827 1184 illarum
857 1151 1011 1186 dioecesi-

58 1205 182 1232 disponendi
215 1206 240 1226 de

56 1235 165 1258 beneflciis
197 1243 240 1257 non

55 1267 170 1288 reservatis
203 1273 241 1287 va-

55 1298 158 1325 cuntibus,
168 1302 189 1320 ut
196 1299 239 1325 hic;

255 1205 316 1239 bus
336 1217 395 1251 pro
419 1211 566 1250 tempore
593 1205 821 1245 residentibus,
835 1204 1009 1248 gratificari

254 1259 407 1300 volentes,
426 1259 546 1293 eisdem
562 1258 734 1303 episcopis,
757 1259 1010 1304 archiepiscopis

255 1318 286 1346 et
318 1312 509 1356 patriarchis
544 1313 644 1356 quod,
675 1312 946 1357 quotiescumque
979 1319 1009 1347 et

253 1366 527 1410 quandocumque
569 1367 655 1410 apud
694 1377 808 1400 eorum
856 1368 1009 1402 ecclesias

252 1429 308 1452 seu
327 1419 361 1452 in
377 1429 490 1453 earum
508 1419 711 1454 dioecesibus
722 1420 901 1454 residerent
916 1422 1009 1455 dum-

250 1476 346 1514 taxat,
368 1472 407 1506 de
427 1473 591 1517 quibusvis
612 1474 833 1518 dignitatibus,
856 1486 1008 1519 persona-

250 1525 348 1567 tibus,
370 1527 720 1569 administrationibus,
752 1529 883 1571 officiis,
907 1541 1006 1564 cano-

248 1579 410 1614 nicatibus
431 1586 461 1614 et
475 1582 669 1625 praebendis
693 1593 729 1615 ac
750 1583 820 1616 aliis
840 1583 1006 1618 beneficiis

249 1634 493 1676 ecclesiasticis,
529 1646 604 1669 cum
639 1648 717 1669 cura
752 1642 783 1670 et
811 1637 878 1671 sine
912 1650 1002 1681 cura,

248 1688 469 1722 saecularibus
496 1699 533 1722 ac
561 1690 750 1733 quorumvis
775 1690 930 1724 Ordinum
953 1704 1004 1725 re-

248 1741 428 1784 gularibus,
450 1742 489 1775 ad
509 1753 624 1776 eorum
645 1744 869 1786 collationem,
900 1746 1004 1789 provi-

247 1795 365 1836 siones,
384 1797 689 1840 praesentationem,
728 1799 920 1832 electionem
947 1811 1003 1833 seu

247 1845 392 1889 quamvis
412 1846 507 1879 aliam
539 1847 783 1891 dispositionem
816 1849 1004 1893 pertinenti-

246 1895 319 1937 bus,
342 1906 425 1939 quae
446 1895 479 1928 in
497 1901 591 1929 antea
611 1896 643 1928 in
668 1896 802 1940 singulis
828 1898 1000 1941 februarii,

247 1944 368 1989 aprilis,
391 1945 484 1987 iunii,
507 1946 648 1989 augusti,
669 1947 810 1980 octobris
826 1954 856 1981 et
872 1949 1001 1983 decem-

245 1993 312 2028 bris
332 1995 498 2028 mensibus
524 2006 637 2029 vacare
666 1997 879 2040 contingeret,
912 1999 1002 2033 dum-

245 2044 341 2077 modo
367 2044 445 2077 alias
465 2045 668 2090 dispositioni
688 2047 882 2090 apostolicae
902 2059 1001 2091 gene-

244 2094 356 2128 raliter
374 2099 546 2134 reservata,
573 2096 620 2128 vel
653 2106 690 2129 ex
723 2097 866 2139 generali
899 2108 1002 2132 reser-

243 2143 371 2177 vatione
404 2144 580 2187 apostolica
621 2145 735 2178 affecta
768 2156 833 2178 non
873 2154 997 2190 essent,

244 2192 341 2227 etiam
376 2192 401 2225 si
426 2193 719 2236 praesentationes,
761 2195 999 2232 nominationes

241 2243 290 2276 vel
310 2240 484 2275 electiones
500 2252 626 2283 eorum,
645 2254 729 2286 qnae
754 2245 857 2278 salvae
882 2257 998 2290 proce-

241 2292 317 2326 dere
337 2291 590 2332 consuevissent,
619 2294 834 2327 reservatione
854 2298 997 2340 praefata

239 2352 306 2375 non
339 2341 501 2381 obstante,
538 2352 635 2385 quarn
669 2343 777 2386 quoad
806 2355 860 2377 eos
886 2346 995 2382 locum

239 2391 360 2425 habere
389 2391 572 2431 noluimus,
602 2391 704 2426 libere
733 2393 926 2438 disponendi
951 2398 996 2432 fa-

240 2441 392 2474 cultatem
414 2440 646 2474 concessimus.

283 2489 348 2533 53.
379 2490 417 2523 Et
442 2489 621 2523 successive
649 2490 779 2524 eosdem
806 2492 991 2540 episcopos,

238 2539 502 2583 archiepiscopos
539 2544 569 2572 et
603 2539 820 2584 patriarchas,
847 2548 883 2576 ut
908 2545 994 2580 circa

237 2598 367 2631 gregem
395 2588 456 2621 sibi
484 2587 693 2622 commissum
719 2589 893 2626 ferventius
912 2593 992 2627 invi-

237 2636 386 2681 gilarent,
408 2642 444 2671 ut
467 2637 623 2682 quamdiu
650 2637 710 2683 ipsi
735 2641 822 2685 apud
842 2652 915 2677 suas
941 2654 992 2679 ec-

274 2700 286 2728 i
302 2700 511 2738 Reservaoimus,
525 2700 642 2731 Cherub.
660 2701 697 2740 (a.
719 2702 768 2739 r).

1707 288 1767 323 111

1061 348 1173 382 clesias
1204 359 1260 382 seu
1292 348 1323 381 in
1358 349 1487 382 illarum
1513 349 1716 383 dioecesibus
1752 351 1813 384 hu-

1060 401 1198 435 iusmodi
1225 401 1421 442 residerent,
1452 403 1492 435 ab
1522 403 1673 436 omnihus
1693 409 1724 437 et
1752 404 1814 438 sin-

1059 455 1143 498 gulis
1163 455 1306 495 decimis,
1334 455 1484 488 subsidiis
1504 461 1533 488 et
1554 456 1623 489 aliis
1644 457 1811 500 oneribus,

1059 509 1230 543 ordinariis
1251 514 1281 542 ct
1303 509 1582 549 extraordinariis,
1605 511 1813 553 quomodoli-

1058 563 1109 595 bet
1139 563 1353 607 nuncupatis,
1385 574 1443 607 per
1462 574 1520 596 nos
1549 569 1577 596 et
1610 575 1813 599 successores

1058 622 1184 650 nostros
1204 617 1367 650 Romanos
1386 617 1558 651 Pontifices
1583 628 1642 661 pro
1666 623 1813 663 tempore

1058 669 1226 703 existentes
1252 682 1289 704 ac
1314 670 1429 704 Sedem
1455 670 1685 714 Apostolicam,
1717 672 1812 705 etiam

1058 729 1147 756 motu
1159 724 1291 768 proprio
1302 729 1333 757 et
1353 736 1389 758 ex
1410 730 1499 758 certa
1514 725 1647 758 scientia
1662 736 1699 759 ac
1716 726 1812 760 etiam

1056 777 1338 818 consistorialiter,
1369 779 1465 811 etiam
1486 778 1526 811 ad
1555 778 1739 812 instantiam
1760 791 1811 813 re-

1055 840 1131 871 gum
1154 835 1183 863 et
1204 831 1411 874 principum,
1445 832 1690 876 quomodolibet
1715 838 1745 866 et
1774 844 1811 867 ex

1055 883 1178 926 quavis,
1215 884 1310 917 etiam
1345 885 1550 928 quantumvis
1571 886 1808 929 urgentissima,

1055 936 1227 970 iustissima
1262 949 1298 971 ac
1333 941 1385 982 pia
1406 944 1437 972 et
1468 940 1662 980 necessaria,
1699 951 1807 982 causa,

1054 989 1150 1023 etiam
1172 1002 1230 1034 pro
1252 992 1437 1025 defensione
1457 993 1532 1026 sidei
1548 993 1736 1033 catholicae,
1758 1006 1809 1028 ra-

1054 1043 1140 1076 tione
1171 1044 1330 1078 dictarum
1361 1046 1573 1079 ecclesiarum
1594 1052 1671 1080 tunc
1695 1054 1725 1081 et
1750 1059 1808 1092 pro

1054 1102 1199 1140 tempore
1221 1098 1392 1143 impositis,
1416 1099 1614 1143 illorumque
1635 1101 1807 1142 solutione,

1054 1161 1112 1194 per
1131 1151 1209 1185 alias
1229 1158 1354 1185 nostras
1382 1153 1490 1186 literas
1517 1153 1695 1188 exemimus
1719 1161 1749 1188 et
1773 1155 1809 1188 li-

1051 1204 1244 1239 beravimus.
1414 1243 1418 1246 Δ

1096 1258 1161 1301 §le
1192 1259 1239 1291 Ad
1268 1260 1396 1293 labores
1425 1265 1455 1293 et
1484 1260 1648 1304 impensas
1675 1272 1805 1304 graves,

1052 1321 1132 1355 quas
1156 1312 1289 1355 praefati
1316 1313 1419 1346 etalii
1449 1313 1592 1357 episcopi
1620 1319 1649 1347 et
1669 1315 1806 1359 patriar-

1052 1364 1144 1405 chae,
1167 1376 1257 1399 sacro
1278 1365 1490 1400 oecumenico
1511 1372 1538 1400 et
1560 1367 1702 1410 generali
1728 1378 1805 1401 con-

1051 1417 1124 1450 cilio
1158 1417 1191 1450 in
1221 1418 1346 1451 civitate
1377 1419 1562 1452 Tridentina
1596 1419 1716 1454 indicto
1746 1431 1805 1465 pro

1050 1477 1195 1515 tempore
1205 1473 1443 1514 interessentes,
1459 1474 1618 1507 sustinere
1634 1480 1802 1518 cogentur,

1049 1525 1193 1559 debitum
1229 1532 1411 1571 respectum
1440 1528 1607 1569 habentes,
1637 1539 1676 1561 ac
1695 1528 1804 1563 animo

1049 1581 1256 1621 revolventes,
1274 1582 1418 1615 cosinibi
1437 1582 1614 1616 residentes
1631 1583 1803 1617 universali

1047 1633 1210 1667 Ecclesiae
1226 1635 1397 1676 deservire,
1424 1642 1453 1669 et
1479 1647 1553 1669 cum
1575 1647 1672 1670 causa
1691 1637 1802 1682 reipu-

1047 1687 1150 1720 blicae
1185 1688 1377 1723 christianae
1417 1690 1520 1723 absint
1560 1690 1600 1723 ab
1634 1691 1800 1732 ecclesiis,

1047 1740 1167 1782 quibus
1187 1749 1342 1785 praesunt
1361 1743 1463 1776 autin
1479 1744 1599 1788 quibus
1618 1745 1800 1779 beneficiati

1047 1793 1204 1835 existunt,
1230 1802 1416 1840 praesentes
1437 1803 1464 1830 et
1487 1798 1665 1832 residentes
1684 1799 1800 1833 merito

1045 1848 1189 1890 reputari
1213 1849 1348 1891 debere,
1380 1856 1469 1884 motu
1498 1853 1649 1896 proprio,
1676 1863 1742 1886 non
1761 1854 1800 1886 ad

1045 1902 1234 1935 eorumdem
1260 1905 1507 1950 episcoporum,
1536 1907 1799 1951 archiepiscopo-

1045 1967 1130 1997 rum,
1154 1959 1435 2002 patriarcharum,
1468 1961 1633 2001 abbatum,
1666 1973 1800 2005 gencra-

1044 2011 1124 2044 lium
1141 2011 1297 2046 Ordinum
1314 2019 1562 2058 ceterorumque
1579 2016 1798 2059 praefatorum

1043 2068 1091 2100 vel
1111 2067 1300 2112 quorumvis
1329 2068 1468 2101 aliorum
1489 2080 1548 2112 pro
1568 2070 1614 2103 eis
1634 2070 1726 2104 nobis
1746 2082 1798 2104 su-

1043 2132 1101 2165 per
1120 2122 1182 2155 hoc
1198 2122 1323 2155 oblatae
1340 2122 1503 2166 petitionis
1523 2123 1720 2165 instantiam,
1742 2126 1798 2159 sed

1042 2175 1080 2208 de
1115 2181 1224 2209 nostra
1253 2187 1342 2210 mera
1371 2177 1562 2211 liberalitate
1592 2183 1622 2212 et
1646 2189 1681 2211 ex
1709 2185 1794 2213 certa

1042 2229 1184 2269 scientia,
1205 2230 1373 2274 praefatis,
1407 2231 1462 2274 qui
1491 2232 1577 2274 apud
1598 2243 1671 2265 suas
1691 2233 1795 2267 eccle-

1042 2283 1103 2316 sias
1123 2295 1179 2317 seu
1200 2285 1233 2317 in
1256 2295 1367 2318 earum
1390 2285 1592 2319 dioecesibus
1612 2286 1796 2321 residebant

1040 2348 1076 2371 ac
1106 2339 1291 2371 alternativa
1324 2338 1511 2372 huiusmodi
1543 2340 1738 2382 gaudebant,
1762 2342 1792 2374 in

1039 2392 1124 2425 dicto
1145 2392 1299 2433 concilio,
1331 2393 1487 2436 quamdiu
1516 2393 1597 2426 illud
1616 2394 1793 2436 duraverit,

1038 2446 1209 2479 residendo
1238 2452 1267 2480 et
1297 2447 1375 2479 inibi
1407 2447 1638 2489 interessendo,
1665 2459 1793 2483 necnon

1038 2501 1070 2533 in
1092 2500 1205 2534 itinere
1226 2501 1264 2533 ad
1282 2501 1362 2534 illud
1379 2502 1576 2542 accedendo,
1595 2508 1623 2535 et
1646 2502 1731 2544 inde,
1750 2504 1794 2537 le-

1037 2554 1148 2597 gitima
1168 2554 1360 2588 subsistente
1382 2566 1489 2596 causa,
1513 2557 1694 2591 recedendo
1714 2558 1793 2591 etad

1037 2608 1189 2641 ecclesias
1236 2619 1309 2642 suas
1340 2609 1524 2650 redeundo,
1546 2611 1734 2644 alternativa
1763 2617 1793 2645 et

1071 2672 1083 2698 1
1106 2671 1212 2699 Eisdem
1231 2673 1364 2700 concessit
1386 2677 1414 2700 ut
1439 2681 1520 2709 supra
1541 2674 1566 2700 in
1585 2674 1722 2701 constitut.
1742 2681 1790 2707 xit,

1036 2718 1096 2748 pag.
1118 2711 1161 2739 55.

1832 298 1881 325 Αη.
1899 299 1928 326 C.
1949 298 2013 326 ¹56¹

1848 359 2016 388 Exemptionem-

1829 397 1869 418 que
1886 398 1896 412 a
1908 393 2015 414 solutione

1830 425 1928 445 decimat.
1941 428 1978 444 etc.
1996 424 2014 450 lg

1851 1271 1875 1291 Et
1891 1272 1951 1292 modo
1971 1278 2010 1293 ea-

1824 1302 1870 1322 dem
1899 1303 2010 1330 privilegia

1824 1335 1922 1355 concedit
1949 1341 2009 1361 prae-

1822 1364 1870 1386 latis
1916 1366 2007 1388 concilio

1821 1395 1943 1417 Tridentino
1954 1398 2009 1418 inte-

1821 1428 1953 1448 ressentihus
1968 1435 2006 1455 pro

1822 1461 1916 1485 tempore
1928 1466 1967 1486 quo
1979 1460 2006 1481 ibi

1821 1492 1941 1512 resederint
1972 1495 2007 1513 aut

1820 1523 1840 1542 iu
1865 1523 1942 1544 itinere
1964 1523 2007 1545 sue-

1821 1555 1869 1580 rint;
