<?xml version="1.0" encoding="UTF-8"?>
<!DOCTYPE html PUBLIC "-//W3C//DTD XHTML 1.0 Transitional//EN"
    "http://www.w3.org/TR/xhtml1/DTD/xhtml1-transitional.dtd">
<html xmlns="http://www.w3.org/1999/xhtml" xml:lang="en" lang="en">
 <head>
  <title>
</title>
<meta http-equiv="Content-Type" content="text/html;charset=utf-8" />
  <meta name='ocr-system' content='tesseract 3.04.00' />
  <meta name='ocr-capabilities' content='ocr_page ocr_carea ocr_par ocr_line ocrx_word'/>
</head>
<body>
  <div class='ocr_page' id='page_1' title='image "./bullarumdiplomat07cath_0187.png"; bbox 0 0 2237 3100; ppageno 0'>
   <div class='ocr_carea' id='block_1_1' title="bbox 49 306 229 336">
    <p class='ocr_par' dir='ltr' id='par_1_1' title="bbox 49 306 229 336">
     <span class='ocr_line' id='line_1_1' title="bbox 49 306 229 336; baseline 0 -2"><span class='ocrx_word' id='word_1_1' title='bbox 49 306 99 334; x_wconf 72' lang='lat' dir='ltr'>Au.</span> <span class='ocrx_word' id='word_1_2' title='bbox 116 306 146 336; x_wconf 78' lang='lat' dir='ltr'>C.</span> <span class='ocrx_word' id='word_1_3' title='bbox 164 307 229 336; x_wconf 78' lang='grc'><strong>1861</strong></span> 
     </span>
    </p>
   </div>
   <div class='ocr_carea' id='block_1_2' title="bbox 239 368 996 1105">
    <p class='ocr_par' dir='ltr' id='par_1_2' title="bbox 243 368 996 626">
     <span class='ocr_line' id='line_1_2' title="bbox 245 368 996 413; baseline 0.001 -12"><span class='ocrx_word' id='word_1_4' title='bbox 245 369 363 412; x_wconf 88' lang='lat' dir='ltr'>quibus</span> <span class='ocrx_word' id='word_1_5' title='bbox 380 368 542 409; x_wconf 88' lang='lat' dir='ltr'>omnibus,</span> <span class='ocrx_word' id='word_1_6' title='bbox 552 369 681 402; x_wconf 87' lang='lat' dir='ltr'>illorum</span> <span class='ocrx_word' id='word_1_7' title='bbox 702 374 829 402; x_wconf 80' lang='lat' dir='ltr'>tenores</span> <span class='ocrx_word' id='word_1_8' title='bbox 845 380 996 413; x_wconf 76' lang='lat' dir='ltr'>praescn-</span> 
     </span>
     <span class='ocr_line' id='line_1_3' title="bbox 245 421 994 466; baseline 0 -12"><span class='ocrx_word' id='word_1_9' title='bbox 245 421 330 455; x_wconf 84' lang='lat' dir='ltr'>tibus</span> <span class='ocrx_word' id='word_1_10' title='bbox 349 433 408 466; x_wconf 88' lang='lat' dir='ltr'>pro</span> <span class='ocrx_word' id='word_1_11' title='bbox 429 421 627 455; x_wconf 83' lang='lat' dir='ltr'>sufficienter</span> <span class='ocrx_word' id='word_1_12' title='bbox 647 423 803 466; x_wconf 72' lang='lat' dir='ltr'>expressis</span> <span class='ocrx_word' id='word_1_13' title='bbox 828 423 994 463; x_wconf 82' lang='lat' dir='ltr'>habentes,</span> 
     </span>
     <span class='ocr_line' id='line_1_4' title="bbox 244 475 995 520; baseline 0.003 -13"><span class='ocrx_word' id='word_1_14' title='bbox 244 475 349 519; x_wconf 82' lang='lat' dir='ltr'>quoad</span> <span class='ocrx_word' id='word_1_15' title='bbox 376 475 564 519; x_wconf 86' lang='lat' dir='ltr'>praemissa,</span> <span class='ocrx_word' id='word_1_16' title='bbox 587 475 767 520; x_wconf 75' lang='lat' dir='ltr'>specialiter</span> <span class='ocrx_word' id='word_1_17' title='bbox 794 482 821 509; x_wconf 84' lang='lat' dir='ltr'>ct</span> <span class='ocrx_word' id='word_1_18' title='bbox 849 487 995 520; x_wconf 72' lang='lat' dir='ltr'>expresse</span> 
     </span>
     <span class='ocr_line' id='line_1_5' title="bbox 243 528 994 573; baseline 0.003 -12"><span class='ocrx_word' id='word_1_19' title='bbox 243 528 449 572; x_wconf 76' lang='lat' dir='ltr'>derogamus,</span> <span class='ocrx_word' id='word_1_20' title='bbox 472 529 651 573; x_wconf 71' lang='lat' dir='ltr'>ceterisque</span> <span class='ocrx_word' id='word_1_21' title='bbox 672 529 841 563; x_wconf 74' lang='lat' dir='ltr'>contrariis</span> <span class='ocrx_word' id='word_1_22' title='bbox 861 530 994 573; x_wconf 80' lang='lat' dir='ltr'>quibus-</span> 
     </span>
     <span class='ocr_line' id='line_1_6' title="bbox 244 592 396 626; baseline 0.007 -12"><span class='ocrx_word' id='word_1_23' title='bbox 244 592 396 626; x_wconf 76' lang='lat' dir='ltr'>cumque.</span> 
     </span>
    </p>

    <p class='ocr_par' dir='ltr' id='par_1_3' title="bbox 285 635 550 678">
     <span class='ocr_line' id='line_1_7' title="bbox 285 635 550 678; baseline 0.004 -11"><span class='ocrx_word' id='word_1_24' title='bbox 285 635 372 668; x_wconf 85' lang='lat' dir='ltr'>Nulli</span> <span class='ocrx_word' id='word_1_25' title='bbox 397 645 473 678; x_wconf 80' lang='lat' dir='ltr'>ergo</span> <span class='ocrx_word' id='word_1_26' title='bbox 493 640 550 668; x_wconf 82' lang='lat' dir='ltr'>etc.</span> 
     </span>
    </p>

    <p class='ocr_par' dir='ltr' id='par_1_4' title="bbox 242 689 995 839">
     <span class='ocr_line' id='line_1_8' title="bbox 285 689 991 733; baseline 0.001 -12"><span class='ocrx_word' id='word_1_27' title='bbox 285 689 399 722; x_wconf 88' lang='lat' dir='ltr'>Datum</span> <span class='ocrx_word' id='word_1_28' title='bbox 420 689 540 722; x_wconf 81' lang='lat' dir='ltr'>Romae</span> <span class='ocrx_word' id='word_1_29' title='bbox 561 689 647 733; x_wconf 86' lang='lat' dir='ltr'>apud</span> <span class='ocrx_word' id='word_1_30' title='bbox 667 689 820 723; x_wconf 84' lang='lat' dir='ltr'>Sanctum</span> <span class='ocrx_word' id='word_1_31' title='bbox 840 690 991 726; x_wconf 75' lang='lat' dir='ltr'>Petrum,</span> 
     </span>
     <span class='ocr_line' id='line_1_9' title="bbox 242 742 995 783; baseline 0 -8"><span class='ocrx_word' id='word_1_32' title='bbox 242 753 326 776; x_wconf 86' lang='grc'><strong>1111110</strong></span> <span class='ocrx_word' id='word_1_33' title='bbox 338 742 571 776; x_wconf 82' lang='lat' dir='ltr'>Incarnationis</span> <span class='ocrx_word' id='word_1_34' title='bbox 585 742 765 775; x_wconf 71' lang='lat' dir='ltr'>dominicae</span> <span class='ocrx_word' id='word_1_35' title='bbox 779 753 885 783; x_wconf 70' lang='lat' dir='ltr'>MDLXI,</span> <span class='ocrx_word' id='word_1_36' title='bbox 902 743 995 776; x_wconf 81' lang='lat' dir='ltr'>nonis</span> 
     </span>
     <span class='ocr_line' id='line_1_10' title="bbox 242 796 941 839; baseline 0.004 -12"><span class='ocrx_word' id='word_1_37' title='bbox 242 796 434 836; x_wconf 77' lang='lat' dir='ltr'>decembris,</span> <span class='ocrx_word' id='word_1_38' title='bbox 458 796 664 839; x_wconf 84' lang='lat' dir='ltr'>pontificatus</span> <span class='ocrx_word' id='word_1_39' title='bbox 684 797 783 829; x_wconf 89' lang='lat' dir='ltr'>nostri</span> <span class='ocrx_word' id='word_1_40' title='bbox 804 807 888 829; x_wconf 86' lang='lat' dir='ltr'>anno</span> <span class='ocrx_word' id='word_1_41' title='bbox 908 808 941 830; x_wconf 93' lang='grc'>11.</span> 
     </span>
    </p>

    <p class='ocr_par' dir='ltr' id='par_1_5' title="bbox 241 850 994 947">
     <span class='ocr_line' id='line_1_11' title="bbox 284 850 994 894; baseline 0.001 -11"><span class='ocrx_word' id='word_1_42' title='bbox 284 851 312 893; x_wconf 49' lang='lat'>*1⁴</span> <span class='ocrx_word' id='word_1_43' title='bbox 331 850 396 893; x_wconf 81' lang='lat' dir='ltr'>Ego</span> <span class='ocrx_word' id='word_1_44' title='bbox 408 850 493 890; x_wconf 76' lang='lat' dir='ltr'>Pirs,</span> <span class='ocrx_word' id='word_1_45' title='bbox 508 851 684 883; x_wconf 85' lang='lat' dir='ltr'>catholicae</span> <span class='ocrx_word' id='word_1_46' title='bbox 701 850 861 883; x_wconf 76' lang='lat' dir='ltr'>Ecclesiae</span> <span class='ocrx_word' id='word_1_47' title='bbox 874 851 994 894; x_wconf 80' lang='lat' dir='ltr'>episco-</span> 
     </span>
     <span class='ocr_line' id='line_1_12' title="bbox 241 914 312 947; baseline 0 -11"><span class='ocrx_word' id='word_1_48' title='bbox 241 914 312 947; x_wconf 85' lang='lat' dir='ltr'>pus.</span> 
     </span>
    </p>

    <p class='ocr_par' dir='ltr' id='par_1_6' title="bbox 239 957 993 1055">
     <span class='ocr_line' id='line_1_13' title="bbox 283 957 993 1002; baseline 0 -11"><span class='ocrx_word' id='word_1_49' title='bbox 283 957 468 1002; x_wconf 72' lang='lat' dir='ltr'>Sequuntur</span> <span class='ocrx_word' id='word_1_50' title='bbox 501 959 749 1002; x_wconf 64' lang='lat' dir='ltr'>subscrzptz&#39;ones</span> <span class='ocrx_word' id='word_1_51' title='bbox 773 958 993 991; x_wconf 71' lang='lat' dir='ltr'>cardinalium</span> 
     </span>
     <span class='ocr_line' id='line_1_14' title="bbox 239 1012 513 1055; baseline 0 -11"><span class='ocrx_word' id='word_1_52' title='bbox 239 1015 268 1044; x_wconf 79' lang='lat' dir='ltr'>et</span> <span class='ocrx_word' id='word_1_53' title='bbox 288 1012 466 1055; x_wconf 74' lang='lat' dir='ltr'>publicatio</span> <span class='ocrx_word' id='word_1_54' title='bbox 487 1012 513 1044; x_wconf 85' lang='lat'>¹.</span> 
     </span>
    </p>

    <p class='ocr_par' dir='ltr' id='par_1_7' title="bbox 300 1064 920 1105">
     <span class='ocr_line' id='line_1_15' title="bbox 300 1064 920 1105; baseline 0 -11"><span class='ocrx_word' id='word_1_55' title='bbox 300 1064 362 1094; x_wconf 85' lang='lat' dir='ltr'>Dat.</span> <span class='ocrx_word' id='word_1_56' title='bbox 381 1066 428 1095; x_wconf 88' lang='lat' dir='ltr'>die</span> <span class='ocrx_word' id='word_1_57' title='bbox 444 1066 462 1095; x_wconf 85' lang='lat'>5</span> <span class='ocrx_word' id='word_1_58' title='bbox 481 1066 544 1095; x_wconf 88' lang='lat' dir='ltr'>dec.</span> <span class='ocrx_word' id='word_1_59' title='bbox 570 1066 655 1103; x_wconf 73' lang='lat'>1551,</span> <span class='ocrx_word' id='word_1_60' title='bbox 671 1065 774 1105; x_wconf 84' lang='lat' dir='ltr'>pontis.</span> <span class='ocrx_word' id='word_1_61' title='bbox 797 1074 873 1094; x_wconf 85' lang='lat' dir='ltr'>anno</span> <span class='ocrx_word' id='word_1_62' title='bbox 891 1074 920 1094; x_wconf 89' lang='lat'>11.</span> 
     </span>
    </p>
   </div>
   <div class='ocr_carea' id='block_1_3' title="bbox 56 861 223 889">
    <p class='ocr_par' dir='ltr' id='par_1_8' title="bbox 56 861 223 889">
     <span class='ocr_line' id='line_1_16' title="bbox 56 861 223 889; baseline 0.006 -7"><span class='ocrx_word' id='word_1_63' title='bbox 56 861 125 889; x_wconf 75' lang='lat' dir='ltr'>Papae</span> <span class='ocrx_word' id='word_1_64' title='bbox 143 861 223 883; x_wconf 75' lang='lat' dir='ltr'>subscr,</span> 
     </span>
    </p>
   </div>
   <div class='ocr_carea' id='block_1_4' title="bbox 251 1149 971 1193">
    <p class='ocr_par' dir='ltr' id='par_1_9' title="bbox 251 1149 971 1193">
     <span class='ocr_line' id='line_1_17' title="bbox 251 1149 971 1193; baseline -0.001 -10"><span class='ocrx_word' id='word_1_65' title='bbox 251 1149 403 1193; x_wconf 76' lang='lat' dir='ltr'>Sequitur</span> <span class='ocrx_word' id='word_1_66' title='bbox 429 1150 571 1183; x_wconf 69' lang='lat' dir='ltr'>extensio</span> <span class='ocrx_word' id='word_1_67' title='bbox 591 1150 695 1184; x_wconf 76' lang='lat' dir='ltr'>dictae</span> <span class='ocrx_word' id='word_1_68' title='bbox 719 1150 971 1183; x_wconf 75' lang='lat' dir='ltr'>constitutionis.</span> 
     </span>
    </p>
   </div>
   <div class='ocr_carea' id='block_1_5' title="bbox 336 1221 910 1312">
    <p class='ocr_par' dir='ltr' id='par_1_10' title="bbox 336 1221 910 1312">
     <span class='ocr_line' id='line_1_18' title="bbox 336 1221 910 1257; baseline 0 -8"><span class='ocrx_word' id='word_1_69' title='bbox 336 1221 398 1249; x_wconf 84' lang='lat' dir='ltr'>Pius</span> <span class='ocrx_word' id='word_1_70' title='bbox 416 1222 557 1257; x_wconf 80' lang='lat' dir='ltr'>episcopus</span> <span class='ocrx_word' id='word_1_71' title='bbox 576 1228 672 1250; x_wconf 82' lang='lat' dir='ltr'>servus</span> <span class='ocrx_word' id='word_1_72' title='bbox 690 1228 829 1250; x_wconf 83' lang='lat' dir='ltr'>servorum</span> <span class='ocrx_word' id='word_1_73' title='bbox 849 1221 910 1254; x_wconf 84' lang='lat' dir='ltr'>Dei,</span> 
     </span>
     <span class='ocr_line' id='line_1_19' title="bbox 380 1275 844 1312; baseline -0.002 -8"><span class='ocrx_word' id='word_1_74' title='bbox 380 1276 414 1304; x_wconf 82' lang='lat' dir='ltr'>ad</span> <span class='ocrx_word' id='word_1_75' title='bbox 433 1277 596 1312; x_wconf 75' lang='lat' dir='ltr'>perpetuam</span> <span class='ocrx_word' id='word_1_76' title='bbox 614 1275 657 1304; x_wconf 77' lang='lat' dir='ltr'>rei</span> <span class='ocrx_word' id='word_1_77' title='bbox 673 1275 844 1304; x_wconf 74' lang='lat' dir='ltr'>memoriam.</span> 
     </span>
    </p>
   </div>
   <div class='ocr_carea' id='block_1_6' title="bbox 37 1337 991 2492">
    <p class='ocr_par' dir='ltr' id='par_1_11' title="bbox 235 1337 991 1652">
     <span class='ocr_line' id='line_1_20' title="bbox 280 1337 991 1382; baseline 0 -11"><span class='ocrx_word' id='word_1_78' title='bbox 280 1338 327 1371; x_wconf 89' lang='lat' dir='ltr'>Ad</span> <span class='ocrx_word' id='word_1_79' title='bbox 348 1338 528 1371; x_wconf 85' lang='lat' dir='ltr'>Romanum</span> <span class='ocrx_word' id='word_1_80' title='bbox 541 1342 662 1382; x_wconf 86' lang='lat' dir='ltr'>spectat</span> <span class='ocrx_word' id='word_1_81' title='bbox 671 1337 859 1371; x_wconf 86' lang='lat' dir='ltr'>Pontificem</span> <span class='ocrx_word' id='word_1_82' title='bbox 877 1348 933 1371; x_wconf 89' lang='lat' dir='ltr'>sua</span> <span class='ocrx_word' id='word_1_83' title='bbox 945 1349 991 1371; x_wconf 89' lang='lat' dir='ltr'>so-</span> 
     </span>
     <span class='ocr_line' id='line_1_21' title="bbox 237 1391 990 1436; baseline 0.003 -13"><span class='ocrx_word' id='word_1_84' title='bbox 237 1391 404 1425; x_wconf 87' lang='lat' dir='ltr'>licitudine</span> <span class='ocrx_word' id='word_1_85' title='bbox 430 1391 588 1425; x_wconf 85' lang='lat' dir='ltr'>indefessa</span> <span class='ocrx_word' id='word_1_86' title='bbox 619 1391 790 1435; x_wconf 73' lang='lat' dir='ltr'>diligenter</span> <span class='ocrx_word' id='word_1_87' title='bbox 823 1392 990 1436; x_wconf 76' lang='lat' dir='ltr'>providere</span> 
     </span>
     <span class='ocr_line' id='line_1_22' title="bbox 239 1445 989 1490; baseline 0.001 -12"><span class='ocrx_word' id='word_1_88' title='bbox 239 1450 272 1478; x_wconf 85' lang='grc'>111</span> <span class='ocrx_word' id='word_1_89' title='bbox 287 1456 336 1487; x_wconf 89' lang='lat' dir='ltr'>ea,</span> <span class='ocrx_word' id='word_1_90' title='bbox 350 1456 433 1490; x_wconf 89' lang='lat' dir='ltr'>quae</span> <span class='ocrx_word' id='word_1_91' title='bbox 452 1445 493 1478; x_wconf 90' lang='lat' dir='ltr'>ab</span> <span class='ocrx_word' id='word_1_92' title='bbox 505 1456 542 1478; x_wconf 90' lang='lat' dir='ltr'>eo</span> <span class='ocrx_word' id='word_1_93' title='bbox 554 1445 674 1479; x_wconf 86' lang='lat' dir='ltr'>sancita</span> <span class='ocrx_word' id='word_1_94' title='bbox 690 1451 775 1485; x_wconf 86' lang='lat' dir='ltr'>sunt,</span> <span class='ocrx_word' id='word_1_95' title='bbox 793 1445 835 1478; x_wconf 86' lang='lat' dir='ltr'>ita</span> <span class='ocrx_word' id='word_1_96' title='bbox 847 1457 922 1479; x_wconf 86' lang='lat' dir='ltr'>suae</span> <span class='ocrx_word' id='word_1_97' title='bbox 934 1447 989 1479; x_wconf 84' lang='lat' dir='ltr'>de-</span> 
     </span>
     <span class='ocr_line' id='line_1_23' title="bbox 237 1499 989 1544; baseline 0.003 -12"><span class='ocrx_word' id='word_1_98' title='bbox 237 1500 422 1533; x_wconf 84' lang='lat' dir='ltr'>clarationis</span> <span class='ocrx_word' id='word_1_99' title='bbox 440 1500 638 1533; x_wconf 87' lang='lat' dir='ltr'>adminiculo</span> <span class='ocrx_word' id='word_1_100' title='bbox 657 1499 885 1541; x_wconf 83' lang='lat' dir='ltr'>dilucidentur,</span> <span class='ocrx_word' id='word_1_101' title='bbox 903 1501 989 1544; x_wconf 89' lang='lat' dir='ltr'>quod</span> 
     </span>
     <span class='ocr_line' id='line_1_24' title="bbox 235 1554 987 1599; baseline 0.004 -14"><span class='ocrx_word' id='word_1_102' title='bbox 235 1554 325 1587; x_wconf 88' lang='lat' dir='ltr'>nulla</span> <span class='ocrx_word' id='word_1_103' title='bbox 346 1554 485 1598; x_wconf 81' lang='lat' dir='ltr'>desuper</span> <span class='ocrx_word' id='word_1_104' title='bbox 500 1554 668 1587; x_wconf 85' lang='lat' dir='ltr'>dubitandi</span> <span class='ocrx_word' id='word_1_105' title='bbox 689 1554 815 1588; x_wconf 81' lang='lat' dir='ltr'>occasio</span> <span class='ocrx_word' id='word_1_106' title='bbox 837 1555 987 1599; x_wconf 87' lang='lat' dir='ltr'>cuiqnam</span> 
     </span>
     <span class='ocr_line' id='line_1_25' title="bbox 235 1607 449 1652; baseline 0.009 -12"><span class='ocrx_word' id='word_1_107' title='bbox 235 1607 449 1652; x_wconf 81' lang='lat' dir='ltr'>relinquatur.</span> 
     </span>
    </p>

    <p class='ocr_par' dir='ltr' id='par_1_12' title="bbox 236 1662 989 1761">
     <span class='ocr_line' id='line_1_26' title="bbox 279 1662 989 1707; baseline 0.003 -12"><span class='ocrx_word' id='word_1_108' title='bbox 279 1662 294 1706; x_wconf 56' lang='grc' dir='ltr'>ᾗ</span> <span class='ocrx_word' id='word_1_109' title='bbox 320 1663 352 1696; x_wconf 78' lang='lat' dir='ltr'>t.</span> <span class='ocrx_word' id='word_1_110' title='bbox 381 1663 463 1696; x_wconf 87' lang='lat' dir='ltr'>Dum</span> <span class='ocrx_word' id='word_1_111' title='bbox 488 1662 595 1707; x_wconf 84' lang='lat' dir='ltr'>itaque</span> <span class='ocrx_word' id='word_1_112' title='bbox 620 1673 679 1696; x_wconf 91' lang='lat' dir='ltr'>nos</span> <span class='ocrx_word' id='word_1_113' title='bbox 703 1673 809 1706; x_wconf 85' lang='lat' dir='ltr'>nuper</span> <span class='ocrx_word' id='word_1_114' title='bbox 833 1675 869 1696; x_wconf 85' lang='lat' dir='ltr'>ex</span> <span class='ocrx_word' id='word_1_115' title='bbox 895 1665 989 1697; x_wconf 87' lang='lat' dir='ltr'>certis</span> 
     </span>
     <span class='ocr_line' id='line_1_27' title="bbox 236 1716 735 1761; baseline 0.002 -13"><span class='ocrx_word' id='word_1_116' title='bbox 236 1720 312 1749; x_wconf 88' lang='lat' dir='ltr'>tunc</span> <span class='ocrx_word' id='word_1_117' title='bbox 332 1716 490 1761; x_wconf 77' lang='lat' dir='ltr'>expressis</span> <span class='ocrx_word' id='word_1_118' title='bbox 509 1716 615 1750; x_wconf 85' lang='lat' dir='ltr'>causis</span> <span class='ocrx_word' id='word_1_119' title='bbox 631 1721 689 1750; x_wconf 82' lang='lat' dir='ltr'>etc.</span> <span class='ocrx_word' id='word_1_120' title='bbox 707 1716 735 1749; x_wconf 71' lang='lat'>2.</span> 
     </span>
    </p>

    <p class='ocr_par' dir='ltr' id='par_1_13' title="bbox 37 1770 988 1912">
     <span class='ocr_line' id='line_1_28' title="bbox 279 1770 988 1814; baseline 0.001 -11"><span class='ocrx_word' id='word_1_121' title='bbox 279 1770 294 1814; x_wconf 62' lang='grc' dir='ltr'><strong>ἓ</strong></span> <span class='ocrx_word' id='word_1_122' title='bbox 321 1770 352 1803; x_wconf 75' lang='lat'>⁶2.</span> <span class='ocrx_word' id='word_1_123' title='bbox 375 1770 412 1804; x_wconf 87' lang='lat' dir='ltr'>Et</span> <span class='ocrx_word' id='word_1_124' title='bbox 438 1771 544 1803; x_wconf 81' lang='lat' dir='ltr'>forsan</span> <span class='ocrx_word' id='word_1_125' title='bbox 571 1770 610 1803; x_wconf 89' lang='lat' dir='ltr'>ab</span> <span class='ocrx_word' id='word_1_126' title='bbox 635 1770 798 1814; x_wconf 76' lang='lat' dir='ltr'>aliquibus</span> <span class='ocrx_word' id='word_1_127' title='bbox 823 1772 988 1814; x_wconf 85' lang='lat' dir='ltr'>praetendi</span> 
     </span>
     <span class='ocr_line' id='line_1_29' title="bbox 44 1824 988 1868; baseline 0.004 -14"><span class='ocrx_word' id='word_1_128' title='bbox 44 1834 140 1861; x_wconf 72' lang='lat' dir='ltr'>Desuper</span> <span class='ocrx_word' id='word_1_129' title='bbox 152 1838 219 1856; x_wconf 69' lang='lat' dir='ltr'>orium</span> <span class='ocrx_word' id='word_1_130' title='bbox 235 1830 341 1868; x_wconf 82' lang='lat' dir='ltr'>posset</span> <span class='ocrx_word' id='word_1_131' title='bbox 367 1830 487 1866; x_wconf 88' lang='lat' dir='ltr'>castra,</span> <span class='ocrx_word' id='word_1_132' title='bbox 513 1824 602 1858; x_wconf 85' lang='lat' dir='ltr'>villas</span> <span class='ocrx_word' id='word_1_133' title='bbox 628 1830 658 1858; x_wconf 88' lang='lat' dir='ltr'>et</span> <span class='ocrx_word' id='word_1_134' title='bbox 681 1825 988 1864; x_wconf 84' lang='lat' dir='ltr'>loca,iurisdictioni</span> 
     </span>
     <span class='ocr_line' id='line_1_30' title="bbox 37 1866 988 1912; baseline 0.002 -2"><span class='ocrx_word' id='word_1_135' title='bbox 37 1869 69 1887; x_wconf 72' lang='lat'>‘⁵¹</span> <span class='ocrx_word' id='word_1_136' title='bbox 85 1866 176 1888; x_wconf 54' lang='lat' dir='ltr'>‘mium&#39;</span> <span class='ocrx_word' id='word_1_137' title='bbox 236 1877 399 1911; x_wconf 86' lang='lat' dir='ltr'>civitatum</span> <span class='ocrx_word' id='word_1_138' title='bbox 419 1884 447 1912; x_wconf 90' lang='grc'>61</span> <span class='ocrx_word' id='word_1_139' title='bbox 469 1884 630 1912; x_wconf 84' lang='lat' dir='ltr'>terrarum</span> <span class='ocrx_word' id='word_1_140' title='bbox 643 1877 750 1912; x_wconf 85' lang='lat' dir='ltr'>Status</span> <span class='ocrx_word' id='word_1_141' title='bbox 765 1879 865 1911; x_wconf 79' lang='lat' dir='ltr'>nostri</span> <span class='ocrx_word' id='word_1_142' title='bbox 882 1880 988 1912; x_wconf 87' lang='lat' dir='ltr'>Eccle-</span> 
     </span>
    </p>

    <p class='ocr_par' dir='ltr' id='par_1_14' title="bbox 61 1931 991 2492">
     <span class='ocr_line' id='line_1_31' title="bbox 235 1931 988 1973; baseline 0.004 -9"><span class='ocrx_word' id='word_1_143' title='bbox 235 1931 353 1966; x_wconf 84' lang='lat' dir='ltr'>siastici</span> <span class='ocrx_word' id='word_1_144' title='bbox 366 1932 521 1973; x_wconf 86' lang='lat' dir='ltr'>subiecta,</span> <span class='ocrx_word' id='word_1_145' title='bbox 535 1933 594 1966; x_wconf 88' lang='lat' dir='ltr'>sub</span> <span class='ocrx_word' id='word_1_146' title='bbox 610 1933 731 1966; x_wconf 87' lang='lat' dir='ltr'>eisdem</span> <span class='ocrx_word' id='word_1_147' title='bbox 743 1932 844 1966; x_wconf 87' lang='lat' dir='ltr'>literis</span> <span class='ocrx_word' id='word_1_148' title='bbox 855 1933 988 1967; x_wconf 86' lang='lat' dir='ltr'>minime</span> 
     </span>
     <span class='ocr_line' id='line_1_32' title="bbox 235 1986 988 2031; baseline 0.001 -12"><span class='ocrx_word' id='word_1_149' title='bbox 235 1986 480 2030; x_wconf 87' lang='lat' dir='ltr'>comprehendi,</span> <span class='ocrx_word' id='word_1_150' title='bbox 502 1998 537 2020; x_wconf 89' lang='lat' dir='ltr'>ac</span> <span class='ocrx_word' id='word_1_151' title='bbox 558 1987 667 2020; x_wconf 80' lang='lat' dir='ltr'>literas</span> <span class='ocrx_word' id='word_1_152' title='bbox 686 1987 771 2031; x_wconf 87' lang='lat' dir='ltr'>ipsas</span> <span class='ocrx_word' id='word_1_153' title='bbox 790 1986 830 2019; x_wconf 90' lang='lat' dir='ltr'>ad</span> <span class='ocrx_word' id='word_1_154' title='bbox 850 1986 903 2020; x_wconf 89' lang='lat' dir='ltr'>illa</span> <span class='ocrx_word' id='word_1_155' title='bbox 924 1998 988 2021; x_wconf 88' lang='lat' dir='ltr'>non</span> 
     </span>
     <span class='ocr_line' id='line_1_33' title="bbox 235 2039 988 2085; baseline 0.005 -13"><span class='ocrx_word' id='word_1_156' title='bbox 235 2039 377 2081; x_wconf 82' lang='lat' dir='ltr'>extendi,</span> <span class='ocrx_word' id='word_1_157' title='bbox 405 2045 436 2074; x_wconf 87' lang='lat' dir='ltr'>et</span> <span class='ocrx_word' id='word_1_158' title='bbox 459 2041 595 2085; x_wconf 87' lang='lat' dir='ltr'>proinde</span> <span class='ocrx_word' id='word_1_159' title='bbox 620 2052 758 2085; x_wconf 86' lang='lat' dir='ltr'>poenas,</span> <span class='ocrx_word' id='word_1_160' title='bbox 790 2041 927 2074; x_wconf 82' lang='lat' dir='ltr'>mulctas</span> <span class='ocrx_word' id='word_1_161' title='bbox 952 2053 988 2076; x_wconf 87' lang='lat' dir='ltr'>ac</span> 
     </span>
     <span class='ocr_line' id='line_1_34' title="bbox 235 2093 986 2136; baseline 0.003 -10"><span class='ocrx_word' id='word_1_162' title='bbox 235 2093 313 2126; x_wconf 84' lang='lat' dir='ltr'>alias</span> <span class='ocrx_word' id='word_1_163' title='bbox 339 2093 502 2127; x_wconf 90' lang='lat' dir='ltr'>bonorum</span> <span class='ocrx_word' id='word_1_164' title='bbox 523 2094 768 2128; x_wconf 79' lang='lat' dir='ltr'>confiscationes</span> <span class='ocrx_word' id='word_1_165' title='bbox 784 2094 986 2136; x_wconf 87' lang='lat' dir='ltr'>huiusmodi,</span> 
     </span>
     <span class='ocr_line' id='line_1_35' title="bbox 236 2147 987 2191; baseline 0.003 -11"><span class='ocrx_word' id='word_1_166' title='bbox 236 2157 295 2191; x_wconf 87' lang='lat' dir='ltr'>per</span> <span class='ocrx_word' id='word_1_167' title='bbox 321 2147 476 2181; x_wconf 83' lang='lat' dir='ltr'>officiales</span> <span class='ocrx_word' id='word_1_168' title='bbox 501 2159 556 2181; x_wconf 91' lang='lat' dir='ltr'>seu</span> <span class='ocrx_word' id='word_1_169' title='bbox 581 2154 769 2182; x_wconf 77' lang='lat' dir='ltr'>executores</span> <span class='ocrx_word' id='word_1_170' title='bbox 798 2147 901 2182; x_wconf 87' lang='lat' dir='ltr'>dictae</span> <span class='ocrx_word' id='word_1_171' title='bbox 930 2148 987 2182; x_wconf 86' lang='lat' dir='ltr'>Ca-</span> 
     </span>
     <span class='ocr_line' id='line_1_36' title="bbox 236 2201 988 2242; baseline 0.003 -9"><span class='ocrx_word' id='word_1_172' title='bbox 236 2211 357 2241; x_wconf 79' lang='lat' dir='ltr'>merac,</span> <span class='ocrx_word' id='word_1_173' title='bbox 370 2201 403 2234; x_wconf 88' lang='lat' dir='ltr'>in</span> <span class='ocrx_word' id='word_1_174' title='bbox 419 2202 542 2242; x_wconf 87' lang='lat' dir='ltr'>castris,</span> <span class='ocrx_word' id='word_1_175' title='bbox 564 2202 646 2235; x_wconf 88' lang='lat' dir='ltr'>villis</span> <span class='ocrx_word' id='word_1_176' title='bbox 665 2202 787 2235; x_wconf 88' lang='lat' dir='ltr'>etlocis</span> <span class='ocrx_word' id='word_1_177' title='bbox 802 2202 988 2236; x_wconf 89' lang='lat' dir='ltr'>huiusmodi</span> 
     </span>
     <span class='ocr_line' id='line_1_37' title="bbox 236 2251 988 2296; baseline 0.003 -13"><span class='ocrx_word' id='word_1_178' title='bbox 236 2251 422 2284; x_wconf 84' lang='lat' dir='ltr'>nullatenus</span> <span class='ocrx_word' id='word_1_179' title='bbox 441 2251 522 2294; x_wconf 75' lang='lat' dir='ltr'>exigi</span> <span class='ocrx_word' id='word_1_180' title='bbox 548 2262 654 2295; x_wconf 84' lang='lat' dir='ltr'>posse,</span> <span class='ocrx_word' id='word_1_181' title='bbox 676 2262 713 2284; x_wconf 87' lang='lat' dir='ltr'>ac</span> <span class='ocrx_word' id='word_1_182' title='bbox 732 2251 883 2285; x_wconf 82' lang='lat' dir='ltr'>Gamerae</span> <span class='ocrx_word' id='word_1_183' title='bbox 903 2252 988 2296; x_wconf 90' lang='lat' dir='ltr'>Apo-</span> 
     </span>
     <span class='ocr_line' id='line_1_38' title="bbox 236 2300 989 2345; baseline 0.004 -14"><span class='ocrx_word' id='word_1_184' title='bbox 236 2300 365 2334; x_wconf 69' lang='lat' dir='ltr'>stolicae</span> <span class='ocrx_word' id='word_1_185' title='bbox 387 2311 444 2344; x_wconf 88' lang='lat' dir='ltr'>per</span> <span class='ocrx_word' id='word_1_186' title='bbox 463 2300 645 2345; x_wconf 87' lang='lat' dir='ltr'>praedictas</span> <span class='ocrx_word' id='word_1_187' title='bbox 669 2300 778 2333; x_wconf 83' lang='lat' dir='ltr'>literas</span> <span class='ocrx_word' id='word_1_188' title='bbox 797 2311 865 2334; x_wconf 87' lang='lat' dir='ltr'>esse</span> <span class='ocrx_word' id='word_1_189' title='bbox 885 2301 989 2345; x_wconf 89' lang='lat' dir='ltr'>appli-</span> 
     </span>
     <span class='ocr_line' id='line_1_39' title="bbox 237 2354 317 2383; baseline 0.013 -1"><span class='ocrx_word' id='word_1_190' title='bbox 237 2354 317 2383; x_wconf 87' lang='lat' dir='ltr'>cata.</span> 
     </span>
     <span class='ocr_line' id='line_1_40' title="bbox 280 2398 989 2444; baseline 0.003 -12"><span class='ocrx_word' id='word_1_191' title='bbox 280 2398 341 2442; x_wconf 64' lang='lat'>53,</span> <span class='ocrx_word' id='word_1_192' title='bbox 364 2399 439 2440; x_wconf 90' lang='lat' dir='ltr'>Nos,</span> <span class='ocrx_word' id='word_1_193' title='bbox 462 2410 502 2432; x_wconf 90' lang='grc'>116</span> <span class='ocrx_word' id='word_1_194' title='bbox 531 2398 593 2432; x_wconf 87' lang='lat' dir='ltr'>hoc</span> <span class='ocrx_word' id='word_1_195' title='bbox 613 2399 660 2432; x_wconf 86' lang='lat' dir='ltr'>vel</span> <span class='ocrx_word' id='word_1_196' title='bbox 680 2398 742 2432; x_wconf 86' lang='lat' dir='ltr'>alio</span> <span class='ocrx_word' id='word_1_197' title='bbox 763 2400 875 2443; x_wconf 81' lang='lat' dir='ltr'>quovis</span> <span class='ocrx_word' id='word_1_198' title='bbox 895 2411 989 2444; x_wconf 86' lang='lat' dir='ltr'>prae-</span> 
     </span>
     <span class='ocr_line' id='line_1_41' title="bbox 61 2448 991 2492; baseline 0.002 -11"><span class='ocrx_word' id='word_1_199' title='bbox 61 2460 158 2482; x_wconf 64' lang='lat' dir='ltr'>conatu</span> <span class='ocrx_word' id='word_1_200' title='bbox 170 2467 219 2487; x_wconf 62' lang='lat' dir='ltr'>erg·</span> <span class='ocrx_word' id='word_1_201' title='bbox 236 2453 323 2481; x_wconf 82' lang='lat' dir='ltr'>textu</span> <span class='ocrx_word' id='word_1_202' title='bbox 334 2448 469 2482; x_wconf 87' lang='lat' dir='ltr'>Camera</span> <span class='ocrx_word' id='word_1_203' title='bbox 480 2449 546 2492; x_wconf 84' lang='lat' dir='ltr'>ipsa</span> <span class='ocrx_word' id='word_1_204' title='bbox 559 2448 644 2482; x_wconf 79' lang='lat' dir='ltr'>circa</span> <span class='ocrx_word' id='word_1_205' title='bbox 664 2459 843 2491; x_wconf 85' lang='lat' dir='ltr'>poenarum</span> <span class='ocrx_word' id='word_1_206' title='bbox 860 2460 897 2482; x_wconf 84' lang='lat' dir='ltr'>ac</span> <span class='ocrx_word' id='word_1_207' title='bbox 908 2451 991 2483; x_wconf 90' lang='lat' dir='ltr'>mul-</span> 
     </span>
    </p>
   </div>
   <div class='ocr_carea' id='block_1_7' title="bbox 37 2492 990 2545">
    <p class='ocr_par' dir='ltr' id='par_1_15' title="bbox 37 2492 990 2545">
     <span class='ocr_line' id='line_1_42' title="bbox 37 2492 990 2545; baseline 0.003 -16"><span class='ocrx_word' id='word_1_208' title='bbox 37 2492 221 2545; x_wconf 45' lang='lat' dir='ltr'>iffiflfficgi&#39;fffff}</span> <span class='ocrx_word' id='word_1_209' title='bbox 237 2502 361 2530; x_wconf 87' lang='lat' dir='ltr'>ctarum</span> <span class='ocrx_word' id='word_1_210' title='bbox 375 2498 576 2531; x_wconf 85' lang='lat' dir='ltr'>ethonorum</span> <span class='ocrx_word' id='word_1_211' title='bbox 589 2498 856 2532; x_wconf 83' lang='lat' dir='ltr'>confiscationum</span> <span class='ocrx_word' id='word_1_212' title='bbox 876 2498 990 2532; x_wconf 90' lang='lat' dir='ltr'>huius-</span> 
     </span>
    </p>
   </div>
   <div class='ocr_carea' id='block_1_8' title="bbox 39 2546 990 2587">
    <p class='ocr_par' dir='ltr' id='par_1_16' title="bbox 39 2546 990 2587">
     <span class='ocr_line' id='line_1_43' title="bbox 39 2546 990 2587; baseline 0.001 -7"><span class='ocrx_word' id='word_1_213' title='bbox 39 2555 220 2580; x_wconf 66' lang='lat' dir='ltr'>comnrenennere</span> <span class='ocrx_word' id='word_1_214' title='bbox 238 2546 325 2580; x_wconf 87' lang='lat' dir='ltr'>modi</span> <span class='ocrx_word' id='word_1_215' title='bbox 337 2546 535 2580; x_wconf 81' lang='lat' dir='ltr'>exactionem</span> <span class='ocrx_word' id='word_1_216' title='bbox 549 2546 770 2587; x_wconf 83' lang='lat' dir='ltr'>defraudetur,</span> <span class='ocrx_word' id='word_1_217' title='bbox 784 2547 854 2580; x_wconf 88' lang='lat' dir='ltr'>eius</span> <span class='ocrx_word' id='word_1_218' title='bbox 865 2547 990 2581; x_wconf 89' lang='lat' dir='ltr'>indem-</span> 
     </span>
    </p>
   </div>
   <div class='ocr_carea' id='block_1_9' title="bbox 37 2586 989 2641">
    <p class='ocr_par' dir='ltr' id='par_1_17' title="bbox 37 2586 989 2641">
     <span class='ocr_line' id='line_1_44' title="bbox 37 2586 989 2641; baseline 0.002 -12"><span class='ocrx_word' id='word_1_219' title='bbox 37 2586 100 2638; x_wconf 53' lang='grc' dir='ltr'><strong>ῗζίοἶω</strong></span> <span class='ocrx_word' id='word_1_220' title='bbox 116 2590 221 2639; x_wconf 48' lang='grc' dir='ltr'>Εζξζξζοξζ</span> <span class='ocrx_word' id='word_1_221' title='bbox 238 2596 329 2629; x_wconf 87' lang='lat' dir='ltr'>nitati</span> <span class='ocrx_word' id='word_1_222' title='bbox 354 2596 506 2641; x_wconf 87' lang='lat' dir='ltr'>illiusque</span> <span class='ocrx_word' id='word_1_223' title='bbox 519 2596 707 2629; x_wconf 75' lang='lat' dir='ltr'>officialium</span> <span class='ocrx_word' id='word_1_224' title='bbox 729 2602 759 2629; x_wconf 90' lang='lat' dir='ltr'>et</span> <span class='ocrx_word' id='word_1_225' title='bbox 779 2602 989 2631; x_wconf 83' lang='lat' dir='ltr'>executorum</span> 
     </span>
    </p>
   </div>
   <div class='ocr_carea' id='block_1_10' title="bbox 236 2658 991 2740">
    <p class='ocr_par' dir='ltr' id='par_1_18' title="bbox 236 2658 991 2740">
     <span class='ocr_line' id='line_1_45' title="bbox 274 2658 991 2695; baseline 0.003 -10"><span class='ocrx_word' id='word_1_226' title='bbox 274 2660 284 2685; x_wconf 90' lang='grc'>1</span> <span class='ocrx_word' id='word_1_227' title='bbox 308 2658 328 2685; x_wconf 84' lang='grc' dir='ltr'>Α</span> <span class='ocrx_word' id='word_1_228' title='bbox 349 2659 521 2694; x_wconf 83' lang='lat' dir='ltr'>Cocquelinio</span> <span class='ocrx_word' id='word_1_229' title='bbox 546 2659 658 2686; x_wconf 82' lang='lat' dir='ltr'>omissae</span> <span class='ocrx_word' id='word_1_230' title='bbox 669 2658 707 2693; x_wconf 81' lang='grc'><strong>(11.</strong></span> <span class='ocrx_word' id='word_1_231' title='bbox 729 2659 777 2695; x_wconf 87' lang='grc' dir='ltr'>τ.).</span> <span class='ocrx_word' id='word_1_232' title='bbox 817 2660 833 2687; x_wconf 69' lang='lat'><em>2</em></span> <span class='ocrx_word' id='word_1_233' title='bbox 851 2659 991 2688; x_wconf 84' lang='lat' dir='ltr'>Omittitur</span> 
     </span>
     <span class='ocr_line' id='line_1_46' title="bbox 236 2702 705 2740; baseline 0.002 -11"><span class='ocrx_word' id='word_1_234' title='bbox 236 2703 298 2740; x_wconf 85' lang='lat' dir='ltr'>quia</span> <span class='ocrx_word' id='word_1_235' title='bbox 314 2702 369 2738; x_wconf 83' lang='lat' dir='ltr'>ipsa</span> <span class='ocrx_word' id='word_1_236' title='bbox 386 2703 456 2730; x_wconf 88' lang='lat' dir='ltr'>bulla</span> <span class='ocrx_word' id='word_1_237' title='bbox 474 2708 514 2731; x_wconf 83' lang='lat' dir='ltr'>est</span> <span class='ocrx_word' id='word_1_238' title='bbox 534 2703 705 2739; x_wconf 82' lang='lat' dir='ltr'>praecedens.</span> 
     </span>
    </p>
   </div>
   <div class='ocr_carea' id='block_1_11' title="bbox 314 2748 641 2780">
    <p class='ocr_par' dir='ltr' id='par_1_19' title="bbox 314 2748 641 2780">
     <span class='ocr_line' id='line_1_47' title="bbox 314 2748 641 2780; baseline -0.006 0"><span class='ocrx_word' id='word_1_239' title='bbox 314 2748 390 2780; x_wconf 79' lang='lat' dir='ltr'>Butl.</span> <span class='ocrx_word' id='word_1_240' title='bbox 404 2748 482 2780; x_wconf 85' lang='lat' dir='ltr'>Rom.</span> <span class='ocrx_word' id='word_1_241' title='bbox 510 2748 562 2780; x_wconf 86' lang='lat' dir='ltr'>Vol.</span> <span class='ocrx_word' id='word_1_242' title='bbox 585 2748 641 2780; x_wconf 72' lang='lat' dir='ltr'>vll.</span> 
     </span>
    </p>
   </div>
   <div class='ocr_carea' id='block_1_12' title="bbox 48 1395 167 1417">
    <p class='ocr_par' dir='ltr' id='par_1_20' title="bbox 48 1395 167 1417">
     <span class='ocr_line' id='line_1_48' title="bbox 48 1395 167 1417; baseline 0 0"><span class='ocrx_word' id='word_1_243' title='bbox 48 1395 167 1417; x_wconf 76' lang='lat' dir='ltr'>Exordium.</span> 
     </span>
    </p>
   </div>
   <div class='ocr_carea' id='block_1_13' title="bbox 36 1685 219 1777">
    <p class='ocr_par' dir='ltr' id='par_1_21' title="bbox 36 1685 219 1777">
     <span class='ocr_line' id='line_1_49' title="bbox 56 1685 219 1707; baseline -0.006 0"><span class='ocrx_word' id='word_1_244' title='bbox 56 1685 95 1707; x_wconf 72' lang='lat' dir='ltr'>nic</span> <span class='ocrx_word' id='word_1_245' title='bbox 123 1685 219 1707; x_wconf 72' lang='lat' dir='ltr'>Pontifex</span> 
     </span>
     <span class='ocr_line' id='line_1_50' title="bbox 36 1718 218 1739; baseline 0.005 -1"><span class='ocrx_word' id='word_1_246' title='bbox 36 1718 99 1738; x_wconf 79' lang='lat' dir='ltr'>edidit</span> <span class='ocrx_word' id='word_1_247' title='bbox 115 1720 183 1738; x_wconf 71' lang='lat' dir='ltr'>coust.</span> <span class='ocrx_word' id='word_1_248' title='bbox 194 1719 218 1739; x_wconf 85' lang='lat' dir='ltr'>de</span> 
     </span>
     <span class='ocr_line' id='line_1_51' title="bbox 37 1749 132 1777; baseline 0 -7"><span class='ocrx_word' id='word_1_249' title='bbox 37 1756 76 1777; x_wconf 78' lang='lat' dir='ltr'>qua</span> <span class='ocrx_word' id='word_1_250' title='bbox 91 1749 132 1771; x_wconf 80' lang='lat' dir='ltr'>hic.</span> 
     </span>
    </p>
   </div>
   <div class='ocr_carea' id='block_1_14' title="bbox 836 2748 874 2782">
    <p class='ocr_par' dir='ltr' id='par_1_22' title="bbox 836 2748 874 2782">
     <span class='ocr_line' id='line_1_52' title="bbox 836 2748 874 2782; baseline 0.079 -3"><span class='ocrx_word' id='word_1_251' title='bbox 836 2748 874 2782; x_wconf 77' lang='lat'>20</span> 
     </span>
    </p>
   </div>
   <div class='ocr_carea' id='block_1_15' title="bbox 916 307 1099 332">
    <p class='ocr_par' dir='ltr' id='par_1_23' title="bbox 916 307 1099 332">
     <span class='ocr_line' id='line_1_53' title="bbox 916 307 1099 332; baseline -0.005 -1"><span class='ocrx_word' id='word_1_252' title='bbox 916 308 983 332; x_wconf 81' lang='lat' dir='ltr'><strong>PIUS</strong></span> <span class='ocrx_word' id='word_1_253' title='bbox 1002 307 1033 331; x_wconf 79' lang='lat' dir='ltr'>IV</span> <span class='ocrx_word' id='word_1_254' title='bbox 1053 307 1099 330; x_wconf 84' lang='lat' dir='ltr'>PP.</span> 
     </span>
    </p>
   </div>
   <div class='ocr_carea' id='block_1_16' title="bbox 1030 292 1992 2649">
    <p class='ocr_par' dir='ltr' id='par_1_24' title="bbox 1030 292 1992 1689">
     <span class='ocr_line' id='line_1_54' title="bbox 1683 292 1987 329; baseline 0.007 -3"><span class='ocrx_word' id='word_1_255' title='bbox 1683 292 1747 327; x_wconf 77' lang='lat'>153</span> <span class='ocrx_word' id='word_1_256' title='bbox 1807 301 1857 328; x_wconf 74' lang='lat' dir='ltr'>An.</span> <span class='ocrx_word' id='word_1_257' title='bbox 1874 301 1904 328; x_wconf 91' lang='lat' dir='ltr'>c.</span> <span class='ocrx_word' id='word_1_258' title='bbox 1924 302 1987 329; x_wconf 73' lang='grc'><strong>11161</strong></span> 
     </span>
     <span class='ocr_line' id='line_1_55' title="bbox 1039 356 1990 410; baseline -0.002 -19"><span class='ocrx_word' id='word_1_259' title='bbox 1039 358 1224 392; x_wconf 85' lang='lat' dir='ltr'>huiusmodi</span> <span class='ocrx_word' id='word_1_260' title='bbox 1260 357 1483 400; x_wconf 85' lang='lat' dir='ltr'>tranquillitati</span> <span class='ocrx_word' id='word_1_261' title='bbox 1519 358 1549 389; x_wconf 90' lang='lat' dir='ltr'>in</span> <span class='ocrx_word' id='word_1_262' title='bbox 1584 356 1787 400; x_wconf 68' lang='lat' dir='ltr'>praemissis,</span> <span class='ocrx_word' id='word_1_263' title='bbox 1804 359 1990 410; x_wconf 38' lang='lat' dir='ltr'>{ffissfflffieffiffim</span> 
     </span>
     <span class='ocr_line' id='line_1_56' title="bbox 1039 410 1992 456; baseline -0.004 -11"><span class='ocrx_word' id='word_1_264' title='bbox 1039 418 1195 456; x_wconf 85' lang='lat' dir='ltr'>quantum</span> <span class='ocrx_word' id='word_1_265' title='bbox 1216 412 1248 444; x_wconf 93' lang='lat' dir='ltr'>in</span> <span class='ocrx_word' id='word_1_266' title='bbox 1264 411 1356 444; x_wconf 72' lang='lat' dir='ltr'>[robis</span> <span class='ocrx_word' id='word_1_267' title='bbox 1372 417 1429 450; x_wconf 82' lang='lat' dir='ltr'>cst,</span> <span class='ocrx_word' id='word_1_268' title='bbox 1444 410 1623 454; x_wconf 69' lang='lat' dir='ltr'>providere,</span> <span class='ocrx_word' id='word_1_269' title='bbox 1645 420 1789 443; x_wconf 85' lang='grc'><strong>0111116111--</strong></span> <span class='ocrx_word' id='word_1_270' title='bbox 1805 420 1992 455; x_wconf 61' lang='lat' dir='ltr'>ipsiqsstuuncc-</span> 
     </span>
     <span class='ocr_line' id='line_1_57' title="bbox 1038 452 1929 510; baseline -0.001 -13"><span class='ocrx_word' id='word_1_271' title='bbox 1038 477 1100 509; x_wconf 79' lang='lat' dir='ltr'>que</span> <span class='ocrx_word' id='word_1_272' title='bbox 1121 466 1260 510; x_wconf 83' lang='lat' dir='ltr'>desuper</span> <span class='ocrx_word' id='word_1_273' title='bbox 1285 464 1462 497; x_wconf 75' lang='lat' dir='ltr'>haesitandi</span> <span class='ocrx_word' id='word_1_274' title='bbox 1488 464 1654 496; x_wconf 74' lang='lat' dir='ltr'>materiam</span> <span class='ocrx_word' id='word_1_275' title='bbox 1676 464 1789 496; x_wconf 81' lang='lat' dir='ltr'>exinde</span> <span class='ocrx_word' id='word_1_276' title='bbox 1805 452 1929 473; x_wconf 60' lang='lat'>⁰¹⁹³¹³⁵¹¹⁶¹&#39;</span> 
     </span>
     <span class='ocr_line' id='line_1_58' title="bbox 1038 517 1789 559; baseline 0 -8"><span class='ocrx_word' id='word_1_277' title='bbox 1038 520 1240 559; x_wconf 75' lang='lat' dir='ltr'>submovere,</span> <span class='ocrx_word' id='word_1_278' title='bbox 1253 530 1289 552; x_wconf 90' lang='lat' dir='ltr'>ac</span> <span class='ocrx_word' id='word_1_279' title='bbox 1301 524 1441 551; x_wconf 82' lang='lat' dir='ltr'>mentem</span> <span class='ocrx_word' id='word_1_280' title='bbox 1454 523 1596 550; x_wconf 84' lang='lat' dir='ltr'>nostram</span> <span class='ocrx_word' id='word_1_281' title='bbox 1609 517 1694 550; x_wconf 84' lang='lat' dir='ltr'>circa</span> <span class='ocrx_word' id='word_1_282' title='bbox 1711 518 1789 551; x_wconf 80' lang='lat' dir='ltr'>haec</span> 
     </span>
     <span class='ocr_line' id='line_1_59' title="bbox 1037 571 1790 616; baseline -0.001 -11"><span class='ocrx_word' id='word_1_283' title='bbox 1037 573 1179 616; x_wconf 86' lang='lat' dir='ltr'>pandere</span> <span class='ocrx_word' id='word_1_284' title='bbox 1199 573 1353 613; x_wconf 82' lang='lat' dir='ltr'>volentes,</span> <span class='ocrx_word' id='word_1_285' title='bbox 1367 578 1455 604; x_wconf 90' lang='lat' dir='ltr'>motu</span> <span class='ocrx_word' id='word_1_286' title='bbox 1469 571 1600 614; x_wconf 82' lang='lat' dir='ltr'>proprio</span> <span class='ocrx_word' id='word_1_287' title='bbox 1613 576 1640 603; x_wconf 90' lang='grc'>61</span> <span class='ocrx_word' id='word_1_288' title='bbox 1655 582 1691 604; x_wconf 81' lang='lat' dir='ltr'>cx</span> <span class='ocrx_word' id='word_1_289' title='bbox 1704 577 1790 605; x_wconf 85' lang='lat' dir='ltr'>certa</span> 
     </span>
     <span class='ocr_line' id='line_1_60' title="bbox 1037 624 1791 669; baseline 0.001 -12"><span class='ocrx_word' id='word_1_290' title='bbox 1037 632 1145 658; x_wconf 75' lang='lat' dir='ltr'>nostra</span> <span class='ocrx_word' id='word_1_291' title='bbox 1158 626 1302 666; x_wconf 83' lang='lat' dir='ltr'>scientia,</span> <span class='ocrx_word' id='word_1_292' title='bbox 1316 637 1353 659; x_wconf 85' lang='lat' dir='ltr'>ac</span> <span class='ocrx_word' id='word_1_293' title='bbox 1365 625 1402 658; x_wconf 85' lang='lat' dir='ltr'>de</span> <span class='ocrx_word' id='word_1_294' title='bbox 1414 624 1609 669; x_wconf 78' lang='lat' dir='ltr'>apostolicae</span> <span class='ocrx_word' id='word_1_295' title='bbox 1627 626 1791 668; x_wconf 71' lang='lat' dir='ltr'>potestatis</span> 
     </span>
     <span class='ocr_line' id='line_1_61' title="bbox 1037 678 1791 722; baseline -0.001 -12"><span class='ocrx_word' id='word_1_296' title='bbox 1037 679 1254 722; x_wconf 79' lang='lat' dir='ltr'>plenitudine,</span> <span class='ocrx_word' id='word_1_297' title='bbox 1283 680 1398 711; x_wconf 84' lang='lat' dir='ltr'>harum</span> <span class='ocrx_word' id='word_1_298' title='bbox 1419 678 1501 711; x_wconf 85' lang='lat' dir='ltr'>serie</span> <span class='ocrx_word' id='word_1_299' title='bbox 1526 678 1732 711; x_wconf 83' lang='lat' dir='ltr'>decernimus</span> <span class='ocrx_word' id='word_1_300' title='bbox 1761 684 1791 711; x_wconf 86' lang='lat' dir='ltr'>et</span> 
     </span>
     <span class='ocr_line' id='line_1_62' title="bbox 1037 731 1791 773; baseline 0 -9"><span class='ocrx_word' id='word_1_301' title='bbox 1037 732 1241 765; x_wconf 74' lang='lat' dir='ltr'>declaramus</span> <span class='ocrx_word' id='word_1_302' title='bbox 1270 739 1390 773; x_wconf 79' lang='lat' dir='ltr'>castra,</span> <span class='ocrx_word' id='word_1_303' title='bbox 1413 732 1503 765; x_wconf 77' lang='grc'><strong>1111115</strong></span> <span class='ocrx_word' id='word_1_304' title='bbox 1524 738 1552 765; x_wconf 87' lang='grc'>61</span> <span class='ocrx_word' id='word_1_305' title='bbox 1573 733 1643 765; x_wconf 84' lang='lat' dir='ltr'>loca</span> <span class='ocrx_word' id='word_1_306' title='bbox 1663 731 1791 765; x_wconf 86' lang='lat' dir='ltr'>iurisdi-</span> 
     </span>
     <span class='ocr_line' id='line_1_63' title="bbox 1036 785 1789 830; baseline 0 -12"><span class='ocrx_word' id='word_1_307' title='bbox 1036 785 1134 818; x_wconf 82' lang='lat' dir='ltr'>ctioni</span> <span class='ocrx_word' id='word_1_308' title='bbox 1169 786 1344 827; x_wconf 76' lang='lat' dir='ltr'>civitatum,</span> <span class='ocrx_word' id='word_1_309' title='bbox 1368 786 1563 830; x_wconf 79' lang='lat' dir='ltr'>oppidorum</span> <span class='ocrx_word' id='word_1_310' title='bbox 1580 791 1608 818; x_wconf 90' lang='lat' dir='ltr'>et</span> <span class='ocrx_word' id='word_1_311' title='bbox 1629 790 1789 818; x_wconf 84' lang='lat' dir='ltr'>terrarum</span> 
     </span>
     <span class='ocr_line' id='line_1_64' title="bbox 1035 839 1788 883; baseline 0.003 -12"><span class='ocrx_word' id='word_1_312' title='bbox 1035 839 1111 872; x_wconf 90' lang='lat' dir='ltr'>dicti</span> <span class='ocrx_word' id='word_1_313' title='bbox 1145 840 1251 873; x_wconf 78' lang='lat' dir='ltr'>Status</span> <span class='ocrx_word' id='word_1_314' title='bbox 1281 840 1382 873; x_wconf 72' lang='lat' dir='ltr'>nostri</span> <span class='ocrx_word' id='word_1_315' title='bbox 1408 840 1623 873; x_wconf 79' lang='lat' dir='ltr'>Ecclesiastici</span> <span class='ocrx_word' id='word_1_316' title='bbox 1649 850 1788 883; x_wconf 87' lang='lat' dir='ltr'>quomo-</span> 
     </span>
     <span class='ocr_line' id='line_1_65' title="bbox 1035 892 1788 937; baseline 0.001 -12"><span class='ocrx_word' id='word_1_317' title='bbox 1035 892 1157 925; x_wconf 86' lang='lat' dir='ltr'>dolibet</span> <span class='ocrx_word' id='word_1_318' title='bbox 1177 893 1333 934; x_wconf 82' lang='lat' dir='ltr'>subiecta,</span> <span class='ocrx_word' id='word_1_319' title='bbox 1348 894 1406 927; x_wconf 86' lang='lat' dir='ltr'>sub</span> <span class='ocrx_word' id='word_1_320' title='bbox 1424 893 1707 937; x_wconf 73' lang='lat' dir='ltr'>praedictisliteris</span> <span class='ocrx_word' id='word_1_321' title='bbox 1719 905 1788 926; x_wconf 89' lang='lat' dir='ltr'>om-</span> 
     </span>
     <span class='ocr_line' id='line_1_66' title="bbox 1035 946 1789 991; baseline 0.004 -13"><span class='ocrx_word' id='word_1_322' title='bbox 1035 946 1113 979; x_wconf 91' lang='lat' dir='ltr'>nino</span> <span class='ocrx_word' id='word_1_323' title='bbox 1134 948 1366 991; x_wconf 84' lang='lat' dir='ltr'>comprehendi</span> <span class='ocrx_word' id='word_1_324' title='bbox 1392 959 1428 981; x_wconf 85' lang='lat' dir='ltr'>ac</span> <span class='ocrx_word' id='word_1_325' title='bbox 1458 948 1692 991; x_wconf 79' lang='lat' dir='ltr'>comprehensa</span> <span class='ocrx_word' id='word_1_326' title='bbox 1721 958 1789 981; x_wconf 80' lang='grc'><strong>6556</strong></span> 
     </span>
     <span class='ocr_line' id='line_1_67' title="bbox 1035 1001 1787 1045; baseline 0.003 -12"><span class='ocrx_word' id='word_1_327' title='bbox 1035 1006 1063 1033; x_wconf 91' lang='grc'>61</span> <span class='ocrx_word' id='word_1_328' title='bbox 1086 1001 1222 1039; x_wconf 67' lang='lat' dir='ltr'>censeri,</span> <span class='ocrx_word' id='word_1_329' title='bbox 1245 1012 1280 1034; x_wconf 89' lang='lat' dir='ltr'>ac</span> <span class='ocrx_word' id='word_1_330' title='bbox 1308 1002 1415 1034; x_wconf 86' lang='lat' dir='ltr'>literas</span> <span class='ocrx_word' id='word_1_331' title='bbox 1440 1002 1524 1045; x_wconf 80' lang='lat' dir='ltr'>ipsas</span> <span class='ocrx_word' id='word_1_332' title='bbox 1545 1002 1582 1033; x_wconf 88' lang='lat' dir='ltr'>ad</span> <span class='ocrx_word' id='word_1_333' title='bbox 1604 1002 1656 1034; x_wconf 90' lang='grc'><strong>1113</strong></span> <span class='ocrx_word' id='word_1_334' title='bbox 1678 1013 1709 1035; x_wconf 87' lang='grc'>56</span> <span class='ocrx_word' id='word_1_335' title='bbox 1735 1013 1787 1035; x_wconf 76' lang='lat' dir='ltr'>ex-</span> 
     </span>
     <span class='ocr_line' id='line_1_68' title="bbox 1035 1054 1788 1088; baseline 0.003 -2"><span class='ocrx_word' id='word_1_336' title='bbox 1035 1054 1165 1087; x_wconf 86' lang='lat' dir='ltr'>tendere</span> <span class='ocrx_word' id='word_1_337' title='bbox 1186 1060 1214 1087; x_wconf 81' lang='grc'>61</span> <span class='ocrx_word' id='word_1_338' title='bbox 1228 1054 1353 1088; x_wconf 83' lang='lat' dir='ltr'>extendi</span> <span class='ocrx_word' id='word_1_339' title='bbox 1365 1055 1494 1088; x_wconf 83' lang='lat' dir='ltr'>debere.</span> <span class='ocrx_word' id='word_1_340' title='bbox 1506 1055 1637 1087; x_wconf 85' lang='lat' dir='ltr'>Necnon</span> <span class='ocrx_word' id='word_1_341' title='bbox 1658 1055 1788 1088; x_wconf 88' lang='lat' dir='ltr'>illarum</span> 
     </span>
     <span class='ocr_line' id='line_1_69' title="bbox 1033 1107 1789 1152; baseline 0.001 -12"><span class='ocrx_word' id='word_1_342' title='bbox 1033 1107 1141 1150; x_wconf 66' lang='lat' dir='ltr'>vigore</span> <span class='ocrx_word' id='word_1_343' title='bbox 1163 1108 1316 1142; x_wconf 85' lang='lat' dir='ltr'>officiales</span> <span class='ocrx_word' id='word_1_344' title='bbox 1342 1114 1369 1141; x_wconf 88' lang='lat' dir='ltr'>et</span> <span class='ocrx_word' id='word_1_345' title='bbox 1392 1113 1579 1142; x_wconf 82' lang='lat' dir='ltr'>executores</span> <span class='ocrx_word' id='word_1_346' title='bbox 1608 1109 1789 1152; x_wconf 82' lang='lat' dir='ltr'>praedictos</span> 
     </span>
     <span class='ocr_line' id='line_1_70' title="bbox 1034 1161 1787 1205; baseline 0.003 -12"><span class='ocrx_word' id='word_1_347' title='bbox 1034 1172 1155 1205; x_wconf 80' lang='lat' dir='ltr'>poenas</span> <span class='ocrx_word' id='word_1_348' title='bbox 1176 1167 1205 1194; x_wconf 88' lang='grc'>61</span> <span class='ocrx_word' id='word_1_349' title='bbox 1226 1162 1363 1195; x_wconf 83' lang='lat' dir='ltr'>mulctas</span> <span class='ocrx_word' id='word_1_350' title='bbox 1379 1173 1416 1195; x_wconf 85' lang='lat' dir='ltr'>ac</span> <span class='ocrx_word' id='word_1_351' title='bbox 1432 1161 1510 1195; x_wconf 84' lang='lat' dir='ltr'>alias</span> <span class='ocrx_word' id='word_1_352' title='bbox 1530 1162 1691 1195; x_wconf 85' lang='lat' dir='ltr'>bonorum</span> <span class='ocrx_word' id='word_1_353' title='bbox 1709 1174 1787 1195; x_wconf 87' lang='lat' dir='ltr'>cou—</span> 
     </span>
     <span class='ocr_line' id='line_1_71' title="bbox 1034 1215 1786 1256; baseline 0.003 -9"><span class='ocrx_word' id='word_1_354' title='bbox 1034 1215 1215 1248; x_wconf 84' lang='lat' dir='ltr'>fiscationes</span> <span class='ocrx_word' id='word_1_355' title='bbox 1226 1215 1413 1250; x_wconf 88' lang='lat' dir='ltr'>huiusmodi</span> <span class='ocrx_word' id='word_1_356' title='bbox 1424 1215 1456 1248; x_wconf 92' lang='lat' dir='ltr'>in</span> <span class='ocrx_word' id='word_1_357' title='bbox 1464 1216 1583 1249; x_wconf 87' lang='lat' dir='ltr'>eisdem</span> <span class='ocrx_word' id='word_1_358' title='bbox 1596 1215 1786 1256; x_wconf 79' lang='lat' dir='ltr'>civitatibus,</span> 
     </span>
     <span class='ocr_line' id='line_1_72' title="bbox 1033 1268 1788 1309; baseline 0.003 -8"><span class='ocrx_word' id='word_1_359' title='bbox 1033 1268 1139 1307; x_wconf 81' lang='lat' dir='ltr'>terris,</span> <span class='ocrx_word' id='word_1_360' title='bbox 1163 1269 1285 1309; x_wconf 87' lang='lat' dir='ltr'>castris,</span> <span class='ocrx_word' id='word_1_361' title='bbox 1299 1269 1381 1302; x_wconf 87' lang='lat' dir='ltr'>villis</span> <span class='ocrx_word' id='word_1_362' title='bbox 1401 1275 1429 1303; x_wconf 83' lang='lat' dir='ltr'>et</span> <span class='ocrx_word' id='word_1_363' title='bbox 1450 1269 1531 1302; x_wconf 89' lang='lat' dir='ltr'>locis</span> <span class='ocrx_word' id='word_1_364' title='bbox 1550 1281 1586 1302; x_wconf 88' lang='lat' dir='ltr'>ac</span> <span class='ocrx_word' id='word_1_365' title='bbox 1598 1270 1688 1309; x_wconf 86' lang='lat' dir='ltr'>alias,</span> <span class='ocrx_word' id='word_1_366' title='bbox 1702 1269 1788 1303; x_wconf 75' lang='lat' dir='ltr'>iuxta</span> 
     </span>
     <span class='ocr_line' id='line_1_73' title="bbox 1033 1323 1788 1357; baseline 0.003 -3"><span class='ocrx_word' id='word_1_367' title='bbox 1033 1323 1221 1355; x_wconf 85' lang='lat' dir='ltr'>carumdem</span> <span class='ocrx_word' id='word_1_368' title='bbox 1246 1323 1413 1356; x_wconf 88' lang='lat' dir='ltr'>literarum</span> <span class='ocrx_word' id='word_1_369' title='bbox 1434 1323 1664 1357; x_wconf 82' lang='lat' dir='ltr'>continentiam</span> <span class='ocrx_word' id='word_1_370' title='bbox 1691 1329 1719 1356; x_wconf 90' lang='lat' dir='ltr'>et</span> <span class='ocrx_word' id='word_1_371' title='bbox 1744 1330 1788 1356; x_wconf 87' lang='lat' dir='ltr'>te-</span> 
     </span>
     <span class='ocr_line' id='line_1_74' title="bbox 1032 1376 1787 1421; baseline 0.001 -13"><span class='ocrx_word' id='word_1_372' title='bbox 1032 1386 1159 1417; x_wconf 89' lang='lat' dir='ltr'>norem,</span> <span class='ocrx_word' id='word_1_373' title='bbox 1177 1376 1259 1419; x_wconf 76' lang='lat' dir='ltr'>exigi</span> <span class='ocrx_word' id='word_1_374' title='bbox 1284 1388 1388 1421; x_wconf 85' lang='lat' dir='ltr'>posse,</span> <span class='ocrx_word' id='word_1_375' title='bbox 1412 1388 1449 1410; x_wconf 86' lang='lat' dir='ltr'>ac</span> <span class='ocrx_word' id='word_1_376' title='bbox 1473 1377 1654 1410; x_wconf 83' lang='lat' dir='ltr'>exactiones</span> <span class='ocrx_word' id='word_1_377' title='bbox 1673 1377 1787 1410; x_wconf 84' lang='grc'><strong>11111115-</strong></span> 
     </span>
     <span class='ocr_line' id='line_1_75' title="bbox 1033 1430 1787 1471; baseline 0.001 -9"><span class='ocrx_word' id='word_1_378' title='bbox 1033 1430 1119 1463; x_wconf 83' lang='grc'><strong>1110(11</strong></span> <span class='ocrx_word' id='word_1_379' title='bbox 1137 1430 1251 1471; x_wconf 70' lang='lat' dir='ltr'>licitas,</span> <span class='ocrx_word' id='word_1_380' title='bbox 1274 1442 1309 1464; x_wconf 83' lang='lat' dir='ltr'>ac</span> <span class='ocrx_word' id='word_1_381' title='bbox 1326 1431 1412 1464; x_wconf 80' lang='lat' dir='ltr'>iuxta</span> <span class='ocrx_word' id='word_1_382' title='bbox 1425 1436 1564 1463; x_wconf 78' lang='lat' dir='ltr'>mentem</span> <span class='ocrx_word' id='word_1_383' title='bbox 1586 1437 1727 1464; x_wconf 79' lang='lat' dir='ltr'>nostram</span> <span class='ocrx_word' id='word_1_384' title='bbox 1740 1432 1787 1463; x_wconf 89' lang='lat' dir='ltr'>sa-</span> 
     </span>
     <span class='ocr_line' id='line_1_76' title="bbox 1032 1485 1787 1529; baseline 0 -12"><span class='ocrx_word' id='word_1_385' title='bbox 1032 1490 1099 1517; x_wconf 82' lang='lat' dir='ltr'>clas</span> <span class='ocrx_word' id='word_1_386' title='bbox 1110 1495 1179 1517; x_wconf 87' lang='grc'><strong>6556</strong></span> <span class='ocrx_word' id='word_1_387' title='bbox 1200 1490 1226 1517; x_wconf 88' lang='grc'>61</span> <span class='ocrx_word' id='word_1_388' title='bbox 1251 1485 1375 1518; x_wconf 88' lang='lat' dir='ltr'>censeri</span> <span class='ocrx_word' id='word_1_389' title='bbox 1396 1485 1427 1518; x_wconf 92' lang='lat' dir='ltr'>in</span> <span class='ocrx_word' id='word_1_390' title='bbox 1444 1485 1595 1518; x_wconf 84' lang='lat' dir='ltr'>omnibus</span> <span class='ocrx_word' id='word_1_391' title='bbox 1611 1490 1638 1517; x_wconf 92' lang='grc'>61</span> <span class='ocrx_word' id='word_1_392' title='bbox 1651 1495 1787 1529; x_wconf 87' lang='lat' dir='ltr'>perom-</span> 
     </span>
     <span class='ocr_line' id='line_1_77' title="bbox 1032 1538 1787 1582; baseline 0.003 -12"><span class='ocrx_word' id='word_1_393' title='bbox 1032 1538 1096 1578; x_wconf 86' lang='lat' dir='ltr'>nia,</span> <span class='ocrx_word' id='word_1_394' title='bbox 1124 1539 1257 1582; x_wconf 83' lang='lat' dir='ltr'>perinde</span> <span class='ocrx_word' id='word_1_395' title='bbox 1287 1550 1324 1572; x_wconf 91' lang='lat' dir='ltr'>ac</span> <span class='ocrx_word' id='word_1_396' title='bbox 1340 1539 1364 1572; x_wconf 84' lang='lat' dir='ltr'>si</span> <span class='ocrx_word' id='word_1_397' title='bbox 1389 1539 1422 1571; x_wconf 91' lang='lat' dir='ltr'>in</span> <span class='ocrx_word' id='word_1_398' title='bbox 1442 1539 1562 1572; x_wconf 88' lang='lat' dir='ltr'>eisdem</span> <span class='ocrx_word' id='word_1_399' title='bbox 1587 1538 1688 1571; x_wconf 83' lang='lat' dir='ltr'>literis</span> <span class='ocrx_word' id='word_1_400' title='bbox 1715 1549 1787 1582; x_wconf 89' lang='lat' dir='ltr'>spe-</span> 
     </span>
     <span class='ocr_line' id='line_1_78' title="bbox 1032 1592 1784 1636; baseline 0.001 -12"><span class='ocrx_word' id='word_1_401' title='bbox 1032 1592 1121 1625; x_wconf 86' lang='lat' dir='ltr'>cialis</span> <span class='ocrx_word' id='word_1_402' title='bbox 1141 1599 1169 1625; x_wconf 90' lang='lat' dir='ltr'>et</span> <span class='ocrx_word' id='word_1_403' title='bbox 1187 1604 1336 1636; x_wconf 81' lang='lat' dir='ltr'>expressa</span> <span class='ocrx_word' id='word_1_404' title='bbox 1361 1593 1399 1626; x_wconf 88' lang='lat' dir='ltr'>de</span> <span class='ocrx_word' id='word_1_405' title='bbox 1411 1593 1531 1626; x_wconf 87' lang='lat' dir='ltr'>eisdem</span> <span class='ocrx_word' id='word_1_406' title='bbox 1553 1593 1677 1633; x_wconf 87' lang='lat' dir='ltr'>castris,</span> <span class='ocrx_word' id='word_1_407' title='bbox 1690 1592 1784 1633; x_wconf 80' lang='lat' dir='ltr'>villis,</span> 
     </span>
     <span class='ocr_line' id='line_1_79' title="bbox 1030 1646 1651 1689; baseline 0.002 -11"><span class='ocrx_word' id='word_1_408' title='bbox 1030 1646 1124 1679; x_wconf 87' lang='lat' dir='ltr'>terris</span> <span class='ocrx_word' id='word_1_409' title='bbox 1144 1652 1174 1680; x_wconf 89' lang='lat' dir='ltr'>et</span> <span class='ocrx_word' id='word_1_410' title='bbox 1191 1647 1271 1680; x_wconf 87' lang='lat' dir='ltr'>locis</span> <span class='ocrx_word' id='word_1_411' title='bbox 1291 1647 1412 1680; x_wconf 88' lang='lat' dir='ltr'>mentio</span> <span class='ocrx_word' id='word_1_412' title='bbox 1427 1648 1510 1680; x_wconf 88' lang='lat' dir='ltr'>facta</span> <span class='ocrx_word' id='word_1_413' title='bbox 1530 1647 1651 1689; x_wconf 83' lang='lat' dir='ltr'>fnisset.</span> 
     </span>
    </p>

    <p class='ocr_par' dir='ltr' id='par_1_25' title="bbox 1030 1695 1787 2273">
     <span class='ocr_line' id='line_1_80' title="bbox 1075 1695 1787 1745; baseline 0.001 -12"><span class='ocrx_word' id='word_1_414' title='bbox 1075 1701 1090 1744; x_wconf 61' lang='grc' dir='ltr'>ξ</span> <span class='ocrx_word' id='word_1_415' title='bbox 1109 1700 1139 1733; x_wconf 77' lang='grc'>4.</span> <span class='ocrx_word' id='word_1_416' title='bbox 1164 1701 1200 1734; x_wconf 88' lang='lat' dir='ltr'>Et</span> <span class='ocrx_word' id='word_1_417' title='bbox 1225 1701 1267 1734; x_wconf 88' lang='lat' dir='ltr'>ita</span> <span class='ocrx_word' id='word_1_418' title='bbox 1288 1712 1346 1745; x_wconf 89' lang='lat' dir='ltr'>per</span> <span class='ocrx_word' id='word_1_419' title='bbox 1365 1711 1590 1745; x_wconf 87' lang='lat' dir='ltr'>quoscumque</span> <span class='ocrx_word' id='word_1_420' title='bbox 1614 1695 1738 1734; x_wconf 79' lang='lat' dir='ltr'>iudices</span> <span class='ocrx_word' id='word_1_421' title='bbox 1757 1706 1787 1734; x_wconf 90' lang='lat' dir='ltr'>et</span> 
     </span>
     <span class='ocr_line' id='line_1_81' title="bbox 1032 1755 1786 1800; baseline 0.001 -13"><span class='ocrx_word' id='word_1_422' title='bbox 1032 1755 1280 1795; x_wconf 85' lang='lat' dir='ltr'>commissarios,</span> <span class='ocrx_word' id='word_1_423' title='bbox 1289 1755 1399 1800; x_wconf 80' lang='lat' dir='ltr'>quavis</span> <span class='ocrx_word' id='word_1_424' title='bbox 1407 1755 1596 1788; x_wconf 85' lang='lat' dir='ltr'>auctoritate</span> <span class='ocrx_word' id='word_1_425' title='bbox 1606 1755 1786 1798; x_wconf 78' lang='lat' dir='ltr'>fungentes,</span> 
     </span>
     <span class='ocr_line' id='line_1_82' title="bbox 1030 1809 1786 1849; baseline 0 -7"><span class='ocrx_word' id='word_1_426' title='bbox 1030 1820 1067 1842; x_wconf 90' lang='lat' dir='ltr'>ac</span> <span class='ocrx_word' id='word_1_427' title='bbox 1094 1809 1237 1842; x_wconf 88' lang='lat' dir='ltr'>eiusdem</span> <span class='ocrx_word' id='word_1_428' title='bbox 1260 1810 1291 1842; x_wconf 83' lang='lat' dir='ltr'>S.</span> <span class='ocrx_word' id='word_1_429' title='bbox 1318 1809 1355 1842; x_wconf 89' lang='lat' dir='ltr'>R.</span> <span class='ocrx_word' id='word_1_430' title='bbox 1385 1810 1419 1842; x_wconf 88' lang='lat' dir='ltr'>E.</span> <span class='ocrx_word' id='word_1_431' title='bbox 1452 1809 1648 1849; x_wconf 86' lang='lat' dir='ltr'>cardinales,</span> <span class='ocrx_word' id='word_1_432' title='bbox 1673 1820 1786 1842; x_wconf 86' lang='lat' dir='ltr'>causa-</span> 
     </span>
     <span class='ocr_line' id='line_1_83' title="bbox 1031 1863 1785 1908; baseline 0.001 -12"><span class='ocrx_word' id='word_1_433' title='bbox 1031 1874 1168 1907; x_wconf 88' lang='lat' dir='ltr'>rumque</span> <span class='ocrx_word' id='word_1_434' title='bbox 1189 1863 1300 1896; x_wconf 86' lang='lat' dir='ltr'>Palatii</span> <span class='ocrx_word' id='word_1_435' title='bbox 1325 1863 1501 1908; x_wconf 86' lang='lat' dir='ltr'>Apostolici</span> <span class='ocrx_word' id='word_1_436' title='bbox 1527 1863 1701 1904; x_wconf 83' lang='lat' dir='ltr'>auditores,</span> <span class='ocrx_word' id='word_1_437' title='bbox 1729 1874 1785 1897; x_wconf 86' lang='lat' dir='ltr'>seu</span> 
     </span>
     <span class='ocr_line' id='line_1_84' title="bbox 1031 1917 1785 1958; baseline 0 -8"><span class='ocrx_word' id='word_1_438' title='bbox 1031 1928 1146 1950; x_wconf 88' lang='lat' dir='ltr'>eorum</span> <span class='ocrx_word' id='word_1_439' title='bbox 1166 1918 1396 1958; x_wconf 82' lang='lat' dir='ltr'>locatenentes,</span> <span class='ocrx_word' id='word_1_440' title='bbox 1419 1918 1542 1950; x_wconf 87' lang='lat' dir='ltr'>sublata</span> <span class='ocrx_word' id='word_1_441' title='bbox 1560 1917 1605 1950; x_wconf 85' lang='lat' dir='ltr'>eis</span> <span class='ocrx_word' id='word_1_442' title='bbox 1625 1923 1785 1950; x_wconf 85' lang='lat' dir='ltr'>eteorum</span> 
     </span>
     <span class='ocr_line' id='line_1_85' title="bbox 1031 1970 1784 2014; baseline 0 -10"><span class='ocrx_word' id='word_1_443' title='bbox 1031 1970 1163 2004; x_wconf 87' lang='lat' dir='ltr'>cuilibet</span> <span class='ocrx_word' id='word_1_444' title='bbox 1182 1971 1292 2014; x_wconf 84' lang='lat' dir='ltr'>quavis</span> <span class='ocrx_word' id='word_1_445' title='bbox 1325 1971 1418 2004; x_wconf 86' lang='lat' dir='ltr'>aliter</span> <span class='ocrx_word' id='word_1_446' title='bbox 1441 1971 1605 2004; x_wconf 87' lang='lat' dir='ltr'>iudicandi</span> <span class='ocrx_word' id='word_1_447' title='bbox 1630 1977 1660 2005; x_wconf 87' lang='lat' dir='ltr'>et</span> <span class='ocrx_word' id='word_1_448' title='bbox 1685 1971 1784 2005; x_wconf 87' lang='lat' dir='ltr'>inter-</span> 
     </span>
     <span class='ocr_line' id='line_1_86' title="bbox 1031 2024 1784 2068; baseline 0.001 -11"><span class='ocrx_word' id='word_1_449' title='bbox 1031 2024 1177 2068; x_wconf 84' lang='lat' dir='ltr'>pretandi</span> <span class='ocrx_word' id='word_1_450' title='bbox 1198 2025 1348 2058; x_wconf 84' lang='lat' dir='ltr'>facultate</span> <span class='ocrx_word' id='word_1_451' title='bbox 1369 2030 1400 2058; x_wconf 85' lang='lat' dir='ltr'>et</span> <span class='ocrx_word' id='word_1_452' title='bbox 1419 2025 1625 2065; x_wconf 84' lang='lat' dir='ltr'>auctoritate,</span> <span class='ocrx_word' id='word_1_453' title='bbox 1648 2025 1784 2059; x_wconf 90' lang='lat' dir='ltr'>iudicari</span> 
     </span>
     <span class='ocr_line' id='line_1_87' title="bbox 1031 2077 1784 2123; baseline 0.003 -12"><span class='ocrx_word' id='word_1_454' title='bbox 1031 2077 1200 2111; x_wconf 84' lang='lat' dir='ltr'>et&#39;definiri</span> <span class='ocrx_word' id='word_1_455' title='bbox 1212 2078 1342 2118; x_wconf 76' lang='lat' dir='ltr'>debere,</span> <span class='ocrx_word' id='word_1_456' title='bbox 1356 2078 1483 2111; x_wconf 86' lang='lat' dir='ltr'>irritum</span> <span class='ocrx_word' id='word_1_457' title='bbox 1495 2090 1626 2123; x_wconf 88' lang='lat' dir='ltr'>quoque</span> <span class='ocrx_word' id='word_1_458' title='bbox 1638 2085 1666 2112; x_wconf 89' lang='grc'>61</span> <span class='ocrx_word' id='word_1_459' title='bbox 1679 2079 1784 2119; x_wconf 82' lang='lat' dir='ltr'>inane,</span> 
     </span>
     <span class='ocr_line' id='line_1_88' title="bbox 1031 2131 1784 2176; baseline 0.001 -12"><span class='ocrx_word' id='word_1_460' title='bbox 1031 2131 1056 2165; x_wconf 91' lang='lat' dir='ltr'>si</span> <span class='ocrx_word' id='word_1_461' title='bbox 1076 2142 1169 2165; x_wconf 89' lang='lat' dir='ltr'>secus</span> <span class='ocrx_word' id='word_1_462' title='bbox 1188 2143 1287 2176; x_wconf 90' lang='lat' dir='ltr'>super</span> <span class='ocrx_word' id='word_1_463' title='bbox 1305 2131 1354 2165; x_wconf 82' lang='grc'><strong>1115</strong></span> <span class='ocrx_word' id='word_1_464' title='bbox 1374 2143 1391 2165; x_wconf 87' lang='lat' dir='ltr'>a</span> <span class='ocrx_word' id='word_1_465' title='bbox 1411 2143 1588 2176; x_wconf 84' lang='lat' dir='ltr'>quoquam,</span> <span class='ocrx_word' id='word_1_466' title='bbox 1602 2133 1712 2176; x_wconf 81' lang='lat' dir='ltr'>quavis</span> <span class='ocrx_word' id='word_1_467' title='bbox 1727 2144 1784 2166; x_wconf 87' lang='lat' dir='ltr'>au-</span> 
     </span>
     <span class='ocr_line' id='line_1_89' title="bbox 1031 2186 1786 2230; baseline 0.001 -11"><span class='ocrx_word' id='word_1_468' title='bbox 1031 2186 1188 2226; x_wconf 88' lang='lat' dir='ltr'>ctoritate,</span> <span class='ocrx_word' id='word_1_469' title='bbox 1201 2186 1340 2220; x_wconf 86' lang='lat' dir='ltr'>scienter</span> <span class='ocrx_word' id='word_1_470' title='bbox 1350 2186 1397 2219; x_wconf 85' lang='grc'>161</span> <span class='ocrx_word' id='word_1_471' title='bbox 1407 2186 1603 2229; x_wconf 83' lang='lat' dir='ltr'>ignoranter,</span> <span class='ocrx_word' id='word_1_472' title='bbox 1616 2187 1786 2230; x_wconf 79' lang='lat' dir='ltr'>contigerit</span> 
     </span>
     <span class='ocr_line' id='line_1_90' title="bbox 1031 2240 1191 2273; baseline 0 -1"><span class='ocrx_word' id='word_1_473' title='bbox 1031 2240 1191 2273; x_wconf 84' lang='lat' dir='ltr'>attentari.</span> 
     </span>
    </p>

    <p class='ocr_par' dir='ltr' id='par_1_26' title="bbox 1031 2293 1787 2488">
     <span class='ocr_line' id='line_1_91' title="bbox 1075 2293 1784 2337; baseline 0.003 -11"><span class='ocrx_word' id='word_1_474' title='bbox 1075 2294 1089 2337; x_wconf 61' lang='lat' dir='ltr'>g</span> <span class='ocrx_word' id='word_1_475' title='bbox 1105 2294 1135 2327; x_wconf 84' lang='lat'>5.</span> <span class='ocrx_word' id='word_1_476' title='bbox 1158 2293 1228 2326; x_wconf 73' lang='lat' dir='ltr'>Non</span> <span class='ocrx_word' id='word_1_477' title='bbox 1248 2293 1448 2327; x_wconf 87' lang='lat' dir='ltr'>obstantibus</span> <span class='ocrx_word' id='word_1_478' title='bbox 1462 2293 1744 2328; x_wconf 84' lang='lat' dir='ltr'>constitutionibus</span> <span class='ocrx_word' id='word_1_479' title='bbox 1756 2300 1784 2328; x_wconf 88' lang='lat' dir='ltr'>et</span> 
     </span>
     <span class='ocr_line' id='line_1_92' title="bbox 1032 2346 1786 2392; baseline 0.003 -12"><span class='ocrx_word' id='word_1_480' title='bbox 1032 2346 1288 2380; x_wconf 86' lang='lat' dir='ltr'>ordinationibus</span> <span class='ocrx_word' id='word_1_481' title='bbox 1308 2347 1493 2392; x_wconf 84' lang='lat' dir='ltr'>apostolicis</span> <span class='ocrx_word' id='word_1_482' title='bbox 1521 2358 1556 2380; x_wconf 87' lang='lat' dir='ltr'>ac</span> <span class='ocrx_word' id='word_1_483' title='bbox 1584 2348 1735 2382; x_wconf 86' lang='lat' dir='ltr'>omnibus</span> <span class='ocrx_word' id='word_1_484' title='bbox 1756 2354 1786 2382; x_wconf 87' lang='lat' dir='ltr'>et</span> 
     </span>
     <span class='ocr_line' id='line_1_93' title="bbox 1032 2400 1787 2445; baseline 0.003 -11"><span class='ocrx_word' id='word_1_485' title='bbox 1032 2400 1166 2444; x_wconf 79' lang='lat' dir='ltr'>singulis</span> <span class='ocrx_word' id='word_1_486' title='bbox 1177 2401 1258 2441; x_wconf 89' lang='lat' dir='ltr'>aliis,</span> <span class='ocrx_word' id='word_1_487' title='bbox 1272 2411 1354 2445; x_wconf 86' lang='lat' dir='ltr'>quae</span> <span class='ocrx_word' id='word_1_488' title='bbox 1370 2400 1400 2434; x_wconf 88' lang='lat' dir='ltr'>in</span> <span class='ocrx_word' id='word_1_489' title='bbox 1412 2401 1503 2435; x_wconf 86' lang='lat' dir='ltr'>dictis</span> <span class='ocrx_word' id='word_1_490' title='bbox 1514 2401 1615 2435; x_wconf 86' lang='lat' dir='ltr'>literis</span> <span class='ocrx_word' id='word_1_491' title='bbox 1626 2402 1787 2436; x_wconf 86' lang='lat' dir='ltr'>voluimus</span> 
     </span>
     <span class='ocr_line' id='line_1_94' title="bbox 1031 2455 1250 2488; baseline 0 0"><span class='ocrx_word' id='word_1_492' title='bbox 1031 2465 1096 2488; x_wconf 93' lang='lat' dir='ltr'>non</span> <span class='ocrx_word' id='word_1_493' title='bbox 1113 2455 1250 2488; x_wconf 84' lang='lat' dir='ltr'>obstare.</span> 
     </span>
    </p>

    <p class='ocr_par' dir='ltr' id='par_1_27' title="bbox 1076 2504 1336 2547">
     <span class='ocr_line' id='line_1_95' title="bbox 1076 2504 1336 2547; baseline 0.004 -10"><span class='ocrx_word' id='word_1_494' title='bbox 1076 2504 1161 2538; x_wconf 89' lang='lat' dir='ltr'>Nulli</span> <span class='ocrx_word' id='word_1_495' title='bbox 1177 2516 1253 2547; x_wconf 74' lang='lat' dir='ltr'>ergo</span> <span class='ocrx_word' id='word_1_496' title='bbox 1279 2509 1336 2538; x_wconf 75' lang='lat' dir='ltr'>ccc.</span> 
     </span>
    </p>

    <p class='ocr_par' dir='ltr' id='par_1_28' title="bbox 1032 2554 1787 2649">
     <span class='ocr_line' id='line_1_96' title="bbox 1076 2554 1784 2598; baseline 0.003 -12"><span class='ocrx_word' id='word_1_497' title='bbox 1076 2554 1191 2587; x_wconf 88' lang='lat' dir='ltr'>Datum</span> <span class='ocrx_word' id='word_1_498' title='bbox 1216 2555 1336 2588; x_wconf 87' lang='lat' dir='ltr'>Romae</span> <span class='ocrx_word' id='word_1_499' title='bbox 1357 2554 1442 2598; x_wconf 92' lang='lat' dir='ltr'>apud</span> <span class='ocrx_word' id='word_1_500' title='bbox 1464 2554 1616 2588; x_wconf 87' lang='lat' dir='ltr'>Sanctum</span> <span class='ocrx_word' id='word_1_501' title='bbox 1636 2555 1784 2597; x_wconf 89' lang='lat' dir='ltr'>Petrum,</span> 
     </span>
     <span class='ocr_line' id='line_1_97' title="bbox 1032 2603 1787 2649; baseline 0.003 -14"><span class='ocrx_word' id='word_1_502' title='bbox 1032 2613 1117 2635; x_wconf 89' lang='lat' dir='ltr'>anno</span> <span class='ocrx_word' id='word_1_503' title='bbox 1137 2603 1369 2637; x_wconf 89' lang='lat' dir='ltr'>lucarnationis</span> <span class='ocrx_word' id='word_1_504' title='bbox 1389 2603 1569 2637; x_wconf 86' lang='lat' dir='ltr'>dominicae</span> <span class='ocrx_word' id='word_1_505' title='bbox 1589 2614 1787 2649; x_wconf 79' lang='lat' dir='ltr'>MDLx11‚sep-</span> 
     </span>
    </p>
   </div>
   <div class='ocr_carea' id='block_1_17' title="bbox 1033 2651 1784 2734">
    <p class='ocr_par' dir='ltr' id='par_1_29' title="bbox 1033 2651 1784 2734">
     <span class='ocr_line' id='line_1_98' title="bbox 1033 2651 1784 2697; baseline 0.004 -13"><span class='ocrx_word' id='word_1_506' title='bbox 1033 2651 1111 2684; x_wconf 85' lang='lat' dir='ltr'>timo</span> <span class='ocrx_word' id='word_1_507' title='bbox 1141 2652 1213 2687; x_wconf 85' lang='lat' dir='ltr'>idus</span> <span class='ocrx_word' id='word_1_508' title='bbox 1239 2653 1418 2694; x_wconf 85' lang='lat' dir='ltr'>februarii,</span> <span class='ocrx_word' id='word_1_509' title='bbox 1451 2654 1656 2697; x_wconf 84' lang='lat' dir='ltr'>pontificatus</span> <span class='ocrx_word' id='word_1_510' title='bbox 1685 2654 1784 2688; x_wconf 88' lang='lat' dir='ltr'>nostri</span> 
     </span>
     <span class='ocr_line' id='line_1_99' title="bbox 1034 2709 1182 2734; baseline 0 0"><span class='ocrx_word' id='word_1_511' title='bbox 1034 2709 1118 2734; x_wconf 81' lang='lat' dir='ltr'>anno</span> <span class='ocrx_word' id='word_1_512' title='bbox 1137 2711 1182 2734; x_wconf 88' lang='grc'><strong>111.</strong></span> 
     </span>
    </p>
   </div>
   <div class='ocr_carea' id='block_1_18' title="bbox 1802 1712 1986 1764">
    <p class='ocr_par' dir='ltr' id='par_1_30' title="bbox 1802 1712 1986 1764">
     <span class='ocr_line' id='line_1_100' title="bbox 1815 1712 1986 1734; baseline 0.012 -2"><span class='ocrx_word' id='word_1_513' title='bbox 1815 1712 1911 1734; x_wconf 70' lang='lat' dir='ltr'>clausula</span> <span class='ocrx_word' id='word_1_514' title='bbox 1935 1712 1986 1734; x_wconf 72' lang='lat' dir='ltr'>sub-</span> 
     </span>
     <span class='ocr_line' id='line_1_101' title="bbox 1802 1744 1851 1764; baseline 0.02 -1"><span class='ocrx_word' id='word_1_515' title='bbox 1802 1744 1851 1764; x_wconf 80' lang='lat' dir='ltr'>lata.</span> 
     </span>
    </p>
   </div>
   <div class='ocr_carea' id='block_1_19' title="bbox 1799 2304 1983 2356">
    <p class='ocr_par' dir='ltr' id='par_1_31' title="bbox 1799 2304 1983 2356">
     <span class='ocr_line' id='line_1_102' title="bbox 1814 2304 1983 2329; baseline 0.006 -6"><span class='ocrx_word' id='word_1_516' title='bbox 1814 2304 1925 2329; x_wconf 66' lang='lat' dir='ltr'>Derogatio</span> <span class='ocrx_word' id='word_1_517' title='bbox 1936 2309 1983 2324; x_wconf 77' lang='lat' dir='ltr'>con-</span> 
     </span>
     <span class='ocr_line' id='line_1_103' title="bbox 1799 2337 1919 2356; baseline -0.008 0"><span class='ocrx_word' id='word_1_518' title='bbox 1799 2337 1871 2356; x_wconf 78' lang='lat' dir='ltr'>trarioi</span> <span class='ocrx_word' id='word_1_519' title='bbox 1879 2342 1919 2355; x_wconf 83' lang='lat' dir='ltr'>um.</span> 
     </span>
    </p>
   </div>
  </div>
 </body>
</html>
