2237 3100
247 199 296 225 An.
314 196 343 224 C.
364 198 426 225 ¹571
490 186 553 219 940
1047 188 1225 213 amanum
1250 188 1401 212 Romanum

446 247 605 293 provideri
642 247 760 283 valcat,
781 254 893 278 omnes
922 250 949 275 et
977 242 1120 284 singulos
1147 252 1197 273 re·

447 312 596 345 gressus,
636 310 783 332 accessus
819 303 845 330 et
887 297 1066 338 ingressus,
1105 294 1199 326 etiam

449 355 632 388 eventuales
651 358 703 384 aut
727 351 890 393 poenales,
913 360 949 381 ac
970 347 1198 387 coadiutorias,

451 408 544 441 ctiam
579 407 617 439 dc
653 414 812 437 consensu
846 408 900 435 aut
921 401 997 434 alias
1022 401 1201 443 quomodo-

452 461 546 498 libet,
579 458 637 490 sub
679 456 942 500 quibuscumque
974 453 1141 487 tenoribus
1174 458 1205 485 ct

453 512 579 551 formis,
602 522 638 543 ac
665 521 737 543 cum
759 509 926 553 quibusvis
956 507 1202 546 efficacissimis,

454 567 548 599 etiam
565 569 654 597 motu
682 563 813 607 proprio
835 567 862 594 ct
889 573 926 594 ex
955 566 1039 594 certa
1073 560 1206 593 scientia

454 630 490 652 ac
510 619 548 650 de
569 617 762 661 apostolicae
798 614 960 659 potcstatis
989 614 1206 657 plenitudine,

456 671 618 710 clausulis,
636 669 837 702 irritantibus
850 674 877 701 et
898 667 967 700 aliis
978 667 1114 700 decretis
1126 677 1207 710 quo-

457 725 629 757 modolibet
652 734 709 767 per
729 722 857 767 quosvis
890 722 1052 755 Romanos
1075 721 1208 753 Pontifi-

457 789 510 810 ces
537 777 802 821 praedecessores
833 781 959 808 nostros
990 775 1030 807 ad
1054 773 1211 807 beneficia

459 831 686 869 ecelesiastica,
711 841 785 862 cuni
807 840 885 862 cura
906 834 934 860 et
951 829 1017 861 sine
1034 838 1125 867 cura,
1146 838 1212 860 sae-

460 883 582 918 cularia
602 890 633 916 ct
652 883 839 926 quorumvis
859 882 1016 916 Ordinum
1039 881 1211 923 regularia,

461 938 556 971 ctiam
578 937 601 969 si
623 937 801 969 saecularia
836 935 1045 969 canonicatus
1070 940 1100 967 et
1120 944 1214 978 prae-

461 991 584 1024 bendae
604 1017 610 1029 ‚
634 990 823 1033 dignitates,
852 994 1053 1032 personatus,
1077 987 1215 1020 admini-

463 1044 633 1076 strationes
665 1044 712 1076 vel
747 1043 851 1075 officia
883 1042 915 1074 in
947 1041 1187 1074 cathedralibus
1207 1069 1214 1082 ,

464 1097 560 1130 etiam
586 1096 856 1139 metropolitanis,
879 1101 934 1128 aut
968 1095 1144 1138 collegiatis
1165 1106 1217 1128 cc-

466 1150 582 1190 elesiis,
595 1155 623 1182 et
635 1149 805 1191 dignitates
821 1149 907 1192 ipsae
921 1149 951 1181 in
965 1148 1216 1189 cathedralibus,

467 1204 562 1236 etiam
575 1202 841 1245 metropolitanis,
856 1207 924 1245 post
942 1201 1219 1244 pontiticalesma-

468 1258 564 1296 iores,
588 1267 642 1289 seu
665 1255 839 1300 collegiatis
865 1255 1009 1288 ecclesiis
1034 1254 1221 1287 huiusmodi

468 1310 682 1354 principales·,
706 1309 866 1351 regularkt
887 1319 961 1341 vcro
982 1308 1139 1341 beneficia
1159 1308 1221 1340 hu-

469 1364 622 1402 iusmodi,
640 1362 845 1400 monasteria,
863 1362 958 1395 etiam
975 1361 1222 1401 consistorialia,

470 1418 642 1462 prioratus,
661 1417 916 1460 praepositurae,
929 1415 1110 1458 dignitates,
1129 1415 1224 1447 etiam

471 1470 715 1509 conventuales,
738 1474 946 1512 personatus,
975 1468 1226 1501 administratio-

472 1525 535 1558 nes
554 1524 601 1557 vel
629 1523 746 1562 officia,
769 1522 864 1555 etiam
886 1522 1080 1562 claustralia,
1104 1533 1140 1555 ac
1168 1522 1227 1555 ho-

474 1577 599 1622 spitalia
619 1582 647 1610 et
667 1576 921 1620 praeceptorias,
944 1575 1039 1608 etiam
1060 1574 1229 1618 hospitalis

475 1630 582 1664 Sancti
615 1629 742 1663 Ioannis
783 1628 1062 1672 llierosolymitani
1083 1655 1092 1667 ,
1134 1628 1229 1661 etiam

476 1683 663 1728 quarumvis
683 1683 821 1715 aliarum
838 1682 1027 1715 militiarum
1043 1709 1050 1722 ,
1066 1682 1231 1724 quibusvis

480 1737 645 1781 personis,
682 1736 919 1777 cuiuscumque
951 1741 1067 1775 status,
1103 1736 1231 1778 gradus>

481 1790 603 1823 ordinis
623 1796 650 1821 ct
679 1788 873 1822 conditionis
894 1788 1115 1828 existentibus,
1138 1789 1232 1821 etiam

482 1842 670 1886 episcopali,
702 1842 993 1885 archiepiscopali,
1026 1841 1234 1885 patriarchali

483 1895 635 1938 dignitate
660 1901 714 1927 aut
731 1894 947 1927 cardinalatus
963 1895 1088 1928 honore
1110 1895 1235 1938 pollen-

483 1948 589 1988 tibus,
624 1958 798 1987 concessa,
834 1958 931 1990 super
964 1948 1081 1991 quibus
1113 1947 1238 1981 litterae

484 2002 680 2046 apostolicae
692 2001 890 2044 integraliter
901 2002 1056 2035 hactenus
1073 2003 1238 2046 expeditae

485 2066 551 2089 non
567 2056 708 2095 suerunt,
732 2055 857 2088 etiamsi
878 2056 909 2088 in
931 2056 1114 2089 Plumbaria
1130 2062 1239 2090 nostra

486 2114 541 2142 aut
574 2120 673 2152 penes
702 2114 932 2142 suminatorein
964 2116 1110 2143 nostrum
1146 2121 1239 2154 repe-

489 2163 624 2203 riantur,
647 2169 736 2197 mot-u
758 2164 889 2207 proprio
910 2170 937 2197 ct
966 2175 1000 2197 ex
1023 2170 1109 2197 certa
1135 2170 1242 2198 nostra

490 2216 621 2250 scientia
642 2228 677 2250 ac
698 2217 736 2250 de
763 2217 958 2260 apostolicae
988 2218 1153 2261 potestatis
1173 2220 1242 2262 ple-

491 2270 649 2310 nitudine,
682 2270 871 2303 auctoritate
897 2271 1095 2313 apostoliea,
1132 2277 1244 2304 tenore

492 2323 722 2366 praesentium,
737 2334 934 2363 revocanuis,
946 2334 1109 2358 cassamus
1123 2330 1153 2358 et
1167 2325 1245 2358 abo-

493 2372 608 2404 lemus.

344 2450 480 2471 Camenam
540 2421 554 2463 g
575 2420 605 2452 2.
630 2421 813 2454 Mandantes
831 2421 955 2454 dilectis
975 2421 1049 2453 siliis
1070 2421 1186 2455 nostris
1205 2421 1248 2454 vi-

297 2486 317 2504 02
339 2481 478 2513 eameram·-
497 2468 729 2502 cecancellario
752 2475 781 2502 et
802 2470 917 2503 dilecto
945 2470 1134 2502 sutnniatori
1163 2475 1247 2503 cete-

297 2512 414 2540 ¹‘⁰‘²⁰¹¹⁰·¹³
440 2510 483 2531 ⁰¹¹¹·
498 2516 606 2560 risque
627 2517 829 2558 officialibus,
842 2524 905 2551 tam
924 2518 1142 2552 Cancellariae
1162 2519 1247 2562 Apo-

499 2565 628 2598 stolicac
654 2577 752 2610 quam
772 2566 924 2602 Gamerae
942 2573 1082 2608 nostrae,
1100 2567 1140 2601 ad
1169 2577 1250 2611 quos

1242 293 1300 326 sub
1323 293 1553 335 indignationis
1563 299 1690 326 nostrae
1705 305 1817 337 poena,
1835 305 1875 328 ne
1896 295 1928 327 in
1944 295 1994 327 su-

1243 352 1353 379 turum
1375 356 1473 389 super
1493 345 1584 378 dictis
1608 346 1718 388 gratiis
1744 357 1923 389 regressus,
1946 359 1997 381 ac-

1245 410 1352 432 cessus
1373 405 1403 432 ct
1436 398 1610 441 ingressus,
1634 409 1760 432 necnon
1786 400 1999 433 coadiutoria-

1246 463 1318 485 rum
1339 452 1461 485 litteras
1472 452 1642 497 expediant
1661 458 1716 489 aut
1732 452 1886 487 relaxent.

1291 504 1355 549 §3
1388 506 1601 539 Decernentes
1631 517 1665 539 ex
1703 516 1790 539 nunc
1823 506 1952 539 irritum
1973 513 2004 540 et

1249 558 1342 591 inane
1362 558 1516 603 quicquid
1545 559 1676 592 illorum
1702 565 1868 603 praetextu
1894 565 2006 594 contra

1250 613 1436 656 praemissa,
1460 613 1598 646 scienter
1611 614 1659 647 vel
1681 613 1884 657 ignoranter,
1907 614 2007 647 conti-

1250 666 1333 709 gerit
1351 665 1514 699 attentari.
1710 657 1713 661 ⁴

1296 719 1361 761 {4-
1394 719 1464 752 Non
1498 719 1699 754 obstantibus
1724 720 2009 755 constitutionibus

1253 777 1284 804 et
1303 772 1564 806 ordinationibus
1576 774 1773 817 apostolicis⁷
1789 786 1826 808 ac
1842 776 1938 809 etiarn
1952 787 2008 810 no-

1255 830 1319 859 stra
1339 826 1377 859 de
1393 827 1613 860 nontollendo
1634 827 1704 862 iure
1721 829 1879 872 quaesito,
1899 830 2011 872 regula

1256 880 1437 922 ceterisque
1458 880 1627 913 contrariis
1647 882 1920 926 quibuscumque.

1300 933 1314 976 g
1335 933 1366 965 5.
1381 932 1419 965 Ut
1430 938 1538 966 autem
1552 940 1736 978 praesentes
1750 935 1875 969 litterae
1887 935 1926 968 ad
1940 946 2011 969 om-

1258 986 1359 1026 nium,
1380 996 1520 1030 quorum
1554 987 1698 1028 interest,
1734 988 1880 1022 notitiam
1914 989 2013 1023 dedu-

1260 1043 1385 1078 cantur,
1422 1049 1481 1072 nec
1515 1040 1631 1084 aliquis
1664 1051 1776 1074 earum
1797 1041 2013 1084 ignorantiam

1259 1091 1473 1134 praetendere
1505 1098 1561 1125 aut
1589 1099 1702 1127 contra
1721 1104 1774 1128 eas
1806 1105 1840 1129 se
1860 1105 2014 1129 excusare

1260 1144 1372 1184 valeat,
1392 1145 1477 1178 dieta
1497 1146 1688 1179 auctoritate
1713 1147 1884 1182 statuimus
1903 1154 1934 1181 et
1958 1149 2015 1182 de-

1263 1197 1427 1230 cernimus
1447 1204 1482 1231 ut
1508 1198 1664 1242 ipsaemet
1682 1200 1808 1241 litterae
1835 1202 1884 1234 vel
1904 1212 2016 1235 earum

1265 1256 1516 1295 transumptum,
1540 1252 1571 1285 in
1587 1253 1740 1286 basilicae
1761 1254 1919 1298 Principis
1937 1265 2017 1299 apo-

1265 1304 1422 1337 stolorum
1439 1305 1477 1338 de
1494 1305 1595 1347 Urbe,
1620 1307 1652 1340 S.
1674 1308 1804 1341 Ioannis
1823 1308 2018 1343 Lateranen-

1266 1357 1307 1389 sis
1328 1368 1364 1390 ac
1384 1358 1600 1393 Cancellariae
1620 1361 1823 1404 Apostolicae
1851 1362 1960 1404 valvis,
1982 1374 2020 1397 ac

1267 1407 1335 1439 acie
1355 1407 1467 1457 Campi
1486 1408 1599 1441 Florae
1615 1420 1673 1452 per
1693 1409 1838 1453 aliquem
1856 1421 1894 1444 ex
1913 1422 2022 1446 curso-

1268 1460 1358 1493 ribus
1379 1460 1496 1494 nostris
1508 1461 1729 1505 publicentur,
1742 1474 1854 1498 earum
1875 1466 2022 1510 exemplo

1270 1515 1303 1547 in
1322 1515 1456 1557 singulis
1483 1514 1578 1548 valvis
1599 1522 1629 1549 et
1648 1516 1716 1550 acie
1736 1517 1910 1561 praedictis
1929 1517 2023 1553 affixo

1271 1574 1301 1601 et
1321 1568 1464 1602 dimisso.

1316 1622 1331 1665 ἓ
1356 1621 1387 1654 6.
1410 1622 1539 1662 Verum,
1563 1622 1638 1666 quia
1659 1623 1786 1657 difficile
1806 1624 1889 1658 toret
1907 1630 1965 1660 etc.

1316 1675 1402 1709 Nulli
1424 1686 1499 1718 ergo
1520 1680 1576 1709 etc.

1318 1730 1432 1762 Datum
1452 1729 1572 1762 Romae
1592 1730 1730 1773 apud'S.
1767 1730 1911 1772 Petrum,
1942 1742 2028 1766 anno

1276 1781 1507 1815 lucarnationis
1527 1782 1707 1816 dominicae
1728 1783 1900 1817 millesimo
1932 1784 2028 1828 quin-

1277 1835 1453 1879 gentesimo
1492 1835 1726 1879 septuagesimo
1760 1836 1865 1879 primo
1883 1863 1891 1878 ,
1927 1837 2031 1881 pridie

1279 1889 1349 1922 idus
1359 1889 1560 1933 septembris,
1573 1889 1780 1933 pontificatus
1786 1890 1886 1924 nostri
1894 1901 2028 1926 annovt.

1327 1947 1390 1977 Dat.
1411 1947 1457 1978 die
1477 1947 1514 1977 12
1529 1951 1602 1988 sept.
1617 1947 1704 1985 1571,
1726 1947 1830 1988 pontif.
1848 1957 1926 1978 anno
1937 1957 1977 1980 vi.

1614 2109 1696 2150 CCV.

1285 2194 1445 2233 Quomodo
1460 2193 1509 2225 rei
1523 2193 1558 2225 in
1571 2193 1809 2226 contumaciam
1820 2193 2036 2234 condemnati,

1329 2251 1358 2279 ec
1393 2246 1483 2288 infru
1508 2257 1634 2279 αηηιι-ηι
1654 2247 1752 2289 capti,
1775 2246 1972 2279 admittendi
1990 2247 2039 2280 vel

1332 2310 1395 2332 non
1415 2300 1613 2333 admittenda*
1636 2300 1702 2332 sint
1723 2292 1767 2332 ad
1788 2299 1988 2341 defensiones
2007 2299 2035 2333 ¹.

1418 2380 1480 2409 Pius
1494 2381 1564 2416 rapa
1579 2380 1608 2413 V,
1624 2381 1700 2408 motu
1714 2380 1834 2416 proprio.
1856 2381 1911 2409 etc.

1334 2454 1348 2496 ἓ
1367 2453 1398 2486 ’1.
1421 2452 1547 2485 Dudum
1569 2457 1739 2496 postquam
1767 2451 1868 2486 felicis
1891 2439 2040 2485 recorda-

1291 2505 1385 2539 tionis
1403 2506 1479 2539 Pius
1495 2506 1580 2550 Papa
1600 2506 1648 2546 IV,
1670 2505 1819 2550 praedec.
1841 2509 1962 2544 noster,
1981 2515 2043 2538 cu·-

1329 2572 1339 2598 l
1361 2572 1400 2602 Ex
1415 2571 1478 2599 edit.
1498 2572 1570 2608 typis
1585 2572 1665 2599 Bladi.

2009 189 2059 215 An.
2076 188 2105 215 C.
2125 187 2190 214 ¹57¹

1241 245 1373 283 spectat,
1398 240 1428 272 in
1449 240 1564 273 virtute
1584 246 1712 274 sanctae
1732 241 1934 274 obedientiae
1964 247 1994 274 et.
2008 249 2073 270 etates
2089 272 2092 273 ⁷
2109 248 2194 269 litter·-

2009 280 2100 308 desupet·
2107 284 2150 299 non
2160 283 2194 298 οι-

2010 311 2105 337 pediam.

2048 521 2161 542 Decretum
2176 520 2202 540 ti·-

2019 554 2094 574 rimus.

2049 732 2159 753 Cluusulae
2170 732 2206 752 de-

2024 764 2152 790 rogatorias.

2053 946 2127 968 Forma
2143 945 2210 974 publi-

2026 979 2086 1001 cundi
2095 979 2148 999 hauc
2159 983 2210 998 oon-

2027 1010 2166 1031 stitutionem.

2072 1622 2224 1648 Transumpto-

2041 1660 2085 1676 rum
2101 1653 2160 1674 lidos.
