2237 3100
559 229 624 265 986
1103 234 1251 260 BULLARII
1272 235 1391 260 nonam

570 293 602 326 in
617 292 734 336 quibus
755 291 987 335 professionem
1015 289 1060 321 illi
1082 290 1276 331 emiserunt,
1301 288 1365 323 6⁶23
1384 300 1415 321 a.
1443 288 1562 321 Eorum
1584 288 1752 329 coenobia,
1773 288 1804 321 in
1824 295 1961 333 utraque
1981 287 2028 322 Si-

569 346 642 378 cilia
663 345 863 389 praesertim,
887 343 925 375 ad
956 343 1120 375 interitum
1147 348 1335 388 properant,
1359 342 1423 375 813
1444 354 1474 375 α.
1500 342 1573 374 Pius
1594 341 1728 383 igiturV
1751 342 1895 375 decernit
1913 353 2025 376 mona-

569 399 663 432 steria
682 398 802 435 omnia,
830 397 926 429 ctiam
948 398 1174 430 commendata
1201 402 1232 430 et
1251 397 1340 429 unita
1362 402 1392 429 et
1411 398 1450 429 de
1472 396 1716 439 iurepatronatu
1739 395 1915 436 laicorum,
1937 396 2025 429 refici

570 457 601 484 et
620 452 658 484 ad
685 450 823 483 debitam
846 450 1029 482 clausuram
1051 450 1175 490 reduci,
1198 450 1263 483 8114
1283 461 1315 486 a:
1341 460 1514 482 numerum
1537 459 1717 490 congruum
1740 449 1976 481 monachorum
1993 450 2025 482 in

569 505 614 537 eis
634 503 770 542 restitui,
794 503 889 539 ibat..-
907 504 945 535 ad
975 503 1119 536 divinum
1141 504 1265 536 cultum
1286 509 1314 536 et
1337 502 1551 536 monasticum
1574 513 1666 535 usum
1684 501 1874 535 necessariis
1898 501 2024 542 instrui,

569 558 664 595 z'b17d.‚·
685 557 792 589 divina
808 556 953 600 quotidie
968 557 1138 595 celebrari,
1160 558 1258 597 ibide
1279 568 1423 591 mensam
1445 557 1690 590 conventualem
1701 561 1731 589 et
1744 557 1963 600 eleemosynas
1975 566 2026 589 re-

567 610 776 650 stitiii,1'b27d.;
795 609 894 642 libros
908 620 1016 642 sacros
1036 610 1161 650 haberi,
1180 610 1463 647 ibid.;novitiat,us
1485 609 1649 649 constitui,
1666 610 1745 642 ibid.
1767 610 1798 651 b,·
1811 615 2027 643 conventuum

569 662 727 703 aedificia,
743 668 800 695 etc.
824 663 862 695 ad
884 669 1003 695 certam
1026 663 1161 696 sormam
1183 664 1306 704 reduci,
1330 664 1426 702 2‘be'd.‚·
1446 663 1637 697 mulieribus
1657 664 1838 706 ingressum
1859 663 2026 706 denegari,

567 716 664 757 ibid,
684 727 846 749 carcerem
873 717 1015 749 construi
1038 718 1076 749 ad
1106 718 1340 750 monachorum
1369 717 1613 757 coercitionem,
1636 718 1714 750 ibid.
1733 729 1744 757 ,·
1769 718 1950 751 inventaria
1968 719 2027 751 ho-

568 780 684 803 norum
705 776 733 803 et
755 770 991 814 scripturarum
1018 771 1146 811 confici,
1169 772 1247 804 ibid.
1266 783 1275 809 ,·
1305 771 1499 804 monasteria
1519 782 1584 803 non
1607 776 1673 804 tuta
1693 772 1730 804 ad
1752 772 1848 804 urbes
1868 771 2026 812 trasserri,

568 824 633 858 815
657 836 691 865 a:
710 825 909 858 visitationes
929 825 1064 858 sollicite
1093 832 1123 858 ct
1149 827 1327 870 prudenter
1352 827 1434 861 lieri,
1461 826 1679 859 visitatoribus
1707 832 1814 859 autem
1846 826 2027 860 necessaria

567 878 817 917 subministrari,
834 880 929 919 ‘iham
948 879 1242 913 commendatarios
1258 879 1338 912 nibil
1355 880 1393 912 de
1410 880 1505 912 rebus
1525 880 1564 912 ad
1586 881 1818 913 monachorum
1835 880 1952 913 victum
1974 891 2029 913 ne—

568 931 714 965 cessariis
727 932 896 965 detrahere
908 942 1013 976 posse,
1026 933 1072 965 vel
1085 943 1197 965 eorum
1211 944 1382 966 numerum
1394 933 1553 973 minuere,
1565 934 1611 965 vol
1625 934 1753 966 cosdem
1763 933 1891 974 eiicere,
1905 934 1983 967 ibid.
1996 935 2028 974 b;

569 985 694 1017 tertiam
710 991 761 1017 aut
775 991 923 1029 quartam
939 991 1063 1029 partem
1076 986 1262 1019 reddituum
1278 987 1435 1029 cuiusque.
1456 986 1655 1026 monasterii,
1674 987 1705 1019 in
1718 987 1786 1019 eius
1803 986 2026 1028 resectionem,

569 1049 669 1082 caque
690 1040 844 1082 perfecta,
867 1039 1028 1082 reliquum
1051 1042 1135 1072 iuxta
1153 1039 1327 1073 concilium
1342 1040 1564 1073 Tridentinum
1584 1040 1710 1083 exponi,
1731 1041 1829 1081 ibid.;
1846 1040 2026 1073 archivium

574 1091 605 1124 in
627 1098 785 1125 conventu
807 1092 951 1125 Cistcrcii
984 1093 1149 1133 constitui,
1173 1098 1204 1125 et
1224 1093 1268 1126 ibi
1290 1093 1383 1126 index
1404 1093 1564 1126 bonorum
1591 1093 1825 1137 cuiuscumque
1855 1098 2029 1127 conventus

567 1145 657 1187 poni,
681 1145 777 1186 z'bz'd.;
795 1145 959 1188 privilegia
980 1146 1087 1189 quoad
1100 1146 1334 1190 proprietatem
1356 1146 1445 1179 irrita
1466 1157 1647 1187 remanere,
1665 1146 1772 1180 8160.
1793 1147 1826 1179 V.
1841 1147 2026 1190 aeg-utares.

479 1198 628 1232 Civitates
647 1203 677 1231 et
701 1199 771 1232 loca
797 1198 828 1232 S.
852 1199 888 1232 R.
917 1199 1089 1240 Ecclesiae,
1114 1205 1178 1232 tam
1204 1201 1273 1243 lege
1293 1200 1439 1243 vectigali
1461 1200 1500 1232 ad
1527 1200 1645 1233 tributa
1662 1201 1801 1233 alienata
1824 1206 1852 1233 et
1875 1201 2024 1234 devoluta

568 1262 665 1295 quam
686 1252 857 1285 alienanda
871 1259 900 1286 et
921 1253 1128 1293 devolvenda,
1152 1260 1345 1287 censeantur
1363 1253 1433 1297 ipso
1455 1254 1524 1286 inre
1549 1254 1622 1286 Sodi
1651 1254 1854 1297 Apostolicae
1875 1254 2028 1298 incorpo-

569 1312 648 1347 rata,
663 1305 727 1339 560
740 1307 767 1338 b.
785 1305 962 1339 prohibitio
984 1307 1022 1339 do
1043 1313 1150 1341 cetero
1164 1318 1203 1340 ne
1224 1307 1279 1340 illa
1299 1308 1406 1340 locum
1433 1308 1584 1345 habeant,
1601 1307 1660 1341 561
1686 1319 1716 1340 α.
1741 1309 1915 1341 Revocatio
1932 1308 2029 1352 privi-

567 1359 725 1401 legiorum
747 1359 786 1391 de
813 1359 874 1391 illis
900 1360 1108 1393 meliorandis
1129 1367 1157 1393 et
1181 1361 1357 1393 retinendis
1385 1372 1487 1404 usque
1509 1361 1547 1393 ad
1574 1372 1786 1404 expensarum
1808 1361 2028 1402 resectionem,

570 1413 648 1445 ibid.
665 1413 693 1445 b.
713 1413 939 1446 Iusiurandum
962 1415 1190 1457 praestandum
1204 1426 1222 1447 a
1242 1414 1460 1447 cardinalibus
1477 1420 1505 1448 et
1528 1426 1544 1447 a
1565 1414 1720 1448 Pontifice
1736 1416 1838 1449 electo
1859 1415 1898 1448 de
1918 1415 2030 1449 obser-

566 1465 676 1498 vandis
692 1466 890 1509 praemissis,
918 1466 982 1499 569.
1003 1468 1032 1500 b.

476 1517 603 1552 Clareni
623 1518 749 1552 fratres.
780 1519 811 1552 V.
840 1519 1003 1553 Francisci
1024 1520 1086 1564 (S.)
1110 1521 1150 1553 de
1174 1521 1293 1554 Assisio
1318 1521 1446 1554 fratres.

479 1571 594 1605 Clerici
615 1573 779 1616 coniugati
800 1573 832 1605 in
853 1573 966 1606 habitu
989 1575 1129 1608 clericali
1157 1580 1188 1607 et
1208 1581 1342 1608 tonsura
1369 1574 1519 1609 incedere
1539 1580 1692 1609 tenentur
1711 1576 1744 1608 in
1764 1576 1951 1620 principatu
1970 1575 2030 1610 Ca-

568 1626 707 1660 taloniae
723 1627 859 1670 aliisque
881 1628 1104 1661 adiacentibus
1124 1629 1310 1672 provinciis,
1333 1629 1397 1662 6020
1416 1640 1450 1667 a,-
1470 1629 1588 1673 quibus
1612 1630 1852 1663 conditionibus
1871 1630 2031 1673 gaudeant

571 1680 737 1724 privilegio
752 1680 827 1720 fori,
842 1681 917 1713 ibid.
937 1682 965 1713 b.
989 1682 1105 1715 Clerici
1126 1694 1161 1715 ea
1181 1683 1363 1715 laborantes
1382 1683 1626 1723 incontinentia,
1646 1695 1728 1728 quae
1750 1689 1861 1717 contra
1881 1689 2030 1718 naturam

569 1740 628 1775 est,
651 1734 815 1777 quomodo
837 1736 1021 1775 coercendi,
1052 1735 1115 1769 703
1135 1748 1165 1769 ιι.
1190 1736 1303 1769 Clerici
1325 1738 1506 1770 saeculares
1527 1738 1692 1781 quomodo
1713 1738 1752 1770 ad
1773 1749 1880 1771 sacros
1901 1738 2030 1772 ordines

569 1788 778 1832 promovendi
795 1789 907 1821 statuit
927 1789 1102 1822 concilium
1119 1790 1357 1831 Tridentinum,
1381 1789 1444 1823 7⁰23
1464 1791 1492 1823 b.
1512 1791 1586 1823 Pius
1599 1791 1621 1823 V
1642 1791 1809 1824 decretum
1830 1791 1972 1825 extendit
1991 1792 2031 1825 ad

571 1842 733 1885 regulares
754 1847 782 1874 et
804 1843 997 1883 saeculares,
1021 1854 1109 1876 more
1131 1844 1357 1887 religiosorum
1378 1844 1409 1876 in
1432 1844 1596 1877 communi
1617 1844 1768 1883 viventes,
1791 1845 1886 1885 ibid.;
1900 1855 2033 1888 promo-

572 1895 675 1928 tiones
695 1895 788 1928 aliter
809 1896 906 1928 factas
928 1902 1042 1937 cassat,
1058 1896 1122 1929 724
1142 1908 1171 1929 α.
1188 1897 1303 1930 Clerici
1325 1897 1356 1930 in
1378 1897 1627 1941 congregatione
1647 1898 1797 1938 viventes,
1817 1898 1954 1931 solemni
1973 1898 2032 1932 Re-

570 1949 699 1991 ligionis
719 1954 792 1982 voto
812 1948 920 1990 soluti,
947 1950 1005 1982 tria
1026 1950 1250 1984 substantialia
1269 1956 1341 1983 vota
1366 1951 1513 1983 emittere
1536 1956 1685 1984 tenentur
1700 1951 1759 1983 sub
1779 1951 1887 1994 aliqua
1909 1951 2031 1995 Regula

574 2002 763 2046 approbata,
795 2001 858 2035 725
887 2015 916 2035 α.
948 2002 1264 2037 Contravenientium
1300 2015 1440 2048 poenae,
1473 2005 1550 2037 ibid.
1575 2005 1603 2037 b.
1633 2005 1666 2037 V.
1690 2005 1799 2048 Spolia
1824 2005 2029 2038 clericorum.

484 2055 663 2098 Collegium
683 2055 913 2099 deputatorum
931 2056 1069 2089 fabricae
1097 2056 1129 2090 S.
1156 2056 1240 2092 Petri
1260 2057 1299 2090 de
1317 2058 1401 2091 Urbe
1429 2058 1614 2091 facultatem
1635 2058 1759 2091 obtinet
1777 2070 1795 2092 a
1823 2058 1878 2092 Pio
1898 2058 1935 2091 IV
1955 2069 2032 2092 exe-

573 2108 693 2153 quendi
706 2108 759 2152 pia
780 2109 893 2151 legata,
909 2110 1097 2143 tabelliones·
1119 2111 1254 2154 cogendi
1270 2111 1309 2143 ad
1327 2111 1558 2154 porrigendum
1573 2112 1735 2155 exemplar
1746 2116 2025 2152 testamentorum,

578 2167 649 2207 post
668 2173 790 2195 annum
814 2173 830 2195 a
852 2162 903 2195 die
924 2163 1030 2196 obitus
1054 2164 1224 2204 testatoris,
1243 2164 1346 2197 soluta
1367 2164 1412 2197 eis
1432 2164 1540 2198 debita
1561 2165 1721 2205 mercede,
1743 2163 1861 2205 alit-ln
1932 2190 1933 2193 η
1969 2164 2014 2198 mi

575 2216 666 2249 nistri
687 2215 842 2249 ecclesiae
870 2216 901 2249 S.
925 2216 1040 2249 Mariae
1062 2218 1260 2251 Lauretanae
1290 2218 1394 2261 legata
1414 2218 1540 2261 exigere
1567 2218 1798 2261 neglexissent,
1816 2218 1849 2251 in
1871 2217 1891 2251 d
1937 2217 1998 2251 'tor

576 2270 634 2302 rite
655 2269 811 2314 procedit,
834 2269 898 2303 659
918 2270 935 2302 b
956 2275 986 2302 et
1004 2281 1065 2313 seq.
1082 2271 1282 2305 Tabelliones
1303 2271 1405 2314 legata
1426 2271 1624 2305 denuncient
1650 2271 1841 2305 officialibus
1861 2271 1998 2305 ecclesia

577 2322 640 2356 660
660 2335 691 2356 α.
714 2323 774 2362 Qui
795 2334 832 2355 ea
852 2327 1000 2356 accurate
1016 2324 1188 2368 descripta,
1202 2325 1336 2367 singulis
1354 2325 1528 2366 mensibus,
1544 2325 1752 2368 gubernatori
1778 2325 2030 2366 communicent,

577 2377 655 2409 ibid.
679 2377 709 2410 b.
731 2376 909 2419 Collegium
940 2376 1020 2409 nihil
1047 2377 1185 2411 fabricae
1210 2379 1249 2411 dc
1279 2378 1464 2412 huiusmodi
1490 2379 1604 2421 legatis
1631 2379 1809 2419 adiudicat,
1838 2379 1899 2413 nisi
1919 2378 2033 2423 probet

577 2429 798 2463 ministrorum
819 2429 974 2463 ecclesiae
1004 2431 1199 2465 Lauretanae
1231 2433 1477 2475 negligentiam,
1514 2432 1573 2465 661
1605 2444 1638 2473 a,
1659 2443 1770 2466 omnes
1791 2437 1973 2466 contractus
1993 2432 2033 2465 de

578 2484 669 2516 bonis
689 2484 900 2516 ecclesiarum
925 2484 1106 2517 examinare
1123 2486 1233 2528 possit,
1257 2487 1474 2530 ecclesiasque
1495 2486 1527 2518 in
1552 2498 1609 2519 sua
1641 2487 1711 2519 iura
1731 2486 1887 2526 restituat,
1908 2485 2033 2525 addicta

580 2538 717 2571 fabricae
738 2539 830 2571 tertia
850 2539 1035 2572 huiusmodi
1055 2540 1216 2572 bonorum
1241 2547 1342 2585 parte,
1377 2552 1475 2584 quam
1495 2541 1636 2574 alienare
1657 2541 1772 2582 valeat,
1800 2540 1864 2575 733
1883 2542 1900 2574 b
1920 2546 1950 2574 et
1969 2551 2029 2584 seq.

577 2590 662 2623 Duae
677 2592 852 2624 sententiae
874 2603 931 2636 pro
956 2592 1074 2625 fabrica
1096 2603 1162 2626 rem
1191 2594 1362 2629 iudicatam
1385 2596 1596 2635 constituunt,
1618 2601 1648 2627 et
1668 2595 1923 2639 appellationum
1942 2604 2031 2628 coni-

577 2643 743 2679 missiones
762 2651 933 2680 censentur
952 2646 1092 2690 signatae
1122 2658 1197 2680 oum
1219 2649 1361 2684 clausula
1396 2649 1466 2682 siue
1481 2648 1684 2693 praeiudicio
1705 2649 1926 2684 eaeecutionum
1953 2648 2033 2683 dua-

2228 2759 2237 2786 <t
