2237 3100
511 229 601 265 1014
1090 234 1236 259 animan
1266 233 1383 258 nonani

553 290 717 325 tentiarios
737 289 874 332 eligendi
890 294 919 323 et
935 287 1134 328 removendi,
1156 286 1235 319 ibid.
1258 286 1290 325 b;
1303 296 1402 330 super
1421 296 1534 319 eorum
1556 285 1698 320 moribus
1718 286 1914 331 inquirendi,
1928 287 2007 321 ibid.

553 345 648 378 AEdes
681 343 852 388 praedictis
879 352 1062 381 concessae,
1088 341 1167 373 ibid.
1194 339 1336 373 Provisio
1361 350 1420 384 pro
1446 339 1636 373 eorumdem
1661 340 1892 373 sustentatione
1913 351 2011 384 super

554 396 698 442 pecuniis
716 406 799 440 quae
815 394 845 427 in
857 395 964 427 officio
984 394 1164 427 Datariatus
1184 393 1404 437 reperiuntur,
1415 392 1476 426 705
1491 403 1522 425 a.
1536 393 1582 425 Ad
1599 393 1828 426 sublevandam
1844 392 2010 427 Cameram

552 450 780 496 Apostolicam,
804 459 862 492 pro
882 448 957 481 dote
971 448 1018 481 eis
1037 447 1219 491 assignatur
1239 447 1471 480 monasterium
1492 446 1523 479 S.
1546 447 1663 479 Mariae
1683 447 1880 480 Macularum
1900 447 2011 491 oppidi

551 504 582 538 S.
595 503 731 542 Genesii,
744 501 947 545 706betscq.
960 500 1229 534 Poenitentiariae
1240 505 1270 534 et
1281 500 1559 533 Contradictarum
1578 500 1744 541 officiales,
1758 500 1812 544 qui
1831 499 1863 532 in
1880 500 2011 544 dispen-

551 556 728 590 sationibus
743 554 1036 588 matrimonialibus
1050 554 1215 587 veritatem
1227 564 1291 586 non
1301 553 1499 597 exprimunt,
1511 563 1614 597 poena
1626 553 1694 586 falsi
1709 553 1900 597 puniuntur,
1908 552 1971 586 732
1980 553 2009 586 b.

551 608 722 643 Revocatio
733 608 922 641 facultatum
934 607 1213 647 Poenitentiariae,
1227 606 1289 640 747
1299 607 1328 640 b.
1339 606 1560 645 Quorumdam
1571 606 1760 640 officialium
1772 606 1905 648 amotio,
1917 611 2014 650 atque

550 661 688 695 aliorum
716 661 903 706 deputatio,
931 671 1070 705 quorum
1094 660 1200 694 officia
1224 660 1398 693 vendibilia
1422 660 1502 701 sint,
1530 660 1608 692 ibid.
1633 665 1664 693 et
1687 670 1750 704 seq.
1781 659 1956 699 Qualitates
1980 659 2013 693 in

550 714 665 748 maiori
684 715 936 759 poenitentiario
959 715 1094 758 eiusque
1121 713 1315 747 officialibus
1336 713 1560 757 requirendae,
1582 712 1646 746 748
1675 724 1705 746 a.
1733 713 1964 746 Procuratores
1982 718 2014 747 et

549 768 723 812 scriptores
743 778 808 802 non
829 768 1052 808 admittantur,
1079 767 1141 800 nisi
1159 767 1298 801 examini
1319 767 1544 807 subiiciantur,
1566 767 1645 800 ibid.
1668 767 1697 800 b.
1724 766 1883 800 Officiales
1902 777 1961 811 per
1979 777 2013 801 se

551 822 637 866 ipsos
660 828 842 862 exerceant,
865 822 943 855 ibid.
965 821 1117 865 Regentis
1144 821 1301 863 officium,
1323 821 1402 854 ibid.
1426 821 1575 854 Materiae
1590 820 1773 854 dividantur
1793 820 1878 854 inter
1896 830 2012 865 procu-

551 882 673 910 ratores
707 882 737 910 et
768 877 954 921 scriptores,
974 876 1038 909 749
1063 887 1094 909 α.
1122 875 1319 909 Correctoris
1344 875 1574 918 etsigillatoris
1597 874 1754 915 officium,
1777 875 1856 908 ibid.
1878 875 1940 908 Pro
1960 874 2013 908 lit-

551 936 692 963 terarum
714 930 919 975 expeditione
938 930 1020 963 nihil
1044 930 1197 970 solvatur,
1223 928 1475 963 ibid.Osficiales
1496 929 1671 972 quotannis
1686 929 1905 962 iuramentum
1922 939 2015 973 prae-

549 988 646 1024 stent,
667 984 746 1017 ibid.
779 985 806 1017 b.
834 983 1094 1017 Inobedientium
1124 993 1261 1027 poenae,
1292 983 1369 1015 ibid.
1402 982 1583 1015 Nonnullae
1613 981 1744 1015 maioris
1773 981 2012 1026 poenitentiarii

551 1036 685 1080 eiusque
706 1038 928 1071 ministrorum
945 1037 1112 1070 facultates
1132 1036 1327 1077 limitantur,
1345 1035 1409 1069 750
1433 1046 1464 1068 α.
1488 1036 1588 1068 Maior
1607 1035 1875 1079 poenitentiarius
1900 1046 2013 1069 omnes

549 1090 713 1125 absolvere
738 1096 843 1136 potest
857 1091 889 1124 in
910 1092 979 1124 foro
994 1090 1222 1131 conscientiae,
1238 1090 1317 1123 ibid.
1336 1090 1374 1132 b,
1392 1089 1509 1134 quibus
1530 1088 1563 1121 in
1588 1089 1713 1122 casibus
1733 1089 1914 1122 Romanum
1933 1089 2013 1123 Pon-

552 1143 670 1178 tificem
695 1145 810 1178 debeat
838 1146 1020 1185 consulere,
1045 1144 1104 1178 751
1134 1155 1153 1177 α
1173 1149 1204 1177 et
1228 1144 1261 1183 bg
1285 1143 1324 1176 ad
1354 1142 1525 1186 dignitates
1545 1148 1577 1175 et
1600 1142 1757 1176 beneficia
1778 1142 1918 1176 habilem
1942 1143 2015 1177 red.

550 1197 627 1231 dere
647 1203 751 1242 potest
771 1198 803 1231 in
828 1199 897 1231 soro
923 1197 1135 1237 concientiae,
1156 1197 1235 1230 ibid.
1241 1208 1253 1238 ;
1273 1196 1379 1240 quoad
1404 1200 1567 1230 contracta
1588 1195 1794 1230 matrimonia
1813 1207 1831 1229 a
1850 1196 2014 1232 nonnullis

550 1250 791 1295 impedimentis
815 1251 1013 1296 dispensare,
1033 1251 1111 1284 ibid.
1122 1262 1134 1291 ,·
1164 1251 1328 1284 absolvere
1342 1250 1381 1283 ab
1402 1248 1735 1283 excommunicatione
1755 1250 2016 1298 etsuspensione‚

552 1304 630 1338 ibid.
653 1305 685 1345 b;
705 1311 777 1338 vota
789 1311 1002 1345 commutare,
1021 1304 1100 1337 ibid.
1106 1315 1118 1345 ,·
1138 1303 1236 1337 dubia
1246 1304 1286 1337 ad
1301 1304 1406 1336 sorum
1421 1303 1652 1348 poenitentiale
1667 1302 1863 1347 pertinentia
1878 1303 2014 1346 solvere,

550 1358 647 1399 ibid.;
673 1359 712 1392 de
734 1359 816 1392 male
840 1359 955 1392 ablatis
979 1358 1027 1391 vel
1047 1357 1145 1391 dubie
1165 1358 1298 1390 retentis
1319 1357 1496 1398 absolvere,
1517 1356 1596 1390 ibid.

461 1410 625 1445 Pontificis
660 1412 785 1445 Maximi
812 1413 928 1446 electio
948 1413 989 1446 ad
1014 1411 1193 1445 cardinales
1213 1421 1278 1444 non
1303 1411 1342 1444 ad
1364 1410 1539 1444 concilium
1560 1415 1697 1455 spectat,
1718 1411 1844 1445 etiarnsi
1866 1416 2014 1455 tempore

550 1465 677 1498 concilii
693 1465 751 1498 PP.
766 1466 856 1499 obire
877 1464 1132 1509 contingat,143
1143 1475 1178 1505 a;
1189 1476 1284 1508 quam
1308 1469 1432 1497 mature
1452 1464 1523 1498 fieri
1533 1465 1660 1505 debeat,
1674 1463 1739 1498 230
1751 1465 1780 1498 b.
1800 1464 1911 1498 Plures
1930 1464 2014 1498 Pon-

554 1518 654 1552 tifices
676 1519 824 1563 providas
844 1519 906 1552 hac
925 1519 964 1552 de
991 1530 1024 1552 re
1050 1519 1296 1552 constitutiones
1317 1518 1501 1558 ediderunt,
1525 1517 1584 1551 231
1610 1529 1641 1551 α.
1664 1517 1739 1551 Pius
1763 1518 1800 1551 IV
1824 1517 1936 1552 statuit
1953 1528 2009 1553 car

550 1571 674 1606 dinales
697 1573 846 1606 absentes
872 1574 985 1607 decem
1007 1572 1119 1606 diebus
1141 1572 1302 1616 expectari
1328 1572 1457 1612 debere,
1480 1577 1511 1605 et
1536 1570 1665 1604 interim
1686 1582 1801 1605 novem
1822 1572 1936 1605 diebus
1955 1572 2012 1606 de-

550 1626 660 1659 functo
670 1626 817 1660 Pontitici
831 1627 980 1670 exequias
998 1626 1080 1666 fieri,
1098 1626 1195 1665 ibid.,·
1213 1626 1330 1670 elapsis
1340 1626 1452 1659 decem
1469 1625 1594 1665 diebus,
1616 1625 1797 1658 cardinales
1813 1631 2010 1670 praesentes,

551 1678 711 1712 celebrata
732 1679 827 1712 missa
846 1679 984 1724 Spiritus
1005 1679 1125 1719 Sancti,
1148 1679 1298 1712 conclave
1314 1679 1439 1722 ingredi
1456 1683 1487 1711 et
1506 1677 1657 1711 electioni
1670 1677 1872 1719 incumbere,
1887 1678 1966 1711 ibid.
1980 1678 2013 1719 b;

551 1731 676 1775 ingredi
697 1733 843 1766 nolentes
867 1733 914 1766 vel
930 1734 1051 1776 absque
1072 1733 1154 1766 iusta
1174 1744 1286 1765 caussa
1305 1733 1493 1766 recedentes
1517 1742 1654 1776 poenam
1675 1743 1693 1765 a
1715 1731 1847 1775 Greg.X
1861 1737 2012 1766 statutam

551 1784 727 1827 incurrere,
755 1787 851 1826 ibid.;
876 1786 1056 1819 cardinales
1077 1791 1272 1830 praesentes,
1292 1786 1324 1818 in
1338 1785 1480 1819 conclavi
1500 1785 1548 1818 vel
1565 1791 1665 1825 extra,
1687 1785 1876 1818 Pontificem
1894 1784 2014 1828 eligere

551 1849 656 1883 posse,
678 1840 777 1884 lapsis
797 1840 891 1873 dietis
906 1840 1018 1873 decem
1039 1840 1164 1881 diebus,
1185 1839 1248 1872 232
1266 1851 1297 1872 a.
1319 1839 1452 1882 Collegii
1475 1838 1690 1872 cardinalium
1707 1839 1851 1880 facultas,
1870 1839 1953 1873 Sede
1965 1849 2015 1872 va-

551 1898 654 1933 cante,
671 1893 750 1926 ibid.
773 1893 848 1926 Tres
874 1893 1051 1926 cardinales
1068 1898 1095 1926 et
1118 1893 1327 1933 camerarius,
1352 1898 1497 1936 tempore
1516 1892 1704 1933 vacationis,
1727 1897 1935 1926 occurrentes
1956 1902 2014 1925 ne-

551 1946 712 1979 cessitates
738 1946 874 1989 collegio
893 1952 1077 1990 proponunt
1101 1952 1132 1979 et
1156 1946 1316 1979 conclavis
1336 1945 1463 1989 negotia
1483 1951 1609 1986 curant,
1632 1945 1711 1978 ibid.
1730 1946 1759 1978 b.
1777 1945 1920 1984 Quorum
1940 1945 2012 1978 offi-

552 1999 638 2032 cium
658 2000 803 2043 quolibet
824 2006 914 2033 terno
939 2000 991 2033 die
1012 2006 1125 2041 cessat,
1153 2000 1298 2042 illudque
1318 1999 1372 2032 alii
1403 2005 1466 2033 tres
1496 1999 1558 2032 alio
1580 1999 1688 2032 triduo
1707 2004 1869 2040 exercent,
1892 1998 1957 2032 233
1977 2010 2009 2032 α.

550 2052 736 2093 Camelarii,
752 2053 993 2097 poenitentiarii
1014 2064 1193 2097 eorumque
1213 2053 1414 2094 officialium,
1437 2052 1519 2086 Sede
1538 2058 1682 2093 vacante,
1693 2057 1846 2096 potestas,
1868 2052 1946 2085 ibid.
1965 2051 2014 2086 Of-

551 2107 624 2140 ficia
643 2107 771 2148 datarii,
795 2107 1009 2140 cardinalium
1026 2113 1056 2140 et
1076 2108 1294 2152 praelatorum
1323 2106 1513 2150 Signaturac
1533 2106 1653 2149 gratiae
1675 2111 1705 2139 et
1729 2105 1881 2147 iustitiae,
1908 2110 2014 2139 morte

551 2159 714 2193 Pontificis
735 2161 980 2204 conquiescunt,
1010 2161 1087 2193 ibid.
1116 2161 1145 2193 b.
1173 2159 1454 2194 Conclavis'cellae
1481 2165 1568 2193 sorte
1593 2160 1842 2201 distribuuntur,
1862 2159 1949 2192 ibid.
1977 2159 2013 2192 In

552 2223 590 2247 eo
610 2213 729 2247 morari
749 2214 870 2247 nemini
890 2214 976 2255 licet,
994 2214 1073 2247 ibid.
1092 2213 1248 2247 Conclave
1268 2225 1285 2246 a
1301 2213 1520 2246 cardinalibus
1541 2212 1702 2257 deputatis
1718 2212 1874 2253 visitatur,
1896 2211 1962 2245 234
1978 2223 2011 2246 a.

552 2266 736 2300 Cardinales
749 2278 813 2300 non
834 2267 953 2300 infirmi
974 2267 1055 2300 duos
1069 2267 1241 2300 servientes
1262 2267 1381 2300 habere
1401 2272 1548 2311 possunt;
1562 2266 1695 2307 infirmi,
1709 2271 1773 2299 tres
1783 2265 1822 2299 ad
1832 2276 2010 2307 summum,

554 2320 631 2354 ibid.
654 2320 872 2354 Conclavistae
892 2331 910 2354 a
938 2321 1156 2354 cardinalibus
1180 2321 1413 2365 approbantur,
1436 2321 1514 2353 ibid.
1542 2320 1626 2360 Quot
1651 2325 1682 2353 et
1706 2319 1816 2363 quales
1846 2318 2012 2352 communi

553 2379 820 2418 congregatorum
831 2374 1044 2407 cardinalium
1065 2374 1194 2407 utilitati
1215 2374 1398 2414 servientes,
1411 2373 1490 2407 ibid.
1507 2374 1536 2406 b.
1552 2373 1666 2406 Clauso
1679 2372 1834 2413 conclavi,
1849 2371 2013 2415 colloquia

554 2427 779 2469 prohibentur,
808 2437 934 2460 necnon
963 2427 1170 2471 epistolarum
1196 2427 1243 2459 vel
1272 2427 1439 2470 signorum
1467 2426 1679 2467 transmissio,
1706 2426 1785 2458 ibid.
1815 2424 2011 2469 Sponsiones

554 2490 650 2523 super
669 2480 824 2513 electione
844 2480 1007 2513 Pontificis
1027 2480 1232 2521 damnantur,
1255 2479 1319 2514 235
1333 2491 1364 2512 α.
1387 2479 1573 2513 Cardinales
1593 2479 1689 2512 unico
1710 2478 1831 2512 ferculo
1844 2483 1875 2511 et
1894 2477 1926 2510 in
1937 2486 2012 2522 pro-

555 2531 624 2576 pria
648 2533 728 2566 cella
760 2540 940 2574 vescantur,
963 2533 1041 2566 ibid.
1073 2532 1287 2566 Conclavistae
1311 2533 1511 2566 discedentes
1532 2532 1647 2566 iterum
1683 2542 1748 2565 non
1769 2531 2007 2575 ingrediantur,

556 2585 634 2618 ibid.
656 2585 839 2620 Cardinales
859 2598 923 2620 non
939 2587 1067 2620 diaconi
1088 2587 1127 2620 ad
1153 2587 1335 2630 eligendum
1358 2597 1421 2619 non
1442 2586 1663 2627 admittantur,
1686 2585 1763 2619 ibid.
1787 2585 1816 2618 b.
1838 2584 1924 2624 Quae
1947 2593 2011 2617 ser-

554 2649 628 2672 vare
651 2639 789 2673 debeant
817 2640 981 2683 eligentes,
1005 2639 1082 2674 ibid.
1110 2640 1264 2674 Custodes
1291 2639 1450 2675 conclavis
1475 2641 1515 2674 de
1538 2639 1790 2684 praemissorum
1810 2636 2010 2672 observantia
