2237 3100
43 257 93 285 An.
111 258 140 286 C.
160 258 228 286 ¹567

78 2048 194 2076 septimae,

91 2268 194 2295 Oct-uae,

116 2521 195 2551 Nonne,

918 251 984 283 ruis
1007 259 1026 282 v
1049 259 1096 283 pr.

245 308 383 343 similem
404 310 671 344 examinationem
686 311 927 355 quamprimum
948 312 994 344 fa—

244 363 404 406 ciendam,
427 365 608 408 praefatum
628 366 673 399 lo.
691 365 844 399 idoneum
860 376 926 399 esse
943 376 993 399 re-

244 417 389 461 pereris,
419 429 518 463 super
549 430 613 463 quo
642 424 730 453 tuam
764 418 992 452 conscientiam

243 480 432 513 oneramus,
465 472 690 506 canonicatum
721 478 752 506 et
777 473 992 516 praebendam

244 525 436 568 praedictos,
459 537 534 559 cum
550 526 701 560 omnibus
723 526 854 560 annexis
875 531 906 560 et
925 526 992 570 ple-

243 578 388 613 nitudine
417 579 497 613 iuris
529 581 676 614 canonici
709 592 745 614 ac
766 580 916 614 omnibus
942 580 992 613 iu-

243 631 332 666 ribus
351 638 382 666 et
401 633 601 677 pertinentiis
626 634 808 678 praedictis,
824 634 927 667 eidem
945 634 989 667 lo.

242 687 388 720 conferre
408 692 438 720 et
459 688 497 721 de
520 687 583 721 illis
607 688 701 722 etiam
727 688 893 733 providere
909 688 993 721 dicta

241 741 431 775 auctoritate
447 752 612 786 procures,
628 743 675 776 rel
697 735 863 783 inducens,
881 753 939 786 per
962 748 992 777 te

240 795 289 828 vel
308 795 408 828 alium
430 806 484 829 seu
507 796 600 837 alios,
624 797 729 841 ipsum
754 797 991 841 lo.x·elprocu-

242 853 381 882 ratorem
398 860 493 883 suum
510 850 578 883 eius
594 851 724 883 nomine
740 851 772 884 in
790 851 991 895 corporalem

241 902 476 946 possessionem
505 903 713 937 canonicatus
740 910 769 938 et
789 904 991 947 praebendae

240 966 278 989 ac
293 967 505 997 annexorum,
528 958 715 1002 iuriumque
732 963 762 991 et
786 958 992 1002 pertinentia-

238 1021 312 1043 rum
323 1012 573 1055 praedictarum,
584 1019 613 1045 et
623 1012 797 1046 defendens
813 1012 990 1051 inductum,

239 1070 347 1098 amoto
372 1065 485 1099 exinde
507 1066 651 1110 quolibet
676 1066 854 1107 detentore,
884 1077 920 1099 ae
945 1066 990 1098 fa-

239 1118 327 1152 ciens
346 1119 437 1153 illum
449 1120 497 1153 vel
510 1131 568 1163 pro
585 1131 622 1154 eo
635 1125 879 1164 procuratorem
900 1131 991 1163 prae-

239 1172 360 1206 dictum
371 1174 410 1207 ad
427 1174 642 1218 praebendam
658 1173 845 1208 huiusmodi
860 1173 893 1206 in
908 1173 991 1207 dicta

239 1227 374 1261 ecclesia
385 1228 418 1261 in
429 1228 624 1277 canonicum
635 1228 735 1272 recipi
752 1234 783 1262 et
797 1228 829 1260 in
847 1228 990 1269 fratrem,

237 1281 330 1315 stallo
350 1281 383 1314 in
417 1282 516 1316 choro
537 1288 566 1316 et
587 1283 658 1316 loco
678 1282 711 1315 in
731 1282 872 1327 capitulo
888 1282 990 1316 dictae

238 1335 404 1377 ecclesiae,
424 1347 498 1370 cum
515 1336 594 1370 iuris
610 1336 757 1370 canonici
778 1337 989 1380 plenitudine,

237 1389 416 1433 assignatis,
435 1390 559 1433 sibique
580 1390 618 1423 de
635 1390 843 1424 canonicatus
857 1395 884 1424 et
904 1402 991 1434 prae-

236 1442 360 1476 bendae
380 1454 417 1477 ac
438 1454 635 1477 annexorum
662 1442 852 1477 eorumdem
881 1444 990 1477 fructi-

235 1495 313 1538 hus,
331 1497 526 1539 redditibus,
555 1498 782 1542 proventibus,
814 1498 940 1532 iuribus
960 1503 991 1532 et

236 1550 481 1586 obventionibus
512 1552 668 1586 universis
699 1552 822 1596 integre
856 1563 989 1597 respon-

236 1603 318 1646 deri·‚
342 1605 594 1640 contradictores
621 1610 677 1639 etc..
700 1606 769 1639 Non
791 1606 990 1640 obstantibus

236 1658 405 1699 omnibus,
434 1670 516 1704 quae
541 1660 573 1692 in
598 1659 690 1693 dictis
710 1659 810 1693 literis
829 1660 990 1693 voluimus

236 1723 301 1746 non
322 1713 458 1754 obstare,
480 1714 657 1759 ceterisque
674 1714 843 1748 contrariis
859 1715 989 1758 quibus-

237 1778 390 1812 cumque;
412 1773 468 1802 aut
482 1769 508 1801 si
519 1779 579 1813 pro
595 1774 741 1812 tempore
759 1768 903 1802 existenti
921 1769 989 1813 epi-

234 1832 334 1866 seopo
357 1827 388 1856 et
410 1823 535 1856 dilectis
555 1823 630 1856 filiis
647 1823 788 1867 capitulo
800 1823 834 1856 B.
854 1824 900 1856 vel
917 1823 989 1866 qui-

233 1875 340 1910 busvis
366 1881 439 1918 etc„
470 1877 682 1911 mentionem.
712 1877 861 1910 Ceterum
883 1882 917 1910 tu
943 1883 989 1910 at-

234 1935 321 1964 tente
341 1930 434 1965 isthic
451 1931 694 1975 circumspicias
714 1936 770 1964 etc.
794 1932 862 1964 Dat.
886 1935 942 1964 clc.

323 1984 401 2018 Aliis
431 1990 539 2019 autem
561 1985 798 2030 provisionibus
822 1996 878 2018 seu
900 1995 989 2018 com-

235 2038 362 2072 mendis
381 2039 569 2073 huiusmodi
589 2040 824 2073 beneficiorum
841 2039 918 2072 alias
936 2050 989 2072 va-

236 2093 394 2134 cantibus,
417 2094 479 2127 alia
498 2095 602 2127 forma
621 2094 805 2127 executoria
825 2094 989 2138 concipia-

237 2153 300 2189 tur,
323 2158 405 2191 quae
431 2148 541 2181 literae
562 2154 741 2191 congruant
763 2147 946 2191 principali.

324 2201 478 2235 Similiter
501 2201 631 2245 quando
652 2202 769 2234 vicario
789 2201 838 2234 vel
863 2201 990 2235 officiali

236 2255 400 2299 praedicto
417 2255 603 2289 huiusmodi
623 2257 742 2295 literas,
756 2261 820 2288 tam
830 2266 888 2299 pro
904 2255 990 2299 prin-

236 2309 331 2353 cipali
342 2320 439 2354 quam
450 2320 508 2354 pro
525 2310 721 2349 executoria‚
738 2309 832 2352 dirigi
847 2309 989 2352 contige—

236 2363 297 2405 rit,
329 2364 494 2396 communi
516 2364 560 2397 eis
590 2364 739 2404 formula,
767 2363 896 2397 servatis
921 2363 991 2396 aliis

237 2416 388 2450 omnihus
408 2417 614 2461 supradictis,
636 2417 814 2450 ordinetur.

324 2465 473 2500 Ceterum
499 2466 650 2499 omnibus
670 2465 826 2499 mandatis
846 2466 884 2499 dc
897 2476 989 2510 prae-

236 2514 350 2549 bendis
379 2517 427 2549 rel
471 2516 663 2549 commenda
696 2515 987 2556 monasteriorum,

237 2564 333 2598 etiarn
349 2572 521 2606 reservata,
543 2571 606 2598 tam
631 2566 787 2605 virorum,
801 2576 883 2608 quac
903 2571 990 2598 extra

237 2614 464 2648 consistorium
500 2615 727 2659 expediuntur,
763 2624 860 2659 quam
894 2614 989 2647 etiam

237 2665 411 2699 mulierum
437 2671 526 2698 vetus
551 2666 652 2698 t'orma
680 2663 919 2703 commissaria,
947 2663 988 2697 si-

1679 250 1740 266 Γ-»

1678 262 1742 284 ooo

1036 311 1110 345 cubi
1136 310 1289 352 desuevit,
1312 310 1510 351 restituatur,
1533 321 1570 344 ac
1594 310 1705 345 literae
1731 312 1786 345 de-

1036 376 1134 409 super
1161 365 1371 410 expediantur
1407 375 1481 398 cum
1516 365 1679 398 clausula:
1700 366 1784 410 quod

1036 419 1199 462 delegatus
1216 419 1255 452 de
1275 417 1398 452 meritis
1420 423 1450 451 et
1469 417 1640 451 idoneitate
1657 429 1786 463 promo-

1036 473 1127 506 vendi
1156 484 1188 506 se
1209 473 1371 514 informet,
1398 478 1429 506 et
1448 473 1473 506 si
1494 483 1567 519 eum
1588 473 1627 506 ad
1643 473 1786 515 regimen

1035 532 1065 560 et
1085 527 1393 560 administrationem
1417 527 1603 560 monasterii
1630 527 1786 570 repererit

1036 580 1210 622 idoneum,
1238 581 1466 615 conscientiam
1495 581 1582 615 illius
1606 582 1784 618 onerando,

1034 635 1198 679 provideat
1230 636 1276 668 vel
1311 635 1513 669 commendet
1547 635 1630 668 intra
1658 635 1786 678 triginta

1034 689 1117 729 dics,
1144 695 1177 722 ut
1203 700 1312 733 supra,
1339 695 1369 722 et
1388 689 1526 733 desuper
1546 688 1647 722 forma
1670 699 1785 722 execu-

1034 742 1198 775 torialium
1235 743 1329 776 etiam
1360 744 1578 787 concipiatur,
1605 754 1687 787 quae
1721 743 1786 777 suis

1034 796 1271 840 provisionibus
1292 798 1553 841 correspondeat.

1121 850 1263 893 Denique
1278 850 1309 882 in
1322 850 1397 894 ipsis
1407 851 1617 891 commendis,
1632 857 1701 895 post
1720 862 1786 884 ver-

1033 903 1110 936 bum
1148 904 1298 937 idoneum
1338 906 1492 948 repeteris
1510 932 1517 945 ,
1555 905 1787 938 interserantur

1033 957 1127 990 verba
1166 959 1208 990 cul
1246 961 1476 992 ttzr‘uzuslerz'um
1517 960 1561 992 t’cl
1599 960 1785 1002 beneficium>

1033 1012 1065 1044 in
1089 1013 1309 1046 commendam
1329 1014 1548 1046 obtinendum.

1076 1066 1090 1109 ξ
1112 1066 1142 1099 2,
1166 1066 1313 1100 Volentes
1339 1074 1522 1111 praesentes
1550 1073 1613 1100 tam
1638 1067 1670 1100 in
1698 1067 1782 1101 dicto

1031 1120 1248 1154 Cancellariae
1269 1121 1362 1161 libro,
1383 1121 1555 1165 quinterno
1582 1127 1782 1165 nuncupato,

1032 1185 1128 1217 quam
1154 1175 1249 1207 etiam
1270 1175 1402 1208 Camera
1429 1175 1593 1219 praedicta
1620 1175 1782 1218 registrari

1032 1233 1061 1261 et
1087 1229 1125 1261 ab
1141 1229 1292 1263 omnibus
1312 1229 1537 1263 inviolabiliter
1553 1229 1717 1263 custodiri.
1740 1231 1784 1262 Ac

1032 1283 1242 1317 decernentes
1262 1284 1390 1316 irritum
1410 1289 1467 1317 etc.

1076 1336 1140 1378 ξ3.
1173 1337 1241 1370 Non
1268 1336 1469 1370 obstantibus
1501 1337 1784 1370 constitutionibus

1032 1396 1062 1423 et
1082 1389 1338 1424 ordinationibus
1359 1391 1553 1435 apostolicis,
1568 1390 1638 1423 stilo
1650 1389 1781 1423 Cancel-

1032 1443 1130 1476 lariae
1147 1449 1175 1476 et
1191 1443 1343 1478 Gamerae
1356 1444 1556 1488 Apostolicae
1571 1449 1782 1488 quantocum—

1031 1509 1093 1541 que
1110 1503 1293 1542 temporum
1310 1503 1445 1540 servato,
1459 1498 1636 1542 ceterisque
1658 1504 1784 1532 contra-

1032 1551 1087 1584 riis
1107 1552 1379 1597 quibuscumque.

1076 1607 1197 1648 Placet,
1234 1614 1264 1641 et
1292 1608 1334 1641 ita
1367 1613 1456 1641 motu
1486 1607 1620 1652 proprio
1648 1607 1782 1640 manda-

1032 1671 1114 1693 mus
1137 1662 1175 1694 M.

1074 1714 1188 1748 Lectus
1219 1721 1249 1748 et
1286 1715 1469 1760 publicatus
1493 1715 1552 1749 fuit
1577 1715 1782 1759 supradictus

1031 1773 1137 1801 motus
1153 1768 1305 1813 proprius
1314 1769 1434 1803 Romae
1445 1770 1478 1802 in
1489 1769 1686 1803 Cancellaria
1696 1771 1781 1814 Apo—

1032 1821 1154 1863 stolica,
1169 1832 1253 1856 anno
1269 1822 1396 1856 Domini
1408 1823 1578 1856 millesimo
1589 1823 1781 1867 quingente-

1032 1875 1112 1908 simo
1130 1875 1325 1918 sexagesimo
1338 1878 1487 1922 septimo,
1502 1877 1552 1910 die
1564 1877 1782 1910 decimatertia

1032 1930 1153 1969 martii,
1175 1930 1381 1974 pontificatus
1401 1931 1454 1965 SS.
1482 1931 1516 1963 D.
1545 1931 1580 1964 N.
1604 1930 1650 1964 Pii
1678 1931 1781 1964 divina

1032 1984 1232 2026 providentia
1247 1985 1351 2029 Papae
1370 1985 1393 2017 V
1413 1996 1497 2018 anno
1513 1985 1668 2018 secundo.

1052 2037 1133 2068 Publ.
1157 2039 1203 2069 die
1228 2038 1264 2069 13
1287 2039 1384 2069 martii
1406 2040 1492 2076 1567,
1516 2038 1617 2079 pontif.
1637 2047 1713 2068 auno
1733 2047 1761 2068 ιι.

1385 2174 1429 2207 Ll.

1030 2241 1208 2275 Damnalio
1232 2243 1454 2286 cuiuscumque
1481 2242 1662 2275 collationis
1689 2243 1781 2276 eccle-

1074 2297 1199 2329 siarum
1218 2296 1470 2339 parocltialium,
1490 2306 1555 2329 non
1569 2301 1695 2330 serrata
1714 2298 1781 2339 sor-

1075 2361 1128 2382 ma
1147 2350 1277 2383 concilii
1300 2350 1496 2391 Tridentini,
1515 2352 1668 2385 hacteuus
1678 2353 1783 2395 factae

1073 2404 1121 2437 vel
1141 2404 1178 2437 de
1197 2408 1296 2437 cetero
1311 2405 1491 2446 faciendae.

1127 2492 1188 2521 Pius
1207 2492 1349 2529 episcopus
1365 2499 1458 2521 servus
1473 2500 1615 2522 servorum
1624 2494 1680 2528 Dei.

1177 2543 1210 2571 ad
1229 2544 1389 2579 perpetuam
1407 2543 1450 2571 rei
1466 2543 1635 2572 memoriam.

1074 2614 1107 2646 In
1128 2615 1331 2648 conserendis
1354 2614 1520 2648 beneficiis
1548 2614 1781 2652 ecclesiasticis,

1031 2668 1058 2697 et
1076 2663 1263 2707 praesertim
1277 2663 1516 2708 parochialibus
1540 2664 1685 2698 ecclesiis
1707 2676 1780 2708 pcr-

1805 260 1852 284 An.
1871 257 1901 284 C.
1920 259 1984 286 1567

1829 880 1926 902 Decimae

1836 1085 1903 1107 lussit>
1927 1088 1983 1112 regi-

1800 1119 1887 1139 nunu-it.

1824 1362 1933 1383 Clausulas
1944 1363 1982 1383 de-

1798 1398 1855 1420 τομ·
1862 1395 1927 1413 nilne.

1824 2635 1941 2657 Exordium
