2237 3100
199 235 249 262 An.
269 235 299 262 C.
315 234 381 262 ¹569

267 832 382 851 Contrariis

201 865 294 887 demut,

442 223 507 257 774

397 292 424 320 et
454 284 674 329 applicandas,
698 283 824 325 aliaque
845 284 1028 324 opportuna
1068 278 1146 311 iuris

398 339 541 373 remedia
558 336 814 381 compescendo2
837 343 962 366 necnon
993 331 1147 374 legitimis

397 394 436 426 ad
452 394 513 426 hoc
524 390 680 425 habendis
690 388 822 421 serratis
840 386 1056 431 processibus,
1076 386 1147 419 illos

397 457 548 481 censuras
569 451 599 478 et
615 454 736 488 poenas
766 442 849 485 ipsas
885 440 1060 473 incurrisse
1095 440 1148 473 de-

398 500 568 535 clarando,
600 508 635 529 ae.
659 497 743 539 ipsas
772 505 925 528 censuras
954 499 985 527 et
1009 505 1145 537 poenas,

399 554 494 587 etiam
513 551 634 585 iteratis
652 550 787 589 vicibus,
811 548 1027 591 aggravandoj,
1051 547 1149 580 inter-

399 608 521 641 dictum
553 603 809 638 ecclesiasticum
831 601 1038 646 apponendo,
1062 601 1150 634 inro-

398 667 468 693 cato
490 659 586 692 etiam
607 658 647 690 ad
667 657 742 697 hoe,
770 656 794 689 si
817 667 898 700 opus
927 655 1041 696 suerit,
1062 655 1150 688 auxi-

399 715 441 747 lio
457 712 582 746 brachii
603 711 770 745 secularis.

442 768 457 810 g
477 766 507 800 6.
531 766 600 799 Non
616 764 818 799 obstantibus
836 762 1021 807 praemissis
1033 762 1151 806 aequi-

397 820 504 854 busvis
525 818 710 863 apostolicis
731 828 870 857 necnon,
891 817 923 849 in
944 815 1151 860 provinciali-

397 875 456 907 bus
477 879 508 906 et
526 872 734 917 synodalibus
751 871 897 904 conciliis
923 870 1030 911 editis,
1056 880 1152 913 gene-

399 928 519 961 ralibus
559 927 608 959 vel
639 925 834 970 specialibus
863 923 1152 957 constitutionibus

399 988 430 1015 et.
441 980 715 1020 ordinationibus3
726 990 761 1012 ac
770 979 874 1011 dictae
882 983 1052 1021 congregat
1060 977 1151 1017 iou-is,

403 1036 498 1069 etiam
511 1034 708 1075 iuramento,
720 1030 1153 1074 confirmationeapostoliea

399 1090 447 1123 rel
468 1088 579 1132 quavis
600 1087 753 1121 firmitate
775 1086 837 1119 alia
858 1085 1029 1125 roboratis,
1053 1090 1152 1117 statu-

400 1144 438 1177 tis
450 1141 792 1182 etconsuetudinibus3
811 1139 988 1184 privilegiis
1007 1149 1151 1182 quoque,

400 1197 533 1230 indultis
554 1202 581 1229 et
607 1195 720 1228 litteris
753 1193 951 1238 apostolicis,
989 1192 1154 1236 quibusvis

399 1251 574 1285 Ordinibus
592 1255 619 1283 et
639 1249 769 1282 illorum
788 1247 1012 1291 superioribus
1030 1258 1066 1279 ac
1084 1246 1155 1279 aliis

400 1304 559 1349 personis,
581 1303 640 1337 sub
661 1302 923 1346 quibuscumque
941 1300 1108 1334 tenoribus
1125 1305 1154 1333 et

401 1359 526 1399 formis,
549 1369 585 1391 ac
605 1368 679 1390 cum
701 1356 882 1400 quibusvis,
906 1355 1003 1388 etiam
1022 1355 1157 1397 deroga-

401 1413 559 1447 toriarum
590 1410 804 1454 derogatoriis
837 1409 973 1453 aliisque
1000 1408 1156 1441 efficacis-

402 1468 491 1501 simis
502 1466 693 1506 etinsolitis,
711 1464 874 1505 clausulis,
888 1462 1157 1506 irritantihusque

404 1527 430 1555 et
454 1521 525 1554 aliis
552 1519 703 1560 decretis,
723 1519 756 1551 in
776 1529 895 1562 genere
927 1517 975 1550 vel
998 1517 1029 1550 in
1050 1516 1157 1560 speeie

404 1586 440 1608 ac
458 1575 536 1608 alias
553 1572 813 1618 quomodolibet,
834 1571 930 1605 etiam
949 1581 1008 1614 per
1023 1570 1159 1614 praede-

404 1639 548 1662 cessores
568 1632 694 1661 nostros
715 1625 899 1670 praedictos
919 1635 956 1657 ac
976 1634 1034 1657 nos
1055 1629 1087 1657 et
1102 1624 1158 1657 Se-

405 1683 480 1715 dem
503 1681 715 1726 praedictam,
739 1679 834 1713 etiam
857 1684 947 1712 motu
968 1684 999 1711 et
1025 1677 1160 1711 scientia

405 1736 578 1776 similibus,
615 1734 787 1774 concessis,
810 1732 1010 1766 confirmatis
1040 1738 1071 1765 et
1106 1742 1161 1776 ap—

406 1790 563 1835 probatis:
601 1789 719 1832 quibus
757 1787 908 1820 omnibus
947 1792 977 1819 et
1011 1786 1158 1829 singulis,

407 1844 503 1878 etiam
524 1843 562 1884 si,
586 1854 645 1887 pro
666 1842 797 1875 illorum
825 1840 999 1873 sufficienti
1025 1840 1161 1883 deroga-

407 1899 507 1939 tione,
530 1899 569 1931 de
599 1897 662 1930 illis
698 1907 734 1929 ac
754 1896 830 1929 totis
850 1905 963 1927 eorum
994 1893 1162 1928 tenoribus

406 1952 568 1997 specialis,
587 1951 750 1996 specifica,
765 1959 916 1993 expressa
933 1954 961 1982 et
980 1948 1159 1988 individua,

408 2018 473 2041 non
499 2012 606 2040 autem
627 2016 686 2050 per
705 2004 866 2038 clausulas
886 2004 1052 2046 generales
1075 2002 1162 2035 idem

408 2061 633 2105 importantes,
653 2058 775 2092 mentio
794 2057 956 2097 habenda,
979 2062 1035 2089 aut
1054 2056 1164 2099 aliqua

409 2115 473 2149 alia
493 2113 653 2158 exquisita
672 2113 777 2146 forma
797 2111 838 2144 ad
857 2112 920 2144 hoc
940 2110 1098 2144 servanda
1118 2110 1164 2142 fo—

411 2176 470 2211 ret,
491 2176 619 2203 tenores
630 2166 832 2206 huiusmodi,
855 2176 891 2198 ac
911 2165 936 2198 si
953 2165 993 2197 de
1008 2164 1105 2197 verbo
1124 2164 1164 2197 ad

412 2224 546 2258 verbum
581 2223 803 2256 insererentur
836 2218 1073 2264 praesentibus,
1106 2228 1165 2261 pro

414 2277 572 2322 expressis
591 2276 790 2310 sufficienter
809 2273 976 2313 habentes,
1000 2272 1063 2304 illis
1087 2271 1166 2304 alias

415 2331 448 2364 in
468 2342 526 2364 suo
547 2331 663 2363 robore
675 2327 908 2373 permansuris,
921 2325 1166 2359 liacvicedum-

415 2390 512 2424 taxat,
540 2383 725 2428 specialiter
744 2387 775 2416 et
795 2390 943 2425 expresse
973 2379 1167 2422 derogamus

417 2439 447 2466 et
468 2434 531 2466 illis
552 2434 742 2475 derogatum
763 2442 832 2465 esse
852 2430 1015 2468 volumus,
1037 2433 1166 2461 contra-

418 2482 475 2515 riis
511 2482 783 2525 quibuscumque.
824 2480 887 2512 Aut
923 2478 949 2511 si
988 2477 1165 2520 aliquibus,

419 2531 636 2564 communiter
656 2531 703 2563 vel
724 2529 866 2569 divisim,
889 2539 907 2561 a
927 2527 1013 2561 dieta
1029 2526 1112 2560 Sede
1128 2525 1169 2558 sit

419 2580 581 2613 indultum
609 2579 696 2622 quod
732 2577 896 2617 interdici,
927 2574 1081 2620 suspendi
1115 2578 1170 2606 aut

421 2628 695 2665 excommunicari
729 2638 794 2661 non
818 2626 940 2671 possint
963 2635 1021 2669 per
1045 2623 1169 2657 litteras

990 225 1168 250 BULLARIUM
1192 223 1343 248 ROMANUM

1189 278 1382 321 apostolicas
1403 286 1467 309 non
1490 275 1641 308 facientes
1662 275 1789 318 plenam
1825 279 1856 307 et
1888 284 1939 306 ex-

1190 342 1332 375 pressam
1368 342 1403 363 ac
1433 331 1472 363 de
1492 330 1589 362 verbo
1612 329 1650 361 :ul
1670 329 1803 361 verbum
1824 328 1863 361 de
1893 327 1940 360 in-

1190 386 1280 418 ‹lulto
1300 383 1487 418 huiusmodi
1510 382 1721 415 mentionem.

1234 439 1318 473 Nulli
1342 450 1418 482 ergo
1439 437 1573 470 omnino
1593 441 1651 469 etc.

1234 494 1348 526 Datum
1380 493 1500 526 Romae
1526 491 1612 534 apud
1633 490 1664 524 S.
1693 490 1836 529 Petrum,
1856 500 1941 522 anno

1193 547 1426 580 lncarnationis
1453 545 1636 579 dominicae
1657 553 1786 584 MDLXIx,
1817 554 1850 576 111
1872 543 1942 576 idus

1192 601 1384 645 septembris
1406 599 1613 644 pontificatus
1635 598 1736 631 nostri
1758 607 1843 630 anno
1864 607 1903 629 ιν.

1244 659 1306 689 Dat.
1324 659 1370 689 die
1388 658 1420 688 11
1439 662 1512 698 sept.
1542 656 1626 693 1569,
1643 656 1746 695 pontis.
1763 664 1840 685 {111th
1856 663 1894 685 lv.

1491 820 1646 853 cxxxix.

1195 900 1383 942 Consi-atres
1408 897 1467 931 SS.
1490 896 1621 929 Romrz'i
1646 895 1826 939 privileqiis
1846 899 1875 928 et
1896 895 1945 927 in-

1237 952 1412 997 declamatis
1436 954 1598 983 ormtntm·
1614 949 1640 981 ¹.

1251 1035 1314 1064 Pius
1333 1035 1404 1069 Papa
1419 1033 1448 1066 V,
1471 1032 1505 1060 ad
1524 1031 1651 1060 futuram
1667 1031 1707 1060 rei
1722 1030 1891 1060 memoriam.

1239 1106 1483 1139 Consueverunt
1507 1103 1643 1136 Romani
1664 1102 1835 1136 Pontifices
1848 1107 1879 1135 et
1894 1101 1947 1135 alii

1196 1162 1244 1195 Ss.
1278 1161 1387 1193 Patres
1418 1159 1683 1203 praedecessores
1716 1155 1835 1196 nostri,
1875 1167 1948 1189 eum

1199 1215 1292 1247 bellis
1313 1213 1539 1257 corporalibus
1563 1212 1612 1244 vel
1632 1210 1856 1254 spiritualibus
1875 1220 1951 1254 pre-

1197 1274 1375 1308 merentur,
1399 1272 1453 1299 aut
1468 1266 1539 1299 aliis
1554 1264 1776 1298 vexationibus
1788 1269 1952 1297 tentaren-

1197 1330 1272 1363 tur,
1307 1333 1372 1365 quo
1397 1320 1523 1354 facilius
1554 1320 1593 1352 ab
1624 1319 1687 1352 illis
1708 1319 1892 1359 evaderent,
1921 1323 1952 1351 et

1199 1376 1467 1419 tranquillitatem
1493 1373 1612 1417 adepti,
1647 1373 1712 1406 Deo
1751 1371 1893 1416 quietius
1923 1377 1954 1405 et

1199 1430 1372 1464 ferventius
1397 1428 1591 1462 inservirent
1615 1432 1646 1460 et
1666 1431 1837 1466 vacarent,
1875 1425 1954 1458 divi-

1200 1495 1273 1518 nam
1295 1494 1389 1528 opem
1412 1483 1600 1526 implorare,
1629 1486 1660 1514 et
1679 1486 1867 1514 sanctorum
1887 1478 1953 1513 suf-

1200 1539 1301 1581 fragia
1321 1548 1380 1581 per
1395 1536 1649 1581 supplicationes
1669 1545 1725 1568 seu
1738 1545 1798 1578 per
1813 1533 1955 1567 Litanias

1200 1593 1388 1636 deposcere,
1403 1602 1440 1624 ae
1456 1590 1568 1623 oeulos
1589 1599 1662 1622 cum
1684 1588 1802 1622 Davide
1818 1588 1851 1620 in
1862 1597 1956 1621 mon-

1201 1653 1247 1680 tes
1266 1647 1385 1686 levare,
1407 1651 1495 1679 certa
1514 1655 1571 1688 spe
1595 1643 1794 1676 confidentes
1822 1642 1898 1675 inde
1917 1641 1957 1675 il-

1202 1701 1240 1734 lis
1260 1700 1379 1733 auxilia
1399 1700 1551 1738 affutura;
1570 1708 1711 1741 quorum
1733 1696 1881 1740 exemplo
1899 1695 1956 1729 ad-

1203 1755 1330 1795 ductus,
1346 1760 1377 1787 et
1397 1753 1519 1797 Spiritu
1540 1752 1670 1791 Sancto,
1686 1756 1722 1784 ut
1734 1750 1787 1794 pie
1801 1749 1955 1790 ereditur,

1203 1809 1328 1841 atllatus
1352 1809 1385 1841 B.
1409 1806 1619 1846 Dominicus,
1655 1804 1784 1839 Ordinis
1819 1804 1956 1836 fratrum

1203 1862 1467 1895 Praedicatorum
1499 1865 1624 1899 auctor,
1652 1858 1744 1891 cuius
1773 1857 1957 1891 institutum

1205 1922 1235 1949 et
1255 1916 1414 1959 regulam,
1437 1924 1511 1947 cum
1532 1914 1565 1946 in
1586 1905 1769 1945 minoribus
1798 1921 1954 1951 essemuS,

1205 1980 1353 2014 expresse
1370 1968 1505 2013 professi
1517 1977 1641 2007 sumus⁷
1655 1965 1764 2006 simili,
1783 1975 1848 2008 qua
1859 1975 1958 2005 nunc,

1206 2023 1361 2067 temporis
1399 2022 1591 2059 occasione,
1633 2030 1698 2063 quo
1735 2018 1958 2063 Albigensium

1205 2078 1348 2112 haeresis
1368 2082 1476 2121 partes
1495 2075 1617 2109 Galliae
1638 2075 1755 2108 misere
1789 2073 1966 2117 grassaba-'

1206 2139 1259 2167 tur
1279 2138 1307 2166 et
1330 2138 1395 2165 tam
1416 2130 1535 2163 multos
1561 2133 1787 2163 excaecaverat
1816 2127 1960 2161 saecula-

1208 2198 1270 2228 res,
1293 2192 1328 2219 ut
1352 2185 1385 2219 in
1404 2183 1532 2218 Domini
1563 2183 1748 2216 sacerdotes
1769 2187 1800 2215 et
1814 2180 1960 2214 ⁷clericos

1207 2240 1391 2275 saevissime
1415 2239 1561 2272 furerent
1580 2264 1587 2278 ,
1624 2237 1732 2270 levans
1765 2235 1798 2268 in
1832 2234 1959 2268 coelum

1208 2296 1340 2335 oeulos,
1371 2299 1401 2325 et
1427 2297 1570 2326 montem
1595 2291 1687 2324 illum
1713 2289 1873 2333 gloriosae
1891 2288 1961 2321 Vir-

1208 2349 1291 2393 ginis
1315 2347 1433 2381 Mariae
1454 2347 1558 2379 almae
1578 2344 1632 2378 Dei
1660 2342 1848 2383 GenitrieiS,
1876 2352 1961 2386 quae

1209 2402 1355 2447 germine
1376 2411 1434 2434 suo
1455 2399 1591 2433 tortuosi
1612 2396 1771 2441 serpentis
1791 2401 1888 2440 caput
1904 2395 1961 2429 ob-

1210 2456 1308 2496 trivit,
1332 2461 1362 2488 et
1382 2459 1514 2488 cunetas
1527 2453 1678 2485 haereses
1698 2451 1766 2484 sola
1785 2448 1961 2488 interemit,

1211 2508 1431 2542 acbenedicto
1450 2507 1556 2539 fructu
1575 2505 1643 2538 eius
1663 2503 1782 2538 ventris
1803 2503 1962 2536 mundum

1211 2563 1308 2607 primi
1330 2561 1472 2606 parentis
1489 2561 1580 2604 lapsu
1601 2560 1788 2593 damnatum
1817 2556 1960 2596 salvavit,

1249 2631 1257 2656 1
1278 2629 1317 2656 Ex
1334 2628 1432 2657 Bullar.
1449 2626 1515 2655 Ord.
1533 2625 1716 2659 Praed.,t0m.
1737 2631 1765 2657 ν,
1781 2630 1840 2659 pag.
1858 2623 1919 2651 225.

1954 220 2006 247 An.
2023 219 2138 247 (3.1569

1990 1113 2122 1134 Pron-mmm.

1998 1709 2018 1730 B.
2030 1708 2152 1730 neminimus

1971 1740 2054 1762 Rosarii
2076 1742 2154 1761 iuven-

1972 1775 2004 1794 tor
2020 1775 2041 1793 et
2052 1777 2089 1799 per
2104 1778 2154 1792 suos

1971 1805 2049 1826 fratres
2076 1810 2154 1831 propa—

1972 1839 2040 1862 gater.
