2237 3100
296 246 344 272 An.
360 245 387 272 C.
410 246 473 272 ¹57¹

535 236 600 271 930

493 308 568 331 cum
591 309 669 331 cura
681 303 711 331 et
731 298 798 330 sine
811 308 900 336 cura,
915 297 1094 329 saecularia
1114 302 1144 330 et
1167 308 1245 341 quo-

1088 245 1269 269 BULLARIUM
1294 245 1446 269 ROMANUM

1286 297 1384 329 sensis
1414 297 1537 330 abbatis
1573 309 1628 330 seu
1660 301 1925 333 commendatarii
1954 311 2040 334 nunc

490 349 1130 392 rumvisOrdinumregularia,beneficia
1141 351 1245 384 eccle-
1287 355 1317 381 et
1337 360 1396 393 pro
1417 355 1563 394 tempore
1584 351 1786 384 existentium
1803 353 1932 386 licentia
1948 354 2041 387 desu-

490 404 625 444 siastica,
650 403 773 436 etiamsi
790 402 967 435 saecularia
986 403 1194 436 canonicatus
1214 409 1243 436 et

491 455 702 498 praebendae,
717 462 918 499 personatus,
938 456 1242 497 administrationes,

489 508 716 547 officia‚etiam
739 513 850 541 curata
869 515 899 541 et
926 509 1070 549 electiva,
1093 510 1188 542 etiam
1211 510 1243 543 in

489 561 663 604 collegiatis
673 561 992 604 ecclesiis-,regularia
1002 573 1076 596 vero
1086 563 1243 597 beneficia

488 614 685 655 huiusmodi,
715 615 964 660 praepositatus,
983 616 1240 660 praepositurae,

488 667 669 710 dignitates,
684 669 779 702 etiam
787 670 1025 710 conventuales,
1037 676 1240 713 personatus,

488 721 781 755 administrationes
799 728 826 755 et
844 722 1066 763 ollicia,ctiani
1086 724 1242 757 claustra—

488 774 541 815 lia,
562 775 795 818 cappellaniae,
815 776 993 819 cappellae,
1015 777 1187 820 hospitalia
1213 783 1241 810 et

487 827 547 861 alia
556 829 609 872 pia
619 829 689 862 loca
702 829 915 869 fuerint,etad
926 830 1106 873 dignitates,
1120 831 1242 874 priora-

487 887 549 921 tus,
572 883 812 926 praeposituras
833 888 862 915 et
882 884 1242 927 praepositatushuins-

487 935 1108 979 modiconsueveritquiperelectionem
1122 938 1241 970 assumi

486 998 522 1020 ac
538 989 727 1021 eorumdem
739 989 899 1029 locorum,
917 994 1096 1022 castrorum
1107 995 1137 1023 et
1148 985 1240 1034 oppi-

486 1040 602 1074 dorum
623 1042 793 1085 utriusque
814 1053 907 1075 sexus
926 1053 1093 1086 personas,
1116 1043 1240 1076 habita-

485 1100 571 1128 tores
583 1102 613 1129 et
628 1096 764 1136 incolas,
782 1102 845 1129 tam
862 1097 960 1130 laicos
975 1108 1072 1141 quam
1088 1098 1238 1138 clericos,

485 1149 699 1193 presbyteros,
710 1150 919 1183 beneficiatos
930 1156 958 1183 et
970 1151 1137 1193 religiosos
1146 1163 1240 1195 quos-

484 1212 635 1246 cumque,
657 1202 892 1247 cuiuscumque
918 1210 1028 1244 status,
1059 1205 1180 1237 ordinis
1210 1212 1240 1238 et

483 1256 676 1289 conditionis
696 1257 842 1297 existant,
870 1268 888 1290 a
918 1258 1152 1299 iurisdictione,
1180 1270 1238 1302 po-

482 1314 606 1350 testate,
626 1310 769 1343 dominio
791 1317 818 1343 et
845 1311 956 1354 quavis
977 1311 1037 1343 alia
1061 1312 1237 1356 superiori-

480 1367 543 1395 tate
564 1362 732 1397 Firmanae
754 1369 784 1396 et
803 1364 981 1397 Asculanae
1003 1365 1213 1399 ecclesiarum
1228 1393 1235 1406 ,

479 1425 515 1448 ac
536 1415 696 1449 Farfensis
722 1416 920 1458 monasterii,
948 1422 979 1449 et
997 1417 1129 1451 illorum
1150 1429 1237 1452 nunc

479 1474 509 1501 et
524 1480 582 1512 pro
597 1476 743 1513 tempore
760 1470 965 1503 existentium
991 1471 1234 1515 episcoporum,

478 1521 630 1555 abbatum
653 1533 708 1556 seu
730 1524 1094 1565 commendatariorum,
1120 1526 1237 1568 quibus

478 1585 566 1608 nunc
587 1576 668 1616 loca,
694 1582 798 1609 castra
831 1583 858 1609 et
895 1577 1014 1621 oppida
1048 1578 1236 1612 huiusmodi

478 1639 656 1672 earumque
678 1630 832 1663 ecclesiae
855 1637 882 1663 et
900 1642 1057 1675 personae
1074 1633 1235 1675 praefatae

478 1682 641 1716 subiectae
673 1683 922 1725 dignoscuntur,
953 1684 1047 1717 etiam
1076 1692 1235 1729 perpetuo

478 1735 761 1777 dismembramus,
785 1748 974 1780 separamus
994 1744 1021 1770 et
1048 1739 1233 1779 eximimus,

478 1788 626 1832 locaque,
657 1795 761 1822 castra
781 1796 811 1822 et
839 1790 959 1834 oppida
984 1791 1170 1824 huiusmodi
1198 1792 1234 1824 il-

479 1841 651 1886 lorumque
669 1853 835 1886 personas,
855 1850 917 1876 tam
941 1845 1123 1878 saeculares
1137 1857 1234 1888 quam

478 1895 722 1936 ecclesiasticas,
746 1902 777 1930 ct
796 1897 985 1939 quorumvis
1005 1898 1161 1932 Ordinum
1183 1910 1234 1932 re-

477 1948 617 1990 gulares,
636 1950 799 1989 ecclesias,
829 1951 1034 1992 monasteria,
1059 1952 1232 1995 prioratus,

478 2003 731 2046 praeposituras,
753 2004 990 2048 praepositatus
1013 2011 1042 2038 et
1058 2006 1119 2039 alia
1134 2007 1234 2040 bene-

478 2054 551 2087 ficia
576 2057 806 2097 ecclesiastica,
831 2058 1001 2101 hospitalia
1033 2066 1063 2092 et
1083 2060 1153 2093 loca
1182 2061 1234 2104 pia

477 2107 678 2149 huiusmodi,
702 2120 774 2142 cum
798 2110 941 2152 ipsorum
964 2112 1089 2145 iuribus
1110 2119 1139 2145 ct
1159 2125 1234 2157 per-

477 2160 621 2193 tinentiis
633 2162 801 2203 universis,
819 2164 972 2198 ecclesiae
985 2165 1126 2211 Ripanae
1144 2178 1235 2210 prae-

478 2213 593 2254 dictae,
613 2226 672 2258 pro
693 2215 844 2257 dioecesi,
868 2217 954 2250 clero
981 2224 1007 2250 et
1031 2220 1165 2262 populo,
1193 2220 1234 2253 ita

479 2267 566 2309 quod
587 2268 681 2301 liceat
702 2269 868 2313 episcopo,
886 2270 990 2302 eidem
1008 2272 1163 2305 eeclesiae
1180 2273 1234 2306 Ri-

480 2330 581 2361 panae
604 2327 667 2353 tam
683 2322 744 2354 hac
760 2323 864 2366 prima
881 2323 947 2356 vice
964 2335 1060 2367 qnam
1078 2325 1108 2357 in
1131 2332 1236 2368 poste-

480 2383 552 2405 rum
574 2375 806 2429 praeficiendo,
835 2387 893 2420 per
913 2387 944 2409 se
970 2377 1017 2409 vel
1048 2378 1147 2411 alium
1178 2390 1234 2412 seu

479 2421 560 2454 alios
580 2423 649 2455 eius
670 2424 812 2465 nomine,
836 2425 1039 2468 eor-pmalem
1058 2437 1116 2469 pos
1120 2428 1234 2460 sessio-

480 2480 554 2502 nem
575 2483 629 2504 seu
649 2473 740 2516 quasi
762 2451 1065 2515 administrationis,
1082 2475 1231 2518 spiritua-

480 2517 576 2552 litatis
596 2525 626 2552 et
650 2521 856 2554 omnimodi
848 2522 929 2554 iuris
949 2522 1143 2564 dioecesani
1163 2536 1234 2567 pro-

481 2567 551 2609 pria
584 2569 796 2610 auctoritate,
840 2570 980 2603 Firmani
1015 2577 1045 2603 et
1083 2572 1233 2605 Asculani

481 2616 709 2661 episcoporum
726 2628 763 2651 ac
779 2619 922 2653 eiusdem
948 2620 1133 2654 monasterii
1164 2621 1235 2654 Far-

1286 413 1344 445 per
1356 403 1488 435 minime
1501 404 1665 447 requisita,
1675 404 1776 438 libere
1786 406 2040 449 apprehendere,

1287 461 1314 487 et
1323 456 1559 499 apprehensam
1569 464 1727 500 perpetuo
1744 458 1894 499 retinere,
1907 460 1946 492 de
1958 461 2042 493 eins-

1286 508 1357 540 dem
1381 510 1544 552 potcstatis
1570 510 1770 554 plenitudine
1795 511 1941 545 similiter
1970 523 2043 556 per-

1286 567 1385 605 petuo
1401 563 1612 596 concedimus
1626 570 1657 596 et
1677 564 1888 606 assignamus,
1902 575 1939 598 ac
1955 566 2041 599 eius-

1286 615 1357 647 dem
1379 617 1535 649 ecclesiae
1546 617 1690 660 Ripanae
1711 617 1863 661 illiusque
1884 618 2042 661 praesulis

1286 678 1344 710 pro
1360 674 1507 713 tempore
1525 670 1687 703 existentis
1701 670 1927 711 iurisdictioni,
1940 672 2042 705 domi-

1285 721 1350 758 nio,
1363 723 1510 765 potestati
1524 728 1554 755 et
1566 724 1797 767 superioritati‚
1813 725 1932 758 eisdem
1945 727 2042 760 modo

1285 780 1315 806 et
1341 776 1443 808 forma
1477 776 1595 819 quibus
1625 777 1785 811 Firmanis
1815 783 1846 811 et
1874 780 2042 813 Asculanis

1285 828 1441 868 ecclesiis,
1458 840 1494 862 ac
1511 830 1706 864 monasterio
1718 831 1873 872 Farfensi,
1891 832 2040 865 illorum-

1283 891 1346 924 que
1366 882 1538 926 episcopis,
1565 883 1671 916 abbati
1691 885 1738 917 vel
1765 885 2041 920 commendatario

1284 934 1471 968 huiusmodi
1482 936 1658 979 respective
1669 937 1834 979 suberant,
1851 939 2041 973 subiicimus

1284 992 1314 1019 et
1334 988 1560 1032 supponimus

1327 1040 1415 1082 3402.
1438 1041 1507 1074 Non
1526 1043 1726 1077 obstantibus
1748 1044 1848 1103 piiffli
1876 1046 2040 1081 voluntate
2055 1054 2144 1106 ‘veruga
2148 1055 2176 1075 ¹0
2189 1060 2237 1076 σοπ-

2065 1093 2130 1106 ...m

1283 1103 1340 1126 no
1328 1057 1404 1131 ἶ[ια
1427 1106 1464 1127 ac
1485 1096 1523 1128 de
1544 1107 1609 1129 non
1623 1098 1798 1131 ίο11οηόο
1791 1109 1861 1131 nne
1882 1100 2038 1142 quaesito,

1283 1147 1412 1180 concilii
1430 1149 1650 1183 Lateianensis
1671 1151 1842 1184 novissime
1863 1152 2035 1194 celebrati,

1281 1201 1419 1234 uniones
1441 1209 1614 1246 perpetuas
1639 1204 1700 1237 nisi
1726 1205 1758 1237 in
1782 1205 1909 1239 casibus
1930 1217 1948 1239 a
1968 1207 2038 1240 iure

1282 1255 1446 1297 permissis
1468 1255 1537 1288 fieri
1558 1257 1773 1300 prohibentis,
1795 1269 1856 1292 nec
1880 1269 1946 1293 non
1966 1260 2037 1305 piae

1281 1309 1458 1342 memoriae
1480 1309 1634 1342 chit'arii
1652 1311 1756 1354 Papae
1765 1312 1841 1353 vlit,
1853 1313 1947 1346 etiam
1957 1325 2038 1358 prae·

1281 1361 1458 1394 decessoris
1478 1362 1589 1403 nostri,
1610 1363 1745 1408 aliisque
1765 1366 1962 1409 apostolicis,
1986 1379 2034 1408 ac,

1280 1413 1311 1446 in
1334 1415 1588 1458 provincialibus
1614 1422 1643 1449 et
1664 1418 1871 1461 synodalibus
1891 1420 2038 1454 conciliis

1280 1468 1385 1508 editis,
1402 1470 1596 1512 specialibus
1617 1472 1664 1503 vel
1690 1473 1895 1514 generalibus
1919 1474 2037 1507 eonsti-

1279 1521 1459 1555 tutionibus
1480 1530 1508 1556 et
1530 1525 1801 1565 ordinationibus3
1816 1537 1853 1558 ac
1868 1526 2036 1561 Firmanae

1280 1581 1306 1607 et
1326 1575 1504 1610 Asculanae
1517 1578 1727 1611 ecclesiarum
1745 1584 1775 1612 et
1790 1579 1950 1613 Farsensis
1966 1591 2035 1614 mo—

1279 1629 1409 1661 nasterii
1432 1637 1458 1663 et
1478 1630 1605 1664 Ordinis
1624 1632 1824 1672 huiusmodi,
1842 1633 2035 1675 iuramento,

1279 1683 1525 1717 confirmatione
1546 1685 1724 1727 apostolica
1744 1687 1791 1719 vel
1811 1687 1922 1729 quavis
1937 1688 2036 1721 firmi-

1277 1741 1339 1768 tate
1365 1737 1427 1769 alia
1452 1737 1631 1777 roboratis,
1659 1739 1784 1772 statutis
1811 1745 1841 1772 et
1864 1747 2034 1775 eonsuetu-

1278 1789 1420 1831 dinibus,
1434 1791 1607 1834 privilegiis
1616 1803 1759 1835 quoque,
1772 1793 1906 1827 indultis
1917 1795 2035 1828 etlitte-

1278 1843 1321 1875 ris
1330 1844 1526 1886 apostolicis,
1542 1844 1700 1878 Firmanis
1712 1852 1739 1878 et
1752 1847 1920 1880 Asculanis
1932 1849 2034 1882 eccle-

1278 1896 1331 1928 siis
1366 1902 1393 1929 ct
1427 1897 1568 1930 Farsensi
1603 1899 1798 1932 monasterio
1837 1900 2033 1946 illorumque

1278 1949 1438 1992 capitulis,
1456 1951 1678 1992 conventibus,
1688 1953 1950 1997 superioribuset
1962 1965 2033 1998 per-

1278 2003 1375 2043 sonis,
1398 2004 1457 2037 sub
1474 2005 1637 2047 quibusvis
1654 2007 1831 2048 tenoribus,
1850 2018 1887 2040 ac
1900 2008 2032 2051 quibus-

1277 2056 1338 2097 vis,
1370 2057 1464 2090 etiam
1507 2058 1787 2101 derogator-iarum
1819 2060 2032 2104 derogatoriis

1277 2110 1411 2153 aliisque
1426 2112 1662 2145 efficacioribus
1672 2119 1699 2146 et
1708 2113 1855 2153 insolitis,
1867 2115 2030 2156 clausulis,

1277 2162 1543 2208 irritantibusqne
1556 2172 1583 2198 et
1602 2166 1671 2199 aliis
1687 2166 1835 2207 decreth,
1845 2167 1940 2200 etiam
1957 2179 2031 2202 con-

1277 2217 1496 2259 sistorialiter,
1520 2219 1551 2251 in
1574 2230 1692 2262 genere
1712 2221 1760 2253 vel
1775 2220 1808 2253 in
1829 2221 1936 2264 specie
1951 2232 2030 2255 con-

1277 2271 1386 2311 cessis,
1404 2272 1521 2314 quibus
1538 2273 1727 2306 omnihuset
1738 2274 1884 2317 singulis,
1897 2275 2029 2309 illorum

1277 2335 1389 2357 causas
1414 2330 1445 2357 ct>
1473 2326 1606 2359 etl‘ectus
1639 2327 1863 2370 praesentibus
1889 2338 1949 2372 pro
1979 2339 2030 2362 ex-

1279 2378 1395 2420 pressis
1415 2379 1581 2417 habentes,
1605 2379 1667 2412 illis
1686 2380 1765 2413 alias
1785 2381 1816 2413 in
1834 2391 1893 2414 suo
1913 2381 2029 2415 robore

1277 2427 1509 2469 permansuris,
1533 2428 1592 2460 hac
1618 2428 1684 2461 vice
1707 2429 1882 2469 dumtaxat,
1904 2430 2028 2474 specia-

1277 2475 1349 2507 litei
1370 2481 1400 2507 et
1425 2486 1572 2518 expresse
1604 2476 1817 2520 deiogamus,
1848 2478 2028 2522 ceterisque

1278 2530 1406 2556 conti-vn
1411 2524 1447 2556 iis
1466 2525 1738 2569 quibuscumque.

1321 2573 1335 2614 ,ξ
1356 2573 1406 2606 13
1436 2573 1590 2606 volumus
1610 2580 1716 2607 autem
1738 2576 1825 2618 qnod
1845 2574 2025 2617 Firmanae,

1276 2622 1342 2665 Api
1345 2623 1452 2656 utmae
1479 2629 1509 2656 et
1528 2624 1705 2657 Asculanae
1726 2624 1880 2664 ecclesiis,
1903 2635 1941 2658 ac
1953 2624 2027 2658 Far-

2055 249 2104 276 An.
2121 249 2149 276 C.
2172 249 2235 276 ¹5⁷1

2135 1092 2173 1106 ΙῐΙι.
