2237 3100
26 287 75 314 An.
94 285 123 315 C.
145 286 207 314 1571

52 1045 80 1066 De
92 1050 146 1065 novo
163 1044 208 1065 ori<

27 1077 79 1103 gitur
94 1075 208 1101 collegium

28 1107 156 1128 clericorum
187 1105 207 1125 C.

26 1140 50 1161 Α.
70 1145 115 1160 cuni
130 1139 210 1159 auenn-

27 1177 52 1193 ne
79 1171 160 1191 nui-neri
185 1171 208 1190 nd

27 1202 186 1224 duodenarium.

79 2542 114 2564 Cul
132 2541 222 2567 collegio

41 2578 112 2596 vetera
155 2575 223 2593 omnia

43 2607 224 2626 communicantur

6 2631 11 2640 '¹
43 2637 150 2663 privilegiu
199 2636 222 2656 ab

43 2673 167 2696 unoquoquo
184 2667 224 2689 elc-

904 287 971 309 PIUS
996 286 1014 308 V
1039 286 1085 309 Pr.

226 343 273 370 ter
297 336 370 377 alia,
400 342 530 370 cavetur
555 337 642 380 quod
667 336 693 368 si
719 337 827 380 aliqua
858 338 981 371 ratione

223 390 272 423 vel
292 401 390 423 causa
410 401 468 434 per
494 391 675 423 Romanum
700 391 890 424 Pontificem
918 393 981 424 col-

224 443 345 486 legium
373 444 554 486 praefatum
576 444 832 486 extingueretur,
856 457 981 477 summa

224 497 348 539 integra
369 498 511 541 praefata
536 497 771 537 restitueretur,
792 498 844 531 l1ic
872 499 981 531 Romw

225 550 355 583 realiter
380 550 542 594 persolvat
556 555 585 583 et
600 550 759 591 restituat,
784 551 982 594 interimque

224 603 301 646 ipsis
322 603 480 637 militibus
500 604 540 637 de
562 603 737 643 fructibus,
756 605 935 637 redditibus
953 610 981 637 et

223 657 434 700 proventibus
453 657 554 690 solitis
583 662 610 689 et
638 658 801 690 consuetis
828 670 887 701 pro
915 664 982 691 rata

224 711 417 754 respondeat
433 716 463 744 et
478 710 667 755 responderi
689 711 793 743 saciat:
818 712 859 744 ita
880 712 980 755 qnod,

223 763 309 796 dieto
330 764 471 797 termino
500 765 622 807 elapso,
646 764 727 797 nulli
761 765 901 798 militnm
923 766 981 798 ali-

222 816 300 860 quid
320 818 462 861 amplius
490 818 529 851 de
561 817 745 858 fructibus,
778 819 980 858 redditibus,

222 871 431 914 proventibus
444 871 693 905 etemolumenti
707 872 892 906 huiusmodi
906 874 981 906 solvi

223 924 352 958 debeat.

267 977 282 1021 ἓ
308 978 339 1011 5.
368 978 548 1021 Collegium
580 990 655 1013 vero
682 980 899 1021 clericorum,
928 981 982 1024 qni

223 1042 311 1064 nunc
327 1043 380 1065 sex
397 1032 570 1065 viventium
591 1038 715 1066 tantum
741 1034 893 1075 existunt,
918 1046 983 1068 nno

224 1096 261 1118 ex
275 1085 344 1118 eius
358 1086 471 1119 officiis
484 1097 542 1130 per
556 1086 679 1120 obitum
698 1087 801 1120 lionae
817 1089 983 1121 memerito

223 1139 296 1172 Iulii
317 1139 429 1180 Saulii,
458 1140 535 1173 olim
562 1141 638 1173 dum
664 1141 793 1181 viveret,
822 1143 983 1185 praefatae

223 1191 376 1226 Gamerae
410 1193 538 1234 elerici,
566 1195 652 1237 apud
688 1194 802 1227 Sedem
836 1196 983 1228 cumdem

224 1246 368 1280 defuncti
381 1252 527 1287 vacante,
543 1247 642 1290 quod,
669 1247 708 1280 ad
730 1248 880 1281 ellectum
901 1260 984 1292 prze—

224 1300 381 1339 sentium,
405 1301 622 1344 extinguimus
647 1307 675 1334 et
704 1301 883 1341 abolemus,
904 1302 983 1335 adeo

225 1353 407 1397 utamplius
420 1354 558 1388 discerni
568 1359 622 1387 aut
637 1356 784 1398 cognosci
798 1366 862 1388 non
875 1356 983 1399 possit,

225 1407 281 1440 sed
311 1418 384 1441 cum
414 1409 541 1441 actione
570 1419 607 1441 ac
638 1419 777 1442 numero
810 1409 983 1442 duodecim

225 1460 420 1494 elericorum
442 1461 649 1506 infrascripto
670 1462 915 1506 incorporatum
938 1468 984 1495 at-

225 1524 288 1558 que
303 1515 473 1548 confusum
495 1515 704 1559 intelligatur,
719 1516 812 1549 dietis
828 1517 866 1549 de
881 1517 985 1549 causis

226 1574 257 1601 et
280 1568 353 1601 aliis
370 1569 517 1602 animum
537 1575 683 1603 nostrum
707 1570 923 1610 moventibus,
946 1571 985 1603 ad

226 1621 464 1656 duodenarium
496 1634 671 1657 numerum
703 1630 861 1668 perpetuo
887 1635 985 1667 ange-

227 1687 311 1717 mus,
323 1676 469 1721 illudque
481 1688 540 1721 pro
552 1677 725 1712 duodecim
743 1677 869 1711 clericis
884 1679 922 1711 de
937 1690 987 1712 ee-

228 1735 296 1763 tero
321 1728 534 1764 instituimus:
558 1731 601 1764 ita
627 1737 661 1764 ut
685 1732 839 1776 deinceps
859 1743 913 1765 sex
933 1733 985 1764 alii

227 1782 298 1824 viri,
322 1795 380 1827 per
399 1795 457 1817 nos
482 1790 513 1817 et
544 1796 603 1828 pro
625 1790 772 1829 tempore
798 1786 986 1819 existentem

229 1835 410 1870 Romanum
432 1838 621 1871 Pontificem
644 1839 749 1872 eidem
771 1839 908 1882 collegio
926 1840 988 1873 cle—

229 1890 375 1924 ricorum
392 1892 574 1925 ascribendi
591 1898 621 1925 et
634 1893 895 1937 deputandi,una
914 1904 987 1926 eum

230 1955 317 1977 nunc
329 1945 538 1978 existentibus
558 1945 660 1980 dictae
676 1946 830 1980 Gamerae
847 1947 986 1987 clericis,

231 2009 334 2040 unum
367 2010 487 2043 corpus
508 2005 538 2032 et
558 1999 731 2043 collegium
765 2000 927 2043 integrum
960 2005 990 2034 et

232 2052 456 2086 indistinctum
488 2053 685 2086 constituant
719 2059 749 2086 et
785 2054 936 2094 efficiant,
960 2059 989 2087 et

232 2105 405 2139 duodecim
426 2107 544 2147 officia,
566 2118 624 2150 pro
646 2107 820 2140 duodecim
848 2107 990 2141 Camerae

233 2159 360 2192 clericis
384 2165 415 2193 et
434 2160 525 2193 Sedis
539 2160 756 2204 praelatarum
778 2161 988 2204 cappellanis,

233 2213 321 2246 omni
337 2225 471 2257 prorsus
487 2215 612 2247 sublata
626 2214 710 2247 inter
729 2225 783 2247 eos
797 2214 988 2256 (inferentia,

233 2267 366 2301 omnino
387 2267 505 2301 similia
531 2273 561 2301 et
588 2267 702 2311 parilia
730 2272 758 2300 et
780 2268 929 2311 aequalia
960 2269 991 2301 in

234 2320 387 2354 omnibus
407 2326 438 2354 et
458 2332 516 2365 per
532 2321 653 2362 omnia,
668 2321 880 2364 eiusdemque
898 2322 989 2362 iuris,

235 2375 412 2419 potestatis,
424 2374 656 2409 iurisdictionis
670 2380 701 2408 et
714 2375 915 2408 auctoritatis
927 2376 992 2409 exi-

235 2433 330 2462 stant.

280 2477 295 2521 g
319 2478 351 2511 6.
385 2478 560 2522 Ipsumque
581 2477 768 2520 collegium,
792 2476 837 2509 sie
862 2480 992 2508 anetum

237 2532 268 2560 et
287 2527 470 2560 institutum
493 2532 524 2560 et
544 2526 576 2559 in
597 2537 699 2559 unum
722 2537 840 2569 eorpus
861 2534 994 2568 prorsus

239 2576 416 2617 redactum,
431 2581 462 2609 et
474 2575 646 2609 duodecim
665 2574 775 2608 clerici
790 2572 921 2617 praefati
936 2582 994 2615 pro

239 2633 385 2671 tempore
424 2626 593 2660 existentes
635 2625 755 2658 eisdem
797 2621 970 2667 privilegiis
986 2648 993 2661 ,

239 2675 509 2721 exemptionibus,
529 2674 748 2715 facultatibus,
767 2672 996 2717 praerogativis

1673 271 1736 304 895

1025 344 1051 370 et
1074 337 1184 380 gratiis
1199 337 1459 379 quiliuscumqne
1482 334 1701 367 indillcrenter
1723 346 1779 377 po-

1027 392 1157 430 tiantur,
1182 395 1313 422 ntantnr
1333 395 1363 421 et
1384 389 1557 429 gaudeant,
1584 389 1703 431 ‹piibns
1723 398 1780 420 an-

1027 451 1074 476 tea
1096 445 1201 487 ipsum
1222 443 1395 484 collegium
1418 448 1444 475 et
1469 447 1590 485 septem
1613 441 1699 474 illius
1718 441 1782 473 cle—

1026 497 1096 536 rici,
1120 497 1233 540 quovis
1259 497 1368 537 modo,
1396 496 1597 529 coniunctim
1620 495 1667 527 vel
1689 505 1781 537 sepa-

1026 551 1132 589 ratim,
1153 552 1371 594 potabantur,
1398 551 1574 583 utebantur
1602 555 1630 582 et
1663 549 1783 591 gaude-

1026 605 1112 642 bant;
1130 616 1257 637 necnon
1281 604 1435 643 redditus,
1452 608 1628 647 proventus
1649 609 1678 635 et
1696 613 1782 635 eino-

1026 658 1180 697 lnmenta,
1206 658 1318 690 iocalia
1334 663 1362 689 et
1381 658 1489 690 onmia
1510 657 1571 689 alia
1592 661 1622 688 et
1642 656 1781 698 singula,

1025 716 1089 742 tam
1115 722 1151 743 ex
1168 711 1333 743 communi
1357 721 1471 749 massa,
1489 721 1586 753 quam
1609 709 1684 742 alibi
1704 720 1785 752 quo-

1025 775 1165 807 cumque
1178 770 1322 807 tempore
1332 765 1438 797 debita
1447 770 1474 797 et
1491 764 1647 801 debenda,
1659 764 1785 796 ordina-

1026 817 1070 850 ria
1088 824 1114 850 et
1131 818 1396 854 extraordinaria,
1410 818 1578 861 aqualiter
1591 818 1782 862 percipiant3

1026 882 1060 904 ac
1078 883 1226 911 munera,
1252 873 1433 904 sanctiones
1454 878 1480 905 et
1509 872 1626 912 officia,
1646 878 1709 905 tam
1727 882 1786 914 pu-

1026 925 1108 957 blica
1131 936 1228 968 quam
1250 926 1385 969 privata,
1407 926 1503 958 etiam
1526 932 1719 965 castrorum,
1740 925 1785 958 ei·

1026 977 1171 1019 vitatum,
1194 979 1342 1011 locorum
1369 984 1395 1011 et
1429 979 1682 1021 provinciarum,
1706 989 1787 1011 sem·

1027 1042 1085 1074 per
1105 1032 1293 1071 sortiantur,
1316 1032 1479 1064 obtineant
1504 1038 1532 1064 ct
1560 1037 1733 1064 exerceant
1758 1036 1788 1064 et

1027 1092 1239 1128 exemmntur,
1262 1091 1359 1130 proin
1384 1087 1485 1129 prius,
1509 1092 1580 1118 ante
1602 1086 1787 1118 auctionem

1026 1139 1065 1171 ad
1096 1139 1334 1172 dnodenarium
1369 1150 1542 1172 numerum
1575 1139 1786 1178 huiusmodi,

1027 1192 1199 1232 collegium
1232 1192 1337 1235 ipsum
1365 1198 1393 1225 et
1428 1193 1514 1224 illius
1535 1197 1656 1235 septem
1679 1192 1788 1225 cleriei

1026 1245 1200 1286 habebant,
1224 1246 1445 1289 percipiebant
1469 1251 1499 1278 ct
1512 1246 1714 1284 obtinebant,
1737 1257 1790 1289 pe-

1028 1298 1120 1331 rinde
1134 1310 1170 1331 ac
1188 1300 1213 1332 si
1226 1299 1387 1343 principio
1409 1300 1582 1342 collegium
1608 1300 1789 1342 przesatum,

1027 1352 1072 1385 sie
1092 1359 1236 1394 anetum,
1265 1359 1295 1386 et
1316 1365 1390 1386 euni
1418 1353 1549 1397 antiquo
1566 1354 1738 1386 ccmsusum
1759 1359 1790 1385 et

1028 1407 1154 1440 unitum
1176 1413 1204 1440 et
1226 1407 1485 1451 incorporatum,
1513 1413 1542 1440 et
1567 1407 1652 1439 illius
1683 1406 1789 1440 officia

1029 1471 1087 1504 pro
1108 1461 1280 1495 duodecim
1300 1461 1426 1494 clericis
1443 1461 1588 1493 instituta
1610 1460 1789 1493 suissentet

1029 1515 1176 1548 reductio
1189 1527 1224 1548 ac
1239 1516 1406 1549 decretum
1429 1515 1572 1558 praefata
1592 1515 1631 1547 de
1649 1524 1787 1546 numero

1028 1569 1213 1611 septenario
1228 1569 1362 1602 mininie
1382 1573 1597 1605 emanassent,
1613 1572 1788 1600 statuentes

1029 1622 1115 1664 quod
1131 1622 1297 1666 perpetuis
1310 1622 1428 1655 suturis
1443 1620 1642 1665 temporibus
1655 1620 1788 1653 (lamera

1030 1676 1162 1718 praefata
1172 1675 1345 1709 duodecim
1357 1675 1510 1708 clericatu
1518 1685 1571 1707 um
1580 1673 1789 1707 ol‘licialiabet

1030 1729 1113 1761 inter
1126 1740 1157 1762 se
1174 1730 1357 1772 promiscua
1368 1729 1554 1762 eteonfusa:
1571 1728 1614 1760 ita
1635 1728 1722 1770 quod
1736 1737 1788 1759 sex

1031 1783 1140 1815 clerici
1161 1782 1265 1815 eidem
1282 1783 1419 1826 collegio
1433 1781 1615 1815 ascribendi
1630 1792 1704 1814 eum
1719 1780 1789 1813 aliis

1031 1847 1083 1869 sex
1105 1847 1192 1869 nuncv
1223 1837 1435 1869 existentibus
1466 1835 1601 1869 omnino
1633 1845 1727 1878 pares
1757 1838 1787 1866 et

1031 1891 1182 1933 aequales
1203 1890 1350 1931 existant,
1368 1895 1396 1923 et
1419 1891 1544 1923 nullum
1559 1889 1708 1921 intereos
1722 1887 1787 1920 dis-

1032 1943 1156 1976 crimen
1181 1944 1373 1987 prioritatis,
1406 1942 1599 1987 potioritatis
1629 1948 1683 1975 aut
1709 1941 1790 1974 anti-

1032 1997 1162 2040 quitatis
1182 1997 1273 2038 adsit,
1290 2008 1355 2041 quo
1376 1996 1569 2041 posteriores
1589 2007 1606 2028 a
1626 1994 1790 2038 prioribus

1032 2052 1080 2083 vel
1112 2052 1192 2084 alter
1212 2052 1251 2084 ab
1272 2052 1373 2084 altero
1399 2050 1512 2094 quovis
1539 2050 1635 2082 modo
1667 2048 1789 2081 discer-

1034 2111 1164 2145 nantur,
1188 2105 1283 2139 etsie
1310 2105 1498 2138 adveniente
1529 2103 1694 2137 vacatione
1726 2101 1789 2135 sive

1034 2159 1243 2202 antiquorum
1279 2159 1343 2192 sive
1380 2162 1682 2201 augmentatorum,
1705 2166 1789 2188 sem-

1034 2224 1092 2256 per
1116 2213 1148 2245 in
1179 2212 1417 2256 siq‘qilicatione
1448 2217 1501 2244 aut
1536 2216 1625 2243 motu
1657 2208 1790 2253 proprio

1035 2266 1156 2299 mentio
1171 2266 1322 2309 statquod
1342 2276 1426 2298 unns
1440 2276 1476 2298 ex
1493 2264 1666 2297 duodecim
1686 2268 1788 2303 vacat,

1035 2320 1181 2364 alioquin
1198 2320 1308 2353 clerici
1329 2319 1499 2352 admittere
1520 2327 1726 2360 nequaquam
1745 2321 1791 2349 te-

1035 2378 1186 2415 neantur,
1208 2385 1316 2417 neque
1339 2373 1378 2406 ad
1399 2373 1461 2405 hoe
1475 2370 1588 2415 quovis
1608 2369 1705 2404 modo
1720 2369 1791 2413 cogi

1036 2428 1170 2473 possint.

1080 2478 1094 2521 ξ
1119 2478 1149 2511 7.
1177 2477 1215 2510 Et
1235 2477 1381 2519 insuper,
1404 2479 1439 2507 ut
1460 2473 1594 2517 praefati
1619 2472 1792 2506 duodecim

1037 2526 1147 2559 elerici
1169 2537 1268 2559 onera
1282 2525 1341 2557 sibi
1359 2522 1581 2556 incumbentia
1600 2527 1793 2566 supportare

1038 2581 1068 2608 et
1088 2575 1174 2609 iuxta
1196 2575 1340 2619 ipsorum
1356 2573 1545 2616 qualitatem
1560 2577 1591 2605 et
1604 2571 1793 2614 dignitatem

1037 2625 1204 2657 decentius
1224 2635 1255 2656 se
1287 2623 1490 2655 substentare
1521 2622 1657 2661 valeant,
1686 2620 1793 2664 provi-

1039 2674 1115 2708 dere
1135 2674 1290 2714 volentes,
1305 2672 1343 2706 de
1356 2671 1547 2706 eorumdem
1563 2670 1700 2704 fratrum
1716 2679 1794 2704 eon-

1794 287 1842 312 An,
1864 285 1894 310 C.
1916 274 1976 310 157¹

1796 347 1839 365 riri»
1879 346 1898 364 in
1935 351 1978 369 pari

1796 378 1859 401 erailn
1881 376 1981 395 obii-:ow

1796 410 1827 427 «li.

1835 2487 1868 2507 Eis
1885 2487 1990 2512 assignat·

1808 2518 1952 2539 eutalium-ata
1967 2523 1982 2536 m

1810 2549 1900 2575 qualiter
1937 2548 1991 2567 dirl-

1810 2580 1885 2600 denda.
