2237 3100
255 288 305 317 An.
323 289 353 318 C.
373 291 439 319 1562

258 702 295 724 Hic
306 707 374 724 autem
384 704 438 724 Pun-

251 733 302 754 tifex
340 736 436 755 erectio—

250 770 297 785 nem
314 765 374 785 huius
395 767 435 785 mi—

250 796 307 816 litiae
320 802 343 817 ac
356 800 434 818 statuta

251 828 367 853 confir-man

497 282 562 317 ³160

454 344 607 378 dilectum
637 344 740 378 filium
762 350 907 378 nostrum
929 346 1079 377 loannem
1101 344 1203 387 Bapti-

454 403 545 438 stam,
561 398 645 430 tituli
666 398 772 431 Sancti
791 398 962 431 Clementis
981 398 1202 441 presbyterum

454 451 648 484 cardinalem
659 450 773 484 Cicada
784 456 1018 493 nuncupatum,
1034 451 1204 493 diligenter

453 504 641 537 examinatis
661 516 697 537 ae
718 504 866 548 perlectis
887 509 917 536 et
941 503 1130 543 emendatis,
1165 515 1202 536 ac

453 568 510 600 per
530 568 587 590 nos
608 568 704 590 manu
725 557 856 601 propria
871 556 1060 599 subscriptis
1076 557 1203 600 plenius

452 611 646 643 continetur.

497 665 511 707 ξ
531 664 561 697 5.
583 665 656 704 Nos,
679 663 812 707 praefati
832 662 937 696 Cosmi
953 663 1045 697 ducis
1066 664 1155 708 pium
1172 669 1203 697 et.

451 718 610 750 laudabile
631 717 823 757 institutum,
846 722 956 760 utpote
989 717 1063 750 fidei
1095 719 1202 751 callio-

450 771 529 804 licae
550 771 775 803 exaltationem
797 776 827 803 ct
850 770 912 803 alia
934 770 985 814 pia
1008 782 1107 814 opera
1128 783 1201 805 eon-

449 834 596 863 cernens,
615 824 791 868 plurimum
813 824 845 856 in
864 823 1001 857 Domino
1016 825 1201 858 collaudan-

450 883 511 917 tes,
534 888 660 910 necnon
682 877 870 917 erectionis,
893 877 1118 919 institutionis,
1142 884 1200 911 sta-

448 936 610 968 tutorum,
634 942 817 969 canonum,
840 931 1080 964 ordinationum
1102 937 1129 964 et
1152 944 1201 965 ca-

410 1003 416 1010 ·
448 984 626 1028 pitulorum
654 996 691 1018 ac
718 995 816 1028 super
845 984 907 1018 illis
942 985 1077 1017 confecti
1107 986 1200 1029 quin-

265 2338 289 2359 Et
305 2339 370 2365 ipsum
387 2336 435 2357 Ces-

249 2375 304 2390 mum
327 2374 351 2388 ac
373 2368 434 2388 alium

250 2405 288 2426 pro
337 2402 433 2425 tempore

250 2432 325 2452 ducem
351 2429 434 2450 floren.

250 2467 347 2488 magnum
369 2461 436 2486 magi-

251 2492 392 2519 strumipsius
400 2492 437 2511 mi-

250 2525 435 2548 tinaecreat,eum

249 2555 350 2576 {neuttate
361 2557 382 2575 et
392 2554 437 2581 pri-

250 2586 333 2614 vilegiis
348 2589 386 2607 etc.

448 1038 530 1070 terni
563 1038 804 1081 praedictorum
839 1044 870 1071 et.
907 1038 979 1071 inde
1015 1044 1199 1072 secutorum

447 1091 587 1124 veriores
621 1096 748 1124 tenores
782 1091 1003 1135 praesentibus
1036 1103 1095 1135 pro
1115 1093 1200 1125 suffi-

448 1144 569 1178 cienter
589 1144 746 1189 expressis
766 1144 931 1185 habentes,
949 1155 986 1177 ac
1006 1144 1113 1187 ipsum
1129 1146 1199 1179 Cos-

448 1208 536 1230 mum
571 1199 707 1238 ducem,
736 1208 833 1242 quem
866 1198 997 1241 speciali
1027 1198 1199 1232 dilectione

448 1251 697 1296 prosequimur,
719 1252 751 1284 in
772 1251 834 1284 lioc
859 1262 917 1284 suo
942 1252 1096 1285 laudabili
1117 1253 1200 1285 mili-

447 1305 508 1338 tiae
537 1305 730 1338 christianae
765 1305 1002 1348 promovendae.
1032 1307 1198 1349 proposito

446 1360 615 1391 confovere
635 1370 672 1391 ac
688 1358 881 1402 specialibus
896 1358 1056 1391 favoribus
1077 1366 1103 1392 et
1126 1371 1197 1403 gra-

448 1412 496 1445 tiis
516 1412 667 1457 prosequi
687 1413 840 1452 volentes,
863 1417 953 1445 motu
974 1413 1116 1456 proprio,
1134 1424 1198 1446 non

446 1467 485 1499 ad
506 1466 607 1511 ipsius
627 1466 732 1500 Cosmi
753 1465 844 1498 ducis
864 1466 912 1498 vel
932 1466 1065 1500 alterius
1086 1479 1145 1511 pro
1161 1479 1198 1501 eo

445 1520 538 1554 nobis
557 1531 655 1565 super
675 1521 736 1553 hoc
757 1519 882 1552 oblatae
899 1519 1061 1562 petitionis
1076 1521 1197 1555 instan-

445 1574 542 1615 tiam,
566 1574 620 1607 sed
650 1574 688 1607 de
721 1579 829 1607 nostra
865 1583 954 1605 mera
982 1573 1195 1617 liberalitate,

445 1628 654 1669 erectionem,
677 1626 920 1667 institutionem,
937 1627 1197 1671 assignationem,

445 1682 571 1726 aliaque
587 1682 695 1715 omnia
707 1687 737 1715 et
757 1681 883 1723 singula
901 1691 1053 1723 canones,
1068 1688 1195 1724 statuta,

445 1736 664 1769 ordinationes
674 1740 704 1768 et
714 1736 853 1780 capitula
865 1735 1029 1779 praedicta
1038 1747 1087 1777 ac,
1102 1743 1199 1780 prout

445 1789 499 1822 illa
519 1795 733 1829 concernunt,
747 1794 853 1822 cetera
873 1789 906 1822 in
926 1789 1090 1832 praedicto
1107 1791 1198 1834 quin-

446 1849 538 1876 terno
558 1848 709 1877 contenta
733 1849 761 1876 et
795 1843 870 1876 inde
891 1850 999 1877 secuta
1019 1855 1197 1888 quaecum-

446 1908 527 1940 que,
549 1897 725 1941 apostoliea
745 1897 953 1937 auctoritate,
976 1903 1087 1931 tenore
1104 1909 1213 1942 prae--

447 1951 597 1991 sentium,
612 1962 648 1984 ex
669 1956 755 1984 certa
776 1951 909 1984 scientia
926 1951 1158 1985 confirmamus
1169 1958 1199 1985 et

446 2005 678 2049 approbamus,
700 2016 737 2038 ac
757 2005 820 2038 illis
839 2010 1014 2049 perpetuae
1040 2010 1070 2038 et
1100 2005 1198 2038 invio-

447 2058 551 2091 labilis
571 2058 731 2091 firmitatis
752 2059 852 2092 robur
872 2058 1053 2099 adiicimus,
1071 2070 1197 2093 necnon

447 2123 559 2145 ornnes
579 2118 609 2146 et
629 2112 772 2155 singulos
791 2113 871 2146 iuris
891 2118 922 2145 et
941 2112 1014 2146 faeti
1034 2113 1196 2153 defectus,

448 2165 472 2198 si
506 2166 561 2209 qui
594 2166 701 2200 forsan
735 2166 964 2200 intervenerint
997 2166 1030 2198 in
1059 2166 1197 2208 eisdem,

448 2220 648 2264 supplemus.

493 2273 549 2317 §a
562 2273 599 2306 Et
608 2273 831 2315 nihilominus,
850 2272 967 2318 potiori
984 2284 1043 2317 pro
1060 2275 1196 2315 cautela,

449 2327 595 2359 militiam
617 2327 814 2371 praedictam
835 2327 954 2360 eisdem
976 2327 1072 2360 modo
1093 2334 1123 2361 et
1140 2330 1199 2361 sor-

450 2391 513 2421 ma,
541 2381 660 2424 quibus
679 2391 737 2425 per
766 2380 1053 2425 ipsumCosmum
1083 2381 1199 2415 ducem

451 2439 556 2467 erecta
576 2440 607 2467 et
626 2434 768 2467 instituta
788 2440 852 2475 est,
875 2434 914 2467 de
934 2445 1026 2473 novo,
1047 2446 1083 2467 ex
1104 2435 1199 2468 simili

451 2482 594 2523 seientia,
617 2483 728 2516 eadem
746 2483 948 2523 auctoritate,
961 2488 1118 2526 perpetuo
1138 2484 1199 2516 eri-

451 2531 554 2575 gimus
574 2537 605 2565 et
624 2532 837 2572 instituimus,
868 2533 978 2576 illique
1007 2532 1052 2565 sic
1077 2538 1200 2565 erectae

451 2580 559 2613 omnia
579 2585 610 2613 et,
639 2581 763 2623 singula
793 2581 917 2614 fruetus
936 2585 967 2614 et
986 2580 1047 2613 alia
1070 2581 1201 2615 mobilia

451 2634 483 2663 et
507 2629 705 2669 immobilia,
738 2640 788 2662 res
814 2636 844 2663 et
868 2630 951 2663 hona
976 2630 1021 2662 illi
1042 2641 1100 2674 per
1120 2641 1200 2664 eun-

451 2680 524 2715 dem
546 2679 698 2716 Cosmum
719 2679 835 2714 duceni
854 2679 1011 2715 haetenus
1031 2690 1199 2722 concessa,

1049 292 1227 317 BULLARIUM
1251 292 1401 316 ROMANUM

1245 350 1275 376 et
1303 345 1455 388 deinceps
1483 352 1546 378 tam
1575 356 1633 389 per
1661 357 1748 387 eum,
1785 357 1882 389 quam
1917 347 1996 381 alios

1244 408 1468 441 quoscumque
1484 398 1569 432 licite
1581 400 1798 439 concedenda,
1817 401 1911 433 etiam
1925 411 1996 444 per-

1244 456 1354 495 petuo,
1377 452 1578 495 applicamus
1596 458 1626 485 et
1637 454 1896 497 appropriamus,
1920 465 1995 488 nec-

1244 516 1308 537 non
1329 516 1481 545 canones,
1504 511 1631 547 statuta,
1657 507 1876 541 ordinationes
1896 514 1926 541 et
1942 519 1994 542 ea-

1244 558 1345 601 pilula
1365 559 1527 602 praedicta
1548 560 1587 592 de
1607 571 1687 593 novo
1713 560 1883 594 statuimus
1900 567 1931 594 et
1947 572 1997 595 or-

1243 611 1402 645 dinamus.
1439 613 1483 645 Ac-
1515 613 1652 646 eundem
1687 613 1839 646 Cosmum
1873 620 1904 647 et
1936 625 1996 658 pro

1243 669 1388 709 tempore
1418 666 1603 698 existentem
1624 666 1804 699 Florentiae
1825 667 1941 701 ducem
1963 668 1997 701 in

1244 729 1395 761 magnum
1437 719 1625 762 magistrum
1665 720 1808 753 ciusdem
1842 720 1995 761 militiae&

1243 782 1316 804 cum
1352 772 1545 812 honoribus,
1580 773 1741 813 oneribus,
1767 775 1996 818 praerogativis

1243 830 1269 857 ct
1292 826 1509 863 facultatibus„
1540 826 1657 869 quibus
1676 827 1729 859 alii
1751 827 1888 860 aliarum
1909 829 1995 862 mili-

1244 878 1358 911 tiarum
1392 879 1475 912 dicta
1505 879 1694 913 auctoritate
1729 880 1995 915 confirmatarum

1243 932 1385 974 magistri
1406 933 1489 965 inter
1509 944 1584 965 suos
1608 933 1725 966 milites
1749 934 1997 977 quomodolibet

1242 991 1396 1025 utuntur,
1431 987 1583 1019 fruuntur
1611 991 1642 1019 et
1666 987 1817 1029 gaudent,
1849 987 1997 1022 similiter

1242 1044 1399 1083 perpetuo
1420 1039 1645 1073 constituimus
1666 1045 1696 1073 et
1719 1040 1924 1087 deputamus.
1952 1043 1995 1076 Il-

1242 1092 1327 1135 lique
1348 1093 1510 1137 praedicta
1537 1093 1728 1126 immutandi
1750 1099 1780 1126 et
1799 1095 1996 1129 reformandi

1241 1156 1278 1178 ac
1297 1146 1359 1178 alia
1380 1157 1607 1190 quaecumque
1636 1146 1854 1180 ordinationes
1874 1154 1905 1182 et
1933 1154 1994 1182 sta-

1243 1204 1307 1231 tuta
1328 1199 1367 1232 ad
1388 1199 1531 1232 eiusdem
1554 1200 1687 1233 militiae
1711 1199 1924 1235 directionem
1950 1203 1995 1236 fa-

1241 1251 1374 1289 cientia,
1398 1252 1482 1285 licita
1500 1258 1527 1285 et
1550 1253 1683 1286 honesta
1712 1264 1749 1286 ac
1775 1254 1875 1287 sacris
1895 1266 1994 1289 cano-

1240 1304 1335 1337 nibus
1356 1306 1487 1339 minime
1512 1307 1692 1346 contraria,
1720 1307 1847 1350 quoties
1867 1309 1927 1342 sibi
1946 1309 1992 1342 vi-

1240 1358 1379 1396 debitur,
1398 1359 1557 1392 condendi
1569 1360 1753 1394 facultatem
1769 1362 1989 1396 concedimus.

1240 1413 1283 1444 Ac
1309 1413 1483 1455 praemissa
1504 1413 1613 1446 omnia
1640 1419 1671 1447 et
1690 1414 1817 1457 singula
1841 1415 1944 1449 valida
1962 1422 1994 1449 et.

1240 1466 1382 1498 ellicacia
1402 1467 1488 1505 fore,
1516 1477 1656 1511 suosque
1678 1468 1840 1511 plenarios
1860 1474 1891 1502 et
1910 1469 1991 1503 inte-

1239 1530 1313 1562 gros
1338 1519 1472 1553 effeetus
1496 1521 1614 1561 sortiri,
1647 1526 1677 1554 et
1700 1532 1759 1565 per
1787 1521 1904 1556 milites
1928 1523 1991 1557 sra-

1240 1578 1303 1606 tres
1328 1579 1359 1606 et
1382 1574 1461 1607 alias
1490 1574 1633 1608 ciusdem
1658 1574 1791 1608 militiae
1818 1586 1992 1620 personas,

1240 1627 1384 1670 aliosque
1413 1629 1658 1671 quomodolibet
1682 1628 1909 1663 inviolabiliter
1934 1630 1992 1664 oh-

1240 1681 1357 1714 servari
1378 1682 1505 1715 debere.
1530 1683 1573 1716 Ac
1593 1683 1723 1716 eosdem
1748 1683 1865 1716 milites
1888 1688 1919 1717 et
1940 1694 1992 1717 re-

1241 1734 1371 1778 ligiosos
1391 1736 1430 1768 ah
1451 1736 1513 1769 illis
1532 1737 1718 1769 nullatenus
1737 1737 1860 1770 resilire
1884 1748 1990 1781 posse,

1240 1789 1294 1822 sed
1319 1789 1359 1821 ad
1384 1789 1514 1823 illorum
1550 1790 1804 1823 observationem
1836 1791 1937 1824 teneri
1963 1796 1994 1825 et

1240 1843 1411 1876 efficaciter
1432 1844 1589 1887 obligatos
1618 1844 1703 1883 fore,
1734 1844 1942 1888 censurisque
1962 1850 1994 1878 et

1240 1897 1352 1941 poenis
1376 1897 1600 1931 ecclesiasticis
1620 1908 1657 1931 ae
1681 1897 1776 1931 etiam
1798 1897 1993 1942 pecuniariis

1240 1952 1278 1984 ad
1305 1951 1336 1984 id
1361 1952 1511 1996 compelli
1532 1963 1635 1996 posse.

1285 2005 1299 2049 ἓ
1322 2005 1352 2038 7.
1381 2005 1418 2037 Et
1451 2004 1496 2039 sic
1522 2016 1581 2049 per
1613 2016 1838 2050 quoscumque
1857 2006 1992 2049 iudices,

1240 2058 1349 2102 quavis
1369 2059 1558 2092 auctoritate
1579 2060 1764 2101 fungentes,
1800 2059 1926 2093 sublata
1949 2060 1995 2095 eis

1241 2118 1270 2145 et
1298 2123 1412 2146 eorum
1433 2112 1566 2146 cuilibet
1584 2113 1694 2157 quavis
1714 2113 1806 2146 aliter
1830 2113 1995 2148 iudicandi

1242 2171 1272 2199 et
1295 2166 1527 2210 interpretandi
1553 2166 1704 2200 facultate
1729 2171 1759 2200 et
1785 2168 1994 2209 auctoritate,

1241 2219 1377 2253 iudicari
1407 2225 1438 2253 et
1462 2219 1590 2253 definiri
1620 2220 1758 2260 debere;
1791 2231 1827 2254 ac
1853 2220 1879 2254 si
1903 2231 1996 2256 secus

1242 2285 1338 2317 super
1358 2274 1408 2307 his
1423 2285 1442 2307 a
1462 2284 1640 2318 quoquam,
1658 2273 1769 2318 quavis
1788 2275 1994 2317 auctoritate,

1242 2327 1380 2361 scienter
1405 2328 1455 2361 vel
1474 2327 1671 2369 ignoranter,
1699 2327 1869 2370 contigerit
1895 2332 1996 2362 atten-

1242 2381 1311 2421 tari,
1333 2381 1460 2415 irritum
1481 2386 1512 2414 et
1527 2381 1622 2414 inane
1647 2380 1862 2414 decernimus.

1286 2435 1300 2477 ξ
1322 2434 1352 2468 8.
1380 2434 1537 2474 Quocirca
1561 2434 1735 2467 venerabili
1760 2434 1850 2467 fratri
1884 2441 1994 2470 nostro

1243 2484 1395 2527 episeopo
1422 2483 1625 2516 Amerinensi
1646 2488 1677 2516 et
1700 2482 1825 2516 dilectis
1848 2483 1924 2518 filiis
1951 2485 1996 2518 vi-

1243 2532 1337 2565 cariis
1370 2532 1602 2566 venerabilium
1636 2531 1772 2564 fratrum
1808 2537 1995 2567 nostrorum

1242 2581 1422 2615 Florentiae
1432 2587 1462 2615 et
1470 2581 1616 2614 Pisarum
1630 2580 1951 2625 archiepiscoporum
1962 2583 1995 2617 in

1243 2630 1464 2673 spiritualibus
1483 2629 1687 2673 generalibus
1696 2634 1787 2663 motu
1807 2630 1914 2672 simili,
1936 2642 1996 2676 per

1243 2679 1422 2724 apostolica
1453 2679 1583 2724 scripta,
1616 2678 1807 2715 mandamus
1835 2685 1998 2726 quatenus

2010 294 2060 322 An.
2078 286 2117 323 cf
2127 294 2194 324 im

2034 2026 2147 2048 Decretum
2163 2026 2194 2047 ir-

2009 2059 2083 2080 rimu.

2053 2450 2192 2472 Executorum

2009 2482 2071 2503 intus
2086 2483 2193 2503 constitu-

2009 2514 2073 2534 tionis
2085 2514 2192 2541 deputatio

2010 2548 2031 2567 et
2044 2544 2164 2567 facultatem

2233 225 2237 250 ε

2226 263 2237 296 =t
