2237 3100
50 272 235 300 An.c.1565

76 966 142 993 Super
152 966 237 992 dispen-

51 998 133 1019 unone
150 1002 236 1018 uorum-

51 1030 96 1050 dom
106 1045 112 1055 ,

81 1711 148 1738 Super
158 1710 241 1738 praedi-

55 1742 143 1764 cnt-rib.
160 1745 180 1763 et
191 1748 242 1763 cou-

53 1773 173 1795 tenoribus
197 1779 238 1794 uon

56 1805 182 1825 habentibus
212 1804 240 1825 ti-

56 1838 160 1862 centium,

70 2035 137 2063 Super
147 2034 179 2056 his
189 2038 243 2062 quae

57 2068 198 2094 praedicator.
220 2070 244 2086 e-

58 2099 125 2120 vttare
141 2098 226 2119 debent.

920 272 987 295 Plus
1006 272 1036 294 lv
1061 270 1109 293 PP.

249 324 331 357 bunt
363 329 399 357 ut
412 325 495 357 bene
515 328 651 357 noscant
670 324 908 367 praedicatores
924 334 1005 366 quos

249 378 433 417 admittunt,
456 387 634 419 eorumque
660 376 839 409 doctrinam
857 377 1004 420 explora-

248 431 341 471 bunt,
361 440 401 463 ne
419 430 497 473 quid
522 435 633 463 contra
654 435 817 473 receptam
840 430 1004 463 veritatem

247 483 296 516 vel
317 489 430 520 contra
460 483 574 516 Sedem
595 483 813 526 Apostolicam
835 483 898 515 sive
919 482 1004 515 chri-

249 536 369 569 stianos
389 536 554 580 principes
570 536 785 579 praedicetur.
804 535 958 568 Similiter
973 546 1005 568 se

248 594 362 632 gerant
381 599 456 631 erga
472 594 580 633 patres
596 589 821 629 confessarios,
844 599 925 632 quos
940 599 1005 622 non

249 642 418 676 admittent
438 643 476 675 ad
498 648 561 675 tam
580 642 708 675 difficile
730 652 860 682 munus,
884 642 944 674 nisi
963 641 1006 675 vi-

249 706 303 728 ros
322 696 428 729 bonae
449 696 682 735 conscientiae,
705 701 734 729 et
760 696 816 739 qui
836 695 937 727 sciant
957 694 1005 726 di-

250 758 401 781 scernere
422 748 506 781 inter
522 748 644 791 lepram
654 754 683 781 et
695 749 830 792 lepram.
844 748 882 780 Hi
898 753 1005 781 autem

251 812 310 844 per
329 806 504 835 conventus
516 806 545 833 et
565 802 648 841 loca,
672 802 758 834 iuxta
773 802 1006 842 necessitatem,

251 854 498 888 distribuantur.

296 908 434 952 Magistri
463 914 491 941 et
514 908 752 952 praedicatores
778 908 872 942 etiam
899 908 1007 951 dispo-

252 967 371 995 nantur
390 962 452 994 hoc
474 962 582 1001 inodo,
606 967 641 994 ut
660 962 693 994 in
713 961 1008 1006 praedicationibus

252 1019 284 1048 et
307 1014 512 1055 lectionibus,
546 1015 735 1058 praesertim
760 1025 895 1048 casuum
929 1025 1007 1047 con-

252 1068 417 1109 scientiae,
428 1078 462 1101 se
482 1073 663 1108 exerceant,
677 1069 881 1112 populosque
897 1068 929 1100 in
945 1068 1007 1100 fide

252 1121 424 1155 instruant.
447 1121 548 1164 thui
558 1131 622 1153 non
639 1121 749 1163 legunt
768 1121 815 1154 vel
836 1131 901 1153 non
918 1131 1008 1163 prae-

252 1173 361 1208 dicant
378 1174 427 1207 vel
450 1173 482 1206 in
503 1174 612 1217 aliquo
632 1173 738 1207 officio
762 1173 921 1216 Religioni
942 1182 1008 1205 non

253 1228 395 1262 serviunt
410 1227 484 1271 (nisi
501 1227 578 1259 alias
598 1226 630 1258 in
645 1226 696 1259 his
712 1225 824 1258 studiis
844 1237 918 1259 suas
934 1237 1008 1269 par-

253 1287 299 1315 tes
308 1281 489 1325 gesserint),
507 1280 766 1324 exemptionibus
786 1286 817 1312 et
831 1280 1010 1313 honoribus

254 1334 304 1367 sui
328 1334 447 1377 gradus
473 1343 539 1366 non
564 1333 735 1375 gaudeant.
763 1333 890 1365 Fratres
912 1343 1006 1372 vero,

254 1386 310 1435 qui
330 1387 370 1419 ad
380 1396 515 1420 casuum
534 1386 749 1419 conscientiae
766 1387 936 1419 lectionem
955 1397 1010 1418 au-

254 1440 405 1474 diendam
421 1451 487 1474 non
498 1440 703 1481 accesserint,
722 1451 788 1473 non
799 1440 1011 1473 admittantur

254 1494 294 1527 ad
322 1493 498 1527 audiendas
518 1494 747 1534 consessiones,
770 1493 831 1526 nisi
851 1493 909 1526 viri
930 1492 1009 1526 alio-

255 1547 335 1591 quin
352 1547 470 1581 eruditi
485 1552 516 1581 et
532 1547 671 1591 probati.
693 1547 731 1580 Et
746 1547 777 1579 id
799 1552 911 1580 curent
933 1557 1009 1591 pro-

253 1601 406 1634 vinciales
426 1601 485 1634 sub
506 1611 610 1645 poena
631 1600 818 1643 privationis
838 1600 945 1634 officii.

299 1655 332 1688 Si
352 1654 424 1698 quis
444 1654 666 1697 deprehensus
692 1653 789 1687 suerit
809 1654 1010 1697 praedicato-

255 1708 300 1742 ris
314 1708 363 1741 vel
383 1707 576 1741 confessoris
588 1717 707 1740 munus
730 1707 850 1749 absque
866 1706 1012 1750 superio-

255 1773 329 1795 rum
345 1761 474 1795 licentia
483 1761 674 1800 exercuisse,
691 1766 762 1804 post
774 1771 936 1794 carcerem
955 1771 1012 1804 per

256 1826 412 1856 mensem,
431 1816 535 1848 exulct
552 1814 741 1859 aprow'ncia
751 1814 1010 1858 pertriennium3

257 1875 288 1903 et
302 1869 328 1902 si
347 1869 476 1913 saepius
491 1869 553 1902 hoc
569 1869 666 1901 modo
682 1867 863 1911 deliquerit,
881 1878 939 1911 per
959 1878 1013 1900 an-

252 1933 336 1969 ¹num
353 1922 538 1956 carceribus
555 1922 738 1965 deputetur.

301 1975 393 2009 Circa
416 1975 559 2015 tertium,
586 1974 697 2007 nullus
717 1973 863 2012 fratrum,
888 1971 920 2004 in
948 1972 1013 2005 suis

258 2029 565 2074 praedicationibus,
575 2039 614 2061 ne
622 2029 722 2061 latum
731 2027 861 2070 quidem
871 2036 1012 2069 unguem

259 2082 424 2116 discedere
440 2081 570 2115 audebit
585 2092 602 2114 a
619 2080 847 2113 communibus
867 2079 1014 2112 sensibus

259 2136 291 2170 S.
309 2135 346 2168 R.
363 2135 399 2168 E.
423 2140 454 2168 et
472 2145 490 2167 a
505 2134 635 2167 Patrum
651 2133 690 2165 ab
706 2143 743 2166 ea
758 2133 1013 2177 approbatorum

259 2187 437 2228 sententiis,
459 2197 566 2230 neque
593 2187 735 2230 aliquam
755 2196 869 2219 novam
887 2185 1013 2230 opinio-

258 2252 334 2275 nem
346 2241 500 2274 intrudet.
514 2242 711 2283 Argumenta
733 2240 827 2273 etiam
837 2239 1015 2272 haeretico-

259 2306 333 2329 rum
365 2296 415 2329 vel
439 2305 552 2328 eorum
571 2293 797 2338 responsiones
817 2293 849 2325 in
869 2292 1013 2325 medinm

260 2349 376 2382 afferre
392 2359 487 2381 nemo
509 2348 540 2380 in
557 2347 623 2380 suis
643 2346 855 2380 concionibus
871 2345 1012 2385 audebit,

261 2414 298 2437 ea
317 2403 508 2448 praesertim
546 2412 629 2446 quae
655 2406 749 2445 captu
778 2400 921 2433 difficilia
941 2406 1015 2433 sunt

260 2452 334 2486 rudi
354 2452 542 2496 plebeculae
560 2477 567 2490 ,
597 2461 638 2484 ne
659 2449 897 2483 haereticorum
930 2449 1015 2482 dicta

261 2512 320 2544 pro
336 2500 600 2535 conclusionibus
625 2499 706 2532 veris
729 2505 757 2532 et
782 2498 948 2531 catholicis
964 2510 1015 2532 re-

262 2549 435 2594 cipiantur.
458 2549 491 2583 Si
511 2549 583 2593 quis
602 2559 677 2581 vero
697 2547 831 2592 posthac
851 2547 1016 2580 convictus

262 2599 359 2632 suerit
378 2598 518 2642 aliquam
544 2597 799 2641 propositionem
820 2596 1014 2629 haereticam

261 2648 310 2682 vel
326 2647 563 2683 schismaticam
579 2646 701 2691 populo
712 2645 925 2690 praedicasse,
943 2655 1017 2689 pro-

1695 256 1759 289 413

1048 327 1119 366 pter
1135 330 1233 364 quam
1249 319 1483 352 abiurationem
1509 319 1614 351 facere
1640 324 1800 360 tencatur,

1050 383 1227 416 numquam
1238 372 1376 414 amplius
1388 372 1424 404 ad
1435 371 1803 414 praedicatorismunuS,

1048 438 1153 471 neque
1170 427 1209 460 ad
1224 426 1351 460 Ordinis
1372 426 1477 459 officia
1498 425 1696 458 admittatur.
1720 427 1755 459 Et
1778 427 1802 458 si

1048 480 1119 522 quis
1148 491 1166 512 a
1196 485 1335 523 quatuor
1359 478 1451 511 annis
1472 479 1556 511 circa
1583 477 1678 511 suerit
1697 478 1805 522 aliqua

1048 532 1119 565 labe
1131 532 1274 565 haeresis
1294 537 1422 565 notatus
1443 537 1472 564 ct
1489 531 1665 572 convictus,
1685 533 1804 565 habea-

1049 591 1101 617 tur
1121 585 1270 618 inhabilis
1290 586 1329 618 ad
1349 596 1573 629 quoscumque
1585 585 1703 628 gradus
1720 586 1805 619 etdi-

1048 639 1183 680 gnitatcs
1204 650 1262 683 per
1281 639 1487 672 decennium.

1092 692 1205 724 Nullus
1214 693 1307 725 etiam
1321 693 1440 725 librum
1453 693 1594 736 aliquem
1612 697 1803 726 tractantem
1902 732 1905 735 .

1049 744 1087 777 de
1108 745 1169 778 fide
1190 752 1245 778 aut
1265 746 1303 779 de
1323 757 1530 789 quacumque
1546 746 1608 779 alia
1628 747 1761 780 materia
1772 747 1804 780 in
1819 732 1884 783 55¹,ssssss
1902 732 2006 787 ’11111ζηῖζῖ

1050 798 1154 830 lucem
1172 799 1266 831 edere
1286 800 1398 840 valeat,
1423 800 1481 831 suh
1498 809 1602 843 poena
1619 810 1804 832 excommu-
1820 794 2007 851 {fffffbssffgssfj

1049 851 1219 885 nicationis
1245 857 1275 885 et
1295 852 1446 892 carceris,
1468 852 1527 885 nisi
1548 852 1638 896 prius
1665 863 1683 884 a
1707 863 1805 895 gcne-
1821 856 1883 875 diffl-

1050 903 1109 936 rali
1129 905 1176 937 vel
1197 915 1214 937 a
1234 905 1395 948 deputatis
1421 905 1459 937 ab
1485 916 1522 938 eo
1550 905 1603 938 ille
1629 905 1711 938 liber
1739 906 1804 938 sue-

1050 957 1089 989 rit
1106 958 1316 1001 approbatus;
1334 963 1539 1001 etpraetcrca
1559 959 1620 991 alia
1639 959 1807 991 observen-

1051 1016 1114 1051 tur,
1137 1022 1220 1053 quae
1245 1012 1331 1044 circa
1359 1012 1421 1045 hoc
1452 1011 1484 1044 in
1509 1012 1646 1045 decretis
1677 1012 1807 1045 concilii

1051 1064 1227 1098 Tridentini
1248 1070 1279 1098 et
1298 1065 1403 1098 indice
1427 1065 1584 1097 librorum
1606 1071 1698 1098 cauta
1719 1070 1804 1098 sunt.

1820 265 2004 292 An.e.tue5

1859 699 1943 721 Fratres
1963 706 2004 720 non

1362 1172 1436 1205 Car.
1454 1172 1492 1204 X.

1118 1243 1250 1281 Fratres
1270 1248 1325 1291 qui
1343 1252 1418 1281 smil
1440 1248 1587 1280 ministri
1610 1252 1639 1280 et
1659 1248 1743 1281 servi

1229 1302 1369 1334 aliorum
1389 1302 1551 1343 fratrum,
1570 1306 1627 1334 etc.

1840 1253 1908 1275 Verba
1919 1254 2005 1282 cap.10.

1095 1386 1130 1418 In
1152 1386 1214 1419 hoc
1239 1386 1381 1429 capitulo
1405 1386 1438 1418 B.
1462 1386 1652 1419 Franciscus
1678 1386 1807 1419 instruit
1887 1393 2007 1414 Dectaratio

1052 1439 1235 1483 superiores
1250 1439 1377 1473 Ordinis
1392 1445 1420 1472 et
1438 1450 1551 1472 eorum
1561 1440 1805 1482 subditosque
1819 1429 2008 1481 {ssfissi‘ncjss'fi'i'ssfgff

1054 1493 1149 1526 modo
1182 1493 1315 1526 invicem
1336 1503 1368 1525 se
1388 1503 1500 1535 gerere
1527 1493 1676 1526 debcant.
1702 1493 1805 1537 Supe-
1821 1487 1971 1511 ⁵³¹³'³⁰¹¹i¹’¹¹'¹

1053 1546 1154 1579 riores
1177 1551 1269 1579 vocat
1297 1545 1460 1578 ministros
1481 1551 1509 1578 et
1531 1556 1638 1578 servos
1666 1546 1806 1579 aliorum

1054 1599 1187 1632 fratrum
1205 1604 1239 1632 ut
1254 1599 1356 1631 sciant
1367 1609 1399 1631 se
1415 1609 1479 1631 non
1496 1608 1563 1631 esse
1580 1599 1738 1639 dominos,
1753 1610 1807 1632 ne-

1053 1663 1115 1695 que
1136 1652 1255 1685 habere
1275 1652 1454 1686 dominium
1476 1663 1574 1695 super
1594 1652 1750 1693 subditos,
1773 1658 1809 1685 ut

1053 1705 1175 1739 domini
1206 1705 1418 1748 teniporalcS,
1442 1705 1497 1738 sed
1522 1705 1594 1738 ideo
1619 1706 1808 1739 constitutos

1054 1769 1122 1792 esse
1143 1769 1241 1802 super
1260 1759 1351 1799 alios,
1373 1763 1409 1791 ut
1428 1769 1541 1791 eorum
1563 1758 1690 1791 utilitati
1708 1764 1738 1791 et
1758 1769 1808 1791 sa-

1054 1812 1113 1844 luti
1133 1811 1285 1845 inservire
1306 1812 1454 1851 debeant;
1477 1812 1699 1855 praefecturae
1720 1812 1806 1845 enim

1055 1870 1181 1898 nostrae
1203 1870 1277 1897 sunt
1296 1864 1403 1908 potius
1424 1864 1530 1897 officia
1550 1876 1647 1907 quam
1670 1865 1807 1907 dignita-

1056 1924 1113 1951 tes.
1136 1918 1287 1952 Subditos
1310 1928 1384 1950 vero
1405 1917 1499 1950 docet
1528 1923 1562 1950 ut
1587 1918 1807 1951 omnimodam

1055 1972 1270 2006 obedientiam
1291 1971 1357 2005 suis
1382 1971 1604 2013 superioribus
1623 1977 1806 2015 praestent,

1056 2037 1216 2060 memores
1244 2026 1331 2070 quod
1350 2029 1483 2069 propter
1508 2026 1608 2058 Deum
1631 2026 1807 2068 abnegave-

1056 2085 1131 2112 runt
1140 2079 1287 2123 proprias
1293 2080 1483 2113 voluntates.
1493 2078 1709 2117 Quamobrem
1720 2088 1809 2110 man-

1056 2132 1150 2165 datur
1170 2132 1321 2166 omnibus
1346 2131 1681 2177 pi‘ovincialibus,Si1b
1706 2141 1810 2175 poena

1057 2185 1244 2228 privationis
1264 2197 1398 2219 suorum
1420 2183 1810 2227 osfici01·um,utsingulis

1056 2238 1159 2279 annis,
1190 2239 1267 2272 dum
1294 2239 1431 2279 visitant,
1464 2237 1647 2271 examinare
1674 2236 1812 2270 debeant

1056 2292 1169 2325 fratres
1189 2303 1276 2333 suos⁷
1295 2292 1389 2325 etiam
1402 2292 1460 2325 sub
1472 2291 1664 2331 iuramento,
1674 2290 1712 2323 de
1727 2296 1811 2323 statu

1057 2351 1274 2379 conventuum
1290 2351 1321 2379 et
1341 2346 1502 2385 locorum,
1524 2344 1563 2376 de
1583 2343 1645 2377 vita
1660 2343 1808 2383 fratrum,

1057 2399 1096 2432 de
1111 2398 1268 2439 moribus,
1291 2399 1329 2431 de
1355 2397 1596 2431 conversatione
1617 2397 1811 2430 etobserva-

1057 2448 1144 2481 tione
1158 2449 1274 2481 harum
1291 2446 1570 2485 constitutionum,
1585 2451 1680 2490 atque
1692 2446 1731 2479 de
1741 2456 1813 2479 -oni-

1057 2497 1152 2529 nibus
1172 2495 1342 2530 certiorem
1370 2495 1487 2529 faciant
1505 2495 1688 2538 generalem
1709 2494 1811 2538 magi-

1058 2552 1172 2586 strum;
1185 2546 1311 2580 visitent
1326 2556 1456 2589 quoquc
1469 2555 1626 2585 cameras,
1645 2544 1813 2588 explorent

1058 2595 1082 2628 si
1103 2595 1178 2639 quid
1192 2596 1311 2629 habent
1325 2597 1438 2628 fratres
1458 2594 1626 2637 superflui,
1643 2593 1730 2637 quod
1746 2603 1811 2625 non

1061 2644 1229 2678 conveniat
1240 2654 1316 2678 suae
1325 2643 1531 2688 professioni,
1548 2648 1578 2677 et
1593 2641 1723 2676 uhinon
1737 2646 1813 2676 sunt
