2237 3100
206 285 258 313 An.
276 285 304 312 C.
322 285 390 314 ¹560

229 1151 286 1171 Nova
305 1156 389 1171 eorum-

204 1184 250 1204 dem
267 1183 386 1203 concessio.

404 337 459 381 qui
486 337 592 369 forsan
619 334 849 368 intervenerint
868 332 900 366 in
918 332 1056 372 eisdem,
1079 342 1155 374 sup-

404 392 542 435 plemus,
561 401 598 423 ac
614 390 738 433 singula
756 388 929 432 praemissa
946 392 975 420 et
993 386 1024 419 in
1041 385 1156 429 praein-

404 445 496 477 sertis
521 443 655 487 aliisque
678 442 816 475 motibus
829 441 981 486 propriis,
996 439 1157 482 supplica-

403 497 556 538 tionibus,
572 498 684 534 literis,
701 495 920 529 instrumentis
943 499 971 527 et
991 491 1157 535 seripturis

402 551 566 589 basilicae,
584 550 875 594 arrliipresbytero,
899 546 1040 590 capitulo
1062 550 1092 578 et
1107 555 1158 577 ca-

402 603 721 648 nonicispraedictis,
740 608 771 635 ut
795 601 986 645 praefertur,
1007 608 1157 632 concessa

404 664 431 691 01
455 659 527 690 inde
544 664 651 691 secuta
669 666 907 700 quaecumque,
925 654 1027 687 valida
1043 658 1071 686 ot
1093 652 1158 685 essi-

404 712 491 744 000111
520 713 586 744 foro
614 717 641 743 01
674 721 758 745 esse,
788 720 824 742 ac
852 707 1017 752 perpetuis
1043 705 1158 739 futuris

402 766 603 809 temporibus
625 761 1020 796 inviolabiliterobservari
1030 761 1157 800 (1011010,

404 824 431 851 01
455 819 495 851 ita
517 829 574 861 1101·
590 817 772 862 praedictos
793 821 821 849 01
842 826 1066 860 quoscumque
1079 815 1158 848 alios

401 872 523 905 iudices
551 876 624 908 eliz,
648 882 825 915 omnesque
851 880 1022 903 causarum
1048 868 1157 902 Palatii

402 925 502 958 nostri
515 925 689 968 Apostolici
707 924 870 957 auditores
886 929 913 956 01
931 924 961 956 S.
981 923 1017 956 P..
1039 923 1072 955 E.
1088 934 1157 955 car-

402 979 534 1019 dinales,
548 979 671 1011 sublata
692 983 764 1018 rto,
783 977 919 1010 iudicari
940 978 1070 1017 debere,
1088 977 1159 1009 irri-

404 1037 535 1076 tumque
554 1037 626 1069 rto,
650 1032 866 1065 decernimus.

446 1086 513 1129 {⁹2
542 1087 574 1119 131
602 1085 829 1125 nibilominus,
857 1096 916 1129 pro
942 1085 1059 1129 potiori
1086 1096 1160 1118 cau-

404 1141 477 1181 tela,
500 1141 611 1173 eadem
633 1140 740 1174 omnia
762 1145 789 1173 01
807 1139 944 1182 singula,
963 1139 1083 1173 eisdem
1100 1151 1158 1172 au-

402 1194 560 1232 ctoritate,
574 1200 663 1228 motu
680 1200 707 1227 01
726 1193 858 1227 scientia
870 1199 900 1227 01
916 1199 1039 1234 tenore,
1062 1194 1158 1227 modo

402 1255 430 1283 et
458 1251 558 1283 forma
589 1249 708 1292 quibus
739 1259 891 1281 concessa
909 1254 999 1288 sunt,
1018 1248 1055 1281 de
1078 1259 1158 1282 novo

402 1303 623 1340 concedimus3
648 1314 683 1335 ae
705 1313 817 1335 01111105
842 1307 873 1335 01
897 1302 1040 1345 singulas
1063 1313 1158 1346 prae-

402 1357 520 1393 dictas,
544 1363 574 1389 111
604 1357 803 1400 1111101011111,
827 1361 857 1388 01
882 1355 960 1387 alias
980 1356 1160 1399 quomodo—

402 1410 767 1454 1111011)01111011105,01011
784 1420 842 1442 nos
853 1409 1021 1442 advocatas
1037 1414 1065 1442 ot
1083 1409 1160 1442 alias

402 1475 626 1507 quascumque
648 1474 771 1503 causas,
792 1463 864 1495 lites
884 1468 911 1495 01
933 1462 1156 1506 quaestiones,

402 1518 565 1551 molestias
586 1524 612 1550 01
636 1517 846 1556 differentias,
867 1522 898 1548 111
918 1517 1111 1559 praefertur,
1130 1522 1161 1549 et

402 1571 480 1604 alias
495 1571 738 1614 quomodolibet
762 1570 963 1614 speeificatas
984 1575 1010 1602 et
1034 1570 1161 1613 qualifi-

403 1630 500 1665 catas,
519 1625 615 1657 modo
637 1629 664 1657 01
689 1625 789 1657 10111111
810 1622 1007 1667 praemissis,
1025 1634 1061 1656 ac
1078 1623 1162 1656 inter

403 1679 590 1719 canonicos,
614 1678 806 1722 capitulum,
824 1677 1045 1717 beneficiatos,
1069 1677 1162 1710 cleri-

403 1744 474 1773 cos,
512 1734 721 1777 cappellanos
755 1738 783 1765 01
823 1732 972 1765 sacristas
1008 1730 1161 1764 basilicae

403 1787 586 1832 praedictae
622 1787 764 1830 aliasque
798 1796 953 1830 personas
997 1791 1099 1818 motas
1132 1790 1162 1818 et

404 1841 588 1878 movendas,
612 1840 710 1873 active
723 1845 751 1873 et
765 1840 904 1883 passive,
927 1839 1032 1872 eidem
1048 1839 1161 1871 Carolo

405 1895 572 1935 cardinali,
591 1901 619 1928 01
637 1906 695 1939 pro
722 1900 867 1939 tempore
889 1893 1036 1926 existenti
1057 1893 1162 1925 1110111-

404 1949 591 1993 111051111010
609 1949 758 1981 11051111ῖο0
776 1947 971 1992 praedictae,
984 1946 1163 1979 1111051100-

405 2003 599 2036 cancellario
620 2003 772 2046 deputato
795 2007 825 2034 et.
845 2001 1043 2045 deputando,
1067 2001 1161 2032 etiam

405 2057 600 2097 summarie,
628 2055 819 2100 simpliciter
847 2060 877 2087 et
902 2055 939 2087 de
962 2055 1071 2097 plano,
1095 2053 1163 2086 sine

406 2111 541 2154 strepitu
558 2116 586 2143 01
608 2110 712 2153 figura
735 2108 861 2146 iudicii,
881 2113 911 2141 et
931 2108 1044 2148 etiam,
1068 2107 1093 2140 si
1117 2107 1163 2139 vi-

405 2165 543 2205 debitur,
566 2163 696 2206 quando
718 2174 800 2206 opus
821 2161 928 2202 suerit,
948 2172 1045 2194 manu
1063 2160 1163 2203 regia,

404 2218 493 2259 alias,
518 2218 603 2251 iuxta
625 2218 901 2262 praeinsertorum
924 2221 1071 2248 motuum
1089 2225 1164 2258 pro-

405 2274 553 2317 priorum
590 2278 755 2311 tenorem,
779 2282 852 2304 01110
879 2270 1031 2303 omnibus
1052 2279 1164 2302 earum

406 2327 639 2367 incidentibus,
677 2325 870 2365 audiendas,
906 2323 1163 2367 cognoscendas,

405 2381 599 2414 decidendas
633 2380 762 2423 fineque
793 2378 899 2412 debito
926 2377 1165 2416 terminandas,

406 2434 640 2467 committimus
669 2440 699 2467 et
729 2433 931 2466 mandamus.
968 2432 1047 2465 Cum
1079 2435 1168 2474 pote-

406 2489 483 2517 statc
505 2484 624 2517 citandi
646 2489 677 2517 ct
697 2482 866 2515 inhibendi
891 2486 964 2521 etc„
993 2480 1024 2512 in
1046 2480 1166 2513 eisdem

406 2533 512 2566 causis
532 2539 563 2566 01
591 2532 735 2576 qualibet
765 2541 890 2570 earum,
918 2529 1098 2563 secundum
1119 2528 1167 2561 di-

406 2588 533 2615 ctorum
544 2588 691 2615 motuum
703 2580 914 2625 propriorum
925 2584 1084 2618 tenorem,
1095 2588 1169 2621 pro-

407 2631 563 2672 cedendi,
587 2631 822 2673 citationesque
842 2639 902 2673 per
922 2638 1090 2661 cursorem
1112 2637 1168 2659 seu

408 2680 646 2714 mandatarium
668 2679 707 2712 ad
729 2678 759 2711 id
781 2689 839 2722 per
862 2675 1166 2711 reverendissimum

1002 276 1181 303 BULLARIUM
1205 273 1356 301 ROMANUM

1199 326 1367 359 dominum
1383 321 1698 367 archipresbyterum
1714 317 1948 363 deputandum,

1199 380 1230 412 in
1261 378 1366 412 causis
1398 377 1678 421 quibuscumque,
1703 373 1811 417 vigore
1836 371 1950 404 huius-

1200 433 1286 466 modi
1300 438 1405 465 motus
1421 429 1556 474 proprii,
1575 428 1646 462 fieri
1661 427 1809 467 faciendi,
1823 426 1951 469 aliaque

1200 486 1337 520 faciendi
1358 485 1390 517 in
1411 482 1595 528 praemissis
1624 487 1654 515 et
1676 481 1762 515 circa
1782 492 1819 514 ea
1838 490 1950 513 neces-

1200 540 1281 573 saria
1302 551 1358 572 seu
1379 537 1624 583 quomodolibet
1643 541 1837 580 opportuna.

1244 594 1306 636 ,ξ’ῧ.
1342 592 1529 626 praemissis
1558 602 1595 624 ac
1619 587 1903 624 constitutionibus
1923 592 1954 620 et
1969 593 2154 645 2,¹’,‡{gffi¹,}⁰⁰⁰¹¹'

1200 647 1457 681 ordinationibus
1506 644 1690 690 apostolicis
1744 642 1951 686 statutisque,

1201 701 1392 745 privilegiis,
1420 699 1515 733 etiam
1553 698 1723 732 novissime
1751 697 1785 730 in
1813 697 1955 730 favorem

1201 756 1313 799 populi
1334 754 1470 788 Romani
1492 752 1653 787 concessis
1673 757 1703 785 et
1724 750 1953 791 concedendis,

1201 821 1237 842 ac
1258 820 1331 842 cum
1352 809 1506 842 clausulis
1525 806 1804 851 derogatoriarum
1819 806 1956 849 deroga-

1201 863 1307 902 toriis,
1332 864 1411 907 stylo
1436 861 1547 895 Palatii
1577 866 1608 894 et
1630 860 1793 894 Romanae
1817 859 1953 900 Curiae,

1202 916 1381 960 ceterisque
1404 914 1667 950 concessionibus
1692 914 1725 947 in
1749 912 1957 958 praeinsertis

1201 976 1232 1004 et
1264 971 1525 1015 quibuscumque
1546 969 1615 1003 aliis
1649 969 1789 1002 motibus
1815 967 1957 1012 propriis

1201 1035 1266 1057 non
1291 1024 1511 1065 obstantibus,
1540 1022 1711 1057 contrariis
1743 1021 1956 1066 quibuscum-

1201 1089 1275 1121 que.
1295 1078 1419 1110 Statum
1437 1082 1509 1118 eto,
1528 1087 1586 1121 pro
1608 1075 1806 1110 sufficienter
1826 1085 1956 1118 expres—

1202 1131 1243 1163 sis
1263 1131 1430 1173 habentes,
1453 1141 1528 1164 cum
1549 1129 1703 1163 clausulis
1728 1128 1932 1173 opportunis.

1370 1184 1456 1225 Fiat,
1480 1190 1570 1217 motu
1591 1182 1738 1227 proprio.
1762 1183 1785 1216 1.

1245 1240 1259 1282 ξ
1278 1238 1309 1270 [1.
1334 1239 1371 1271 Et
1391 1249 1465 1271 cum
1487 1238 1691 1271 absolutione
1707 1248 1724 1270 a
1741 1237 1899 1278 censuris,
1918 1237 1957 1271 ad

1202 1292 1352 1324 effectum
1385 1296 1465 1332 010,
1489 1297 1519 1324 01
1547 1291 1585 1324 de
1614 1290 1878 1331 confirmatione,
1900 1301 1958 1334 ap-

1202 1345 1405 1389 probatione,
1429 1344 1646 1384 innovatione,
1669 1343 1861 1384 adiectione,
1883 1354 1959 1387 sup-

1202 1399 1353 1443 pletione,
1374 1399 1516 1439 decreto,
1534 1409 1616 1431 nova
1636 1397 1857 1438 concessione,
1871 1407 1959 1431 com-

1202 1452 1373 1490 missione,
1396 1452 1568 1492 mandato,
1590 1451 1798 1494 derogatione
1823 1451 1958 1494 aliisque

1202 1506 1400 1549 praemissis,
1423 1517 1460 1539 ac
1483 1516 1594 1550 supra,
1616 1516 1699 1550 quae
1718 1505 1772 1538 hic
1792 1515 1852 1549 pro
1871 1504 1959 1547 sigil-

1202 1560 1289 1593 latim
1312 1560 1454 1604 repetitis
1479 1559 1603 1601 haberi,
1626 1565 1784 1604 perpetuo
1804 1558 1836 1591 in
1856 1559 1960 1591 forma

1202 1615 1340 1657 gratiosa
1361 1614 1515 1647 latissime
1532 1614 1750 1654 extendentes;
1767 1618 1809 1654 et,
1831 1612 1857 1646 si
1876 1612 1962 1646 vide—

1203 1668 1301 1708 bitur,
1313 1679 1387 1701 cum
1398 1673 1584 1712 opportuna
1592 1672 1802 1701 executorum
1823 1666 1960 1711 deputa-

1204 1722 1302 1761 tione,
1320 1721 1375 1765 qui
1388 1721 1536 1755 assistant
1547 1725 1618 1762 etc„
1631 1726 1661 1754 et
1670 1721 1730 1754 sub
1742 1720 1890 1754 censuris
1900 1724 1957 1753 etc.

1203 1774 1283 1808 Cum
1313 1775 1463 1808 facultate
1484 1774 1695 1817 aggravandi,
1717 1774 1865 1807 invocato
1884 1774 1960 1806 bra-

1205 1829 1267 1862 chii
1281 1829 1455 1862 saecularis
1472 1828 1604 1869 auxilio,
1617 1827 1770 1861 latissime
1787 1827 1961 1861 extenden-

1205 1889 1262 1916 tes.
1294 1884 1331 1916 Et
1364 1883 1450 1927 quod
1484 1882 1737 1927 praemissorum
1763 1881 1911 1915 omnium
1932 1886 1963 1914 01

1206 1937 1408 1980 singulorum
1422 1937 1434 1964 1
1452 1935 1851 1980 etcognominaiudimim,
1874 1934 1963 1968 colli-

1206 1990 1376 2033 tigantium
1389 1995 1501 2031 status,
1515 1990 1641 2031 merita,
1660 1989 1891 2029 invocationes,
1909 1988 1964 2021 de-

1206 2044 1454 2084 nominationes,
1472 2044 1680 2083 ammones,
1693 2043 1865 2087 qualitates
1879 2052 1964 2075 nun-

1207 2103 1337 2142 cupata,
1359 2097 1565 2141 aliorumque
1585 2095 1844 2130 necessariorum
1860 2094 1964 2128 maior

1207 2157 1235 2184 et
1247 2152 1363 2193 verior,
1383 2151 1531 2196 specialis
1539 2156 1568 2184 et
1577 2161 1726 2195 expressa
1740 2150 1757 2178 Ξ
1766 2150 1837 2183 fieri
1849 2149 1961 2194 possit,

1207 2205 1238 2237 in
1260 2205 1361 2238 literis
1382 2204 1601 2249 expediendis,
1617 2209 1647 2237 et
1657 2204 1695 2237 de
1716 2202 1963 2237 confirmatione

1208 2258 1452 2302 privilegiorum
1485 2263 1613 2291 tantum
1651 2263 1811 2302 quatenus
1839 2256 1902 2289 sint
1931 2255 1962 2288 in

1208 2322 1267 2345 usu
1290 2317 1320 2344 01
1339 2312 1476 2345 decretis
1496 2311 1626 2345 concilii
1637 2310 1813 2344 Tridentini
1830 2320 1895 2343 non
1910 2319 1962 2342 re-

1208 2371 1363 2410 pugnent.

1246 2444 1255 2469 l
1279 2443 1452 2474 singulm-mn
1471 2445 1582 2469 nomina
1604 2446 1628 2468 et
1647 2443 1806 2475 cognomina
1819 2461 1825 2473 ,
1843 2439 1959 2468 Cherub.

1208 2482 1306 2518 (11.1).
1329 2484 1590 2516 ‘zm-pressamemio
1597 2481 1736 2517 legendum
1746 2480 1898 2516 videturne
1910 2481 1960 2517 τ.).

1470 2610 1662 2618 ---.---

1967 259 2018 287 Am
2035 258 2066 287 C.
2083 257 2153 287 1860

2000 1242 2104 1264 Limnatio
2125 1243 2158 1264 111-

1973 1277 2021 1296 ctae
2036 1275 2159 1296 eoncessio-

1973 1307 2006 1327 nis
2034 1306 2103 1334 quoad
2125 1306 2159 1327 in-

1974 1338 2038 1359 dulia.
