2237 3100
261 230 308 257 An.
327 229 355 257 C.
374 230 441 258 1572

286 512 395 539 ssnnxpno
417 514 442 533 de

260 549 299 570 qun
314 544 333 563 ln
351 544 442 563 rubrica.

270 1423 381 1450 Dopntatio
393 1429 439 1444 010-

257 1457 359 1476 tutorum.

281 2272 391 2294 Clausulas
407 2274 441 2295 do-

255 2305 382 2329 rogatoriam

497 221 561 255 972

1060 228 1241 252 BULLAmt'M
1264 229 1416 253 ROMANUM

457 287 632 329 respective
651 287 781 330 poenis,
806 284 994 317 auctoritate
1016 282 1207 326 apostolica,
1252 283 1467 325 derogamus,
1490 284 1670 325 ceterisque
1684 283 1855 316 emitrariis
1872 285 2003 327 quibus-

457 338 562 371 sinant
585 339 632 371 rel
655 339 860 381 permittant,
885 336 1090 371 inhibemus,
1117 346 1209 379 prae-
1253 346 1393 378 cumque
1407 346 1481 368 cum
1512 335 1665 368 clausulis
1699 337 1911 379 opportunis.

458 391 613 435 cipimus,
640 391 872 424 committimus
897 395 924 421 et
952 389 1153 422 mandamus.

502 445 516 487 ἓ
536 444 566 476 4.
589 444 624 476 Et
648 444 795 486 insuper,
818 448 879 474 tam
902 442 964 473 illis
979 453 1075 484 «lnam
1097 441 1211 485 equiti-

457 497 517 530 bus
537 502 565 528 et
583 496 737 528 militibus
753 495 923 539 praefatis,
946 506 985 527 ue
1003 495 1208 530 monasteria,

458 550 613 582 coenobia
645 554 672 582 et
696 549 768 582 loca
798 549 850 592 pia
872 548 1059 581 huiusmodi
1082 548 1113 580 in
1140 559 1210 591 per-

457 601 563 642 sonis,
596 602 693 635 rebus
718 608 747 634 et
775 602 868 635 bonis
899 606 953 633 aut
973 600 1051 633 alias
1071 601 1212 644 desuper

456 655 701 697 quomodolibet
719 655 901 694 molestare,
921 654 1132 697 perturbare,
1151 653 1210 685 im-

461 707 575 751 pedire
598 713 628 740 et
648 707 843 750 inquietare,
866 718 921 740 seu
941 707 1119 747 molestari,
1143 717 1212 749 per-

456 760 580 793 turbari
600 761 648 794 vel
669 761 747 793 alias
764 760 935 803 inquietari
952 761 1056 793 facere
1072 760 1210 794 audeant

456 824 512 846 seu
537 819 767 857 praesumant,
801 814 830 846 in
853 815 968 846 virtute
989 819 1117 846 sanctae
1138 813 1212 846 obe-

455 866 594 900 dientiae
619 872 650 900 et
674 868 733 900 sub
754 867 816 899 iam
841 867 935 900 dictis
955 866 1079 910 poenis,
1100 866 1211 899 eadem

455 919 648 953 auctoritate
662 919 864 961 inhibemus,
881 919 1110 963 praecipimus,
1126 930 1213 952 com-

456 973 612 1006 mittimus
637 980 665 1006 et
688 974 892 1013 mandamus,
916 973 982 1016 ipsa
1004 973 1209 1013 monasteria,

458 1026 635 1067 coenobia,
663 1027 777 1060 domos
798 1032 828 1060 et
861 1027 922 1059 alia
939 1026 1155 1059 ecclesiastica
1183 1032 1213 1059 et

459 1080 510 1123 pia
532 1080 603 1113 loca
630 1091 666 1112 ex
692 1091 779 1113 nunc
801 1081 839 1113 ab
860 1080 981 1113 eisdem
1003 1080 1158 1113 militibus
1183 1085 1210 1113 et

458 1132 644 1176 equitibus,
667 1134 707 1166 ab
734 1144 833 1166 onere
860 1133 932 1165 illos
957 1133 1099 1176 bospitio
1130 1133 1213 1166 exci-

457 1185 587 1228 piendi,
622 1191 711 1218 motu
748 1191 779 1219 et
824 1186 1015 1219 auctoritate
1053 1186 1213 1219 similibus

457 1238 627 1271 eximendo
648 1245 677 1272 et
693 1239 834 1271 totaliter
849 1239 1034 1278 liberando,
1057 1249 1093 1272 ac
1111 1239 1212 1272 libera

457 1296 487 1323 et
503 1291 662 1324 immunia
682 1292 842 1325 faciendo.

501 1345 516 1388 ἓ
541 1344 571 1377 5.
600 1345 731 1378 Necnon
748 1345 873 1378 dilectis
892 1344 966 1377 tiliis
983 1345 1099 1377 nostris
1119 1345 1213 1378 Vitel-

456 1398 546 1438 lotio,
566 1398 720 1431 cardinali
737 1398 860 1431 Vitellio
877 1404 1079 1441 nuncupato,
1104 1404 1134 1432 et
1154 1409 1212 1443 pro

456 1457 604 1496 tempore
624 1451 770 1484 existenti
792 1452 823 1485 S.
847 1452 884 1484 R.
904 1452 938 1484 E.
959 1452 1154 1493 camerario,
1175 1463 1212 1485 ac

456 1504 715 1548 praesidentibus
735 1510 765 1537 et
798 1505 926 1538 clericis
951 1505 1104 1538 Gamerae
1126 1507 1212 1549 Apo-

457 1554 588 1588 stolicae
606 1581 614 1591 ,
650 1560 700 1594 ut,
731 1555 850 1587 eisdem
874 1555 1078 1588 monasteriis
1102 1562 1132 1588 et
1153 1555 1214 1599 piis

456 1607 537 1641 locis
563 1607 596 1641 in
628 1608 814 1652 praemissis
848 1608 987 1641 efficacis
1018 1609 1214 1642 defensionis

456 1661 617 1705 praesidio
638 1661 821 1695 assistentes
835 1689 842 1701 ,
876 1672 940 1695 non
959 1662 1143 1705 permittant
1160 1663 1214 1696 illa

457 1725 512 1747 seu
527 1725 641 1748 eorum
658 1726 812 1759 personas
833 1726 848 1747 a
867 1715 1038 1758 praedictis
1059 1716 1214 1749 militibus

457 1773 488 1800 et
509 1767 673 1811 equitibus
700 1768 899 1811 illorumque
925 1768 1068 1812 hospitio
1088 1770 1212 1812 gravari

457 1826 571 1853 contra
584 1821 802 1863 praesentium
824 1826 988 1861 tenorem,
1012 1823 1067 1854 sed
1093 1823 1214 1855 litteras

457 1878 487 1905 et
507 1873 745 1916 exemptionem
777 1873 964 1908 huiusmodi
996 1876 1041 1907 eis
1075 1876 1214 1919 desuper

458 1926 638 1959 concedant
649 1937 685 1959 ac
694 1927 1103 1968 favorabiliterdesendant,
1118 1929 1214 1962 etiam

457 1979 676 2023 praecipimus
711 1986 741 2012 et
774 1981 975 2013 mandamus.
1014 1982 1048 2014 Et
1085 1983 1129 2015 sic
1158 1994 1214 2026 per

456 2043 683 2077 quoscumque
704 2033 846 2069 iudices,
869 2034 994 2067 sublata
1015 2039 1072 2067 etc.
1087 2061 1094 2075 ,
1128 2035 1212 2068 iudi-

457 2085 523 2118 cari
540 2090 597 2119 etc.
621 2086 760 2127 dehere3
783 2086 912 2119 irritum
929 2098 1060 2131 quoque
1080 2093 1137 2122 etc.
1162 2089 1214 2122 de-

457 2138 632 2172 cernimus.

501 2192 516 2234 ἓ
541 2192 572 2225 6.
595 2192 665 2224 Non
691 2192 893 2225 obstantibus
908 2194 1073 2236 quibusvis
1095 2196 1214 2228 consti-

457 2245 635 2278 tutionibus
664 2250 695 2278 et
722 2245 979 2279 ordinationibus
1008 2249 1210 2291 apostolicis,

457 2298 598 2338 statutis,
621 2299 718 2332 etiam
739 2299 923 2332 iuramento
943 2304 1000 2333 etc.
1035 2301 1210 2342 roboratis,

457 2351 631 2395 privilegiis
650 2362 793 2396 quoque,
816 2353 948 2385 indultis
964 2358 994 2386 et
1009 2353 1123 2387 litteris
1137 2366 1212 2399 apo-

456 2400 595 2441 stolicis,
617 2401 795 2444 quibusvis,
817 2401 912 2435 etiam
935 2403 1106 2445 praedictis
1123 2415 1158 2436 ac
1180 2415 1212 2437 a-

455 2448 506 2481 liis
520 2449 686 2493 quibusvis
700 2451 859 2494 personis,
878 2451 936 2484 sub
950 2451 1211 2496 quibuscumque

456 2498 624 2530 tenoribus
644 2508 678 2531 ac
700 2500 777 2532 alias
802 2499 834 2533 in
855 2501 1054 2533 contrarium
1076 2512 1211 2544 quomo—

456 2545 578 2579 dolibet
603 2548 814 2596 concessiset
834 2549 1061 2582 concedendis.
1088 2549 1211 2588 Quibus

455 2595 622 2636 omnibus,
640 2595 771 2630 illorum
793 2603 921 2632 tenores
949 2602 1028 2639 etc„
1057 2596 1209 2632 latissime

1296 388 1311 430 ξ
1336 388 1366 420 7.
1384 388 1417 420 ΕΙ
1443 399 1515 420 cum
1542 388 1758 427 absolutione,
1788 389 1827 421 ad
1853 389 2002 422 effectum

1252 494 1395 534 bitione,
1419 500 1612 537 praecepto,
1641 495 1864 538 exemptione,
1890 495 2006 528 libera-

1254 548 1357 587 tione,
1376 547 1518 588 decreto,
1537 548 1746 591 derogatione
1759 548 1896 591 aliisque
1911 559 2006 592 prae-

1254 600 1368 641 missis,
1398 601 1607 634 extendendis
1642 607 1800 645 perpetuo
1840 601 1872 633 in
1904 602 2006 634 forma

1252 654 1408 696 gratiosa,
1435 660 1462 686 et
1489 654 1513 686 si
1538 654 1698 687 videbitur
1723 665 1797 687 cum
1823 660 2007 698 opportuna

1253 713 1464 740 executorum
1496 707 1723 751 deputatione,
1758 707 1813 750 qui
1838 707 2005 748 assistant,

1252 771 1287 793 a(-
1310 761 1369 793 sub
1390 761 1536 794 censuris
1556 766 1585 793 et
1610 760 1742 803 poenis,
1779 760 1875 793 etiam
1907 771 2006 805 pecu-

1253 814 1366 847 niariis
1387 818 1444 847 etc.
1461 840 1469 853 ,
1492 824 1565 847 cum
1586 814 1737 847 facultate
1758 814 1911 857 gravandi
1928 818 1985 847 etc.
1998 841 2005 854 ‚

1254 868 1402 900 invocato
1418 872 1490 908 ete,
1509 867 1700 907 saecularis;
1724 869 1798 900 cum
1823 873 2008 912 opportuna

1254 921 1415 954 dictarum
1462 921 1671 963 derogatione
1707 921 1860 954 latissime
1899 926 2008 954 exten-

1254 974 1377 1014 denda3
1407 980 1438 1007 et
1464 974 1551 1018 quod
1580 973 1834 1018 praemissorum
1860 974 2006 1007 omnium

1254 1033 1282 1060 et
1322 1027 1525 1070 singulorum
1570 1028 1665 1060 etiam
1710 1027 1813 1060 maior
1844 1032 1874 1060 et
1902 1028 2009 1060 verior

1254 1079 1450 1123 specificatio
1489 1086 1518 1113 et
1555 1080 1716 1123 expressio
1741 1079 1813 1113 steri
1836 1080 1938 1124 possit
1974 1081 2007 1113 in

1253 1134 1369 1166 litteris
1395 1133 1489 1167 etiam
1519 1134 1558 1166 ad
1585 1139 1729 1178 partem,
1775 1144 1834 1177 pro
1864 1133 2009 1177 quolibet

1254 1187 1452 1220 monasterio
1473 1193 1503 1220 et
1523 1187 1577 1230 pio
1597 1188 1670 1220 loco
1684 1213 1691 1227 ,
1714 1187 1737 1219 si
1759 1186 1930 1228 videbitur,
1951 1197 2009 1230 per

1253 1242 1349 1273 breve
1370 1247 1517 1275 nostrum
1539 1240 1758 1285 expediendis,
1787 1251 1854 1281 seu,
1875 1240 1899 1273 si
1919 1240 2007 1274 vide-

1253 1295 1360 1335 bitur,
1395 1294 1575 1338 praesentis
1606 1294 1708 1327 nostri
1743 1299 1851 1327 motus
1883 1294 2008 1338 proprii

1254 1349 1320 1381 sola
1346 1348 1511 1391 signatura
1538 1348 1675 1381 sufficiat
1710 1352 1741 1381 et
1768 1347 1890 1391 ubique
1910 1347 2006 1380 fidem

1254 1401 1364 1442 saciat,
1391 1401 1422 1433 in
1453 1401 1573 1434 iudicio
1599 1407 1770 1444 extraque,
1797 1401 1910 1444 regula
1933 1411 2009 1434 con-

1254 1454 1353 1487 traria
1379 1465 1444 1487 non
1470 1454 1628 1487 obstante.
1946 1479 1955 1486 .

1298 1507 1424 1547 Placet,
1454 1513 1543 1541 motu
1570 1507 1718 1551 proprio,
1744 1513 1776 1540 et
1803 1506 1847 1540 ita
1873 1507 2008 1540 manda-

1255 1572 1337 1594 mus.
1365 1561 1403 1594 M.

1570 1728 1682 1763 CCXX.

1257 1820 1346 1860 Quod
1362 1820 1540 1853 christiani
1548 1820 1634 1862 apud
1649 1820 1765 1852 Turnus
1778 1819 1878 1851 sclavi
1894 1820 2012 1862 reperti

1300 1874 1334 1905 in
1357 1873 1438 1905 bello
1459 1877 1572 1905 contra
1594 1883 1644 1905 eos
1660 1877 1796 1916 parato,
1826 1872 1922 1904 tiberi
1940 1882 2012 1905 cum

1299 1927 1364 1958 suis
1398 1926 1489 1958 bonis
1515 1925 1732 1958 dimittantur
1759 1926 1797 1958 ab
1822 1925 2011 1968 officialibus

1299 1980 1410 2011 classis
1431 1979 1634 2011 christianae
1648 1978 1674 2011 ¹.

1297 2061 1358 2089 Pius
1376 2061 1448 2096 Papa
1463 2060 1494 2093 V¹
1507 2061 1540 2088 ad
1556 2061 1719 2096 perpetuam
1729 2059 1771 2088 rei
1789 2059 1959 2088 memoriam.

1298 2133 1382 2165 Licet
1409 2132 1561 2165 omnibus
1581 2131 1786 2165 notissimum
1821 2131 1861 2164 sit
1886 2131 2007 2164 bellum

1254 2186 1315 2218 hoc
1329 2213 1336 2226 ‚
1359 2185 1446 2229 quod
1467 2196 1542 2218 cum
1561 2185 1662 2229 impio
1676 2185 1856 2218 Turcarum
1872 2189 2009 2229 tyranno

1252 2239 1395 2282 geritur,
1429 2250 1495 2272 non
1529 2249 1564 2272 ea
1600 2243 1725 2271 tantum
1756 2238 1794 2271 de
1824 2248 1922 2271 causa
1941 2237 2008 2280 geri

1253 2299 1285 2326 ut
1314 2292 1487 2326 imminens
1508 2293 1547 2325 ab
1576 2292 1662 2325 illius
1691 2292 1813 2325 viribus
1837 2291 1931 2325 nobis
1950 2302 2007 2336 pe-

1253 2347 1393 2379 rieulum
1408 2346 1628 2379 dimoveamus
1643 2372 1650 2383 ,
1687 2345 1741 2378 sed
1766 2351 1803 2378 ut
1826 2345 1923 2378 etiam
1936 2345 2009 2389 plu-

1252 2400 1333 2432 rima
1350 2399 1600 2433 christianorum
1618 2399 1734 2439 millia,
1754 2409 1838 2443 quae
1858 2398 1918 2431 sub
1937 2397 2006 2430 dira

1253 2454 1340 2486 illius
1369 2453 1539 2497 tyrannide
1559 2453 1706 2486 servilem
1729 2463 1765 2486 ac
1786 2451 2003 2485 miserabilem

1289 2521 1297 2545 t
1322 2519 1522 2546 Adiuvantibus
1539 2519 1588 2547 hoc
1605 2519 1713 2552 bellum,
1731 2518 1773 2545 bic
1783 2517 1901 2554 pontifex
1916 2515 2007 2545 indul-

1250 2563 1351 2598 gentias
1374 2563 1503 2591 concessit
1520 2567 1549 2590 ut
1567 2571 1627 2599 sup.
1649 2563 1677 2590 in
1695 2563 1882 2591 constitutione
1896 2569 2005 2595 ccxvii,

1250 2609 1316 2635 Cum
1335 2616 1391 2641 nos,
1411 2616 1469 2643 pag.
1484 2608 1546 2637 96⁷.

2021 232 2069 257 An.
2087 232 2117 257 C.
2135 231 2204 258 1572

2098 410 2126 431 lte
2145 411 2205 431 otitio

1252 446 1307 474 etc.
1323 453 1331 477 ,·
1353 448 1381 473 et
1396 441 1434 474 dc
1451 441 1679 474 commissione
1692 468 1699 481 ,
1725 441 1875 474 mandato
1888 468 1895 481 ‚
1921 443 2005 475 inhi-
2020 417 2168 463 0¹³⁰⁵¹¹¹⁵¹'3¹¹¹·

2049 2149 2129 2171 Causae
2140 2150 2209 2171 dect·-

2024 2181 2122 2201 tattoni..
