2237 3100
884 262 980 287 nvnssx
1000 261 1107 287 RERUM
1674 255 1756 289 1021

333 317 505 349 observare
521 315 638 349 debeat
657 320 851 359 procurator
872 314 989 348 fiscalis
1005 314 1120 348 Curiae
1141 315 1351 359 Capitolinae,
1375 316 1454 349 ibid.
1484 315 1805 351 Contravenientium

332 379 469 413 poenae,
487 368 566 402 ibid.
578 368 700 402 Notarii
719 368 885 401 curiarum
899 368 1141 411 praedictarum
1157 369 1351 402 laxationem
1366 375 1494 402 servent
1514 375 1542 401 01
1557 370 1664 402 officia
1682 381 1745 403 non
1757 382 1807 403 ar-

333 423 481 462 rendent,
495 422 573 455 ibid.
593 422 625 462 b‚·
636 421 829 454 substitutos
842 431 905 454 non
918 421 1085 464 recipiant,
1101 421 1160 454 nisi
1175 434 1192 454 a
1206 422 1368 455 iudicibus
1384 423 1591 466 approbatos,
1609 423 1709 462 ibid.;
1725 424 1805 456 nihil

331 476 475 509 scribant
491 475 523 508 in
533 475 654 507 caussis
673 486 691 507 a
711 475 840 507 duobus
865 475 965 507 scutis
991 474 1085 515 infra,
1113 475 1181 508 sine
1209 475 1355 508 iudicum
1378 476 1506 508 licentia
1528 476 1673 519 speciali,
1702 477 1779 509 ibid.
1794 489 1804 516 ‚·

332 534 475 571 regestra
500 527 673 561 conficiant
691 527 779 560 iuxta
801 528 939 560 formam
961 528 1000 560 ab
1022 528 1091 571 ipso
1112 527 1167 561 Pio
1189 529 1224 560 lv
1245 534 1408 569 statutam,
1430 529 1509 561 ibid.
1523 541 1535 569 ,·
1561 540 1619 572 pro
1641 530 1734 573 eopia
1756 530 1804 562 in-

331 581 504 622 diciorum,
519 592 617 625 quam
631 591 741 614 revera
752 591 807 613 reo
823 591 887 613 non
899 580 1061 621 dederint,
1075 581 1157 613 nihil
1175 582 1347 624 recipiant,
1371 582 1431 614 nisi
1456 583 1526 615 loco
1547 583 1676 623 arrhae,
1692 582 1801 616 22211,

329 634 554 669 Tabellionum
574 634 724 678 Capitolii
755 644 932 675 numerus,
961 634 1093 674 electio,
1128 635 1273 668 reductio
1305 641 1334 668 et
1365 635 1504 675 taxatio,
1536 636 1615 669 ibid.
1645 636 1804 669 Protono-

331 688 404 722 tarii
425 693 457 721 et
491 687 608 721 notarii
641 687 819 721 criminalis
854 687 1002 731 Capitolii
1029 687 1168 727 taxatio,
1206 688 1285 721 ibid.
1314 688 1466 722 Eiusdem
1498 688 1612 722 Curiae
1654 689 1803 723 tabellio—

332 752 410 775 num
421 741 649 775 decedentium
662 740 855 784 scripturae,
871 740 923 773 cui
942 740 1200 780 denuncfflndae,
1217 741 1295 773 ibid.
1324 742 1353 775 b.
1374 742 1507 784 Rogitas
1531 742 1570 775 ad
1596 742 1804 776 referendum

331 805 459 830 necnon
476 794 620 838 plurium
633 793 855 828 notariatuum
869 793 1007 827 retentio
1022 794 1251 838 prohibentur,
1266 795 1344 828 ibid.
1358 795 1471 828 Nullus
1487 796 1633 829 notarius
1645 796 1677 829 in
1689 797 1802 830 eadem

334 848 424 883 curia
443 848 642 881 notariatum
663 853 695 880 et
716 847 979 891 procurationem
992 857 1141 881 exercere
1160 853 1277 891 potest,
1296 848 1374 881 ibid.
1394 847 1569 881 Consulum
1585 849 1704 882 artium
1720 849 1803 882 obli-

332 902 479 946 gationes
510 907 540 935 et
570 901 765 942 iurisdictio,
800 901 879 935 ibid.
906 901 1103 934 Eorumdem
1135 911 1333 934 assessorum
1367 912 1405 934 ac
1428 902 1632 935 notariorum
1669 903 1800 940 taxatio,

333 956 412 990 ibid.
426 960 457 989 et
473 966 536 999 seq.
550 955 670 988 Iudicis
685 955 796 988 Turris
809 955 917 988 Nonae
930 954 1097 998 ipsiusque
1109 954 1312 988 notariorum
1326 960 1408 994 taxa,
1424 955 1488 988 223
1506 967 1538 988 α.
1554 955 1730 989 Cursorum
1743 956 1802 989 Pa-

334 1019 394 1053 pae
403 1008 521 1042 taxatio
532 1018 591 1052 pro
608 1007 815 1041 citationibus
835 1008 972 1051 aliisque
993 1007 1130 1048 actibus,
1143 1008 1222 1041 ibid.
1240 1007 1513 1041 Mandatariornm
1529 1008 1657 1050 taxatio,
1673 1009 1752 1042 ibid.
1771 1010 1800 1042 b.

333 1061 484 1105 Barigelli
504 1067 536 1095 et
555 1068 766 1095 executorum
787 1061 905 1094 taxatio
929 1071 1055 1094 necnon
1081 1066 1222 1104 potestas
1247 1067 1361 1094 contra
1378 1062 1507 1094 fraudes
1527 1062 1701 1102 artificum,
1721 1063 1800 1095 ibid.

332 1122 365 1149 et
383 1116 638 1158 seqffloenarum
660 1114 793 1148 inflictio
816 1115 847 1147 in
868 1114 1024 1155 notarios,
1043 1114 1401 1157 consulesillorumqne
1421 1125 1597 1148 assessores
1618 1116 1804 1158 praemissis

329 1169 621 1209 contravenientes,
648 1168 714 1201 224
733 1179 764 1201 ιι.
788 1167 948 1202 Praedicti
974 1168 1154 1212 quidquam
1171 1180 1188 1201 a
1208 1168 1406 1212 pauperibus
1427 1168 1554 1211 exigere
1572 1168 1800 1212 prohibentur,

332 1224 411 1257 ibid.

238 1276 464 1312 Tridentinum
489 1276 667 1310 concilium
689 1275 841 1319 prosequi
864 1275 996 1308 mandat
1016 1274 1090 1307 Pius
1111 1274 1154 1317 ,lv
1175 1275 1214 1308 ad
1234 1275 1321 1309 diem
1342 1275 1602 1309 Resurrectionis
1622 1285 1738 1316 imm,
1761 1277 1804 1310 90

325 1331 343 1364 b
363 1336 395 1364 ct
410 1340 473 1373 seq.
487 1342 499 1369 ,·
524 1330 674 1362 hortatur
694 1329 854 1372 praelatos
871 1335 906 1361 nt
921 1330 1189 1373 personaliterad
1207 1329 1286 1362 illud
1305 1329 1480 1369 accedant,
1504 1328 1667 1372 principes
1694 1335 1803 1363 autem

328 1383 522 1417 christianos
542 1389 577 1416 ut
601 1393 659 1427 per
678 1392 712 1415 sc
728 1382 814 1425 ipsos
835 1383 883 1416 vel
906 1393 963 1426 per
983 1389 1139 1423 oratores,
1161 1383 1197 1416 111
1223 1394 1253 1415 d.
1284 1383 1369 1415 Ordo
1395 1393 1459 1426 quo
1495 1382 1634 1415 coneilio
1665 1382 1803 1416 interes-

327 1442 434 1470 sentes
455 1437 562 1469 locum
584 1436 704 1469 habere
725 1436 843 1468 debent
870 1436 901 1468 in
923 1436 1050 1469 actibus
1075 1436 1228 1480 publicis,
1251 1436 1293 1469 92
1314 1437 1331 1468 b
1362 1441 1391 1468 01
1411 1446 1473 1479 seq.
1498 1435 1636 1468 Praelati
1663 1436 1803 1470 coneilio

327 1482 706 1533 assistentes‘disponere
731 1494 866 1532 possunt
891 1490 930 1522 de
951 1490 1117 1523 benefieiis
1144 1490 1218 1523 Sedi
1245 1490 1303 1533 Ap.
1333 1499 1397 1521 non
1423 1489 1605 1530 reservatis,
1634 1490 1667 1522 in
1688 1500 1802 1523 eorum

330 1543 535 1578 dioecesibus
555 1542 756 1582 vacantibus,
773 1543 831 1575 111
852 1554 887 1580 α,-
905 1554 922 1576 a
943 1543 1145 1577 decimarum
1166 1543 1329 1576 solutione
1345 1542 1552 1583 eximuntur,
1571 1543 1669 1583 ibid.;
1689 1554 1802 1577 eorum

328 1607 460 1630 caussae
481 1596 733 1639 suspenduntur,
767 1596 792 1628 si
819 1596 878 1639 ipsi
917 1597 1027 1635 velint,
1064 1597 1128 1630 112
1162 1597 1190 1629 b.
1220 1596 1308 1629 Idem
1334 1595 1478 1628 Pontifex
1508 1606 1637 1629 caussas
1668 1597 1802 1639 cogendi

329 1651 506 1685 concilium
538 1650 682 1690 indicat,
715 1649 780 1682 113
817 1651 834 1683 b
851 1662 863 1689 ‚·
889 1651 1011 1693 legatos
1034 1651 1073 1683 ad
1101 1650 1363 1695 praesidendum
1380 1650 1527 1693 deputat,
1556 1650 1674 1694 quihus
1700 1651 1802 1684 lacul-

329 1709 409 1737 tates
429 1703 627 1737 necessarias
651 1703 818 1741 concedit,
847 1703 913 1736 illi
937 1715 979 1742 d,·
1013 1714 1134 1747 eosque
1164 1704 1314 1736 hortatur
1344 1709 1376 1735 ut
1417 1703 1545 1737 muneri
1585 1704 1800 1744 satisfaciant,

330 1757 408 1791 ibid.
445 1757 478 1796 b,·
504 1756 634 1790 concilii
673 1761 793 1789 statuta
827 1757 994 1789 conlirmat
1028 1758 1067 1789 ad
1103 1757 1291 1790 instantiam
1327 1762 1599 1799 congregatorum
1618 1783 1628 1797 ‚
1664 1757 1728 1790 0245
1760 1768 1803 1797 a,-

328 1811 489 1855 praelatos
509 1810 596 1852 cogit
618 1814 652 1842 ut
676 1809 730 1842 illa
751 1810 933 1850 observent,
962 1811 1059 1850 ibid.;
1085 1810 1315 1854 imperatorem
1337 1820 1424 1850 vero,
1454 1820 1544 1853 reges
1572 1815 1598 1843 01
1634 1810 1802 1854 principes

332 1864 371 1897 ad
392 1864 454 1897 1100
475 1864 581 1906 ipsum
602 1863 762 1904 hortatur,
786 1863 864 1896 ibid.
890 1864 924 1903 b;
952 1863 1186 1897 commentaria
1215 1864 1261 1897 vel
1289 1864 1572 1906 interpretationes
1597 1863 1629 1896 in
1669 1863 1800 1897 concilii

329 1916 469 1949 decretis
489 1916 654 1959 prohibet,
675 1916 773 1955 ibid.,·
789 1927 873 1959 quae
893 1916 954 1949 sibi
981 1922 1134 1956 reservat,
1162 1916 1225 1949 246
1246 1928 1276 1949 τι.
1300 1915 1483 1949 Concilium
1505 1917 1606 1949 inulta
1630 1916 1742 1949 statuit
1758 1917 1798 1949 ad

330 1981 459 2004 morum
481 1969 759 2009 reformationem,
781 1981 847 2004 non
868 1971 1072 2004 obstantibus
1098 1971 1285 2014 privilegiis,
1308 1970 1373 2004 278
1407 1982 1438 2003 a.
1463 1971 1536 2003 Pius
1567 1972 1603 2004 lV
1633 1971 1800 2015 privilegia

332 2029 472 2065 revocat,
482 2024 561 2057 ibid.
580 2024 616 2064 b;
637 2033 750 2057 eorum
771 2024 880 2067 vigore
896 2030 966 2057 acta
986 2030 1018 2058 et
1037 2025 1173 2067 agenda,
1187 2036 1205 2057 a
1225 2024 1276 2057 die
1294 2035 1358 2067 qua
1379 2024 1555 2057 concilium
1568 2024 1668 2067 ligare
1681 2026 1800 2069 coepit,

330 2077 420 2110 nulla
439 2087 508 2110 esse
529 2076 685 2117 decernit,
706 2077 802 2117 ibid.,·
823 2077 923 2120 ligare
943 2083 1050 2111 autem
1073 2076 1217 2120 coepisse
1237 2077 1382 2110 declarat
1398 2077 1542 2110 calendis
1568 2077 1642 2109 maii
1663 2087 1800 2118 MDLXIV‚

329 2131 393 2165 299
418 2132 446 2164 b.
470 2131 502 2164 S.
524 2130 562 2164 R.
591 2131 754 2165 Ecclesiae
782 2131 998 2165 cardinalium
1024 2131 1232 2174 congregatio
1260 2131 1439 2164 instituitur
1460 2142 1517 2174 pro
1553 2131 1746 2165 executione
1772 2138 1803 2165 et

329 2186 533 2219 observantia
552 2187 634 2220 sacri
660 2186 790 2220 concilii
810 2186 991 2219 Tridentini
1013 2192 1044 2219 et
1060 2186 1258 2219 diversarum
1281 2185 1550 2219 reformationum
1576 2197 1593 2219 a
1618 2186 1673 2219 Pio
1694 2187 1731 2219 lV
1748 2188 1802 2220 dc-

330 2245 506 2280 eretarum,
529 2239 593 2273 300
614 2240 642 2272 b.
667 2239 927 2273 Inobedientiinn
953 2250 1089 2283 poenae,
1111 2239 1169 2272 5301
1197 2251 1228 2272 a.

240 2293 431 2326 Trinitatem
456 2293 642 2326 Divinarum
663 2294 892 2333 Personarum,
914 2294 982 2326 Iesu
1009 2293 1127 2327 Christi
1148 2293 1362 2331 divinitatem,
1386 2293 1461 2325 Eius
1491 2293 1738 2336 conceptionem
1763 2294 1802 2327 dc

332 2346 454 2390 Spiritu
466 2346 596 2387 Sancto,
610 2347 685 2380 Eius
702 2352 840 2380 mortem
862 2352 897 2379 ut
917 2357 975 2379 nos
988 2347 1163 2380 redimeret
1183 2348 1257 2380 etB.
1278 2346 1393 2379 Mariae
1413 2345 1630 2388 virginitatem
1647 2353 1803 2389 negantes

329 2401 480 2445 pluribus
499 2401 612 2444 poenis
631 2400 820 2434 afficiuntur
840 2412 856 2434 a
874 2402 973 2434 Paulo
995 2401 1043 2439 IV,
1056 2400 1118 2433 722
1134 2412 1164 2433 a.
1189 2401 1365 2434 Praemissa
1389 2400 1561 2433 confirmat
1581 2400 1656 2433 Pius
1667 2401 1703 2441 V,
1719 2402 1798 2434 ibid.

331 2456 347 2488 b
362 2466 375 2493 ,·
398 2455 571 2497 toparchas
594 2455 743 2487 hortatur
762 2460 798 2487 ut
812 2455 926 2488 eadem
945 2456 1127 2492 observent,
1152 2455 1246 2491 ibid.;
1271 2454 1430 2497 praelatos
1451 2460 1485 2486 nt
1506 2454 1686 2496 publicent,
1718 2455 1798 2487 ibid.

240 2507 404 2542 Trinitatis
419 2507 700 2551 (SS.)sodalitium
718 2513 748 2540 et
758 2507 981 2541 nosocomium
999 2508 1031 2540 in
1042 2508 1127 2541 Urbe
1141 2508 1357 2548 eriguntur-ad
1371 2506 1593 2549 recipiendum
1612 2508 1803 2551 peregrinos

332 2567 359 2593 et
384 2571 543 2604 pauperes
563 2561 834 2601 convalescentes,
859 2567 1014 2605 utrosque
1034 2562 1066 2594 in
1087 2561 1243 2603 religione
1267 2560 1507 2599 instruemlnm,
1529 2560 1572 2593 023
1593 2561 1610 2593 b
1635 2566 1662 2593 01
1686 2572 1767 2603 seq.;
1784 2573 1799 2593 a

332 2614 388 2647 Pio
409 2614 444 2646 lv
469 2614 705 2657 approbantur,
727 2614 771 2647 24
785 2615 1056 2647 b.Nosocoininin
1074 2621 1100 2646 et
1116 2614 1284 2646 ecclesiam
1307 2613 1445 2646 sodalitii
1467 2613 1641 2653 visitantes,
1655 2620 1800 2656 tempore

332 2667 507 2700 indicendo
527 2673 668 2708 orantes,
691 2667 916 2701 benefactores
929 2674 957 2700 01
981 2668 1165 2701 sodalitium
1187 2667 1406 2710 ingredientes
1427 2673 1672 2711 consequuntur
1693 2667 1801 2700 indul-
