2237 3100
8 269 56 304 An.
74 274 102 302 c.
123 270 187 303 11171

205 327 449 370 interpositione
465 339 621 372 personae
639 329 838 365 huiusmodi.
850 331 954 363 nulla-

204 387 298 414 tenus
322 392 475 414 excusare
496 388 592 425 queat
612 394 618 418 ·,
641 383 718 425 quin
736 383 847 423 immo,
866 385 955 416 nulla

204 434 340 466 admissa
352 435 552 477 ignorantiae
569 436 785 476 excusatione,
804 437 872 480 ipso
886 437 954 469 iure

202 494 429 530 praesumatur
449 488 642 521 solutionem
665 494 692 521 61
706 490 953 532 promissionem

203 540 389 574 huiusmodi
411 542 450 574 de
476 553 600 578 eorum,
626 542 681 585 11111
710 543 816 575 officia
849 549 879 576 et
904 544 953 576 di-

201 594 337 635 gnitates
361 595 477 628 similia
512 595 722 632 obtinuerint,
746 607 903 629 consensu
925 603 953 629 et

203 649 353 681 mandato
364 649 491 692 penitus
500 660 567 682 esse
577 649 683 688 saetas,
694 650 874 693 iisdemque
883 662 955 694 pro-

202 706 310 744 pterea
328 702 441 745 poenis
461 703 628 735 subiacere
649 703 782 736 omnino
798 703 954 746 intelliga-

202 760 264 787 tur.
292 756 468 802 Postremo,
492 768 530 789 ne
552 756 586 795 ii,
609 757 664 800 qui
686 757 717 789 in
744 758 953 801 praeteritum

201 809 275 842 talia
305 810 413 843 officia
444 821 500 843 5611
533 811 719 854 dignitates,
738 812 954 845 solutionibus

199 872 255 895 seu
295 863 565 906 promissionibus
586 864 802 897 mediantibus
816 892 823 905 ‚
846 865 950 907 impe-

200 916 363 952 trax-erint,
386 917 518 951 credant
547 929 579 950 se
615 928 672 961 per
692 926 876 962 praesentes
896 919 952 951 ab·

198 969 321 1002 solutos
340 981 418 1010 esse,
432 970 551 1003 eisdem
573 976 675 1009 motu,
699 971 831 1005 seientia
853 977 880 1005 et
898 983 953 1015 po-

197 1023 319 1056 testatis
339 1024 540 1067 plenitudine
566 1031 725 1068 perpetuo
750 1026 953 1058 declaramus

198 1086 252 1108 eos
273 1087 393 1119 poenas
412 1078 445 1110 in
465 1078 543 1110 tales
569 1089 586 1110 a
606 1078 675 1111 iure
711 1080 876 1112 communi
902 1080 952 1112 in-

196 1129 298 1162 1116135
322 1131 510 1171 incurrisse,
533 1138 563 1164 et
584 1138 696 1165 contra
728 1144 782 1166 eos
810 1134 848 1166 ad
874 1145 951 1177 poe-

197 1193 313 1216 narum
334 1184 519 1218 huiusmodi
541 1187 803 1229 prosecutionem
820 1188 951 1231 procedi

196 1247 303 1280 posse.

240 1291 255 1334 §
279 1290 309 1323 5.
348 1292 410 1325 Eos
446 1303 520 1326 vero
554 1293 609 1335 qui
644 1293 803 1326 similibus
837 1294 952 1327 mediis

196 1344 304 1388 aliqua
324 1345 431 1379 officia
447 1352 475 1378 et
493 1346 672 1389 dignitates,
689 1347 838 1381 similitor
858 1349 952 1381 iuris-

195 1397 344 1431 dictionis
364 1399 678 1433 administrationem
704 1401 868 1438 habentia,
892 1403 951 1435 ob-

196 1452 310 1493 tinent,
333 1453 357 1485 si
379 1453 410 1485 in
427 1453 573 1487 futurum
595 1448 763 1498 quippiam
785 1459 950 1499 umquam,

195 1506 304 1548 vigore
324 1508 588 1550 praecedentium
628 1509 881 1553 promissionum
918 1511 951 1542 in

196 1559 398 1595 assecutione
429 1561 525 1594 officii
552 1562 739 1595 huiusmodi
776 1564 948 1601 factarum,

195 1613 356 1653 solverint,
372 1614 441 1658 ipso
455 1615 526 1648 iure
547 1621 576 1648 et
597 1617 679 1648 tacto
701 1627 822 1659 poenas
842 1616 873 1649 in
891 1618 951 1650 bac

195 1671 305 1700 nostra
331 1668 561 1701 constitutione
581 1675 748 1702 contentas
768 1670 948 1711 incurrere,

195 1727 445 1765 praesentesque
466 1728 592 1755 nostras
613 1728 676 1755 tam
697 1734 763 1763 eos,
786 1724 842 1766 qui
859 1724 951 1757 111111-

194 1779 304 1807 turum
327 1774 433 1808 officia
463 1775 581 1808 similia
603 1782 633 1809 et
652 1777 834 1819 dignitates,
862 1779 950 1810 solu-

187 1827 332 1861 tionibus
342 1833 372 1861 et
383 1829 656 1871 promissionibus
669 1831 949 1873 praecedentibus,

197 1882 399 1922 obtinebunt,
422 1893 519 1925 quam
546 1894 619 1920 605,
640 1884 694 1927 qui
716 1883 779 1917 iam
801 1885 950 1918 obtinue-

196 1940 284 1975 runt,
311 1935 336 1967 si
358 1935 556 1969 infuturum
583 1937 703 1980 aliquid
731 1939 949 1972 manutentio-

194 1987 244 2020 nis
268 1987 300 2020 in
320 1988 365 2021 eis
384 1995 439 2022 aut
455 1990 515 2022 alia
537 2001 633 2024 causa
663 1991 824 2032 solverint,
850 1992 950 2035 ligare

194 2042 356 2075 volumus.
682 2052 685 2056 ·

239 2096 254 2138 ἓ
270 2096 299 2128 6.
312 2089 527 2130 Decernentes
536 2102 648 2130 eontra
656 2097 832 2142 praemissa
844 2100 949 2143 quod-

8 2157 178 2179 Pmmissiunes-
193 2148 239 2181 vis
258 2155 404 2192 pactum,
418 2150 513 2184 etiam
535 2151 716 2185 iuramento
733 2154 897 2193 vallatum,
913 2165 949 2187 ac

0 2195 60 2242 2¹5„
75 2190 179 2242 ,ffiffiffi‘
194 2202 409 2236 instrumenta
425 2210 453 2237 61
475 2205 553 2238 alias
569 2206 677 2239 forsan
695 2206 835 2250 desuper
850 2207 950 2241 editas

195 2256 370 2301 scripturas
382 2257 514 2291 minime
526 2259 556 2291 in
571 2270 667 2293 causa
685 2271 753 2294 esse
769 2272 872 2304 posse,
884 2273 949 2304 quo

193 2309 301 2343 minus
321 2311 444 2344 solvere
468 2312 636 2352 habentes,
660 2313 685 2345 si
711 2324 770 2356 pro
790 2314 947 2357 praemis-

194 2363 236 2396 sis
260 2364 411 2397 solverint
431 2392 438 2406 ,
474 2376 596 2408 poenas
620 2367 846 2410 praesentibus
871 2379 948 2401 con-

192 2421 296 2450 tentas
315 2417 494 2451 incurrant.
521 2420 583 2453 'Nos
600 2420 685 2453 enim
708 2427 812 2464 pacta,
837 2432 949 2455 601611-

194 2466 308 2507 tiones,
332 2468 563 2511 promissiones
578 2474 609 2501 et
632 2470 808 2513 scripturas
830 2481 867 2503 ac
887 2472 949 2504 alia

194 2526 430 2559 quaecumque,
441 2518 696 2559 quomodolibet,
712 2525 744 2551 ut
757 2521 948 2562 praefertur,

196 2563 273 2598 inita
293 2565 405 2598 exinde
418 2576 592 2607 cassamus,
611 2567 776 2601 irritamus
792 2570 948 2602 6111011111-

194 2613 310 2655 lamus,
334 2626 453 2659 eosque
474 2626 491 2648 a
512 2615 702 2650 iuramentis
722 2623 752 2650 61
772 2618 843 2651 aliis
862 2618 949 2652 nexi-

194 2661 254 2696 bus
273 2665 449 2708 praedictis
469 2665 674 2700 absolvimus.

30 1357 180 1380 Solventiluis-

0 1396 37 1417 que
53 1391 130 1417 aliquid
155 1397 180 1412 ex

0 1428 60 1442 :ausa
69 1426 192 1443 manwen·-

0 1454 61 1473 tionis
99 1453 180 1475 officio-

0 1490 42 1504 rum
51 1485 90 1505 lam
103 1485 181 1506 obten-

0 1521 73 1541 ¹eruin,
94 1518 180 1537 easdem

0 1553 68 1573 mnas
83 1548 166 1574 iussigi13

898 277 966 301 PIUS
990 278 1008 301 V
1033 277 1080 300 PP.

1644 268 1703 302 951

1043 331 1057 373 ,ξ
1079 330 1108 363 7.
1132 330 1264 363 Necnon
1284 335 1469 374 praesentes
1485 336 1515 363 et
1531 330 1671 374 desuper
1685 332 1751 364 for-

1770 279 1819 305 An.
1839 279 1867 307 C.
1885 276 1949 306 ¹571

1767 340 1877 361 clausulae
1888 347 1950 368 prae-

1729 386 1734 390 .
1768 373 1895 393 servativue.

998 394 1053 415 san
1075 384 1293 417 conficiendas
1313 384 1434 416 litteras
1455 385 1620 427 perpetuis
1635 378 1752 419 suti1r1s

997 437 1199 479 temporibus
1223 438 1354 477 durare,
1374 449 1411 471 ac
1432 448 1543 471 omnes
1559 444 1589 471 et
1609 438 1752 481 singulos

996 500 1013 521 a
1035 489 1106 522 data
1127 491 1346 534 praesentium
1367 491 1633 525 irremissibiliter
1652 493 1752 535 ligare

997 544 1156 581 volumus,
1181 545 1315 588 illasque
1327 546 1418 578 nullo
1431 556 1584 590 umquam
1606 552 1751 590 tempore

997 597 1034 629 de
1056 598 1273 640 subreptionis
1297 600 1344 632 161
1371 600 1572 644 obreptionis
1591 600 1676 640 vitio,
1697 607 1752 633 aut

997 650 1182 684 intentionis
1192 654 1373 686 nostraevel
1389 654 1543 698 quopiam
1554 654 1616 687 alio
1625 654 1751 688 defectu

996 700 1110 737 notari,
1136 707 1188 733 aut
1215 702 1274 734 sul)
1300 701 1751 745 quibusvisrevocationibus

996 759 1024 786 et
1041 754 1304 797 derogationibus
1321 757 1751 800 comprehendinullatenus

997 817 1099 850 posse.

1039 862 1054 904 ξ
1078 862 1108 895 8.
1139 862 1258 906 Sicque
1288 874 1346 907 per
1372 875 1596 909 quoscumque
1627 865 1750 899 iudices

996 919 1068 953 616,
1095 921 1124 948 1-1
1146 927 1319 949 causarum
1331 917 1441 950 Palatii
1463 919 1637 962 Apostolici
1655 920 1747 952 audi-

995 973 1080 1001 tores
1099 980 1135 1001 ac
1156 969 1185 1001 S.
1210 970 1246 1002 R.
1269 970 1304 1002 E.
1324 971 1513 1011 cardinales,
1530 973 1654 1005 sublata
1674 977 1746 1014 ecc„

995 1022 1131 1055 iudicari
1153 1023 1281 1061 deberi:
1305 1024 1433 1057 irritum
1456 1037 1585 1069 quoque
1606 1032 1662 1060 ele.
1696 1028 1749 1060 de-

995 1077 1173 1124 cernimus.

1038 1130 1053 1173 g
1074 1130 1104 1164 t).
1121 1131 1190 1163 Non
1204 1131 1405 1165 obstantibus
1423 1134 1615 1176 praemissis,
1630 1145 1666 1167 ac
1679 1135 1749 1179 qui-

994 1184 1102 1216 busvis·
1122 1185 1408 1218 constitutionibus
1433 1192 1462 1219 61
1493 1187 1750 1221 ordinationibus

994 1238 1191 1281 apostolicis;
1215 1250 1251 1272 ac
1276 1239 1450 1283 quibusvis,
1467 1240 1560 1273 etiam
1578 1241 1680 1275 almae
1694 1242 1750 1275 Ur-

993 1291 1041 1325 bis
1061 1298 1091 1325 et
1111 1293 1247 1325 aliarum
1265 1293 1442 1333 civitatum,
1461 1295 1669 1338 oppidorum,
1689 1302 1750 1329 ter-

994 1352 1104 1374 rarum
1121 1347 1151 1375 et
1171 1343 1331 1384 locorum,
1348 1342 1441 1375 etiam
1459 1343 1651 1385 iuramento,
1675 1350 1746 1387 etc„

994 1396 1164 1437 roboratis,
1175 1407 1210 1429 ac
1221 1397 1484 1440 provincialibus,
1498 1398 1750 1443 municipalibus

994 1456 1022 1483 61
1038 1451 1290 1494 particularibus
1305 1452 1429 1484 statutis
1445 1463 1480 1484 ac
1497 1452 1630 1495 legibus,
1652 1453 1747 1486 etiam

993 1503 1216 1547 imperialibus
1237 1510 1267 1538 61
1282 1505 1314 1538 in
1340 1516 1478 1550 corpore
1501 1506 1581 1539 iur1s
1602 1507 1746 1551 scriptis;

993 1556 1168 1601 privilegiis
1188 1570 1318 1603 quoque
1339 1564 1412 1600 616,
1436 1560 1495 1593 bac
1510 1559 1578 1593 1166
1596 1561 1748 1594 latissime

994 1608 1199 1655 derogamus,
1222 1613 1401 1656 ceterisque
1427 1614 1597 1647 contrariis
1613 1614 1748 1658 quibus-

993 1676 1146 1710 cumque.

1037 1720 1052 1763 g
1072 1720 1124 1753 lO.
1149 1721 1188 1753 tsst
1206 1727 1313 1754 autem
1335 1722 1554 1766 praesentium
1575 1728 1668 1755 tenor
1681 1732 1749 1755 om-

993 1774 1087 1807 nibus
1107 1775 1296 1815 innotescat,
1317 1776 1492 1818 nullusque
1518 1786 1629 1808 earum
1659 1776 1748 1820 igno-

992 1828 1129 1861 rantiam
1155 1829 1294 1872 allegare
1316 1835 1422 1873 queat,
1449 1840 1501 1862 eas
1521 1829 1554 1862 in
1574 1830 1670 1863 valvis
1690 1830 1746 1864 ba-

993 1881 1101 1915 silicae
1135 1882 1294 1926 Principis
1327 1884 1546 1927 apostolorum
1575 1895 1611 1917 ac
1640 1884 1747 1918 Sancti

992 1935 1118 1969 loannis
1144 1936 1382 1977 Lateranensis,
1405 1943 1435 1970 et
1465 1937 1497 1969 in
1533 1937 1601 1971 acie
1635 1937 1746 1982 Campi

993 1989 1104 2022 Florae
1121 1990 1158 2023 de
1168 1990 1251 2023 Urbe
1263 1990 1422 2034 publicari
1436 1991 1635 2031 mandamus,
1649 1991 1747 2035 ipsas-

992 2054 1055 2087 que
1080 2044 1124 2077 sic
1157 2044 1349 2089 public-atas,
1381 2055 1493 2078 omnes
1517 2050 1548 2078 et
1582 2044 1743 2089 singulos,

992 2097 1161 2140 quosillae
1182 2104 1395 2137 concernunt,
1428 2098 1470 2131 ita
1493 2098 1621 2131 afficere
1653 2099 1744 2132 volu-

993 2162 1075 2191 mus,
1098 2163 1134 2184 ac
1166 2151 1191 2185 si
1221 2157 1326 2185 essent
1353 2152 1502 2185 omnibus
1532 2153 1746 2196 personaliter

992 2205 1167 2238 intimatae.
1203 2206 1417 2239 Decernentes
1443 2217 1574 2250 quoque
1597 2217 1746 2250 praesen-

992 2259 1072 2292 tium
1098 2259 1284 2293 earumdem
1310 2260 1409 2293 solam
1434 2259 1630 2302 signaturam
1655 2261 1744 2294 suffi-

992 2324 1065 2346 cere
1096 2319 1126 2346 et
1155 2313 1276 2356 ubique
1303 2313 1398 2346 fidem
1420 2314 1540 2353 facere,
1565 2313 1599 2346 in
1623 2314 1744 2348 iudicio

992 2372 1021 2399 et
1041 2373 1137 2408 extra,
1153 2369 1265 2412 regula
1280 2377 1485 2412 quacumque
1502 2367 1664 2401 contraria
1678 2379 1743 2403 non

992 2421 1148 2455 obstante.

1035 2470 1049 2513 g
1064 2470 1117 2503 Τ11.
1141 2472 1184 2504 Ac
1201 2471 1328 2504 illarum
1340 2470 1561 2514 transumptis,
1573 2481 1669 2504 manu
1687 2472 1744 2505 ali-

991 2519 1084 2552 cuius
1103 2520 1219 2553 notarii
1241 2518 1362 2563 publici
1383 2519 1581 2563 subscriptis,
1593 2525 1624 2553 et
1638 2520 1743 2563 sigillo

990 2568 1093 2601 almae
1114 2569 1206 2602 Urbis
1225 2568 1450 2612 gubernatoris
1469 2573 1525 2602 aut
1539 2569 1678 2603 alicuius
1697 2571 1743 2603 al-

990 2618 1091 2652 terius
1115 2619 1229 2652 iudicis
1254 2618 1398 2659 munitis,
1429 2619 1575 2652 eamdem
1608 2630 1743 2664 prorsus

991 2666 1087 2701 fidem
1112 2667 1280 2708 adhiberi,
1311 2677 1393 2711 quae
1424 2668 1500 2712 ipsis
1530 2669 1742 2713 originalibus

1791 878 1904 899 Decretum
1920 880 1944 899 ir·

1765 911 1838 931 silani.

1791 1146 1900 1168 (st-usum
1910 1147 1949 1168 de·

1765 1180 1893 1204 rogntoriu.

1789 1725 1863 1746 Forma
1877 1725 1945 1753 publi-

1762 1758 1822 1778 candi
1830 1757 1883 1778 hanc
1895 1764 1946 1778 con-

1762 1789 1901 1809 stitutionem.

1786 2477 1846 2498 711161
1868 2482 1940 2498 exom-

1757 2507 1845 2535 plorum.
