2237 3100
240 261 290 290 An.
310 262 417 291 01561

253 1596 358 1619 Extinctio
383 1597 411 1618 ii-

227 1629 277 1649 itum
314 1629 411 1656 penden-

228 1661 278 1681 tium
294 1660 350 1681 circu
366 1666 409 1681 eas.

254 2114 354 2135 Inhibitio
364 2120 414 2135 cou-

229 2150 261 2168 ιη
275 2147 364 2167 comites
375 2152 412 2173 pn—

227 2177 306 2198 latinos
329 2181 348 2198 et
360 2178 412 2197 ulios

228 2208 356 2234 legitimandi
380 2208 413 2228 fa-

228 2239 413 2260 cuttatemhabcn—

229 2273 262 2291 les
277 2276 304 2291 uo
322 2276 413 2297 praesu-

227 2305 285 2322 munt
295 2301 412 2327 legitimare

228 2335 304 2354 contra
325 2332 411 2353 formam

228 2364 290 2385 buius
306 2365 412 2385 coustitu-

228 2396 298 2416 tionis.

482 252 525 289 94

438 317 610 351 commisso
626 322 681 351 aut
706 322 895 351 testamento
926 318 973 350 vel
994 316 1103 361 quavis
1127 316 1187 349 alia

436 372 539 405 valida
559 378 666 406 tamen
686 372 895 417 dispositione
908 399 915 412 ,
938 371 996 405 sub
1024 370 1187 414 quibusvis

436 425 602 460 tenoribus
627 431 657 459 et
690 425 801 459 formis
819 452 826 466 ,
854 436 889 458 ac
920 435 994 458 cum
1024 424 1187 468 quibusvis

435 480 608 514 verborum
625 480 737 513 formis
753 485 783 513 et
801 478 1072 523 expressionibus,
1092 489 1127 511 ac
1145 479 1186 511 ef-

436 535 636 568 ficacissimis
647 540 675 568 et
693 534 829 567 insolitis
850 534 1003 566 clausulis
1024 533 1182 566 etetiaml

436 595 525 622 motu
551 588 659 628 simili,
678 587 772 621 etiam
794 586 1068 627 consistorialiter,
1091 598 1127 620 ac
1148 587 1185 620 de

434 643 628 688 apostolicae
658 642 821 686 potestatis
846 641 1066 685 plenitudine,
1090 642 1184 674 etiam

434 708 508 729 cum
538 696 744 739 derogatione
765 696 896 738 regulae
935 706 992 728 seu
1030 696 1184 729 constitu-

434 750 529 783 tionis
562 750 600 783 de
621 760 685 783 non
706 750 848 783 tollendo
869 749 939 782 iure
959 749 1116 792 quaesito,
1148 761 1184 783 ac

432 802 502 836 aliis
532 803 665 836 cautelis
690 803 934 847 quomodolibet
957 803 1055 836 factas
1075 805 1183 846 (non-

432 857 508 889 dum
529 861 649 897 tamen,
666 857 772 890 adhuc
792 857 969 890 viventibus
989 857 1110 889 ultimis
1125 857 1183 890 bo-

430 921 547 943 norum
563 910 750 945 huiusmodi
766 910 1015 955 possessoribus,
1032 921 1090 955 per
1105 921 1183 954 quo-

429 974 502 997 rum
522 964 647 998 obitum
668 965 706 998 ad
737 965 897 1008 legitimos
925 964 1107 1009 praedictos
1127 965 1182 998 de-

428 1017 509 1051 volvi
530 1018 695 1059 deberent,
719 1018 868 1052 effectum
890 1018 1030 1059 sortitas,
1053 1028 1113 1051 nec
1134 1017 1184 1051 ius

428 1070 461 1103 in
481 1082 515 1105 re
535 1072 748 1115 consecutas),
771 1083 897 1105 necnon
918 1072 1106 1105 eorumdem
1127 1082 1181 1105 co-

428 1125 543 1158 mitum
563 1127 781 1170 palatinorum
806 1132 836 1159 et
855 1126 995 1159 aliorum
1015 1126 1182 1159 facultates

427 1177 624 1220 legitimandi
645 1179 847 1220 habentium,
870 1180 908 1212 ad
925 1180 987 1213 hoc
1003 1185 1127 1212 tantum
1148 1184 1182 1212 ut,

427 1231 579 1275 deinceps
599 1233 677 1265 tales
697 1232 944 1275 legitirnationes
964 1233 995 1265 in
1017 1233 1181 1276 praeiudi-

428 1284 513 1317 cium
535 1286 861 1320 fideicommissorum
878 1292 908 1320 et
923 1287 1059 1319 aliarum
1076 1286 1181 1330 dispo-

426 1337 578 1371 sitionum
599 1339 785 1373 huiusmodi
812 1341 917 1373 facere
948 1351 1012 1373 non
1039 1340 1178 1383 possint,

426 1387 617 1421 auctoritate
629 1388 814 1432 apostolica,
827 1394 936 1422 tenore
946 1389 1178 1432 praesentium,

426 1442 585 1480 perpetuo
610 1448 810 1479 revocamus,
834 1449 998 1472 cassamus
1018 1444 1047 1471 et
1067 1439 1181 1471 annul-

425 1484 541 1519 lamus.

469 1533 484 1577 ἓ
504 1534 536 1568 3.
559 1535 689 1569 Necnon
714 1547 939 1580 quascumque
960 1536 1031 1569 lites
1052 1542 1081 1569 et
1102 1547 1180 1570 con-

425 1584 595 1617 troversias
608 1611 615 1625 ‚
637 1596 729 1628 quas,
753 1586 881 1618 illarum
899 1591 998 1618 status
1018 1591 1047 1618 et
1069 1596 1180 1618 causa-

425 1642 497 1665 rum
520 1633 644 1675 merita,
661 1635 859 1678 nominaque
879 1640 910 1667 et
925 1634 1118 1677 cognomina
1134 1635 1182 1667 iu-

425 1682 534 1716 dicum
555 1689 585 1717 et
606 1684 854 1728 collitigantium
879 1684 1102 1728 praesentibus
1123 1695 1181 1727 pro

425 1732 623 1765 sufficienter
638 1732 796 1776 expressis
811 1733 979 1770 hahentes,
994 1733 1025 1765 in
1037 1734 1181 1766 Romana

425 1780 520 1815 Curia
560 1783 609 1815 vel
643 1787 730 1815 extra
764 1793 834 1815 eam
872 1793 970 1825 super
998 1782 1182 1825 praemissis

425 1835 528 1863 motas
548 1836 579 1863 et
598 1831 757 1864 indecisas
777 1831 965 1875 pendentes,
986 1831 1017 1863 in
1039 1837 1120 1864 statu
1152 1838 1181 1865 ct

426 1879 582 1921 terminis,
606 1880 638 1912 in
659 1880 777 1923 quibus
810 1880 1040 1924 reperiuntur,
1064 1881 1180 1913 harum

426 1928 507 1961 serie
528 1929 567 1961 ad
587 1939 646 1962 nos
666 1929 872 1971 advocamus,
892 1941 1056 1963 cassamus
1076 1936 1103 1963 et
1127 1942 1179 1963 ex—

426 1977 614 2021 tinguimus.

471 2028 486 2070 g
509 2027 541 2060 4.
571 2027 703 2061 Necnon
738 2028 883 2072 partibus
916 2028 1114 2071 litigantibus
1152 2036 1179 2062 et

427 2075 609 2117 iudicibus,
634 2088 742 2110 coram
777 2077 895 2120 quibus
923 2078 995 2111 illae
1017 2079 1180 2122 pepende-

427 2131 515 2166 runt,
534 2136 589 2159 seu
608 2126 715 2160 forsan
731 2127 836 2159 adhuc
855 2127 994 2170 pendent.
1010 2127 1180 2167 indecisae,

428 2180 621 2219 perpetuum
638 2176 800 2209 silentium
816 2176 1118 2220 imponimus,iuxta
1129 2177 1181 2210 de-

428 2224 637 2258 clarationem
658 2226 866 2269 praedictam,
889 2237 926 2259 ac
947 2226 1069 2270 imponi
1090 2227 1180 2258 volu-

428 2284 501 2307 mus
520 2279 551 2307 et
571 2275 774 2308 mandamus.
798 2275 979 2308 Districtius
998 2275 1181 2308 inhibentes

428 2321 548 2356 eisdem
569 2323 732 2357 iudicibus
766 2335 804 2357 ne
848 2324 880 2356 in
915 2324 1033 2358 eisdem
1061 2325 1177 2361 causis,

427 2381 554 2405 necnon
575 2373 747 2406 comitibus
762 2373 911 2417 palatinis
931 2384 968 2406 ac
984 2374 1053 2406 aliis
1083 2374 1181 2406 sacul—

427 2425 524 2454 tatem
547 2421 745 2465 legitimandi
765 2422 951 2456 huiusmodi
973 2423 1178 2465 habentibus,

428 2469 461 2502 in
479 2470 595 2504 virtute
616 2477 743 2504 sanctae
764 2471 976 2512 obedientiae,
995 2483 1031 2505 ac
1051 2472 1109 2504 sub
1126 2483 1182 2506 no-

428 2523 511 2552 strae
528 2519 769 2562 indignationis,
787 2521 893 2564 quoad
911 2521 1043 2554 comites
1058 2526 1088 2554 et
1102 2522 1181 2555 alios

428 2568 613 2602 facultatem
633 2569 831 2613 legitimandi
852 2569 1038 2603 huiusmodi
1055 2599 1061 2609 .
1085 2571 1180 2604 etiam

467 2623 475 2648 l
498 2623 530 2648 El
550 2625 630 2648 estam
649 2625 827 2649 irritantibus
854 2625 986 2656 decretis,
1009 2627 1087 2650 etiam
1107 2629 1181 2651 motu

428 2665 489 2695 eun,
509 2661 626 2690 Cherub.
647 2662 685 2697 (a.
707 2663 756 2699 T.).

1197 2697 1203 2712 l

1034 262 1213 289 BULLARIUM
1236 261 1387 286 ROMANUM
1408 294 1410 300 Ι

1229 315 1322 348 aliter
1348 325 1445 358 quam
1470 318 1505 347 ut
1535 312 1731 357 praefertur,
1753 312 1921 354 habentes,
1953 319 1983 347 et

1229 369 1367 401 aliorum
1388 377 1673 412 quorumcumque
1693 367 1822 401 illorum
1850 368 1983 400 faculta-

1229 428 1310 462 tum,
1333 422 1573 466 privilegiorum
1595 426 1625 454 et
1657 421 1857 455 indultorum
1879 433 1982 455 cassa-

1230 476 1324 509 tionis
1343 503 1350 513 ,
1386 474 1617 508 annullationis
1649 481 1679 508 et
1711 475 1818 508 totalis
1851 485 1981 508 revoca-

1229 530 1335 567 tionis,
1358 540 1486 563 necnon
1503 530 1613 563 decem
1634 529 1771 562 millium
1789 529 1980 562 ducatorum

1228 585 1297 617 auri
1319 585 1356 618 de
1377 584 1526 624 Camera,
1550 583 1676 628 quoties
1702 583 1979 623 contravenerim,

1228 638 1285 682 ipsi
1307 639 1459 671 Gamerae
1476 638 1676 682 Apostolicae
1696 637 1979 682 applicandorum,

1228 691 1350 735 poenis,
1375 691 1532 724 similibus
1544 691 1876 735 delegitimationibus
1894 691 1982 724 dein-

1227 756 1302 789 ceps
1323 756 1354 778 se
1382 745 1570 789 respective,
1597 750 1708 778 contra
1737 744 1980 789 dispositionem

1227 804 1256 831 et
1276 798 1526 832 declarationem
1545 803 1687 832 nostram
1708 797 1907 837 huiusmodi,
1930 797 1980 830 in-

1226 852 1404 885 tromittere
1445 862 1578 896 quoquo
1619 851 1715 884 modo
1749 851 1887 884 audeant
1924 861 1980 884 seu

1226 911 1446 950 praesumant.

1269 960 1335 1004 {5-
1358 961 1573 993 Decernentes
1601 958 1734 992 comites
1763 959 1920 1003 palatinos
1949 964 1980 992 et

1225 1012 1304 1046 alios
1324 1024 1548 1057 quoscumque
1569 1012 1769 1055 legitimandi
1794 1013 1978 1046 facultatem

1224 1067 1390 1108 habentes,
1413 1073 1448 1101 ut
1467 1068 1661 1112 praefertur,
1682 1067 1788 1099 nullas
1804 1066 1836 1099 in
1852 1067 1979 1110 praeiu-

1225 1121 1345 1155 dicium
1366 1123 1695 1156 fideicommissorum
1722 1127 1753 1154 et
1776 1121 1979 1155 voluntatum

1224 1181 1412 1209 testatorum
1446 1175 1633 1209 huiusmodi
1667 1175 1915 1219 legitimationes
1947 1174 1979 1207 in

1225 1235 1390 1273 posterum
1411 1230 1516 1263 facere
1536 1240 1642 1274 posse,
1665 1234 1695 1262 et.
1715 1229 1808 1262 aliter
1832 1229 1931 1262 factas
1950 1233 1981 1262 et

1225 1283 1330 1316 forsan
1347 1284 1519 1323 faciendas,
1534 1283 1620 1315 iuxta
1629 1282 1875 1326 dispositionem
1891 1283 1905 1310 1
1923 1293 1979 1316 no-

1224 1341 1321 1369 stram
1342 1336 1540 1377 huiusmodi,
1559 1336 1708 1379 restringi
1725 1341 1755 1369 et.
1769 1335 1911 1369 limitari.
1934 1336 1979 1369 Ac

1224 1386 1268 1418 sic
1290 1385 1321 1418 in
1349 1385 1533 1428 praemissis
1553 1385 1705 1419 omnibus
1725 1391 1755 1418 et
1770 1385 1906 1427 singulis
1920 1395 1979 1429 per

1223 1445 1449 1477 quoscumque
1487 1434 1608 1467 iudices
1642 1439 1673 1467 et
1710 1434 1952 1467 commissarios
1969 1460 1976 1473 ‚

1223 1487 1333 1530 quavis
1353 1486 1544 1520 auctoritate
1560 1487 1742 1531 fungentes,
1755 1488 1849 1520 etiam
1865 1498 1977 1521 causa-

1223 1553 1296 1574 rum
1307 1541 1417 1574 Palatii
1426 1541 1600 1585 Apostolici
1611 1542 1776 1575 auditores
1792 1552 1848 1574 seu
1864 1552 1977 1574 eorum

1224 1592 1442 1624 locatenentes
1462 1602 1498 1624 ac
1515 1591 1545 1624 S.
1570 1591 1605 1624 R.
1630 1591 1664 1623 E.
1688 1590 1880 1631 cardinales,
1904 1590 1978 1624 sub-

1223 1640 1286 1673 lata
1315 1640 1360 1673 eis
1389 1646 1419 1673 et
1445 1651 1558 1673 eorum
1590 1640 1723 1673 cuilibet
1751 1639 1862 1684 quavis
1886 1639 1979 1672 aliter

1223 1689 1387 1722 iudicandi
1404 1695 1434 1722 et
1449 1689 1683 1733 interpretandi
1703 1689 1853 1722 facultate
1874 1693 1905 1722 et
1923 1699 1979 1722 au-

1224 1739 1382 1779 ctoritate,
1405 1739 1629 1783 interpretari,
1648 1738 1783 1772 iudicari
1800 1743 1830 1771 et
1850 1738 1976 1772 definiri

1224 1788 1353 1829 debere;
1371 1799 1498 1821 necnon
1514 1788 1642 1820 irritum
1663 1794 1691 1821 et
1709 1788 1804 1820 inane
1823 1787 1978 1830 quicquid

1224 1848 1315 1869 secus
1340 1848 1439 1881 super
1458 1837 1507 1869 his
1527 1848 1544 1869 a
1571 1837 1664 1869 dictis
1684 1836 1858 1870 comitibus
1878 1842 1908 1870 et
1927 1837 1977 1869 iu-

1223 1885 1349 1919 dicibus
1369 1887 1416 1919 vel
1443 1886 1608 1929 quibusvis
1634 1886 1715 1927 aliis,
1738 1886 1848 1930 quavis
1869 1891 1978 1919 aucto-

1223 1936 1327 1975 ritate,
1350 1935 1488 1968 scienter
1512 1936 1561 1969 vel
1581 1936 1783 1979 ignoranter,
1807 1935 1978 1980 contigerit

1223 1984 1384 2017 attentari.

1268 2034 1282 2076 ξ
1304 2033 1334 2066 [i.
1355 2033 1426 2066 Non
1442 2033 1642 2066 obstantibus
1658 2038 1765 2066 nostra
1781 2033 1820 2067 de
1837 2043 1902 2066 non
1918 2033 1977 2066 tol-

1223 2082 1318 2115 lendo
1340 2082 1409 2115 iure
1437 2082 1601 2126 quaesito,
1624 2087 1783 2126 quatenus
1807 2093 1890 2126 opus
1916 2082 1973 2123 sit,

1223 2142 1258 2163 as·
1280 2131 1349 2163 aliis
1370 2131 1656 2165 constitutionibus
1671 2137 1700 2164 et
1717 2132 1976 2165 ordinationibus

1223 2181 1419 2224 apostolicis,
1438 2192 1472 2213 ac
1489 2181 1663 2225 praedictis
1678 2186 1708 2214 et
1728 2181 1893 2225 quibusvis
1907 2181 1976 2214 aliis

1223 2229 1439 2269 facultatibus,
1464 2229 1650 2272 privilegiis,
1674 2229 1806 2262 indultis
1825 2235 1856 2262 et
1875 2229 1976 2264 literis

1223 2278 1408 2322 apostolicis
1428 2278 1548 2311 eisdem
1576 2278 1748 2311 comitibus
1776 2278 1925 2322 palatinis
1945 2284 1975 2312 et

1223 2327 1387 2370 quibusvis
1419 2327 1500 2368 aliis,
1524 2327 1618 2360 etiam
1639 2327 1709 2371 pari
1734 2332 1822 2360 motu
1843 2338 1880 2360 ac
1897 2327 1976 2361 alias

1223 2376 1464 2418 quomodolibet
1487 2377 1659 2417 concessis,
1683 2376 1868 2420 approbatis
1883 2383 1913 2410 et
1928 2377 1976 2409 in-

1224 2425 1356 2464 novatis,
1380 2436 1520 2468 quorum
1548 2425 1693 2458 omniurn
1723 2430 1869 2466 tenores,
1891 2437 1927 2459 ac
1949 2426 1974 2460 si

1223 2473 1261 2505 de
1282 2474 1377 2506 verbo
1404 2474 1442 2506 ad
1462 2474 1594 2507 verbum
1615 2474 1856 2515 insererentur,
1879 2486 1974 2519 prae-

1223 2522 1365 2555 sentibus
1386 2534 1443 2567 pro
1465 2523 1661 2556 sufficienter
1681 2524 1837 2566 expressis
1851 2524 1973 2558 haben-

1222 2577 1279 2612 tes,
1300 2572 1362 2604 illis
1377 2572 1455 2605 alias
1474 2573 1505 2605 in
1527 2583 1584 2606 suo
1605 2572 1721 2606 robore.
1743 2574 1973 2616 permansuris,

1261 2627 1268 2651 l
1294 2627 1493 2658 Dispositionem
1520 2631 1543 2653 et
1572 2628 1789 2659 declarationetn,
1810 2627 1925 2655 Cherub.
1948 2631 1975 2655 et.

1222 2666 1315 2693 Matth.
1338 2667 1374 2703 (a.
1396 2668 1445 2701 τ.).

1998 256 2050 285 An.
2067 256 2098 285 C.
2114 257 2178 286 ¹56¹

2007 966 2120 989 Decretum
2147 969 2179 989 ir-

1993 998 2067 1019 rit-ut.

2003 2041 2112 2063 cinusutae
2135 2043 2174 2063 d·-

1989 2075 2115 2099 rogator-iiie.
