2237 3100
23 313 75 340 An.
91 310 121 339 C.
140 309 204 337 ¹⁸71

63 646 132 669 Causa
147 646 209 682 huius

25 679 191 701 contulationis.

56 2356 190 2385 Privitegium
200 2355 226 2379 Δο

45 2395 85 2417 qun
99 2390 119 2410 lu
135 2389 229 2411 rubrica.

901 307 969 331 Plt's
992 306 1011 330 V
1036 306 1083 330 1³1³.

221 361 425 405 invigilemus
438 361 585 402 assiduis,
598 371 635 394 ac
648 360 725 393 alias
739 360 890 394 omnibus
903 360 975 393 illo—

221 426 293 448 rum
316 415 532 449 incommodis
545 420 576 449 et
590 413 837 448 necessitatibus
858 424 976 447 consu-

221 469 338 510 lamus,
361 475 460 513 prout
479 469 512 502 in
529 468 666 502 Domino
687 467 908 511 conspicimus
927 479 977 500 sa-

222 521 360 556 lubriter
377 523 541 568 expedire.

267 577 282 620 §
307 577 338 610 1.
366 576 446 610 Cum
466 577 589 621 itaque,
616 576 700 609 sicut
726 575 831 615 nobis,
852 575 930 608 dum
947 575 979 608 in

223 630 404 664 minoribus
428 630 595 664 constituti
616 640 772 670 essemus,
796 629 870 662 satis
890 639 979 661 com-

222 684 396 728 probatum
427 684 489 717 fuit
517 684 605 726 quod
636 684 752 716 fratres
776 682 920 725 religiosi
951 687 982 715 et

224 737 382 771 moniales
402 737 478 770 dicti
497 737 625 771 Ordinis
649 736 786 770 fratrum
810 736 982 769 Praedica-

222 796 332 825 torum
352 790 385 824 S.
406 790 580 832 Dominici,
599 790 664 823 sive
692 789 845 823 Ordinem
876 789 981 833 ipsum

225 844 273 878 vel
292 843 545 888 illiusRegulam
566 844 770 888 profitentes,
793 854 891 886 quem
913 842 984 886 qui-

225 897 300 931 dem
324 897 478 931 Ordinem
509 908 659 942 expresse
689 896 825 941 professi
850 897 982 937 suimus,

227 956 291 984 tam
320 951 548 985 universaliter
583 961 681 995 quam
717 950 983 995 particulariter,

225 1004 422 1048 quamplura
441 1004 580 1046 damna,
604 1004 814 1038 incommoda
838 1009 869 1036 et
889 1003 987 1037 detri-

227 1063 336 1091 menta
365 1058 547 1102 patiuntur,
571 1064 603 1092 et
633 1057 797 1102 impensas
827 1057 987 1090 sustinent

227 1122 265 1146 ex
277 1122 315 1145 eo
327 1112 416 1155 quod
436 1112 566 1153 notarii,
583 1117 648 1145 tam
665 1111 776 1145 clerici
795 1121 893 1154 quam
914 1111 987 1145 laici

227 1165 426 1206 saeculares,
457 1165 554 1198 etiam
586 1165 776 1209 apostolica,
810 1165 984 1209 imperiali,

229 1217 329 1262 regali
348 1224 405 1252 aut
418 1218 481 1252 alia
497 1219 691 1252 auctoritate
705 1219 804 1252 creati
819 1224 849 1252 et
870 1219 988 1252 consti-

230 1272 300 1314 tuti,
318 1271 351 1305 in
364 1272 530 1316 plerisque
544 1272 659 1305 mundi
675 1273 834 1316 partibus,
845 1271 988 1316 regioni-

229 1325 302 1367 bus,
315 1325 622 1371 regnis,provinciis,
634 1326 787 1359 dominiis
796 1332 826 1360 et
838 1326 916 1360 locis
928 1326 990 1359 exi-

229 1385 361 1422 stentes,
376 1391 413 1413 ex
427 1380 474 1414 eis
489 1379 620 1413 oriundi
636 1379 700 1413 sive
715 1380 794 1414 alias
809 1380 889 1414 inibi
903 1392 990 1414 com-

232 1439 407 1475 morantes,
421 1434 584 1475 mandata,
603 1434 839 1475 concessiones,
858 1434 988 1477 gratias,

231 1488 399 1533 privilegia
410 1494 441 1522 et
453 1489 580 1522 indulta
593 1489 724 1533 aliaque
738 1489 897 1533 rescripta
915 1500 991 1533 apo-

230 1543 345 1577 stolica
363 1549 428 1577 tam
454 1544 493 1577 ad
516 1543 683 1588 publicam
709 1554 806 1587 quam
834 1543 991 1587 privatam

232 1596 404 1631 utilitatem
416 1603 565 1631 emanata
577 1597 642 1631 sive
656 1608 819 1637 concessa,
829 1603 859 1631 et
868 1597 991 1631 bonum

231 1651 297 1685 sive
317 1651 528 1685 commodum
554 1651 725 1695 publicum
746 1651 809 1685 sive
830 1652 991 1696 privatum

233 1700 485 1740 concernentia,
506 1700 648 1734 dominis
668 1700 907 1744 temporalibus
928 1701 993 1734 sive

232 1750 457 1793 potestatibus,
470 1749 612 1793 regibus,
627 1749 776 1791 ducibus,
790 1749 964 1794 principib.
979 1751 990 1773 ¹

234 1809 271 1832 ac
290 1799 360 1832 aliis
380 1799 522 1833 dominis
543 1805 573 1833 et
594 1800 753 1843 personis,
776 1799 897 1843 quibus
918 1800 993 1833 inti-

234 1848 353 1881 manda
376 1848 440 1882 sive
461 1848 657 1882 insinuanda
688 1848 838 1889 veniunt,
861 1860 898 1882 ac
922 1849 994 1883 inti-

234 1908 325 1931 mare
344 1903 375 1931 et
394 1897 562 1931 insinuare
582 1903 727 1942 oportet,
751 1898 914 1939 intimare,
937 1910 995 1933 no-

234 1947 358 1981 tificare
395 1947 460 1981 sive
492 1947 659 1981 insinuare
701 1947 798 1981 variis
846 1948 994 1983 confictis

235 1996 437 2040 respectibus
475 2002 626 2030 recusant
656 1996 720 2030 sive
763 2008 826 2030 non
860 1998 993 2039 audent,

236 2051 350 2079 contra
378 2046 569 2079 eorumdem
601 2046 699 2079 officii
725 2046 865 2079 liberum
894 2052 996 2091 etpu-

236 2095 360 2128 blicum
371 2095 562 2129 exercitium
577 2095 787 2140 debitamque
804 2096 893 2129 Sedis
910 2098 995 2141 Apo-

236 2144 367 2178 stolicae
384 2144 618 2185 obedientiam,
633 2155 669 2177 ac
686 2144 719 2177 in
740 2155 805 2178 non
827 2145 995 2179 modicum

239 2193 386 2238 publicae
406 2199 437 2227 et
457 2193 599 2238 privatae
617 2193 763 2227 utilitatis
784 2199 815 2227 et¹
835 2196 996 2228 commodi

238 2242 476 2287 praeiudicium
496 2249 527 2277 et
547 2243 794 2276 detrimentum.

283 2291 298 2334 ἓ
323 2291 354 2324 2.
385 2291 449 2325 Nos
473 2291 592 2335 igitur,
620 2291 790 2335 cupientes
805 2319 812 2332 ,
836 2298 995 2336 quantum

240 2351 315 2374 cum
327 2340 392 2374 Deo
415 2351 598 2384 possumus,
626 2341 659 2373 in
680 2341 866 2385 praemissis
886 2342 997 2376 Ordini

241 2395 273 2423 et
291 2389 444 2422 fratribus
464 2389 616 2433 praefatis
631 2401 667 2423 ac
688 2390 785 2423 etiam
802 2391 999 2425 monialibus

242 2438 317 2483 ipsis
342 2438 381 2472 de
413 2443 598 2483 opportuno
632 2439 776 2472 remedio
810 2439 997 2483 providere,

242 2493 273 2521 et
305 2487 533 2527 incommodis,
556 2487 769 2529 detrimentis,
797 2489 946 2532 expensis
970 2494 1000 2522 ct

242 2535 369 2570 damnis
393 2547 506 2569 eorum
536 2536 685 2577 obviare,
713 2547 793 2570 neve
828 2538 997 2579 mandata,

244 2584 410 2630 privilegia
425 2611 433 2626 ,
456 2585 588 2628 gratiae,
609 2585 846 2626 concessiones,
876 2586 1001 2619 indulta

244 2639 276 2668 et
298 2634 457 2679 rescripta
477 2634 668 2679 apostolica,
692 2635 724 2668 in
744 2645 862 2679 genere
893 2636 941 2669 vel
969 2635 1001 2668 in

282 2707 293 2734 1
312 2707 512 2734 marchionibus
530 2706 604 2734 addit
623 2706 741 2734 Cherub.
759 2706 795 2742 (n.
812 2708 861 2741 τ.).

326 2751 403 2783 Bult.
416 2751 494 2783 Rom.
516 2752 572 2783 Vol.
594 2752 652 2783 VII.
824 2751 882 2783 114

1665 294 1729 327 905

1019 359 1125 403 specie
1141 387 1148 400 ,
1171 359 1257 392 dicto
1292 359 1404 392 Ordini
1430 369 1485 392 seu
1513 358 1613 401 ipsius
1646 357 1775 390 Ordinis

1020 413 1172 456 magistro
1192 413 1348 457 generali,
1372 412 1623 457 provincialibus
1639 411 1775 454 aliisque

1020 466 1256 510 superioribus,
1279 467 1443 510 prioribus
1465 472 1495 499 ct
1516 465 1669 499 fratribus
1685 470 1716 497 et
1726 475 1779 498 eo-

1021 532 1094 554 rum
1116 519 1262 563 singulis,
1297 520 1457 563 dictisque
1484 518 1680 553 monialibus
1715 518 1779 551 sive

1022 574 1211 607 earumdem
1245 574 1435 614 abbatissis,
1465 573 1648 618 priorissis,
1670 578 1701 606 et
1726 583 1779 604 ea-

1024 629 1173 661 rumdem
1192 628 1286 661 ctiam
1310 628 1445 671 singulis
1470 628 1614 661 ciusdem
1641 626 1781 665 Ordinis,

1023 681 1086 714 sive
1116 681 1238 714 dictum
1274 681 1427 715 Ordinem
1462 687 1492 715 et
1517 681 1604 714 illius
1623 681 1780 724 Regulam

1025 734 1254 779 profitentibus
1270 762 1277 775 ‚
1315 734 1581 778 quomodolibet,
1603 735 1635 767 in
1663 745 1781 777 genere

1026 789 1073 821 vel
1094 789 1127 821 in
1152 789 1272 831 specie,
1291 799 1456 828 concessa,
1478 788 1606 831 aliaque
1632 788 1784 821 mandata

1027 848 1057 876 et
1081 842 1237 885 rescripta
1258 842 1447 885 apostolica,
1472 842 1634 885 publicam
1655 843 1704 875 vel
1719 842 1784 885 pri-

1026 901 1129 929 vatam
1151 896 1252 939 ipsius
1272 895 1400 929 Ordinis
1413 895 1582 929 utilitatem
1605 895 1784 939 quomodo-

1028 950 1107 983 libet
1127 949 1356 983 concernentia
1381 954 1411 982 et
1431 955 1590 989 emanata,
1613 950 1653 983 ob
1674 950 1705 982 id
1731 949 1785 982 de-

1027 1003 1095 1036 bito
1116 1008 1248 1037 careant
1273 1003 1390 1036 effectu
1412 1008 1440 1036 ct
1463 1014 1561 1035 vacua
1581 1010 1782 1043 remaneant,

1029 1057 1200 1100 providere
1220 1058 1374 1098 volentes,
1396 1057 1548 1100 ipsosque
1576 1056 1728 1090 Ordinem
1749 1068 1785 1090 ac

1030 1110 1117 1144 illius
1149 1110 1340 1153 magistrum
1373 1111 1580 1152 generalem,
1606 1110 1783 1149 Vlcariuru,

1030 1169 1276 1207 procuratorem
1311 1169 1340 1196 ct
1376 1163 1490 1196 fratres
1523 1174 1560 1196 ac
1591 1163 1784 1201 abbatissas,

1031 1217 1202 1261 priorissas
1219 1223 1250 1250 et
1271 1217 1429 1250 moniales
1440 1227 1622 1260 corumque
1643 1217 1788 1259 singulos

1031 1271 1227 1315 specialibus
1238 1270 1402 1304 favoribus
1414 1275 1444 1304 et
1455 1270 1565 1313 gratiis
1586 1281 1788 1313 prosequen-

1032 1330 1078 1358 tes
1095 1352 1102 1365 ,
1131 1331 1161 1358 et
1185 1336 1202 1358 a
1236 1324 1403 1367 quibusvis
1428 1323 1786 1364 excommunicationis,

1032 1378 1253 1422 suspensionis
1273 1384 1303 1411 et
1328 1377 1491 1411 interdicti
1518 1377 1653 1422 aliisque
1684 1378 1790 1411 eccle—

1033 1432 1168 1466 siasticis
1189 1432 1373 1472 sententiis,
1397 1432 1544 1465 censuris
1565 1438 1593 1465 et
1620 1431 1746 1475 poenis,
1773 1442 1792 1464 a

1033 1487 1104 1520 iure
1123 1487 1171 1520 vel
1193 1487 1232 1519 ab
1252 1486 1395 1525 homine,
1421 1486 1533 1529 quavis
1558 1486 1728 1519 occasione
1742 1486 1791 1518 vel

1034 1552 1143 1582 causa,
1162 1541 1244 1582 latis,
1261 1541 1285 1573 si
1304 1541 1423 1584 quibus
1440 1539 1685 1583 quomodolibet
1700 1540 1792 1573 inno-

1034 1596 1097 1629 dati
1135 1595 1282 1635 existunt,
1314 1595 1353 1627 ad
1389 1594 1540 1628 effectum
1569 1594 1790 1638 praesentium

1035 1649 1200 1682 dumtaxat
1234 1648 1499 1692 consequendum
1517 1675 1523 1686 ,
1557 1648 1674 1681 barum
1710 1647 1793 1681 serie

1035 1703 1235 1736 absolventes
1255 1709 1285 1736 et
1311 1703 1477 1735 absolutos
1509 1702 1576 1735 sore
1611 1707 1791 1740 censentes3

1036 1767 1164 1790 necnon
1184 1756 1328 1798 nomina,
1351 1755 1546 1799 cognomina
1568 1754 1712 1798 magistri
1738 1765 1792 1797 ge-

1036 1810 1167 1852 neralis,
1196 1809 1459 1854 provincialium,
1481 1809 1689 1849 vicariorum,
1717 1818 1793 1852 pro-

1037 1869 1227 1897 curatorum
1248 1870 1279 1897 et
1302 1864 1442 1897 aliorum
1464 1862 1673 1906 sult›eri01'uin
1694 1873 1730 1895 ac
1746 1860 1794 1894 di-

1038 1923 1164 1951 ctarum
1198 1918 1434 1951 abbatissarum
1452 1944 1459 1956 ‚
1500 1916 1730 1960 priorissarum
1764 1921 1795 1948 et

1037 1972 1244 2013 monialium,
1270 1972 1569 2014 invocationesque,
1602 1969 1794 2003 denomina-

1038 2028 1142 2061 tiones
1177 2033 1207 2061 et
1240 2026 1472 2071 dependentias
1507 2025 1793 2063 monasteriorum,

1038 2083 1222 2121 domorum,
1249 2086 1467 2114 conventuum
1484 2085 1514 2112 et
1538 2079 1677 2112 aliorum
1699 2089 1795 2121 regu·

1039 2135 1158 2168 larium
1178 2135 1338 2174 locorum,
1360 2140 1423 2167 tam
1446 2133 1587 2166 virorum
1617 2142 1796 2175 quammu-

1039 2189 1157 2222 licrum
1192 2188 1267 2221 dicti
1288 2187 1430 2228 Ordinis,
1454 2198 1489 2219 ac
1511 2186 1606 2219 ctiam
1627 2185 1795 2218 mandato-

1040 2254 1136 2284 rum,
1163 2242 1433 2281 concessionum,
1458 2240 1659 2273 indultorum
1681 2244 1712 2271 et
1744 2249 1796 2272 re-

1040 2296 1238 2341 scriptorum
1253 2296 1455 2338 aliarumque
1465 2293 1643 2337 gratiarum
1654 2298 1795 2332 tenores,

1040 2350 1265 2394 praesentibus
1277 2360 1335 2393 pro
1352 2347 1509 2392 expressis
1529 2346 1695 2386 babentes,
1707 2350 1797 2378 motu

1040 2405 1188 2448 proprio,
1211 2414 1277 2436 non
1294 2402 1333 2435 ad
1354 2401 1491 2435 alicuius
1512 2400 1605 2433 nobis
1626 2400 1797 2443 supcrhoe

1041 2458 1166 2491 oblatae
1193 2456 1356 2501 petitionis
1382 2455 1577 2495 instantiam,
1599 2453 1653 2487 sed
1665 2464 1700 2487 ex
1711 2458 1798 2486 certa

1041 2512 1150 2540 nostra
1171 2505 1304 2539 scientia
1323 2516 1360 2538 ac
1380 2505 1418 2537 de
1440 2503 1636 2547 apostolicae
1659 2507 1797 2545 potesta—

1042 2556 1081 2588 tis
1101 2554 1318 2599 plenitudine,
1342 2553 1505 2587 modernis
1526 2558 1555 2586 et
1576 2563 1635 2596 pro
1651 2558 1797 2594 tempore

1043 2604 1252 2638 existentibus
1272 2603 1348 2636 dicti
1373 2602 1500 2636 Ordinis
1524 2602 1677 2645 magistro
1700 2610 1796 2643 gene-

1043 2653 1115 2694 rali,
1137 2653 1264 2687 vicariis
1285 2658 1316 2685 et
1335 2651 1600 2696 provincialibus,
1628 2657 1692 2684 tam
1719 2650 1799 2683 citra

1017 2680 1022 2751 i
1044 2714 1142 2747 quam
1156 2703 1240 2736 ultra
1252 2706 1376 2735 montes
1389 2712 1425 2735 ac
1441 2701 1519 2734 alias
1530 2700 1667 2734 ubilibet
1683 2698 1797 2734 consti·

1790 306 1838 330 Au.
1858 306 1887 331 C.
1908 305 1971 332 ¹571
