2237 3100
8 257 57 285 An.
75 257 103 283 C.
123 254 190 283 ¹56³

43 912 124 934 Decisio
150 916 198 938 qno-

16 945 41 966 ιιι
64 944 199 970 praeceden-

17 977 65 997 tium
88 974 157 995 abbat.
174 975 199 993 de

17 1013 55 1036 per
79 1012 101 1026 se
121 1005 199 1032 absque

17 1037 164 1062 conventibus.

875 251 942 276 Plus
965 250 996 275 tv
1019 251 1066 275 PP.

208 308 365 343 universis
402 318 439 341 ac
469 306 730 351 quibuscumque
751 306 822 339 aliis
853 306 961 339 civita-

208 364 302 404 tibus,
324 362 429 400 terris,
451 362 579 406 oppidis
599 367 629 395 et
653 362 733 395 locis
753 361 845 394 dictis
864 361 961 393 abba-

206 418 302 458 tibus,
324 416 474 461 praelatis
495 421 525 449 et
545 416 689 449 monacis
704 414 831 448 Ordinis
855 414 963 448 Sancti

206 471 371 506 Benedicti
391 470 591 504 Cassinensis
606 469 800 514 praecedere
816 469 963 502 debuisse

207 530 238 560 et
257 525 386 560 debere:
422 524 617 568 eosdemque
642 524 783 563 abbates,
806 523 965 566 praelatos

209 585 240 613 et
259 579 434 613 canonicos
449 578 627 621 regulares,
650 577 834 621 dictamque
851 587 965 609 eorum

211 633 506 677 congregationem,
529 638 673 676 utsupra
698 631 894 671 incedentes,
917 629 965 663 di-

211 687 270 721 ctis
289 687 468 727 abbatibus,
489 686 641 731 praelatis
653 691 681 719 et
694 685 838 719 monacis
857 685 888 718 S.
908 685 966 717 Be-

212 741 331 774 nedicti
352 746 382 775 et
406 752 519 775 eorum
551 737 803 784 congregationi,
840 740 871 772 in
901 750 968 772 om-

212 795 308 829 nibus
319 796 497 839 etsingulis
516 794 702 838 praemissis,
725 793 965 838 praeferendos,

212 850 453 894 anteponendos
482 855 512 883 et
547 850 578 882 in
607 849 745 892 digniori
773 849 845 882 loco
871 849 969 882 collo-

214 903 333 937 candos
353 904 420 937 fore
442 910 471 937 et
492 914 571 937 esse.
595 903 733 936 abbates
765 913 839 936 vero
869 902 968 936 dicta-

214 969 288 992 rum
305 958 592 1002 congregationum
608 957 829 991 Lateranensis
849 963 877 990 et
891 958 969 991 San-

216 1013 257 1046 cti
277 1013 452 1051 Benedicti,
464 1012 671 1055 singulariter
681 1017 709 1045 et
719 1012 757 1045 de
775 1023 833 1056 per
845 1023 889 1054 se,
902 1013 971 1045 abs-

215 1077 278 1111 que
299 1077 412 1100 eorum
434 1066 663 1106 conventibus,
692 1066 724 1099 in
751 1065 897 1099 conciliis
917 1077 970 1109 ge-

216 1120 380 1154 neralibus
398 1147 405 1161 ,
442 1119 693 1164 provincialibus
718 1125 746 1152 et
767 1120 973 1164 synodalibus

217 1180 248 1208 et
271 1174 343 1207 aliis
367 1173 492 1207 actibus
519 1173 660 1218 publicis
688 1178 717 1207 et
753 1174 906 1218 privatis,
941 1174 973 1206 in

217 1228 336 1271 quibus
355 1227 485 1261 abbates
505 1227 543 1260 de
568 1228 638 1260 iure
658 1227 707 1260 vel
740 1227 973 1260 consuetudine

217 1281 326 1315 locum
348 1286 378 1314 et
396 1287 506 1314 votum
526 1281 658 1321 habent,
680 1281 727 1313 vel
748 1291 807 1325 pro
829 1286 974 1325 tempore

218 1335 462 1380 quomodolibet
481 1334 657 1375 habebunt,
681 1334 765 1367 inter
784 1345 864 1375 sese,
889 1335 975 1367 iuxta

220 1389 424 1433 singulorum
445 1388 590 1433 ipsorum
612 1388 765 1421 abbatum
787 1388 905 1421 ibidem
926 1389 975 1420 in-

220 1442 468 1476 tervenientium
515 1442 658 1486 priorem
688 1447 718 1475 et
760 1441 976 1485 antiquiorem

220 1495 461 1541 promotionem
481 1496 520 1529 ad
536 1495 709 1536 abbatiam,
731 1495 830 1529 acilla
850 1506 978 1539 promo-

220 1550 308 1583 tione
329 1550 506 1590 dumtaxat,
524 1560 591 1582 non
603 1555 711 1583 autem
729 1550 977 1593 congregatione

221 1610 251 1638 et
270 1603 389 1638 Ordine
418 1604 512 1637 cuius
532 1604 662 1644 suerint,
685 1604 823 1641 attentis,
846 1615 978 1648 praece-

222 1658 298 1691 dere
317 1669 354 1691 ae
389 1658 545 1702 praeferri
566 1664 595 1691 et
616 1659 649 1691 in
669 1657 807 1701 digniori
829 1658 901 1691 loeo
917 1658 980 1691 col-

223 1711 322 1744 locari
343 1711 492 1745 debuisse
509 1717 539 1744 et
558 1711 689 1751 debere,
708 1716 802 1755 prout
824 1711 979 1755 praeseri-

224 1776 306 1805 mus,
327 1765 567 1808 anteponimus,
590 1765 801 1804 collocamus,
838 1765 980 1808 praefer-

225 1819 340 1862 rique,
366 1819 518 1862 anteponi
553 1824 583 1851 et
616 1818 768 1851 collocari
807 1818 981 1862 respective

226 1873 428 1906 mandamus.
451 1873 642 1906 Iactationes
661 1883 804 1916 quoque,
832 1872 982 1905 molesta-

227 1927 342 1968 tiones,
365 1927 607 1971 oppositiones,
640 1926 912 1971 perturbationes,
934 1936 985 1958 ve.-

227 1981 371 2015 xationes
391 1986 421 2014 et
438 1981 669 2025 impedimenta
685 1991 911 2024 quaecumque
928 1990 985 2023 per

228 2035 389 2080 praefatos
421 2035 574 2076 abbates,
603 2035 762 2079 praelatos
782 2039 810 2067 et
833 2044 986 2067 monacos

230 2088 305 2122 dicti
326 2088 452 2122 Ordinis
485 2089 516 2122 S.
544 2088 707 2121 Benedicti
737 2093 766 2120 et
792 2087 909 2120 dictam
931 2098 985 2119 eo-

231 2152 303 2175 rum
329 2142 612 2186 congregationem
638 2141 759 2175 eisdem
790 2141 983 2181 abbatibus,

233 2196 394 2240 praelatis,
418 2196 583 2229 canonicis
603 2195 807 2238 regularibus
832 2194 908 2227 dicti
929 2194 986 2227 Or-

233 2249 317 2282 dinis
337 2256 366 2282 et
386 2260 499 2283 eorum
521 2249 776 2292 congregationi,
799 2249 836 2281 de
853 2254 881 2281 et
892 2259 989 2292 super

235 2303 386 2347 praefatis
419 2303 571 2336 omnibus
590 2308 618 2336 et
641 2302 775 2345 singulis
795 2307 825 2335 et
858 2302 988 2335 illorum

235 2357 404 2391 occasione
424 2357 667 2401 quomodolibet
692 2356 800 2397 factas,
824 2356 989 2400 praestitas

236 2417 266 2444 et
277 2411 391 2453 illatas,
405 2411 564 2455 factaque,
579 2410 731 2455 praestita
742 2415 771 2443 et
782 2410 880 2449 illata,
894 2409 989 2442 fuisse

237 2467 266 2494 et
287 2472 355 2495 esse
374 2462 573 2501 temerarias,
609 2460 749 2499 illicitas,
785 2459 942 2493 indebitas
961 2464 990 2491 et

237 2510 381 2551 iniustas,
401 2511 649 2553 temerariaque,
672 2509 792 2548 illicita,
810 2508 949 2541 indebita
961 2514 991 2541 et

239 2561 368 2601 iniusta,
391 2571 427 2593 ac
447 2560 485 2593 de
506 2561 588 2592 sacto
610 2564 831 2602 praesumptas
851 2564 878 2591 et
901 2569 990 2602 prae—

240 2615 392 2654 sumpta,
426 2609 562 2652 illasque
600 2615 631 2641 et.
668 2608 723 2640 illa
756 2606 907 2651 praefatis
935 2607 990 2640 ab·

239 2659 385 2700 batibus,
415 2659 568 2703 praelatis
592 2663 622 2691 et
646 2657 791 2691 monacis
824 2656 936 2690 fecisse
962 2661 991 2690 et

1645 239 1707 274 277

1004 304 1107 337 facere
1152 303 1283 337 minime
1326 302 1454 337 licuisse
1485 314 1544 337 nec
1577 304 1674 337 licere
1717 305 1754 337 de

1005 359 1086 392 iure.
1127 358 1164 391 Et
1201 363 1372 402 propterea
1410 358 1448 390 de
1482 364 1511 391 et
1554 369 1652 402 super
1694 359 1756 391 illis

1006 424 1040 445 ae
1080 413 1164 446 dieto
1202 412 1273 445 iure
1311 412 1537 457 praecedendi,
1569 417 1604 445 ut
1629 424 1727 457 supra
1748 441 1754 453 ,

1006 467 1157 500 omnibus
1178 467 1247 500 aliis
1267 473 1298 500 et
1326 466 1459 510 singulis
1478 467 1663 511 praemissis
1683 477 1756 510 per-

1007 528 1140 565 petuum
1175 521 1338 555 silentium
1367 521 1601 565 imponendum
1627 521 1695 555 fore
1728 528 1759 555 et

1008 587 1087 616 esse,
1106 587 1142 609 ac
1163 575 1372 620 imponimus.
1395 575 1570 618 Utramque
1591 577 1758 619 partemin

1009 630 1157 673 expensis
1178 630 1270 663 iustis
1290 641 1327 663 ex
1347 629 1452 663 causis
1471 629 1682 663 absolventes.

1297 684 1341 717 Ita
1363 688 1419 716 est.
1448 684 1469 716 Ι.
1506 699 1510 702 ·

1009 739 1054 771 lta
1073 739 1178 772 refero
1199 745 1227 772 et
1249 750 1364 772 censeo
1380 739 1664 782 pronunciandum
1680 750 1759 773 esse.

1032 793 1166 826 Ioannes
1185 793 1318 825 Miehael
1336 820 1343 833 ‚
1374 793 1546 826 cardinalis
1571 793 1760 827 Saracenus.

1010 846 1055 878 Ita
1076 847 1179 879 refero
1199 851 1229 879 et
1248 857 1364 879 censeo
1382 847 1665 890 pronunciandum
1682 858 1761 881 esse.

1012 901 1145 934 Ioannes
1164 901 1316 944 Baptista,
1340 901 1513 933 cardinalis
1533 901 1564 934 S.
1579 901 1762 934 Clementis.

1013 955 1056 988 Ita
1076 955 1179 987 resero
1201 960 1231 987 et
1251 964 1366 987 censeo
1383 955 1667 998 pronunciandum
1684 966 1762 989 esse.

1080 1009 1308 1049 Bernardinus,
1328 1009 1500 1042 cardinalis
1515 1009 1696 1042 Tranensis.

1348 1137 1435 1171 xcll.

1016 1204 1184 1238 Rei-ocatio
1196 1215 1463 1248 quorumczmzque
1472 1204 1684 1243 indultorum,
1696 1214 1769 1236 con-

1059 1258 1297 1300 fesse'omdz'um,
1319 1259 1412 1291 Maris
1432 1257 1547 1301 Magni,
1570 1258 1769 1301 aliorumque

1058 1313 1302 1355 pre'rileqz'orum
1325 1340 1332 1351 ,
1369 1312 1634 1355 qzaeibuscumque,
1671 1311 1770 1344 etiam

1061 1366 1273 1409 reyularz'bus,
1296 1376 1531 1404 concessorum,
1550 1366 1586 1398 in
1607 1365 1670 1405 liis,
1692 1375 1771 1408 quae

1063 1420 1196 1453 concilio
1219 1420 1408 1453 Tridentino
1428 1420 1642 1453 adversantur
1657 1418 1684 1451 ¹.

1100 1492 1161 1521 Pius
1181 1493 1322 1529 episcopus
1352 1499 1448 1521 servus
1468 1499 1609 1521 servorum
1626 1491 1686 1524 Dei.

1155 1548 1187 1575 ad
1212 1549 1376 1583 perpetuam
1396 1547 1437 1575 rei
1456 1547 1623 1575 memoriam.

1064 1611 1098 1643 In
1114 1610 1272 1654 Principis
1291 1610 1519 1654 Apostolorum
1541 1609 1633 1649 Sede,
1652 1609 1773 1642 meritis

1022 1665 1095 1698 lieet
1117 1664 1313 1707 imparibus,
1337 1663 1441 1697 divina
1467 1663 1673 1708 dispositione
1695 1674 1772 1697 con-

1023 1718 1134 1758 stituti,
1165 1718 1245 1751 nihil
1279 1729 1384 1761 neque
1415 1717 1586 1750 universali
1614 1718 1774 1752 Ecclesiae

1024 1783 1119 1806 curae
1150 1777 1179 1805 et
1208 1771 1403 1808 solicitudini
1424 1778 1551 1805 nostrae
1586 1772 1775 1805 commissae

1025 1825 1198 1862 salubrius,
1222 1837 1327 1870 neque
1348 1826 1494 1858 iniuncto
1528 1826 1619 1859 nobis
1648 1832 1777 1870 aposto-

1025 1881 1104 1913 lieae
1125 1880 1285 1913 servitutis
1306 1879 1413 1912 officio
1429 1879 1596 1912 decentius
1617 1885 1778 1924 praestare

1026 1944 1216 1979 possumus,
1238 1945 1335 1978 quam
1365 1934 1452 1978 quod
1477 1934 1695 1978 providentiae
1720 1943 1779 1966 no-

1027 1995 1109 2021 strae
1131 1988 1310 2021 ministerio
1336 1988 1583 2021 oecumenicum
1605 1987 1779 2021 concilium

1027 2042 1270 2082 Tridentinum,
1306 2042 1389 2075 sieut
1421 2041 1538 2074 nostris
1576 2042 1779 2086 potissimum

1028 2096 1191 2140 auspiciis,
1219 2106 1410 2140 summaque
1440 2100 1626 2128 sanctorum
1652 2100 1779 2139 patrum

1029 2150 1213 2192 concordia,
1229 2161 1286 2194 per
1302 2150 1358 2183 Dei
1371 2149 1624 2182 misericordiam
1645 2148 1781 2182 feliciter

1029 2205 1212 2237 absolutum
1247 2205 1324 2245 suit,
1349 2204 1390 2236 ita
1425 2214 1482 2247 per
1516 2203 1700 2241 universos,
1725 2202 1780 2246 qui

1031 2258 1203 2291 christiana
1237 2258 1352 2302 pietate
1378 2262 1562 2298 censentur,
1585 2257 1705 2301 ubique
1726 2267 1780 2289 su-

1031 2313 1196 2357 scipiatur,
1211 2318 1253 2353 et,
1265 2312 1397 2345 remotis
1417 2310 1614 2356 quibuslibet
1633 2312 1781 2345 obstacu-

1031 2367 1080 2408 lis,
1104 2367 1143 2399 ab
1161 2365 1311 2399 omnibus
1331 2364 1508 2410 aequaliter
1528 2365 1724 2399 observetur.

1070 2441 1078 2465 ί
1100 2439 1272 2465 indictionem
1301 2438 1382 2465 huius
1406 2437 1508 2464 concilii
1528 2437 1628 2464 eteius
1654 2445 1781 2472 prosecu—

1033 2485 1129 2511 tionem
1162 2484 1252 2510 videre
1280 2487 1318 2510 est
1341 2482 1381 2509 liic
1408 2483 1432 2508 in
1462 2483 1652 2510 constitutione
1683 2490 1780 2514 xxvii,

1032 2533 1071 2556 Ad
1097 2532 1247 2561 Ecclesiae,
1275 2537 1333 2564 pag.
1357 2528 1399 2554 90.
1432 2527 1463 2553 Et
1483 2527 1583 2553 indulta
1605 2527 1782 2562 praelatorum

1032 2576 1143 2602 concilio
1169 2575 1381 2601 interessentium
1402 2577 1466 2600 sunt
1488 2574 1512 2598 in
1525 2573 1660 2600 constitut.
1685 2580 1781 2604 xxxv,

1033 2621 1245 2653 circumspecta,
1264 2627 1321 2655 pag.
1344 2619 1403 2651 110;
1425 2618 1534 2653 quando
1557 2618 1635 2653 ligare
1654 2617 1782 2652 coeperit,

1035 2665 1094 2692 vide
1110 2665 1136 2691 in
1151 2664 1338 2693 constitutione
1352 2665 1425 2690 Sicut
1440 2666 1484 2690 αα.

1770 250 1819 277 An.
1841 248 1869 276 C.
1888 249 1953 277 ¹56st

1786 365 1892 391 lnipositio
1909 370 1955 390 pei·-

1773 397 1828 423 petui
1845 396 1931 416 silentii.

1789 584 1899 604 Alisolutio
1915 589 1960 609 pai·-

1777 617 1825 636 tium
1842 616 1865 635 ab
1882 620 1960 641 expeu-

1778 652 1813 667 sis.

1805 743 1893 764 Nomina
1913 748 1963 762 ear—

1780 774 1885 799 ritualium,
1928 774 1962 800 qui

1780 811 1863 827 causum
1882 810 1964 830 cogno-

1780 840 1855 858 verunt
1871 839 1892 856 ει
1907 835 1965 856 Pon-

1781 867 1963 889 iinciretulerunt.

1815 1612 1945 1634 Prooeuiium.
