2237 3100
49 269 97 296 An.
114 267 143 295 C.
161 266 225 293 1571

70 1016 236 1037 (joni->aventem

52 1049 102 1068 tium
117 1053 207 1076 poenae.

82 1458 154 1478 Forum
169 1458 238 1485 publi-

55 1491 152 1510 cationis.

87 1714 239 1740 Transuinpto-

57 1752 100 1766 rum
117 1747 179 1767 fides.

928 262 995 286 1¹1th
1014 262 1033 285 V
1052 261 1100 285 PP.

244 317 489 357 resse‚etiamin
500 328 611 351 casum
631 327 694 350 non
712 316 892 356 solutionis,
911 316 1000 360 paci-

244 366 301 407 sci,
319 377 425 410 neque
453 367 551 400 realia
573 366 698 399 cambia
718 365 810 398 aliter
830 376 925 409 quam
943 376 1001 409 pro

244 415 356 459 primis
375 416 541 456 nundinis,
559 416 614 448 ubi
628 416 690 448 illte
708 415 926 452 celebrantur,
947 414 1001 446 ubi

244 476 390 499 veronon
402 467 619 505 celebrantur,
637 476 696 509 pro
713 467 825 508 primis
842 464 1000 502 terminis,

246 516 331 549 iuxta
365 521 533 560 receptum
565 516 712 548 locorum
745 526 839 547 usum
860 541 866 553 ,
912 524 1002 546 exer-

246 576 331 606 cere,
350 566 453 598 abusu
470 565 525 597 illo
559 575 693 608 prorsus
720 564 851 601 reiecto,
878 563 1001 595 cambia

246 624 305 656 pro
336 614 487 647 secundis
513 619 541 646 et
568 613 723 656 deinceps
763 611 915 644 nundinis
939 613 1003 644 sire

248 663 393 695 terminis
413 664 596 696 exercendi.
617 662 803 695 Curandum
819 667 925 694 autem
945 661 1005 693 erit

248 714 280 744 in
303 712 451 745 terminis
467 718 499 744 ut
518 712 599 744 ratio
616 710 1005 753 habeaturlonginquita-

249 761 286 794 tis
302 766 332 794 et
343 760 514 794 vicinitatis
530 762 691 801 locorum,
706 760 737 792 in
754 759 873 802 quibus
887 760 1004 792 solutio

248 811 441 851 destinatur,
463 821 516 850 ne,
539 810 617 842 dum
640 810 802 851 longiores
822 809 1005 852 praefigun-

248 867 315 902 tur,
337 871 433 904 quam
454 861 526 894 loca
546 859 722 892 destinatae
737 858 908 891 solutionis
924 858 1005 890 desi-

249 911 375 951 derant,
398 909 588 943 foenerandi
610 909 705 942 detur
722 908 861 940 occasio.

293 960 356 1004 §3-
379 960 583 1004 Quicumque
613 964 725 992 contra
754 958 837 990 hane
863 963 1005 990 nostram

250 1010 512 1044 constitutionem
526 1008 737 1047 commiserit,
751 1007 864 1051 poenis
880 1018 897 1039 a
909 1007 1007 1040 sacris

251 1060 432 1094 canonibus
447 1065 561 1093 contra
578 1058 745 1092 usurarios
756 1057 885 1090 inflictis
902 1068 934 1090 se
948 1067 1007 1089 no-

250 1110 333 1144 verit
352 1110 531 1143 subiacere.
556 1109 616 1142 Eos
641 1119 729 1148 vero,
758 1107 814 1150 qui
840 1110 1007 1150 conspira-

252 1158 354 1192 tiones
374 1159 510 1192 fecerint
526 1159 574 1191 vel
592 1163 777 1201 congestam
790 1156 934 1199 undiquc
954 1167 1007 1199 pe-

252 1209 383 1242 cuniam
393 1209 435 1241 ita
443 1209 522 1242 adse
538 1206 878 1250 redegerintaltquasi
893 1216 1008 1238 mono-

251 1257 375 1302 polium
393 1260 551 1302 pecuniae
568 1257 672 1290 facere
689 1256 870 1295 videantur,
896 1255 1009 1299 poenis

252 1318 335 1351 quae
352 1318 370 1340 a
389 1308 459 1340 iure
485 1312 597 1340 contra
616 1311 803 1339 exercentes
824 1305 1009 1348 monopolia

252 1359 445 1390 constitutae
465 1362 551 1397 sunt,
578 1355 710 1389 retineri
732 1354 905 1388 sancimus.

297 1406 362 1450 §ln
384 1407 541 1439 Volumus
569 1411 677 1438 autem
708 1404 795 1448 quod
826 1408 1010 1446 praesentes

252 1455 377 1490 litterae
391 1456 424 1489 in
444 1455 578 1489 Camera
595 1454 778 1498 Apostolica
799 1458 830 1486 et
849 1453 888 1486 ad
907 1453 1011 1486 valvas

251 1506 403 1540 basilicae
423 1506 582 1551 Principis
602 1505 825 1550 apostolorum
846 1504 884 1536 de
911 1503 1008 1544 Urbe,

253 1562 284 1589 et
303 1556 521 1590 Cancellariae
546 1557 642 1588 etiam
670 1553 873 1597 Apostolicae
901 1552 1010 1597 publi-

253 1611 380 1646 centur,
403 1607 481 1638 etin
501 1605 571 1649 ipsa
590 1603 725 1637 Camera
745 1603 978 1636 rescribantur,

298 1656 312 1699 ἓ
329 1656 360 1689 5.
380 1655 417 1688 Et
433 1655 509 1698 quia
527 1654 658 1687 difficile
672 1653 752 1686 foret
764 1663 817 1685 eas
831 1652 869 1685 ad
886 1652 1012 1694 singula

253 1716 403 1750 quaeque
424 1705 495 1738 loca
515 1703 646 1745 deferri,
673 1702 759 1746 quod
781 1713 892 1735 earum
924 1707 1012 1735 tran-

255 1757 392 1799 sumptis
409 1760 466 1788 etc.

300 1805 385 1838 Nulli
406 1815 483 1847 ergo
506 1809 564 1837 etc.

300 1855 415 1887 Datum
436 1854 557 1887 Romae
578 1852 664 1896 apud
684 1851 716 1885 S.
747 1852 900 1891 Petrum,
929 1861 1013 1884 anno

256 1903 488 1936 Incarnationis
512 1901 693 1935 dominicae
719 1901 891 1933 millesimo
917 1902 1013 1943 quin-

256 1953 433 1996 gentesimo
449 1954 684 1996 septuagesimo
698 1951 821 1995 primo,
834 1961 851 1982 r
864 1951 1014 1984 kalendas

258 2003 425 2042 februarii,
452 2002 660 2046 pontificatus
680 2001 781 2034 nostri
802 2010 887 2033 anno
908 2010 948 2033 rt.

297 2056 358 2086 Dat.
381 2057 428 2086 die
447 2056 484 2087 28
507 2057 566 2087 ian.
592 2056 680 2093 1571,
706 2055 809 2095 pontis.
834 2065 910 2085 anno
934 2064 973 2085 ri.

554 2164 722 2198 CLXXXII.

257 2233 428 2266 Extinclio
442 2231 577 2266 Ordinis
586 2232 731 2274 fratrum
742 2231 827 2264 H'um
835 2231 998 2263 iliatortmt
1006 2257 1013 2271 ,

302 2293 374 2315 cum
386 2283 603 2316 reservatione
615 2282 693 2315 Sede?
707 2282 910 2324 Apostolz'cac
927 2283 1017 2314 bene-

303 2333 451 2375 ficiorum
478 2337 507 2366 et
528 2333 682 2365 bonorum
705 2336 876 2375 propterea
896 2342 1016 2364 racan-

306 2382 387 2415 tium
404 2381 431 2414 1.

352 2453 414 2481 Pius
434 2453 575 2489 episcopus
596 2459 692 2481 servus
712 2460 853 2481 servorum
873 2453 934 2486 Dei,

396 2509 430 2537 ad
453 2509 615 2544 perpetuam
638 2508 679 2536 rei
712 2508 882 2536 memoriam.

305 2571 587 2612 Quemadmodum
598 2571 755 2605 sollicitus
766 2575 868 2615 pater,
883 2571 938 2615 qui
949 2571 1018 2603 uni-

299 2636 309 2662 1
340 2635 395 2662 Alia
415 2635 448 2662 de
463 2635 560 2662 exinde
584 2634 682 2662 secut-is
699 2634 759 2663 vide
781 2635 805 2661 in
830 2634 1018 2661 constitutione

261 2675 446 2714 subsequenti.

1684 249 1748 283 885

1044 326 1079 348 ce
1096 325 1205 347 carum
1220 314 1365 347 educavit
1378 315 1493 352 tilium,
1504 315 1551 345 via
1565 313 1675 345 salutis
1688 323 1794 355 egres-

1045 379 1114 400 sum
1133 379 1283 401 revocare
1304 368 1451 412 cupiens,
1473 367 1613 410 primum
1635 367 1795 402 bortatur,

1046 422 1201 465 indulget,
1213 422 1456 467 praetermittit,
1472 421 1630 464 increpat,
1640 419 1701 452 alia
1709 431 1800 463 prae-

1046 482 1132 509 terea
1151 482 1247 519 atque
1269 477 1330 509 alia
1351 481 1473 509 tentare
1488 485 1552 508 non
1574 474 1702 513 desinit,
1722 474 1798 506 dnm

1045 530 1131 571 quod
1157 530 1274 573 expetit
1301 530 1398 563 modo
1425 529 1533 572 aliquo
1565 533 1798 571 consequatur:

1046 583 1154 615 omnia
1175 583 1314 627 denique
1341 588 1503 627 expertus,
1531 592 1604 614 cum
1630 580 1711 613 nihil
1738 580 1799 613 iam

1047 636 1205 679 prolicere
1226 637 1385 680 intelligit,
1412 637 1579 680 desperata
1600 645 1731 679 prorsus
1752 645 1801 667 sa-

1048 690 1124 725 lute,
1151 700 1279 723 omnem
1315 692 1353 723 de
1384 691 1438 723 illo
1477 689 1621 734 parentis
1656 688 1800 721 animum

1048 743 1145 783 eiieit,
1160 744 1256 776 domo
1269 745 1410 788 expellit,
1434 744 1602 786 indignum
1620 730 1803 775 existimans

1048 796 1102 839 qui
1124 803 1215 840 parta
1233 798 1431 830 haereditate
1452 798 1588 830 fruatur.
1615 797 1667 830 Sic
1689 797 1803 829 Roma-

1048 861 1109 882 nus
1121 851 1278 890 Pontifex,
1291 863 1388 894 quem
1401 852 1506 884 divina
1521 851 1667 884 Maiestas
1681 856 1802 894 patrem

1050 909 1076 936 et
1096 910 1257 948 pastorem
1275 905 1422 938 omnium
1443 906 1604 938 Ecclesiae
1625 916 1702 937 suae
1716 904 1805 938 Ordi-

1049 969 1127 990 num
1149 958 1325 997 constituit,
1354 958 1456 992 sicubi
1482 958 1670 1002 quampiam
1699 969 1805 991 sacra-

1050 1022 1122 1044 rum
1155 1013 1442 1055 congregationum
1469 1023 1485 1044 a
1516 1012 1636 1054 Regula
1666 1018 1693 1044 et
1726 1011 1805 1044 ritae

1052 1065 1251 1110 praescripto
1272 1067 1423 1099 aberrare
1445 1066 1597 1111 percipit,
1625 1067 1722 1100 modo
1750 1067 1805 1099 ad-

1053 1121 1227 1159 monendo,
1242 1121 1338 1153 modo
1356 1121 1576 1160 coneedendo,
1596 1122 1690 1154 modo
1708 1121 1807 1154 corri-

1052 1174 1181 1217 piendo,
1203 1174 1382 1207 connititur
1402 1184 1470 1206 eam
1484 1175 1531 1207 vel
1550 1174 1661 1218 primis
1679 1174 1807 1207 institu-

1051 1227 1090 1260 tis
1107 1228 1348 1268 1‘estiuut=re‚vel
1364 1233 1450 1260 certe
1468 1239 1533 1270 quo
1548 1234 1641 1271 pacto
1655 1228 1807 1261 emenda-

1053 1287 1129 1321 tam,
1153 1282 1183 1314 in
1202 1282 1310 1325 aliquo
1332 1287 1414 1314 statu
1437 1282 1482 1314 illi
1500 1282 1600 1325 magis
1622 1282 1807 1314 cohaerenti

1053 1335 1233 1375 continere,
1256 1336 1407 1368 omnibus
1427 1336 1556 1368 tandem
1578 1336 1615 1368 ad
1643 1335 1728 1368 illius
1758 1346 1807 1368 sa-

1055 1390 1185 1423 nitatem
1199 1390 1399 1434 conquisitis,
1417 1389 1471 1422 ubi
1495 1390 1646 1422 salutaria
1667 1389 1808 1422 remedia

1054 1445 1209 1485 fastidire,
1226 1451 1254 1477 et
1276 1445 1307 1476 in
1321 1444 1403 1477 viam
1420 1443 1596 1486 iniquitatis
1618 1443 1808 1476 obstinatius

1054 1499 1245 1543 procedere,
1268 1504 1364 1541 atquc
1380 1497 1460 1530 adeo
1477 1499 1507 1529 in
1526 1508 1658 1541 pravum
1676 1497 1809 1530 indure—

1055 1564 1144 1586 scere,
1171 1552 1411 1592 animadvertit,
1438 1556 1473 1584 ut
1505 1550 1612 1595 potius
1651 1550 1810 1593 confringi

1055 1618 1152 1651 quam
1170 1609 1286 1650 corrIgi
1314 1606 1423 1650 possit,
1450 1605 1535 1638 omni
1563 1605 1730 1638 curatione.
1759 1616 1809 1638 rc-

1056 1661 1150 1703 iecta,
1173 1662 1212 1695 de
1233 1662 1301 1705 ipsa
1316 1660 1513 1694 removenda
1529 1659 1684 1698 decernit,
1706 1669 1744 1692 ne
1761 1658 1809 1691 in-

1056 1716 1188 1749 reterati
1209 1722 1304 1760 atque
1325 1714 1475 1748 indomiti
1501 1714 1575 1746 mali
1597 1713 1642 1745 vis
1676 1712 1707 1744 in
1733 1712 1812 1745 alias

1056 1771 1211 1815 insurgat,
1238 1773 1349 1814 eisque
1377 1769 1474 1802 exitio
1497 1768 1536 1801 sit
1566 1768 1684 1800 sutura.
1722 1767 1810 1806 Quod

1057 1828 1112 1870 (ut
1129 1831 1275 1858 nostrum
1304 1825 1365 1857 hac
1393 1824 1426 1856 in
1451 1834 1485 1856 re
1506 1821 1648 1855 studium
1675 1822 1814 1864 flagrat)

1058 1891 1130 1913 cum
1152 1880 1184 1912 in
1206 1879 1368 1923 plurimis,
1392 1884 1459 1911 tum
1474 1877 1611 1909 maxime
1628 1877 1660 1908 in
1677 1876 1811 1908 fratrum

1057 1934 1308 1968 IIumiliatorum
1340 1932 1461 1966 familia
1487 1931 1577 1965 enixe
1609 1932 1810 1967 curavimus,

1058 1989 1137 2022 nihil
1165 1989 1368 2033 inexpertum
1389 1987 1632 2031 relinquentes,
1653 1987 1732 2028 quin
1761 1985 1813 2018 illa

1059 2043 1167 2076 multis
1189 2042 1382 2086 iampridem
1404 2041 1506 2074 modis
1520 2040 1646 2078 affecta,
1669 2039 1727 2072 etsi
1748 2049 1813 2072 non

1058 2098 1219 2141 protinus,
1237 2102 1323 2130 certe
1339 2094 1551 2129 accommoda
1571 2104 1681 2127 rerum
1702 2093 1814 2126 mode-

1059 2152 1182 2185 ratione
1203 2151 1335 2191 directa,
1364 2150 1403 2183 ad
1428 2149 1603 2194 pristinum
1631 2147 1812 2180 institutum

1059 2207 1213 2250 paulatim
1235 2206 1473 2249 regrederetur.

1103 2262 1117 2303 ξ
1135 2261 1165 2293 t.
1183 2260 1500 2304 Etenim,postquam
1515 2257 1653 2290 dilectus
1665 2256 1814 2289 filiusno-

1059 2319 1123 2347 ster
1143 2315 1277 2348 Carolus
1296 2313 1381 2347 tituli
1402 2312 1432 2346 S.
1464 2311 1615 2344 Praxedis
1648 2310 1815 2354 presbyter

1059 2368 1231 2401 cardinalis
1240 2368 1489 2406 Borrhomaeus,
1498 2365 1595 2398 liuius
1605 2364 1732 2398 Ordinis
1742 2374 1815 2408 pro-

1058 2427 1162 2456 tector
1179 2427 1209 2456 et.
1228 2421 1429 2466 Apostolieae
1451 2420 1540 2454 Sedis
1550 2419 1726 2461 delegatus,
1744 2418 1813 2451 ani-

1060 2476 1261 2510 madvertens
1281 2476 1382 2509 dictos
1403 2475 1515 2507 fratres
1541 2475 1572 2506 in
1592 2474 1703 2506 luxum
1734 2475 1814 2505 iam-

1059 2531 1186 2576 pridem
1196 2530 1314 2564 effusos
1323 2539 1403 2569 esse,
1418 2528 1520 2561 multa
1527 2528 1565 2561 de
1575 2526 1700 2560 ratione
1707 2526 1815 2560 cultus

1099 2630 1107 2656 ί
1124 2630 1175 2657 Iste
1195 2627 1333 2655 cardinalis
1350 2627 1375 2653 in
1392 2629 1545 2654 sanctorum
1557 2633 1699 2653 numerum
1717 2624 1815 2652 relatus

1061 2678 1100 2702 est
1119 2682 1133 2701 a
1153 2674 1181 2702 S.
1201 2674 1231 2701 D.
1250 2673 1283 2701 N.
1302 2671 1375 2699 Pauli
1390 2671 1422 2702 V.

1813 259 1861 285 An.
1879 259 1898 284 C
1928 258 1989 284 1571

1816 355 1963 372 extinctum-i».

1840 2257 1956 2277 cardinatis
1967 2257 2013 2277 Bor-

1830 2289 1941 2309 rhomaeus
1952 2289 2015 2308 multa

1830 2323 1902 2342 statuit
1919 2328 1955 2348 piu
1972 2321 2014 2341 lra-

1830 2358 1883 2374 trum
1914 2353 2013 2373 Humilia-

1830 2388 1897 2405 torum
1917 2384 2015 2405 emenda-

1831 2417 1888 2437 tione
1906 2416 1923 2436 1.
