2237 3100
846 233 943 258 nvmzx
962 232 1069 258 RERUM
1674 223 1738 258 993

320 284 443 318 habitas
462 284 686 330 superioribus
707 286 902 328 consignari,
925 286 1002 319 ibid.
1017 298 1028 325 ;
1048 286 1194 318 infirmos
1222 284 1393 327 diligenter
1414 284 1541 324 curari,
1563 284 1785 324 ibid.,·bono-

320 350 393 372 rum
431 339 718 373 administrationis
739 345 769 372 et
788 340 1035 384 dispensationis
1072 339 1206 372 rationis
1231 339 1413 372 reddendae
1449 339 1585 372 sormam
1627 339 1784 382 praehet,

319 395 397 428 ibid.
420 395 457 434 b;
483 393 665 427 officiorum
687 393 826 426 ambitus
847 394 1008 436 prohibet,
1032 393 1132 433 ibid.,·
1157 391 1471 425 contravenientium
1492 402 1628 436 poenae,
1656 391 1719 426 678
1753 404 1783 425 α.

319 447 478 480 Extinctio
512 446 611 479 osticii
648 445 830 483 visitatoris,
862 446 1000 478 ministri
1025 451 1055 479 et
1079 446 1187 478 vicarii
1214 445 1374 486 generalis
1414 446 1548 477 sratrum
1575 450 1606 478 et
1633 455 1784 477 sororum

319 501 417 534 Tertii
437 499 564 533 Ordinis
584 499 621 532 de
642 499 853 539 Poeuitentia,
878 498 941 532 680
962 511 992 531 ii.
1011 499 1094 531 Ordo
1117 499 1251 541 recipiat.
1271 499 1302 531 in
1323 498 1508 542 superiores
1529 499 1644 531 fratres
1664 499 1703 531 dc
1723 498 1788 532 Ob-

320 553 500 593 servantia,
529 553 606 585 ibid.
630 553 658 584 b.
686 553 811 585 Fratres
841 557 870 584 et
904 563 1031 585 sorores
1052 553 1091 584 de
1113 552 1311 585 poenitentia
1343 553 1493 585 eumdem
1516 552 1655 584 habeant
1675 556 1785 595 prote-

322 613 445 640 ctorem
466 617 503 639 ac
524 607 637 638 t'ratres
657 606 695 638 de
710 605 931 645 Observantia,
945 606 1025 638 ibid.
1046 606 1167 638 Electio
1183 606 1381 638 visitatorum
1400 605 1648 649 provincialium
1661 605 1716 638 siat
1726 616 1785 649 per

320 666 393 694 vota
407 665 542 697 secreta,
564 659 640 692 ibid.
668 659 788 691 Eorum
814 659 920 691 ol'ticia
942 664 1099 703 quantum
1121 660 1250 698 durent,
1269 660 1347 692 ibid.
1370 659 1567 692 Eorumdem
1589 659 1757 693 facultates
1773 685 1782 699 ‚

323 714 383 748 681
407 725 436 747 α.
459 714 585 746 Fratres
606 717 637 745 et
656 712 877 745 sororesnihil
894 711 1042 756 privatim
1059 712 1210 753 habeant,
1230 713 1308 745 ibid.
1333 713 1365 749 b:
1381 712 1413 745 iu
1431 713 1596 745 communi
1608 712 1682 746 etin
1698 712 1789 745 clau-

322 778 397 801 sura
416 767 530 807 vivant,
553 766 632 798 ibid.
650 765 797 809 Ipsarum
808 764 995 798 confessarii
1016 770 1047 798 et
1067 765 1312 798 concionatores
1332 776 1351 798 a
1367 765 1509 808 generali
1530 766 1578 799 vel
1596 765 1790 809 provinciali

323 820 470 854 ministro
492 819 725 863 approbentur,
738 819 816 851 ibid.
837 819 970 852 Decreta
990 818 1337 863 Rodulphicardinalis
1354 820 1544 862 protectoris
1566 819 1789 860 observentur,

323 875 402 908 ibid.
425 874 527 906 Dubia
547 873 686 916 desuper
706 872 832 905 oritura
852 883 868 905 a
889 872 1032 914 generali
1053 878 1084 905 et
1098 871 1287 916 provinciali
1308 872 1523 911 declarentur,
1549 872 1613 906 682
1633 884 1664 905 [ι.
1687 872 1789 906 Privi-

323 927 407 971 legia
425 927 586 961 Minornm
611 926 649 959 de
669 925 876 960 observantia
888 925 995 958 Tertio
1011 925 1123 958 Ordini
1145 925 1381 965 conceduntur,
1403 925 1481 957 ibid.
1501 925 1530 958 b.
1549 925 1681 958 Nullum
1695 935 1791 969 prae-

323 980 479 1014 iudicium
500 991 558 1024 per
577 980 674 1013 hasce
704 979 930 1023 dispositiones
950 979 1027 1012 ferri
1061 979 1244 1013 declaratur
1255 978 1478 1012 reformationi
1495 979 1727 1012 Tertiariorum
1756 979 1789 1012 in

323 1034 477 1078 Hispania
492 1033 691 1076 degentium,
704 1032 768 1066 683
785 1033 813 1065 b.
836 1032 912 1065 Pius
923 1033 945 1065 V
954 1033 1092 1065 Minores
1112 1032 1346 1066 Conventuales
1366 1032 1531 1072 reformat,
1554 1031 1613 1065 691
1638 1043 1670 1065 α.
1693 1031 1792 1065 Cuius

323 1087 545 1122 reformationi
568 1088 680 1120 fratres
700 1087 732 1119 in
760 1086 902 1130 capitulo
923 1086 1065 1129 generali
1086 1086 1273 1129 congregati
1294 1087 1451 1119 nonnulla
1485 1086 1631 1125 addunt,
1653 1086 1734 1118 ibid.
1760 1086 1790 1118 b.

325 1141 411 1182 Quae
431 1141 589 1186 approbat
618 1140 775 1180 Pontifex,
799 1140 876 1173 ibid.
889 1140 987 1173 AEtas
1008 1140 1039 1172 in
1060 1140 1200 1180 novitiis,
1223 1140 1319 1172 etiam
1341 1140 1475 1180 oblatis,
1498 1150 1625 1173 necnon
1651 1139 1683 1172 in
1704 1138 1794 1172 laicis

325 1195 492 1239 requisita,
514 1194 578 1228 692
599 1195 628 1227 b.
650 1193 867 1227 Provinciales
886 1194 1049 1236 eligantur
1068 1204 1105 1225 ex
1126 1193 1230 1226 aliena
1251 1193 1431 1237 provincia,
1454 1194 1533 1227 ibid.
1557 1193 1793 1226 Guardianatus

327 1249 471 1283 officium
492 1252 651 1292 qnantum
686 1247 792 1287 duret,
828 1247 907 1279 ibid.
930 1247 1133 1280 Paternitatis
1153 1246 1247 1279 titulo
1268 1246 1323 1289 qui
1345 1247 1503 1285 donandi,
1526 1246 1589 1279 693
1613 1257 1643 1280 α.
1666 1246 1793 1285 Fratres

326 1303 459 1337 biennio
479 1307 603 1335 tantum
625 1305 794 1334 morentur
814 1300 847 1332 in
868 1300 982 1333 eodem
1004 1304 1180 1341 conventu,
1210 1300 1288 1332 ibid.
1312 1300 1432 1333 Eorum
1454 1310 1608 1332 numerus
1632 1311 1692 1344 pro
1711 1310 1792 1344 quo-

327 1358 406 1391 libet
439 1360 611 1396 conventu,
634 1355 713 1387 ibid.
737 1353 924 1387 Studiorum
946 1360 1092 1397 regentes
1128 1359 1208 1396 quot
1239 1353 1395 1386 lectiones
1415 1353 1620 1397 interpretari
1642 1354 1792 1394 debeant,

327 1411 406 1444 ibid.
430 1410 579 1442 Fratrum
605 1407 794 1441 exercitium
828 1406 1068 1450 quotidianum,
1104 1407 1183 1440 ibid.
1208 1407 1308 1439 Iidem
1328 1407 1499 1451 proprium
1528 1406 1608 1439 nihil
1640 1407 1791 1447 habeant,

327 1465 432 1505 ibid.,·
453 1463 485 1496 in
506 1462 670 1496 communi
682 1461 799 1502 vivant,
821 1461 901 1494 ibid.
924 1461 953 1493 b.
975 1460 1115 1494 Infirmis
1131 1466 1162 1494 et
1181 1460 1320 1503 aegrotis
1340 1460 1529 1504 praesertim
1545 1461 1793 1501 consulendum,

328 1519 408 1551 ibid.
430 1518 595 1550 Bonorum
617 1515 764 1549 custodia
783 1515 947 1558 quomodo
973 1515 1127 1554 curanda,
1149 1514 1227 1547 ibid.
1264 1514 1407 1558 Quisque
1435 1514 1532 1547 unica
1565 1514 1656 1555 cella,
1676 1514 1793 1547 humili

329 1572 412 1606 lecto
433 1576 464 1604 et
483 1581 594 1604 mensa
614 1569 654 1603 sit
674 1574 856 1610 contentus,
879 1569 956 1602 ibid.
980 1568 1173 1602 Dormitoria
1188 1567 1374 1601 communia
1394 1568 1587 1608 habeantur,
1602 1568 1681 1602 ibid.
1704 1567 1795 1601 Horti

331 1625 394 1658 sint
409 1633 612 1664 communes,
635 1622 777 1667 exceptis
797 1622 900 1655 hortis
919 1621 1115 1655 novitiorum
1136 1626 1166 1654 et
1186 1620 1405 1660 intirmorum,
1418 1620 1483 1654 694
1503 1632 1534 1654 α.
1552 1621 1639 1654 Bona
1660 1621 1796 1654 fratrum

330 1677 556 1712 decedentium
590 1676 709 1720 quibus
739 1675 943 1709 monasteriis
963 1676 1079 1715 danda,
1102 1675 1182 1708 ibid.
1204 1675 1265 1708 Pro
1295 1675 1485 1708 officialium
1519 1674 1728 1719 deputatione
1747 1673 1796 1707 vel

331 1731 579 1766 confirmatione
598 1729 879 1773 nihilrecipiatur,
893 1729 972 1762 ibid.
989 1728 1221 1762 Subventiones
1241 1728 1393 1772 praelatis
1408 1728 1544 1768 dandae,
1561 1728 1639 1761 ibid.
1662 1728 1797 1760 Alexan-

330 1786 443 1819 drinae
463 1785 712 1819 constitutiones
728 1790 906 1824 serventur,
927 1783 1005 1816 ibid.
1029 1783 1116 1822 Quae
1136 1787 1239 1816 vestes
1260 1782 1455 1824 induendae,
1478 1781 1557 1815 ibid.
1574 1782 1603 1814 b.
1616 1782 1651 1814 In
1663 1781 1798 1824 singulis

332 1840 460 1873 Ordinis
480 1838 654 1883 provinciis
673 1838 756 1871 duae
781 1838 893 1870 saltem
914 1837 1031 1870 domus
1048 1837 1253 1879 assignentur
1272 1836 1426 1869 fratribus
1441 1835 1608 1869 strictioris
1621 1835 1798 1869 Observan-

333 1893 407 1933 tiae‚
430 1903 447 1925 a
467 1892 597 1936 quibus,
620 1891 743 1934 absque
764 1891 983 1935 praelatorum
998 1890 1335 1930 licentia,nullatenus
1349 1890 1389 1922 ad
1409 1890 1471 1922 alia
1491 1890 1562 1923 loca
1577 1900 1610 1922 se
1625 1888 1798 1922 transferre

334 1946 468 1990 possint,
501 1945 565 1978 74⁶).
591 1946 619 1978 b.
643 1944 703 1984 Qui
731 1950 762 1978 et
781 1945 947 1988 quomodo
976 1943 1115 1987 eligendi
1136 1943 1168 1976 in
1189 1943 1286 1977 huius
1307 1943 1435 1977 Ordinis
1455 1943 1652 1987 superiores,
1677 1942 1741 1976 917
1766 1943 1794 1975 b.

332 2000 468 2040 Quando
496 1999 589 2033 electi
613 2009 725 2032 vocem
747 1998 778 2030 in
800 1998 942 2042 capitulo
962 1997 1084 2030 habere
1104 2003 1279 2041 nequeant,
1302 1997 1380 2030 ibid.
1405 1996 1654 2029 Provincialiurn
1684 1997 1798 2030 electio

335 2054 390 2087 fiat
404 2065 463 2098 per
481 2058 552 2086 vota
572 2058 708 2092 secreta,
725 2053 804 2085 ibid.
828 2052 1048 2085 Subornantes
1059 2056 1090 2084 et
1106 2051 1274 2084 subornati
1294 2051 1327 2083 in
1347 2050 1560 2083 electionibus
1580 2051 1799 2083 excommuni-

334 2113 460 2148 cantur,
486 2107 565 2140 ibid.
589 2106 745 2140 Favorem
771 2110 964 2148 quaerentes
993 2110 1081 2138 extra
1103 2104 1304 2148 Religionem
1334 2105 1374 2137 ad
1403 2103 1545 2137 officium
1575 2103 1798 2145 obtinendum,

335 2163 661 2197 excommunicantis
680 2166 711 2194 et
731 2171 861 2194 carcerc
883 2160 1121 2204 mancipantur,
1135 2159 1199 2193 918
1211 2171 1241 2193 ci.
1255 2160 1478 2193 Praelatorum
1503 2159 1646 2192 osticium
1668 2160 1799 2202 quando

336 2217 496 2261 expletur,
526 2215 605 2248 ibid.
641 2214 862 2248 Discretorum
891 2213 1036 2247 officium
1068 2220 1099 2246 et
1123 2224 1299 2253 numerus,
1326 2213 1406 2246 ibid.
1443 2212 1636 2255 Theologiac
1663 2213 1801 2246 lectores

335 2270 467 2314 quando
487 2279 598 2302 vocem
619 2268 759 2301 habeant
779 2267 812 2300 in
832 2267 987 2312 capitulo,
1010 2267 1089 2299 ibid.
1112 2267 1141 2299 b.
1164 2267 1340 2311 Paupertas
1356 2267 1395 2300 ab
1416 2265 1610 2299 officialibus
1630 2267 1799 2307 servanda,

335 2323 415 2356 ibid.
442 2322 584 2355 Novitios
604 2321 780 2366 recipiendi
802 2322 917 2361 forma,
932 2321 1011 2353 ibid.
1025 2320 1141 2360 Quales
1162 2320 1264 2364 recipi
1284 2320 1405 2363 possint
1419 2330 1455 2352 ex
1469 2320 1740 2354 descendentibus
1759 2320 1800 2354 ab

336 2376 520 2415 haereticis,
543 2377 621 2409 ibid.
644 2377 677 2409 V.
695 2375 939 2415 Conventuales,
967 2376 1104 2416 Fratres,
1123 2375 1271 2415 Minores,
1294 2375 1481 2417 Regularcs.

248 2430 410 2464 Francisci
431 2430 493 2473 (S.)
513 2430 552 2463 de
571 2430 670 2463 Paula
689 2430 896 2463 Minimorum
919 2429 1016 2469 Ordo,
1040 2429 1125 2462 inter
1149 2429 1286 2462 Ordines
1318 2427 1535 2461 Mendicantes
1563 2428 1797 2471 recensendus,

339 2493 452 2517 eornm
474 2483 649 2527 privilegiis
669 2483 797 2526 gaudet,
819 2482 885 2516 634
908 2495 925 2515 α
959 2488 991 2515 et
1009 2494 1071 2527 seq.

250 2537 441 2571 Franciscus
456 2537 479 2578 Ι,
496 2537 696 2570 Francorum
717 2548 783 2577 rex,
808 2537 943 2580 eiusque
955 2536 1222 2580 praedecessores
1237 2535 1275 2568 de
1287 2534 1431 2567 Romana
1443 2533 1584 2568 Ecclesia
1594 2534 1800 2576 benemeriti,

339 2593 361 2626 4
376 2604 408 2626 α.
430 2592 455 2625 Α
486 2592 638 2626 Romanis
669 2591 880 2625 Pontificibus
905 2592 955 2624 ius
990 2591 1201 2631 nominandi,
1238 2590 1325 2622 iuxta
1345 2594 1458 2633 pacta,
1478 2590 1518 2623 ad
1546 2589 1746 2623 cathedrales
1771 2595 1802 2623 et

338 2645 604 2690 metropolitanas
623 2645 775 2679 ecclesias
788 2655 916 2680 necnon
932 2645 972 2678 ad
987 2643 1183 2679 monasteria
1199 2643 1268 2677 ciet
1289 2643 1430 2678 Henrieo
1442 2643 1467 2677 II
1478 2642 1680 2685 conceditur,
1690 2643 1770 2677 ibid.
1783 2643 1801 2677 b

371 2699 446 2731 Ball.
469 2698 545 2731 Rom.
567 2698 622 2730 Vol.
648 2697 705 2729 VII.
907 2697 966 2729 125
