2237 3100
868 269 963 294 nvmzx
993 269 1100 295 aarum
1627 258 1714 293 1009

297 332 437 366 cumque
456 333 518 364 res,
532 322 627 356 etiam
648 327 881 356 concernentes
897 323 976 356 alias
992 329 1087 361 artes,
1104 329 1134 357 et
1154 322 1328 366 collegium
1348 322 1485 365 erigere,
1508 321 1572 355 ⁶268
1593 333 1624 355 α.
1655 321 1760 356 Colle-

294 376 383 419 gium
391 376 647 410 voluitconsules
655 385 851 419 cognoscere
861 386 989 409 caussas
999 376 1038 410 de
1050 376 1146 410 rebus
1159 377 1198 409 ad
1213 382 1313 409 artem
1333 375 1553 419 spectantibus
1571 385 1631 420 pro
1651 375 1761 419 quavis

295 440 423 463 summa
436 429 521 463 inter
539 440 694 474 personas
715 429 808 468 artis·,
830 428 914 461 inter
934 435 1101 463 extraneos
1121 440 1208 469 vcro,
1231 440 1334 473 usque
1354 429 1394 462 ad
1414 429 1546 462 ducatos
1562 438 1635 470 xxx,
1659 429 1737 462 ibid.
1748 440 1761 469 ,·

295 482 386 515 libris
407 488 624 516 mercatorum
639 481 744 516 debite
765 481 891 525 scriptis
906 482 1004 516 fidem
1026 482 1241 516 adhibendam
1263 493 1342 522 esse,
1366 482 1445 515 ibid.
1465 483 1497 522 b;
1508 492 1629 526 poenas
1647 487 1760 515 contra

295 535 386 569 dolos
406 535 439 569 in
452 536 517 569 suis
538 535 630 569 libris
651 535 887 569 committentes
907 535 1063 571 decernit,
1082 536 1179 575 ibid.3
1203 535 1359 579 appellari
1373 545 1438 568 non
1450 546 1544 579 posse
1559 547 1576 568 a
1590 535 1762 569 consulum

295 588 462 622 sententiis
482 600 500 622 a
519 589 632 622 decem
662 588 761 622 scutis
787 588 881 629 infra,
905 587 969 622 ⁶269
989 600 1020 621 a.
1048 589 1137 622 Dicta
1156 594 1272 623 statuta
1297 590 1336 623 ab
1361 589 1455 623 Urbis
1481 588 1762 623 conservatoribus

294 641 528 685 approbantur,
551 642 630 675 ibid.
650 642 724 674 Pius
744 642 781 674 IV
800 641 964 685 praedicta
985 642 1292 682 omniahabetrata,
1316 643 1409 679 ibid:
1434 642 1588 686 iubetque
1601 641 1762 675 iudicibus

294 694 388 728 Urbis
408 701 444 728 ut
463 695 612 728 consules
628 695 768 738 desuper
778 705 844 728 non
861 695 1052 739 impediant,
1065 694 1130 728 ⁶270
1150 706 1190 731 (ι,·
1215 706 1327 728 eorum
1349 695 1607 729 iurisdictionem
1630 694 1763 739 ampliat

295 748 426 793 quando
461 754 566 792 partes
600 748 804 782 consentiunt
824 776 831 789 ,
865 749 1051 792 eisdemque
1081 748 1262 781 facultatem
1289 749 1321 782 in
1354 749 1402 782 ius
1431 749 1567 782 vocandi
1598 749 1681 782 intra
1716 748 1762 782 di-

295 802 443 835 strictum
468 801 628 843 concedit,
651 801 730 835 ibid.
745 800 803 834 ⁹271
830 813 861 835 α.

207 854 344 888 Minores
370 855 605 889 Conventuales
625 855 753 889 Ordinis
774 855 805 889 S.
826 855 988 888 Francisci
1009 854 1483 889 reformanturacardinalibus
1497 856 1716 890 Borrhomaeo
1731 862 1759 889 et

294 908 479 952 Symoneta,
510 908 576 942 400
596 920 626 942 α.
649 908 911 942 Reformatorum
942 908 1190 942 constitutiones
1212 908 1446 942 confirmantur
1471 920 1488 942 a
1517 910 1574 943 Pio
1603 910 1651 950 tv,
1682 910 1759 943 ibid.

297 961 478 995 Declaratio
491 973 590 1006 super
603 962 765 1005 Evangelii
780 961 991 1005 professione,
1011 961 1195 995 obedientia
1209 967 1238 995 et
1253 962 1463 1006 proprietate,
1482 962 1542 996 401
1558 974 1589 1003 αζ,
1602 963 1761 1003 castitate,

293 1015 425 1049 licentia
443 1016 621 1059 recipiendi
641 1016 792 1056 novitios,
815 1015 1005 1049 eorumdem
1027 1015 1221 1048 educatione
1242 1021 1270 1048 et
1297 1021 1414 1056 aetate,
1436 1016 1512 1051 ibid.
1535 1017 1567 1057 b,·
1589 1027 1666 1050 cura
1685 1027 1762 1062 pro-

294 1068 453 1102 fessorum
473 1079 538 1102 non
559 1075 786 1112 promotorum
804 1069 843 1102 ad
865 1069 1007 1109 ordines,
1029 1069 1241 1102 subventione
1261 1068 1395 1102 dandaa
1411 1070 1620 1103 conventibus
1634 1071 1762 1112 nativis,

294 1122 509 1166 occupatione
529 1123 666 1155 fratrum
687 1133 752 1156 non
783 1122 1002 1156 litteratorum
1016 1149 1023 1161 ,
1055 1122 1271 1156 destinatione
1299 1123 1520 1163 servientium,
1544 1129 1648 1157 aetate
1668 1124 1762 1157 emit-

295 1175 432 1209 tentium
462 1176 695 1220 professionem
721 1182 751 1210 et
771 1176 1067 1220 promovendorum
1095 1176 1134 1208 ad
1159 1175 1302 1216 ordines,
1324 1175 1388 1209 402
1409 1188 1440 1216 a;
1463 1187 1600 1210 numero
1626 1178 1763 1210 fratrum

296 1230 454 1273 cuiusque
465 1231 798 1271 conventus,fratrum
811 1230 943 1264 alterius
955 1229 1082 1264 Ordinis
1098 1230 1435 1274 receptione,habitus
1450 1231 1622 1272 delatione,
1639 1231 1717 1265 ibid.
1731 1232 1764 1273 b‚·

297 1293 427 1326 egressu
448 1294 465 1318 e
491 1284 631 1317 claustro
657 1290 687 1318 et
711 1294 748 1317 ex
775 1283 950 1327 provincia,
980 1283 1146 1317 mansione
1175 1284 1312 1317 fratrum
1341 1285 1373 1317 in
1394 1285 1603 1318 conventibus
1630 1285 1761 1326 nativis,

295 1335 360 1370 403
380 1347 415 1378 a;
435 1338 544 1370 colore
562 1337 698 1371 vestium
713 1364 722 1378 ,
751 1337 914 1370 delatione
943 1337 1199 1377 cothurnorum,
1227 1337 1325 1381 pilei,
1359 1337 1621 1372 chirothecarum
1635 1365 1643 1380 ,
1671 1349 1762 1371 man-

296 1391 462 1431 tellorum,
483 1391 632 1432 vestium,
666 1401 749 1434 quae
773 1390 886 1424 subtus
912 1390 1115 1431 deferuntur,
1148 1396 1178 1424 et
1213 1391 1425 1431 chordarum,
1446 1392 1522 1425 ibid.
1547 1392 1579 1433 b;
1607 1392 1763 1425 cellarum

296 1444 501 1488 supellectili,
522 1443 620 1477 officii
651 1444 854 1485 recitatione,
869 1443 967 1484 ibid.,·
988 1444 1194 1487 processione
1216 1455 1274 1488 per
1294 1444 1446 1485 claustra,
1475 1445 1572 1478 missa
1588 1456 1647 1489 pro
1667 1445 1764 1479 bene-

295 1497 484 1538 factoribus,
506 1508 611 1542 poena
630 1497 851 1531 omittentium
871 1497 1014 1530 divinum
1040 1497 1197 1538 officium,
1220 1498 1368 1532 discursu
1393 1509 1452 1542 per
1471 1499 1655 1539 ecclesiam,
1677 1499 1762 1532 cele-

297 1550 445 1585 bratione
460 1551 644 1592 missarum,
661 1551 876 1591 confessione,
894 1551 1137 1592 communione,
1160 1552 1317 1585 ecclesiae
1342 1552 1609 1596 supellectilibus,
1631 1552 1763 1586 sacrarii

298 1604 471 1644 munditia,
492 1603 559 1638 404
568 1615 603 1646 a,
614 1605 805 1638 executione
825 1604 955 1648 piorum
967 1604 1162 1648 legatorum,
1177 1605 1319 1645 ieiuniis,
1337 1605 1508 1649 disciplina
1522 1606 1668 1639 facienda
1685 1617 1764 1651 qua-

298 1657 378 1691 libet
395 1663 484 1691 sexta
504 1658 593 1699 feria,
613 1658 692 1691 ibid.
713 1659 746 1699 b;
756 1658 921 1691 communi
943 1668 1054 1691 mensa
1074 1663 1105 1692 et
1125 1659 1209 1699 cibo,
1232 1659 1331 1692 fratre
1351 1659 1511 1692 destinato
1527 1660 1567 1693 ad
1587 1660 1685 1693 victui
1706 1671 1762 1693 ne-

297 1712 437 1745 cessaria
456 1711 603 1752 emenda,
614 1711 754 1745 licentiis
775 1711 961 1752 itinerandi,
984 1711 1208 1745 itinerantium
1229 1713 1382 1757 hospitio,
1399 1724 1530 1747 accessu
1543 1714 1582 1747 ad
1602 1714 1764 1758 principes

297 1765 347 1798 vel
367 1765 406 1799 ad
431 1766 549 1807 forum,
564 1777 699 1800 munere
719 1766 940 1810 procuratoris
955 1765 1082 1807 Curiae,
1104 1765 1169 1800 405
1189 1767 1222 1807 b,·
1236 1767 1399 1800 bonorum
1419 1768 1651 1811 asportatione,
1672 1768 1763 1812 equi·
1797 1807 1804 1815 Ι

298 1819 387 1852 tandi
407 1819 549 1861 licentia,
571 1820 770 1864 proprietate
796 1826 827 1853 et
851 1831 911 1853 usu
928 1820 1086 1863 pecuniae
1114 1830 1242 1854 necnon
1271 1820 1410 1853 aliorum
1439 1821 1618 1861 bonorum,
1640 1821 1705 1856 406
1730 1833 1765 1863 α,-

299 1872 365 1906 otio
395 1873 533 1906 sollicite
557 1873 732 1916 fugiendo,
761 1873 825 1906 407
857 1884 902 1914 α;
928 1873 1083 1907 exercitio
1116 1873 1255 1907 fratrum
1284 1874 1465 1915 laicorum,
1504 1875 1651 1909 examine
1681 1875 1764 1908 reci-

299 1925 494 1969 piendorum
515 1927 554 1960 ad
574 1927 692 1968 studia,
710 1926 911 1960 studentium
934 1927 1100 1967 exercitio,
1127 1928 1370 1972 gymnasiorum
1387 1928 1609 1972 dispositione,
1630 1929 1710 1962 ibid.
1733 1929 1765 1969 b,-

298 1980 504 2024 promotione
524 1981 564 2014 ad
584 1981 800 2021 demoratum,
829 1980 894 2014 408
918 1991 953 2021 cz;
972 1981 1183 2025 proprietate,
1207 1982 1417 2016 concessione
1444 1994 1521 2015 usus
1550 1983 1597 2016 vel
1623 1983 1764 2016 admini-

298 2034 462 2068 strationis
476 2035 638 2068 bonorum
658 2035 824 2068 stabilium
844 2035 892 2068 vel
914 2034 1098 2075 mobilium,
1116 2035 1193 2068 ibid.
1217 2035 1250 2076 b,·
1270 2047 1369 2080 super
1389 2047 1467 2069 cura
1487 2047 1600 2070 senum
1626 2042 1655 2069 et
1677 2036 1766 2070 infir-

303 2098 444 2129 morum,
466 2088 684 2132 resignatione
710 2089 871 2122 bonorum
892 2099 951 2132 per
979 2088 1125 2122 infirmos
1153 2088 1270 2130 fienda,
1297 2097 1513 2133 proventuum
1538 2090 1762 2134 dispositione,

301 2142 464 2176 servandis
483 2142 516 2175 in
536 2142 748 2187 dispositione
766 2142 928 2176 bonomm
949 2143 989 2176 de
1008 2143 1102 2175 bonis
1122 2142 1262 2184 Ordinis,
1278 2143 1343 2178 409
1363 2155 1395 2184 (13
1410 2144 1617 2188 syndicorum
1638 2150 1668 2177 et
1689 2155 1765 2188 pro-

301 2201 488 2229 curatorum
509 2207 657 2237 munere,
673 2197 753 2230 ibid.
778 2197 811 2237 b,·
830 2196 978 2230 custodia
998 2196 1137 2229 clavium
1153 2197 1313 2230 bonorum
1335 2203 1524 2237 conventus,
1547 2197 1766 2241 divulgatione

300 2256 500 2284 secretorum
529 2256 583 2283 aut
608 2251 837 2284 scandalorum
868 2249 1007 2291 Ordinis,
1031 2261 1164 2284 recursu
1185 2262 1203 2283 a
1222 2251 1381 2285 sententia
1405 2251 1624 2295 provincialis,
1645 2251 1711 2285 410
1730 2263 1765 2293 α,-

302 2314 437 2338 recursu
455 2305 495 2338 ad
514 2304 685 2338 brachium
705 2305 881 2345 saeculare,
901 2305 1036 2337 fratrum
1057 2305 1275 2345 accusatione,
1297 2305 1486 2338 eorumdem
1507 2305 1697 2348 offensione,
1710 2306 1766 2340 de-

301 2356 519 2401 linquentium
548 2358 732 2402 punitione,
759 2358 838 2391 ibid.
869 2358 886 2391 b
919 2364 949 2391 et
979 2368 1060 2402 seq.;
1090 2357 1280 2391 officialium
1310 2358 1486 2398 electione,
1506 2357 1567 2391 4111
1597 2370 1617 2392 α
1646 2364 1677 2393 et
1699 2370 1762 2404 seq.

301 2410 495 2445 Procurator
509 2412 542 2445 in
561 2412 646 2446 Urbe
665 2423 749 2445 unus
760 2412 812 2452 sit,
835 2422 900 2445 non
920 2412 1041 2455 plures,
1057 2417 1085 2445 et
1108 2412 1231 2445 habitet
1243 2412 1328 2456 apud
1348 2412 1380 2446 S.
1399 2412 1595 2445 Salvatorem
1610 2413 1643 2445 in
1658 2412 1762 2454 Unda,

302 2464 367 2497 4102
387 2475 419 2498 α.
445 2464 591 2508 Capitula
611 2477 628 2498 a
649 2465 802 2509 magistro
822 2465 965 2508 generali
979 2471 1208 2505 convocentur,
1231 2465 1309 2498 ibid.
1334 2466 1362 2498 b.
1390 2465 1569 2499 Declaratio
1589 2476 1687 2511 super
1706 2467 1765 2499 ob-

303 2519 462 2552 servantia
481 2519 610 2552 concilii
627 2518 806 2552 Tridentini
827 2518 913 2551 circa
933 2518 1221 2562 praedicationem,
1239 2518 1485 2559 confessionem,
1504 2519 1765 2563 praedicatorum

303 2572 474 2615 qualitates
488 2599 495 2613 ‚
522 2572 628 2612 ibid.;
655 2572 928 2616 dispensationem
953 2572 1160 2614 eorumdem,
1178 2582 1303 2605 necnon
1324 2572 1526 2615 punitionem
1545 2573 1764 2607 exercentium

305 2635 424 2658 munus
444 2625 679 2670 praedicatoris
703 2626 751 2659 vel
779 2625 971 2659 confessoris
997 2626 1118 2669 absque
1143 2625 1285 2666 lieentia,
1307 2624 1372 2659 413
1397 2637 1437 2667 a,
1457 2626 1605 2660 evitanda
1627 2638 1646 2660 a
1670 2638 1764 2672 prae-

303 2679 511 2720 dicatoribus,
522 2679 601 2712 ibid.
624 2679 750 2713 Fratres
770 2690 835 2714 non
855 2680 952 2714 edant
971 2680 1004 2714 in
1025 2680 1130 2713 lucem
1156 2679 1255 2713 libros
1275 2689 1339 2714 non
1367 2679 1561 2724 approbatos
1581 2692 1599 2714 a
1619 2681 1765 2726 superio·

334 2732 411 2764 Ball.
432 2731 511 2764 Rom.
540 2732 596 2763 vot.
621 2732 681 2763 VII.
1085 2732 1141 2764 127
