2237 3100
209 290 258 317 Au.
275 291 304 318 C.
321 290 388 318 ¹565

227 1033 293 1060 Super
305 1040 387 1060 pronio-

202 1065 258 1084 itun·
275 1067 297 1085 att
315 1067 386 1087 ‹tociu-

199 1098 274 1120 fuum!

449 279 513 313 408

405 341 594 374 dimittendo
611 346 730 373 textum
749 338 886 382 Magistri
907 338 1156 379 Sententiarum,

404 404 501 438 quem
527 393 615 427 omni
636 392 791 432 triennio,
825 392 857 424 in
892 391 1067 425 substantia
1095 392 1157 425 sal-

404 452 488 487 tem,
523 451 670 489 regentes
690 449 860 478 teneantur
893 455 1098 488 percurrerc;
1129 450 1155 478 et

404 494 557 533 lectiones
584 499 737 542 incipiant
768 498 894 541 singulo
915 509 999 531 anno
1021 504 1093 542 post
1112 499 1157 532 sc-

403 558 486 586 stum
501 552 675 586 Nativitatis
695 552 728 584 B.
747 551 896 594 Virginis.
919 552 1079 592 Lectores,
1103 553 1156 596 qui

403 605 435 637 in
452 605 589 649 publicis
605 604 868 638 Universitatilnis
883 605 1006 648 legunt,
1030 610 1159 639 tenean-

404 664 464 695 tur,
486 659 525 691 ad
540 658 708 691 arbitrium
729 658 899 701 generalis,
918 659 951 691 in
967 658 1004 692 iis
1023 669 1158 693 conven-

403 712 487 744 tibus
529 712 584 745 ubi
617 719 808 752 morantur,
849 723 947 745 unam
986 713 1157 747 lectionem

401 765 519 807 legere.
554 765 647 799 Curet
683 766 778 799 etiam
812 766 897 800 idem
927 768 1085 810 generalis
1118 779 1156 801 ue

401 818 482 850 sinat
511 819 640 852 iuvenes
670 820 701 852 in
732 820 863 864 propria
888 821 985 854 domo
1015 822 1155 862 studere,

400 871 454 903 sed
476 873 578 904 mittat
597 883 651 906 eos
672 878 769 913 extra,
790 884 830 907 ne
848 874 970 917 patriae
986 875 1155 907 commoda

401 930 428 957 et
447 926 582 960 affectus
601 938 656 961 eos
675 939 692 961 a
713 928 825 961 studiis
845 928 1040 961 abstrahant.

444 978 503 1018 Qui
536 980 697 1014 voluerint
731 981 769 1014 ad
804 981 989 1015 doctoratus
1020 981 1157 1024 insignia

400 1033 601 1075 promoveri,
638 1044 703 1068 non
735 1035 945 1067 admittantur
978 1035 1039 1067 nisi
1071 1035 1157 1069 iuxta

399 1087 494 1123 breve
515 1089 705 1123 sanctissimi
723 1088 844 1121 domini
861 1089 961 1122 nostri
977 1088 1022 1122 Pii
1039 1090 1155 1132 quarti,

398 1143 545 1176 videlicet
577 1142 608 1174 in
634 1142 776 1185 capitulo
801 1142 954 1185 generali,
980 1143 1156 1185 praemisso

398 1196 542 1240 rigoroso
563 1196 720 1229 examine.
745 1195 955 1239 Supplicatur
976 1201 1083 1229 tamen
1109 1197 1155 1229 ei-

398 1249 471 1283 dem
494 1248 694 1282 sanctissimo
720 1248 851 1281 domino
879 1254 988 1282 nostro
1009 1255 1040 1282 ut
1070 1260 1157 1282 amo-

398 1309 508 1337 veatur
533 1313 691 1336 numerus
712 1308 820 1335 certus
845 1303 1154 1346 promovendorum,

398 1363 426 1390 et
448 1356 630 1401 promoveri
652 1355 774 1399 possint
796 1355 817 1387 ii
834 1365 959 1396 omnes,
980 1356 1036 1399 qui
1057 1357 1089 1388 in
1105 1367 1157 1389 eo-

397 1411 469 1443 dem
496 1410 649 1453 capitulo,
676 1410 714 1442 de
736 1409 871 1442 consilio
892 1409 1077 1453 aliquorum
1098 1421 1157 1453 pu-

397 1464 559 1496 blicorum
582 1464 754 1503 lectorum,
777 1462 883 1496 idonei
904 1474 921 1496 a
946 1463 1089 1506 generali
1110 1463 1157 1495 iu-

397 1517 492 1550 dicati
531 1517 668 1557 fuerint,
702 1516 830 1550 nonnisi
869 1512 984 1550 eodem
1011 1517 1156 1560 rigoroso

397 1571 542 1604 examine
564 1571 753 1614 praemisso,
777 1576 805 1604 et
829 1571 1006 1615 praemisso
1028 1582 1158 1615 promo-

397 1629 504 1657 torum
540 1624 734 1658 iuramento.
774 1626 828 1658 Est
859 1624 945 1658 enim
976 1625 1008 1658 in
1038 1625 1157 1658 Ordine

397 1683 483 1711 tanta
508 1678 711 1712 eruditorum
737 1678 846 1723 copia,
877 1684 912 1711 ut
939 1679 979 1711 ad
1006 1684 1069 1712 tam
1092 1679 1156 1712 exi-

397 1742 497 1774 guum
527 1743 701 1765 numerum
736 1732 885 1775 restringi
918 1742 982 1765 non
1014 1732 1154 1776 possint,

397 1785 483 1828 quod
518 1786 550 1818 in
584 1785 738 1829 proximis
778 1780 917 1819 comitiis
950 1786 1157 1829 generalibus

398 1839 579 1872 Florentiae
605 1849 717 1871 omnes
742 1845 911 1872 noverunt.
942 1840 979 1871 At
1002 1840 1156 1882 quoniam

398 1892 512 1925 fratres
543 1897 630 1925 extra
659 1892 780 1924 Italiam
811 1892 975 1925 constituti
1004 1893 1158 1936 (excepta

398 1945 578 1987 Dalmatia),
594 1945 722 1978 nonnisi
735 1945 865 1978 difficile
885 1950 916 1978 et.
932 1946 1057 1989 magnis
1074 1957 1158 1979 sum-

400 1999 508 2043 ptibus
542 1999 580 2032 ad
610 2000 760 2042 generale
789 1998 968 2042 capitulum
1003 2000 1157 2033 accedere

400 2058 545 2096 possunt,
574 2052 725 2086 statuitur
754 2058 789 2085 ut
815 2052 835 2084 ii
861 2062 989 2093 omnes,
1018 2053 1073 2096 qui
1103 2064 1157 2086 vo-

400 2106 519 2139 luerint
549 2106 586 2138 ad
614 2105 829 2148 magistralem
858 2115 1011 2138 coronam
1044 2106 1156 2150 recipi,

401 2159 624 2193 examinentur
653 2160 685 2192 in
710 2159 816 2203 aliqua
842 2159 971 2203 publica
1001 2159 1160 2192 Univcrsi-

401 2218 464 2246 tate
484 2212 570 2246 illius
591 2213 747 2256 regionis,
777 2213 815 2245 de
837 2224 901 2256 qua
922 2213 1054 2253 fuerint,
1087 2224 1159 2256 pro-

401 2266 511 2309 positis
532 2265 796 2299 conclusionibus
816 2265 848 2297 in
869 2276 906 2297 ea
931 2266 1095 2307 facultate,
1120 2267 1159 2299 ad

401 2330 497 2363 quam
508 2320 693 2364 promoveri
709 2318 881 2352 voluerint.
895 2318 954 2358 Qui
965 2319 1109 2361 quidem,
1122 2320 1158 2360 si,

402 2372 577 2416 praemisso
599 2372 744 2415 rigoroso
770 2371 927 2411 examine,
956 2372 994 2403 ab
1011 2371 1065 2405 illa
1081 2372 1159 2405 Uni-

402 2425 548 2458 versitate
574 2425 661 2468 digni
691 2426 877 2458 doctoratus
906 2424 999 2457 titulo
1029 2425 1160 2458 iudicati

402 2474 533 2514 fuerint,
569 2475 730 2517 fidemque
761 2474 924 2518 P¹1b1ieam
954 2474 992 2506 ab
1021 2474 1089 2517 ipsa
1122 2475 1160 2507 dc

404 2534 518 2557 eorum
548 2523 739 2557 sufficientia
768 2522 957 2561 habuerint,
988 2523 1086 2565 possit
1107 2534 1162 2557 eos

403 2572 561 2616 generalis
577 2583 634 2616 per
654 2583 727 2605 suas
744 2572 853 2605 literas
864 2572 896 2604 in
908 2571 1016 2615 aliqua
1028 2572 1160 2605 Univer-

404 2621 507 2661 sitam,
525 2622 598 2654 vela
616 2632 752 2665 persona
768 2621 993 2654 auctoritatem
1011 2621 1160 2661 habente,

405 2670 442 2703 ad
464 2670 650 2704 doctoratus
669 2671 814 2704 lauream
840 2670 1078 2713 suscipiendam
1104 2670 1161 2702 ad-

1002 285 1182 310 BULLARIUM
1205 284 1359 309 ROMANUM

1969 287 2019 315 An.
2037 289 2068 316 C.
2086 289 2154 316 ¹565

1200 336 1337 369 mittere.
1367 335 1480 377 Nullus
1499 346 1574 370 vero
1607 336 1647 370 ad
1672 337 1877 371 doctoratum
1906 339 1955 372 vel

1199 390 1238 422 ad
1253 389 1352 421 alium
1372 390 1508 431 gradum
1530 390 1766 434 superioritatis
1786 391 1824 424 de
1846 396 1954 425 cetero

1199 447 1441 487 promoveatur,
1469 443 1525 485 qui
1544 443 1635 487 prius
1655 445 1888 487 professionem
1916 445 1954 478 ss-

1199 496 1250 529 dei
1272 505 1335 528 non
1353 495 1475 536 fecerit,
1495 496 1582 529 iuxta
1600 496 1722 530 bullam
1743 498 1877 542 praefati
1897 498 1954 532 do-

1200 548 1278 581 mini
1298 547 1398 582 nostri
1418 549 1465 581 Pii
1481 549 1599 593 quarti.

1500 655 1573 690 Cir.
1602 656 1651 690 VI.

1288 690 1302 705 Ὢ

1260 741 1393 774 Fratres
1414 741 1502 774 nihil
1519 742 1582 774 sibi·
1600 744 1811 786 approprz'ent
1832 748 1889 777 etc.
1995 756 2065 778 vnim
2078 757 2152 784 capa.

1243 816 1334 850 Circa
1362 818 1424 851 hoc
1454 817 1632 862 capitulum
1663 819 1764 863 repeti
1801 825 1951 863 possent,
1982 841 2154 861 „mmmmm

1198 881 1280 913 quae
1301 881 1399 914 supra
1428 870 1460 903 in
1494 871 1693 915 praefatione
1730 878 1760 905 et
1788 873 1820 905 in
1849 872 2154 918 capite1’0‘P¹⁰1‘¹‘⁵⁰‘“²⁰¹

1198 928 1313 966 quarto
1340 924 1423 957 dicta
1443 930 1529 966 sunt,
1551 924 1639 968 quod
1659 925 1782 959 scilicet
1806 937 1865 959 nos
1889 937 1954 961 non

1198 977 1355 1010 habemus
1372 977 1403 1010 in
1425 978 1612 1021 particulari
1632 978 1754 1023 aliquid
1773 980 1953 1024 proprium,
1978 1007 1982 1011 .

1198 1030 1253 1063 sed
1286 1041 1381 1063 usum
1423 1031 1604 1076 simplicem
1641 1042 1771 1073 rerum,
1810 1033 1956 1077 quamvis

1198 1089 1308 1117 sancta
1332 1084 1519 1118 'fridentina
1538 1086 1678 1129 synodus
1695 1086 1890 1120 concesserit
1920 1092 1956 1122 ut

1199 1137 1359 1180 possimus
1378 1138 1498 1171 habere
1519 1139 1690 1183 proprium
1717 1139 1749 1172 in
1775 1140 1952 1174 communi.

1198 1191 1244 1223 Ad
1274 1192 1452 1225 tollendum
1485 1198 1592 1226 tamen
1625 1204 1720 1226 omne
1750 1194 1957 1238 proprietatis

1198 1244 1321 1286 vitium,
1345 1245 1431 1278 iuxta
1452 1245 1580 1279 decreta
1596 1246 1740 1280 eiusdem
1761 1248 1956 1282 sacrosancti

1198 1297 1375 1331 Tridentini
1397 1299 1539 1341 concilii,
1567 1299 1779 1343 prohibemus
1806 1301 1958 1335 omnibus

1197 1350 1325 1384 Ordinis
1350 1351 1452 1385 nostri
1475 1352 1628 1386 fratribus
1648 1359 1678 1386 et
1706 1353 1958 1388 sanctimoniali-

1198 1404 1258 1436 bus
1285 1415 1325 1437 ne
1360 1405 1530 1449 quisquam
1562 1416 1676 1440 eorum
1708 1407 1813 1448 bona,
1839 1407 1956 1442 immo-

1197 1457 1273 1490 bilia
1294 1459 1340 1491 vel
1366 1459 1510 1501 mobilia,
1535 1460 1772 1504 cuiuscumque
1795 1460 1958 1505 qualitatis

1198 1510 1330 1552 fuerint,
1351 1512 1446 1545 etiam
1468 1513 1580 1557 quovis
1600 1513 1697 1547 modo
1719 1515 1758 1547 ab
1778 1515 1824 1548 eis
1844 1515 1957 1559 acqui-

1199 1564 1272 1604 sita,
1292 1570 1458 1609 tamquam
1478 1566 1621 1610 propria,
1640 1572 1696 1601 aut
1711 1567 1806 1601 etiam
1826 1568 1958 1602 nomine

1199 1623 1374 1651 conventus
1395 1619 1556 1662 possideat
1572 1620 1621 1653 vel
1640 1625 1759 1662 teneat,
1782 1621 1837 1654 sed
1851 1621 1957 1655 statim

1199 1682 1235 1704 ea
1255 1671 1415 1715 superiori
1436 1672 1617 1713 tradantur,
1650 1674 1889 1718 conventuique
1908 1675 1957 1708 vcl

1199 1725 1395 1759 monasterio
1427 1725 1692 1770 incorporentur,
1724 1732 1822 1770 prout
1841 1738 1900 1761 nos
1920 1737 1958 1761 ex

1198 1788 1285 1811 nunc
1321 1788 1359 1811 ea
1392 1779 1594 1823 applicamus
1625 1784 1655 1812 et
1685 1780 1954 1825 incorporamus,

1199 1831 1423 1876 applicataque
1455 1838 1486 1865 et
1517 1832 1723 1877 incorporata
1757 1834 1955 1878 pronuncia-

1200 1896 1282 1918 mus.

1242 1939 1306 1972 Nec
1333 1939 1486 1983 deinceps
1510 1939 1604 1973 liceat
1627 1939 1852 1983 superioribus
1870 1940 1956 1974 bona
1983 1954 2050 1982 snper
2066 1958 2156 1974 eonces-

1200 1993 1324 2026 stabilia
1344 1993 1441 2026 alicui
1471 1993 1598 2027 Ordinis
1626 1993 1726 2026 nostri
1761 1993 1952 2035 concedere,
1970 1983 2158 2036 2¹,1⁰„¹}i⁶„„'¹.‡2f10{†2

1200 2047 1295 2079 etiam
1316 2047 1356 2079 ad
1377 2047 1617 2080 usumfructum
1636 2047 1685 2079 vel
1711 2057 1819 2087 usum,
1851 2046 1954 2080 admi·
1969 2048 2071 2100 ffiffuffl
2091 2045 2158 2067 ΨΜ·

1200 2100 1424 2134 nistrationem
1450 2106 1503 2133 aut
1535 2100 1773 2134 commendam.
1795 2100 1834 2133 Et
1850 2099 1876 2134 si
1896 2100 1955 2133 ali-
2032 2093 2038 2104 ’

1200 2165 1282 2198 quae
1302 2154 1462 2195 licentiae,
1486 2154 1580 2187 etiam
1602 2164 1620 2186 a
1640 2153 1798 2196 generali,
1819 2158 1875 2187 aut
1893 2152 1956 2187 alio

1200 2208 1311 2251 quovis
1328 2207 1436 2248 modo,
1451 2217 1487 2241 ex
1498 2217 1706 2251 quacumque
1722 2216 1829 2248 causa,
1845 2206 1956 2240 adver-

1201 2272 1255 2295 sus
1279 2260 1444 2305 praedicta
1476 2261 1633 2294 hactenus
1663 2270 1834 2293 concessae
1862 2270 1956 2304 repe-

1201 2315 1346 2355 riantur,
1374 2325 1427 2348 eas
1447 2325 1482 2348 ex
1503 2324 1590 2347 nunc
1611 2314 1754 2347 tollimus
1774 2318 1806 2346 et
1821 2313 1957 2357 abroga-

1202 2379 1284 2401 mus.
1313 2368 1554 2402 Administratio
1575 2373 1683 2401 autem
1702 2367 1865 2401 bonorum
1890 2377 1959 2400 mo-

1202 2421 1418 2455 nasteriorum
1457 2432 1513 2455 seu
1548 2425 1766 2455 conventuum
1802 2420 1841 2453 ad
1871 2420 1957 2454 solos

1201 2471 1354 2504 officiales
1384 2471 1585 2511 eorumdem,
1608 2470 1649 2503 ad
1667 2474 1783 2502 nutum
1809 2469 1957 2513 superio-

1203 2530 1275 2552 rum
1296 2520 1493 2561 amovibiles,
1517 2520 1687 2564 pertineat.

1247 2569 1411 2602 Mobilium
1427 2580 1501 2603 vero
1519 2579 1613 2602 usum
1633 2567 1675 2601 ita
1687 2566 1871 2611 superiores
1886 2578 1958 2611 per·
1986 2581 2054 2608 super
2066 2585 2159 2602 conco·-

1203 2618 1350 2660 mittant,
1378 2624 1413 2652 ut
1439 2628 1553 2651 eorum
1582 2616 1726 2660 supellex
1756 2616 1851 2649 statui
1882 2627 1958 2659 pau·
1971 2613 2100 2668 ammaum·
2116 2616 2159 2633 '³¹⁸'

1203 2667 1346 2710 pertatis,
1378 2677 1475 2711 quam
1495 2665 1630 2710 professi
1658 2670 1748 2705 sunt,
1776 2665 1956 2707 conveniat,

2232 604 2237 634 .,„
2228 279 2237 591 -.μ-..ᾕ-..ψυΑι-ιμΑΑ-ικῃη
2232 255 2237 269 a„
2235 225 2237 228 ,
2230 192 2237 201 ,ι
