2237 3100
461 230 524 265 690

416 292 623 326 extendendis
635 319 642 332 ‚
681 292 798 336 quibus
843 292 993 325 omnibus
1033 292 1163 324 illorum

416 352 543 380 tenores
554 358 612 390 pro
624 346 819 380 sufficienter
830 345 986 388 expressis
997 346 1161 385 habentes,

415 400 596 444 specialiter
620 404 651 433 et.
675 409 821 442 expresse
846 398 1050 441 derogamus,
1078 404 1164 433 cete-

416 454 524 497 risque
540 452 708 486 contrariis
727 452 1000 495 quibusciunque.

568 506 684 538 Placet.
707 505 792 537 Motu
813 505 957 548 proprio,
985 505 1023 537 M.

458 560 548 592 Anno
564 570 582 591 a
595 557 757 591 nativitate
772 558 899 590 Domini
915 559 1016 591 nostri
1033 559 1164 592 millesi-

415 624 467 646 mo
474 612 731 656 quingentesimo
743 611 940 654 sexagesimo
952 618 1073 653 octavo,
1084 613 1165 646 indi-

415 665 519 698 ctione
539 675 579 705 Μ,
600 665 650 698 die
664 675 738 698 vero
757 675 807 697 xix
828 665 947 697 mensis
962 665 1041 705 iulii,
1062 667 1165 710 ponti-

414 720 527 752 ficatus
542 719 734 752 sanctissimi
749 718 870 751 domini
886 719 986 752 nostri
998 719 1044 752 Pii
1060 720 1164 764 Papae

415 773 436 804 V
449 782 534 805 anno
550 782 597 812 111,
610 772 836 815 retroscriptae
850 772 965 805 littera*
981 773 1164 816 apostoliea=

413 825 515 859 affixae
526 831 556 859 et
566 826 750 869 publicatae
767 826 894 859 suerunt
911 826 951 859 ad
967 827 1069 859 valvas
1086 827 1165 860 Can-

414 880 563 913 cellariae
580 880 794 924 ApostolicaQ
808 885 839 913 et
850 881 882 913 in
894 880 961 913 acie
972 881 1082 924 Campi
1095 882 1165 915 Flo-

414 944 468 974 ιω,
480 939 512 966 ut
530 934 629 968 moris
644 939 703 975 est,
716 945 775 978 per
784 944 843 968 nos
858 934 1071 969 Pliilibertum
1083 935 1163 980 Cap-

414 998 516 1032 pium.

217 239 267 266 An.
284 240 313 267 C.
334 239 401 268 1568

243 625 363 646 Publicium.

643 1042 778 1076 loannes
797 1043 969 1085 Guerardi,
991 1054 1116 1077 cursor.

455 1099 538 1129 Publ.
554 1099 601 1129 die
620 1099 654 1129 10
669 1099 732 1130 iulii
753 1100 838 1136 1508,
861 1100 964 1139 pontis.
983 1110 1061 1131 anno
1080 1109 1122 1131 111.

749 1242 823 1275 CIII.

413 1309 582 1343 Revoratio
606 1309 801 1351 facultatum
821 1311 1006 1351 camerarii,
1035 1311 1163 1344 clerico-

457 1373 531 1396 rum
567 1368 595 1396 cl
611 1364 752 1397 aliorum
772 1364 958 1407 officialium
974 1366 1165 1398 reverendae

460 1416 614 1451 Cunu‘rac
637 1418 836 1462 Apostolicue
863 1419 1054 1452 concedendi
1080 1430 1163 1452 com-

457 1472 626 1504 missiones
662 1473 698 1505 in
730 1472 838 1514 formu.
861 1472 892 1505 Si
922 1472 955 1505 in
985 1473 1163 1507 evidentem

457 1536 551 1569 super
573 1526 826 1560 alienationibus
845 1527 1000 1560 bonorum
1019 1528 1164 1561 ecclesia-

458 1580 611 1613 sucorum
652 1585 709 1614 aut
741 1581 881 1615 locorum
905 1582 1038 1626 piorum
1062 1583 1165 1616 cnius-

459 1644 589 1678 cumque
602 1635 722 1668 valoris
738 1634 764 1667 1.

545 1715 607 1744 Pius
623 1717 693 1752 Papa
705 1716 736 1749 V,
750 1717 829 1744 motu
843 1715 963 1752 proprio,
978 1717 1034 1744 etc.

459 1788 606 1822 Volentes
626 1787 826 1821 indemnitati
852 1789 1062 1822 ecclesiarum
1088 1789 1165 1822 alio-

214 1844 398 1896 mssigffiwmss·
413 1852 552 1886 rumque
577 1842 706 1885 piorum
726 1842 887 1883 locorum,
910 1848 1068 1886 quantum
1090 1854 1164 1876 cum

412 1895 477 1928 Deo
494 1906 677 1939 possumus,
693 1896 875 1936 consulere,
893 1907 929 1928 ac
942 1896 1109 1939 providere
1125 1907 1165 1930 ne

412 1948 543 1981 illorum
567 1949 663 1989 bona,
680 1949 747 1982 sine
768 1954 877 1982 nostra
898 1956 953 1982 aut
968 1950 1166 1983 successoris

411 2002 512 2035 nostri
528 2002 660 2036 scientia
681 2007 711 2035 et
726 2002 867 2043 licentia,
889 2003 1088 2044 alienentur,
1111 2009 1166 2037 aut

413 2062 571 2101 perpetuo
600 2057 647 2090 vel
684 2056 723 2089 ad
755 2057 889 2099 longum
928 2063 1054 2101 tempus
1068 2084 1075 2098 ‚
1111 2064 1166 2092 aut

413 2110 510 2144 unius
520 2112 568 2144 vel
578 2111 723 2155 plurium
734 2111 789 2144 illa
798 2112 979 2145 conducere
990 2113 1163 2147 volentium

413 2164 507 2198 vitam
529 2165 687 2205 locentur,
707 2169 762 2198 aut
781 2164 819 2197 de
844 2164 894 2198 his
913 2165 975 2198 alio
992 2165 1084 2200 titulo
1104 2166 1166 2200 dis-

415 2224 566 2262 ponatur.

459 2273 474 2316 g
507 2273 539 2306 ²1.
575 2272 691 2307 Omnes
715 2278 746 2306 et
771 2272 913 2315 singulas
944 2273 1112 2307 facultates
1136 2280 1167 2308 et

245 2333 401 2368 nevpocauora-
416 2326 560 2360 licentias
597 2326 794 2360 concedendi
820 2325 1062 2360 commissiones
1087 2328 1165 2361 alie-

218 2365 311 2418 iiiiii?
326 2365 402 2391 dmm
416 2380 582 2413 nationum
609 2381 657 2413 vel
678 2380 951 2425 permutationum
972 2386 1027 2413 aut
1046 2381 1165 2414 affran-

417 2434 579 2467 cationum
591 2434 782 2468 autillarum
794 2433 1077 2468 confirmationum
1087 2445 1166 2478 quo-

418 2487 537 2520 rumvis
576 2488 737 2521 bonorum
771 2488 1062 2522 ecclesiasticorum
1112 2494 1167 2521 aut

454 2555 464 2580 ¹
489 2554 592 2581 ludices
606 2559 695 2582 autern
715 2555 866 2583 huiusmodi
883 2563 1034 2588 causarum,
1055 2555 1120 2591 quid
1134 2564 1165 2583 a-

420 2606 481 2633 gero
492 2598 615 2632 debeant,
627 2599 688 2627 vide
701 2600 726 2626 in
738 2600 810 2626 Pauli
826 2600 847 2627 Il
859 2600 1048 2628 constitutione
1058 2607 1089 2634 11,
1101 2601 1166 2628 Cum

419 2646 447 2670 in
466 2646 598 2678 omnibus,
617 2648 681 2674 tom.
699 2653 727 2679 v,
743 2653 803 2681 pag.
818 2645 880 2674 18⁸.

1009 238 1186 263 BULLARIUM
1210 238 1360 263 ROMANUM

1206 292 1350 324 locorum
1364 292 1491 335 piorum
1508 291 1743 337 cuiuscumque
1757 293 1874 327 valoris
1889 294 1954 327 exi-

1206 349 1370 390 stentium,
1398 349 1493 383 etiam
1514 360 1673 382 summam
1698 361 1839 384 annuam
1855 351 1956 395 vigin-

1207 407 1372 452 tiquatuor
1406 408 1597 442 ducatorum
1634 408 1704 442 auri
1744 409 1783 442 de
1822 409 1956 443 Camera

1206 476 1270 498 non
1298 466 1521 499 excedentium
1538 493 1545 507 ‚
1576 471 1632 499 aut
1663 466 1797 500 alterius
1822 468 1956 501 minoris

1206 523 1320 556 valoris
1340 523 1372 556 in
1393 524 1495 557 forma
1518 535 1602 569 quae
1627 524 1746 558 dicitur
1764 524 1802 558 Si
1825 526 1862 558 in
1891 527 1956 559 cvi-

1205 581 1351 621 (Ιοηιιηη,
1382 581 1498 616 dilecto
1531 583 1599 616 filio
1623 583 1799 624 Vitellotio,
1832 583 1864 617 S.
1892 583 1956 616 Ma-

1206 639 1272 671 riae
1297 639 1329 672 in
1361 639 1510 674 Via-Lata
1540 641 1677 674 diacono
1716 640 1870 674 cardinali
1903 641 1956 674 Vi-

1207 697 1294 730 tellio
1323 704 1510 742 nuncupato
1524 725 1531 739 ‚
1563 700 1593 733 S.
1626 700 1662 732 R.
1695 699 1729 732 E.
1762 699 1955 740 camerario,

1206 751 1339 795 eiusque
1359 752 1614 786 antecessoribus
1634 758 1665 786 et
1684 753 1878 786 clericorum
1898 752 1958 787 Ca-

1207 816 1314 838 merae
1338 805 1541 848 Apostolicac
1566 807 1715 849 collegio,
1739 812 1802 840 tam
1828 817 1886 850 per
1910 807 1956 841 se-

1207 858 1276 891 lieis
1292 859 1523 892 recordationis
1543 859 1733 903 Gregorium
1754 860 1806 901 IX,
1828 860 1957 894 Bonisa-

1207 912 1293 946 cium
1332 913 1369 946 lx
1386 940 1393 953 ‚
1433 913 1601 946 Urbanum
1638 913 1686 954 Vl,
1722 913 1893 947 Martinum
1923 914 1957 955 V,

1206 966 1373 1000 Nicolaum
1384 967 1419 1007 V,
1434 966 1658 1001 Innocentium
1678 967 1754 1008 VIII,
1780 967 1898 1001 Iulium
1917 968 1956 1009 II,

1205 1021 1344 1054 Leonem
1378 1021 1421 1061 X,
1456 1020 1579 1055 Sixtum
1604 1021 1654 1061 IV,
1687 1021 1824 1054 Paulum
1860 1022 1899 1055 III
1928 1027 1960 1056 et

1206 1074 1323 1107 Iulium
1349 1074 1497 1108 similiter
1516 1075 1554 1107 Ill
1577 1085 1614 1108 ac
1634 1073 1714 1108 alios
1734 1085 1959 1120 quoscumque

1206 1128 1368 1161 Romanos
1401 1128 1572 1162 Pontifices
1610 1128 1875 1172 praedecessores
1898 1140 1958 1163 no-

1206 1186 1299 1222 stros,
1314 1181 1408 1215 etiam
1423 1187 1511 1215 motu
1523 1181 1667 1226 proprio,
1679 1193 1716 1215 ex
1728 1187 1815 1216 certa
1826 1183 1960 1217 scientia

1206 1240 1237 1267 et
1267 1246 1303 1268 ex
1331 1235 1441 1279 quavis
1456 1246 1568 1277 causa,
1588 1235 1683 1269 etiam
1714 1236 1956 1280 urgentissima,

1206 1299 1280 1321 cum
1302 1288 1468 1332 quibusvis
1488 1289 1653 1331 clausulis,
1675 1289 1772 1322 etiam
1791 1290 1958 1334 derogato-

1206 1342 1328 1375 riarum
1346 1342 1568 1386 de1¹ogatoriiS‚
1582 1354 1619 1376 ac
1631 1343 1797 1387 quibusvis
1808 1343 1956 1387 decretis,

1206 1395 1301 1429 etiam
1313 1396 1522 1437 irritantibus,
1531 1402 1561 1430 ct
1572 1396 1605 1429 in
1613 1396 1676 1429 vim
1687 1402 1871 1431 contractus
1883 1408 1959 1432 con-

1206 1460 1323 1491 cessas,
1346 1450 1552 1483 confirmatas
1572 1456 1602 1484 et
1622 1450 1799 1494 innovatas,
1816 1462 1958 1496 quorum

1206 1504 1351 1537 omnium
1368 1509 1495 1538 tenores
1510 1515 1568 1548 pro
1584 1505 1783 1539 sufficienter
1801 1506 1958 1551 expressis

1206 1558 1371 1598 habentes,
1394 1563 1552 1602 perpetuo
1572 1569 1773 1601 revocamus,
1796 1570 1959 1594 cassamus

1206 1616 1237 1645 et
1265 1612 1482 1645 annullamus.
1505 1611 1735 1646 Interdicentes
1761 1618 1792 1646 et
1810 1624 1958 1658 expresse

1206 1665 1414 1709 prohibentes
1425 1665 1529 1698 eidem
1547 1665 1726 1700 camerario
1737 1671 1768 1700 et
1778 1666 1904 1700 clericis
1919 1678 1957 1701 ac

1206 1719 1277 1752 aliis
1292 1719 1437 1753 eiusdem
1448 1719 1590 1753 Gamerae
1601 1720 1794 1764 Apostolicae
1809 1721 1956 1755 officiali-

1206 1774 1278 1813 bus,
1291 1773 1351 1806 sub
1367 1783 1465 1816 poena
1479 1773 1707 1816 indignationis
1717 1780 1857 1815 nostrae,
1870 1786 1910 1809 ne
1922 1774 1956 1809 in

1206 1828 1351 1860 futurum
1371 1826 1516 1859 licentias
1531 1832 1560 1860 et
1571 1827 1737 1861 facultates
1748 1838 1784 1861 ac
1805 1829 1956 1863 commis-

1207 1880 1312 1914 siones
1323 1880 1554 1914 alienationum
1565 1881 1753 1914 huiusmodi
1768 1882 1828 1915 sub
1844 1882 1957 1925 quovis

1206 1940 1373 1978 praetextu
1406 1935 1595 1968 concedant.
1630 1935 1676 1968 Ac
1715 1935 1957 1970 commissiones

1207 1993 1237 2021 et
1253 1988 1477 2022 concessiones
1493 1988 1758 2022 commissionum
1769 1989 1956 2024 huiusmodi

1208 2048 1319 2075 eontra
1350 2043 1562 2083 voluntatem,
1586 2042 1823 2076 ordinationem
1846 2048 1878 2077 et
1900 2044 1956 2078 de-

1207 2102 1332 2130 cretum
1353 2101 1498 2130 nostrum
1524 2097 1641 2138 nullas,
1664 2097 1817 2131 invalidas
1837 2102 1868 2131 et
1886 2098 1957 2132 irri-

1207 2157 1253 2185 tas
1273 2162 1341 2185 esse
1360 2151 1566 2185 decernimus
1586 2157 1617 2185 et
1636 2152 1851 2186 declaramus.

1250 2207 1265 2250 g
1290 2206 1322 2239 2.
1349 2205 1478 2250 Sicque‚
1502 2206 1534 2239 in
1558 2206 1742 2250 praemissis
1755 2202 1906 2241 omnibus
1925 2213 1957 2242 et

1207 2260 1353 2303 singulis,
1372 2270 1430 2305 per
1444 2270 1669 2304 quoscumque
1684 2260 1808 2294 iudices
1823 2266 1854 2294 et
1869 2272 1957 2295 com-

1207 2314 1378 2355 missarios,
1386 2314 1496 2357 quavis
1507 2313 1695 2347 auctoritate
1706 2314 1874 2357 fungentes
1885 2320 1955 2357 etc„

1207 2369 1330 2401 sublata
1350 2372 1422 2408 etc„
1440 2367 1576 2401 iudicari
1598 2372 1655 2401 etc.
1677 2368 1812 2410 debere;
1828 2379 1956 2403 necnon

1207 2422 1335 2463 irritum
1351 2427 1382 2456 et
1397 2422 1492 2455 inane
1505 2421 1664 2466 quidquid
1683 2432 1775 2457 secus
1794 2433 1892 2466 super
1906 2423 1957 2457 his

1208 2487 1225 2509 a
1249 2475 1342 2509 dictis
1367 2476 1557 2517 camerario,
1584 2475 1709 2509 clericis
1735 2481 1767 2509 et
1791 2475 1861 2510 aliis
1885 2476 1956 2510 offi-

1209 2529 1344 2562 cialibus
1353 2534 1383 2563 et
1393 2529 1554 2563 iudicibus
1570 2528 1721 2574 praefatis
1734 2529 1782 2562 vel
1793 2528 1957 2573 quibusvis

1208 2582 1290 2624 aliis,
1305 2583 1414 2627 quavis
1433 2583 1633 2623 auctoritate,
1653 2583 1790 2618 scienter
1803 2584 1853 2617 vel
1867 2582 1957 2627 igno-

1209 2642 1328 2679 ranter,
1351 2637 1521 2683 contigerit
1538 2637 1697 2672 attentari.

1972 240 2022 268 An.
2039 240 2068 267 C.
2088 239 2154 268 ¹568

1996 2213 2108 2236 Decretum
2123 2214 2154 2236 lr-

1970 2245 2045 2267 tinans.
