2237 3100
274 262 324 290 An.
341 262 369 289 c.
390 261 456 290 {568
515 256 578 290 680

300 323 405 345 Ε“ῑ““ῑῦ
421 324 456 345 ⁰¹·
471 333 567 357 causa
586 332 622 354 ex
646 318 776 364 propria
805 314 1057 360 praesidentium
1078 317 1109 346 et
1136 311 1217 345 alio-

273 357 455 409 ῗηᾞῑζιῗεωιιιοῗῗ
470 387 543 410 rum
565 373 784 407 ministrorum
805 366 997 410 negligentia
1025 366 1072 398 vel
1093 364 1218 398 inscitia

273 422 324 442 (Μ
340 422 454 448 ⁸e¹¹⁸¹'³¹i⁵‘
471 432 635 472 comperta
651 452 658 465 ,
698 424 729 456 in
751 430 958 456 communem
990 419 1066 452 dicti
1091 419 1218 453 Ordinis

470 483 604 516 salutem
625 478 685 511 alia
705 476 827 509 ratione
844 473 978 514 intenti,
1000 473 1038 506 de
1063 473 1155 506 nobis
1175 478 1219 506 at-

469 536 606 569 tributae
618 530 780 577 potestatis
797 528 1010 573 plenitudine,
1033 527 1137 561 officia
1156 527 1217 560 mi-

469 589 620 622 nistratus
640 590 669 619 et
685 583 855 618 visitatoris
874 580 1032 625 generalis
1063 580 1138 614 dicti
1163 580 1219 614 Or-

468 641 550 675 dinis
564 644 721 685 perpetuo
744 636 959 679 extinguimus
987 640 1018 668 et
1038 634 1216 675 abolemus,

467 707 504 729 ac
542 694 724 728 ministrum
739 719 746 733 ‚
781 691 977 724 visitatorem
1002 694 1033 722 et
1062 688 1216 722 vicarium

467 749 649 793 generalem
675 745 818 781 eiusdem
847 743 973 778 Ordinis
1002 742 1125 782 officio,
1157 753 1217 775 usu

467 808 495 836 et
511 801 662 836 exercitio
683 799 870 833 omnimodo
896 796 1130 837 interdicimus,
1150 796 1217 829 edi-

467 862 584 900 ctoque
601 855 812 901 prohibemus
841 863 881 886 ne
901 853 987 885 ullus
1008 851 1141 895 posthac
1162 851 1219 883 mi-

468 910 591 949 nister,
617 908 756 942 vic-arius
780 918 816 940 ac
835 906 978 939 visitator
1001 904 1160 948 generalis
1179 904 1217 936 de

467 963 553 997 dicto
577 961 695 996 Ordine
715 960 882 994 habeatur.

511 1017 526 1060 ξ
550 1016 581 1050 3.
610 1016 774 1056 Ceterum,
801 1020 836 1047 ut
869 1013 1021 1057 deinceps
1052 1011 1136 1046 Ordo
1149 1011 1217 1056 ipse

270 1104 273 1106 ,
304 1071 452 1105 5“”ῑ““ῡ,”,·
468 1070 636 1103 utiliorum
658 1075 822 1103 rectorum
843 1066 977 1101 consilio
993 1071 1024 1099 et
1052 1076 1150 1110 opera
1170 1065 1218 1097 di-

268 1102 454 1160 {tzzdeffiitigffffi
469 1124 611 1167 rigatur,
634 1134 692 1156 nos
712 1123 911 1156 diversorum
929 1147 936 1161 ,
967 1120 1062 1153 etiam
1087 1119 1219 1163 praede-

268 1165 454 1217 ζ’ῑῖἶξῑῖιὼςῖζιζῖἶξ
468 1187 632 1211 cessorum
665 1182 848 1210 nostrorum
863 1202 870 1215 ,
910 1173 1128 1207 ordinationes
1169 1182 1218 1206 se.-

268 1226 622 1281 {gssss'fflffffflb‘quentes,
661 1230 826 1264 universos
850 1234 880 1262 et
904 1228 1048 1271 singulos
1085 1227 1216 1267 fratres,

468 1295 595 1318 sorores
612 1311 620 1325 ,
643 1285 803 1329 professos
823 1289 851 1317 et
870 1292 1041 1316 conversos
1058 1308 1065 1322 ,
1093 1292 1219 1315 necnon

466 1340 591 1379 domos,
614 1338 808 1372 monasteria
829 1343 859 1371 et
877 1337 948 1370 loca
959 1336 1101 1369 virorum
1113 1341 1220 1369 etmu-

468 1392 584 1426 lierum
600 1420 608 1434 ,
630 1403 667 1426 ac
688 1391 867 1430 custodias,
888 1400 1082 1434 gregemque
1113 1389 1218 1433 ipsum

468 1447 653 1481 universum
673 1446 769 1480 Tertii
790 1445 916 1480 Ordinis
940 1444 1109 1489 utriusque
1128 1455 1220 1478 sexus

468 1501 611 1545 generali
631 1506 660 1534 et
681 1499 933 1544 provincialibus
953 1498 1109 1531 ministris
1132 1497 1219 1531 Ordi—

468 1554 518 1588 nis
538 1554 673 1588 fratrum
694 1554 853 1588 Minorum
869 1553 908 1587 de
919 1551 1122 1586 Observantia
1134 1563 1218 1585 nun-

469 1613 662 1652 cupatorum
676 1636 683 1650 ,
704 1613 801 1653 prout
834 1608 866 1641 in
899 1617 1013 1641 eorum
1047 1606 1220 1651 provinciis

468 1662 664 1703 consistunt,
693 1662 734 1695 ita
765 1667 923 1706 perpetuo
944 1661 1169 1705 supponimus,
1186 1667 1221 1694 ut

467 1716 614 1750 minister
637 1717 796 1760 generalis
830 1716 863 1749 in
896 1715 1045 1749 universo
1074 1715 1192 1749 Ordine
1210 1742 1217 1755 ,

467 1769 680 1814 provinciales
710 1780 784 1803 vero
822 1769 950 1803 Ordinis
984 1769 1143 1802 Minorum
1182 1769 1220 1803 de

467 1824 674 1858 observantia
689 1824 721 1857 in
741 1824 807 1857 suis
819 1824 956 1867 quisque
973 1823 1145 1868 provinciis
1156 1824 1221 1867 ple-

468 1889 547 1912 num
568 1878 618 1911 ius
637 1878 839 1922 liberamque
860 1878 1083 1911 auctoritatem
1100 1905 1107 1919 ,
1130 1889 1168 1912 ac
1187 1878 1219 1911 in

469 1931 689 1976 spiritualibus
709 1938 739 1965 et
776 1931 1008 1976 temporalibus
1027 1931 1220 1965 iurisdictio-

471 1996 545 2020 nem
561 1985 780 2020 omnimodam
795 1986 933 2019 habeant
945 2013 952 2027 ‚
981 1986 1094 2019 domos
1109 1996 1220 2020 omnes

470 2051 507 2073 ac
527 2039 721 2073 monasteria
741 2044 772 2073 et
790 2040 862 2073 loca
878 2051 1104 2084 quaecumque
1117 2067 1125 2081 ‚
1142 2051 1219 2074 1100-

470 2104 536 2128 non
557 2104 710 2137 personas
743 2094 913 2137 utriusque
946 2105 1040 2128 sexus
1057 2121 1064 2135 ‚
1090 2100 1155 2128 tam
1188 2094 1220 2127 in

472 2147 575 2192 capite
596 2159 691 2193 quam
714 2147 746 2181 in
770 2148 925 2182 membris
948 2148 1093 2182 visitandi
1108 2154 1219 2182 etcor-

473 2201 620 2245 rigendi;
654 2208 802 2246 vagantes
835 2208 865 2236 et
889 2213 1111 2247 quoscumque
1142 2203 1221 2236 alios

472 2255 639 2299 puniendi,
663 2256 860 2297 carcerandi,
894 2256 1063 2297 mutandi,
1089 2258 1221 2290 transse-

473 2309 588 2350 rendi,
614 2310 800 2351 ordinibus,
832 2310 946 2343 officiis
970 2315 1001 2344 et
1021 2310 1221 2345 administra-

473 2362 614 2397 tionibus
647 2363 829 2408 deponendi
847 2390 855 2404 ,
895 2364 1218 2406 excommunicandi,

472 2417 686 2460 suspendendi
701 2444 708 2455 .
732 2416 943 2451 interdicendi
968 2423 999 2451 et
1019 2418 1219 2459 restituendi3

472 2476 510 2498 ac
534 2476 631 2510 super
651 2467 688 2500 iis
712 2473 743 2500 et
762 2467 876 2500 ceteris
895 2466 1046 2500 omnibus
1069 2467 1220 2501 Ordinem

473 2513 578 2556 ipsum
599 2515 749 2560 illiusque
760 2516 872 2549 domos
887 2521 918 2549 et
938 2526 1091 2560 personas
1107 2516 1221 2550 utrius-

472 2573 535 2606 que
559 2574 651 2598 sexus
670 2565 913 2609 quomodolibet
933 2565 1218 2606 concernentibus,

473 2622 587 2646 eorum
617 2619 722 2648 tamen
747 2615 888 2659 Regulae
908 2614 1091 2659 praedictae
1122 2619 1153 2647 et
1177 2625 1222 2649 sa—

472 2661 535 2695 cris
550 2662 727 2698 canonibus
746 2674 783 2698 ac
798 2664 1022 2709 praesentibus
1033 2663 1146 2699 litteris
1156 2674 1222 2699 non

1062 258 1240 283 BULLARIUM
1260 257 1411 282 ROMANUM

2024 260 2074 287 An.
2090 259 2121 287 C.
2138 257 2206 288 1568

1261 311 1440 351 contrariis,
1469 312 1639 352 statuendi,
1657 314 1813 355 mutandi,
1835 312 2008 347 innovandi

1260 370 1288 397 et
1310 365 1509 409 exequendi,
1536 367 1811 409 quemadmodum
1832 367 1893 401 illis
1913 372 1957 401 est
1975 367 2007 400 in

1260 429 1318 452 5110
1335 418 1468 463 proprio
1488 418 1605 452 Ordine
1626 419 1826 454 attributum.

1303 473 1318 515 g
1338 472 1369 505 4.
1382 472 1716 517 Praecipimusigitur‚
1726 473 1757 507 in
1769 473 2007 508 virtutesanetae
2050 485 2208 508 frairessiso-

1260 525 1474 567 obedientiae,
1492 526 1648 560 universis
1669 532 1699 560 et
1713 527 1846 571 singulis
1857 528 2008 562 fratribus
2023 518 2203 541 ‘⁰¹⁶⁸T⁹‘²³⁵⁰¹'

2024 552 2078 572 dinis
2097 552 2141 572 reci
2159 552 2204 572 iant

1260 590 1296 612 ac
1322 579 1488 613 sororibus
1503 580 1599 613 Tertii
1619 580 1922 624 Ordinispraedicti,
1939 581 2008 614 uhi·
2023 583 2045 603 ¹¹¹
2082 558 2205 609 ηνθῐξῡῐθ·

1260 633 1337 667 libet
1352 634 1531 667 constitutis
1547 660 1554 674 ‚
1576 640 1611 667 ut.
1630 635 1813 678 generalem
1835 613 2146 679 etprovin·¹<r031¹vrtffiiii‘a¹,a
2160 613 2205 635 Ob-

1261 687 1358 720 ciales
1374 687 1536 721 ministros
1551 687 1679 721 Ordinis
1700 688 1834 721 fratrum
1851 688 2009 722 Minorum

1260 741 1298 774 de
1319 741 1535 782 Observantia,
1558 747 1719 786 tamquam
1741 747 1848 787 patres
1867 748 1898 777 et
1917 753 2010 788 supe-

1260 795 1360 829 riores
1385 806 1478 835 suos,
1506 806 1684 840 eorumque
1717 797 1838 830 monita
1863 802 1893 830 et
1922 807 2010 830 man-

1260 849 1332 882 data
1352 849 1519 883 humiliter
1539 855 1566 884 et
1589 850 1699 883 devote
1720 850 1879 895 recipiant
1893 878 1900 891 ,
1924 856 1953 884 et
1975 862 2010 885 re

1262 903 1329 947 ipsa
1349 903 1526 948 adimplere
1552 909 1744 948 procurent,
1770 904 1915 948 alioquin
1935 916 2011 939 con-

1260 957 1449 991 tradictores
1484 957 1645 1002 quoslibet
1673 963 1703 991 et
1723 958 1858 992 rebelles
1882 963 2009 993 senten-

1261 1011 1322 1045 tiae
1336 1038 1343 1051 ,
1366 1022 1521 1044 censurae
1542 1018 1572 1045 et
1592 1022 1714 1056 poenae
1733 1038 1740 1052 ‚
1774 1023 1854 1055 quas
1873 1012 2011 1057 quisque

1260 1065 1405 1108 ipsorum
1422 1065 1482 1099 rite
1498 1065 1671 1099 tulerintin
1689 1065 1830 1107 eosdem,
1844 1065 1912 1110 ipso
1927 1065 2010 1101 facto

1260 1119 1410 1152 volumus
1430 1119 1609 1153 subiacere.

1305 1173 1319 1216 ἓ
1344 1173 1375 1206 5.
1402 1173 1473 1206 Pari
1498 1184 1629 1218 quoque
1648 1173 1772 1207 ratione
1792 1173 1837 1208 eis
1866 1174 2010 1208 cardina·
2061 1185 2207 1206 motatorem

1260 1227 1323 1260 lem
1348 1233 1564 1271 protectorem
1584 1228 1719 1262 fratrum
1740 1228 1778 1262 de
1807 1228 2011 1263 Observantia
2026 1217 2121 1270 ffifdem
2141 1215 2207 1237 hm*

1261 1281 1294 1313 in
1328 1286 1543 1325 protectorem
1564 1281 1760 1323 tribuimus,
1793 1282 1848 1326 qui
1882 1293 1953 1316 eam
1977 1282 2010 1318 in

1261 1335 1389 1369 eosdem
1430 1346 1541 1369 omnes
1575 1347 1686 1370 curam
1726 1342 1758 1370 et
1785 1336 2010 1371 auctoritatem

1261 1389 1419 1430 obtineat,
1442 1400 1539 1434 quam
1564 1390 1646 1424 alius
1670 1390 1806 1436 quisque
1826 1390 2010 1435 plenissime

1262 1444 1431 1487 bucusque
1456 1444 1656 1488 comperitur
1675 1445 1838 1480 babuisse.

1305 1497 1320 1541 ξ
1344 1497 1374 1531 6.
1398 1498 1579 1532 Statuentes
1595 1505 1760 1543 praetcrea
1777 1499 1876 1543 quod,
1894 1499 2011 1534 futuris
2040 1507 2075 1546 ⁸111
2091 1514 2207 1545 ooprumea-

1261 1552 1412 1585 omnibus
1436 1553 1585 1596 capitulis
1604 1553 1856 1598 provincialibus
1875 1554 2010 1588 fratrum
2025 1541 2207 1599 Ξξζῗῗζξὲξῖἶξ.

1261 1605 1357 1639 Tertii
1377 1606 1503 1640 Ordinis
1519 1606 1717 1649 huiusmodi,
1736 1619 1795 1652 pro
1811 1607 2010 1642 visitatorum
2025 1605 2111 1658 Zia?
2128 1603 2208 1626 ⁰b⁵⁰⁹

1263 1659 1508 1704 provincialium
1534 1665 1563 1693 et
1589 1660 1727 1694 aliorum
1760 1661 1942 1695 officiorum
1975 1672 2010 1696 e-

1262 1713 1399 1748 lectione
1412 1741 1420 1756 ,
1461 1714 1595 1747 fratrum
1633 1715 1786 1749 divisione
1827 1720 1859 1750 et
1889 1715 2011 1750 salubri

1263 1768 1418 1812 cuiusque
1439 1768 1620 1812 provinciae
1632 1769 1821 1811 directione,
1840 1770 1932 1804 annis
1948 1770 2011 1805 sin-

1261 1822 1344 1866 gulis
1364 1823 1577 1863 celebrandis,
1595 1829 1650 1856 autv
1668 1824 1828 1867 generalis
1855 1829 1911 1858 aut
1942 1824 2012 1858 eius

1262 1875 1502 1910 commissarius
1521 1882 1586 1918 aut,
1605 1876 1637 1910 in
1658 1877 1750 1911 cuius
1771 1878 1937 1923 provincia
1961 1889 2011 1912 ca-

1262 1931 1400 1975 pitulum
1434 1931 1563 1964 illorum
1589 1931 1778 1975 habebitur,
1809 1932 2012 1977 provincialis

1262 1985 1406 2018 minister
1425 1984 1552 2018 Ordinis
1571 1984 1729 2019 Minorum
1750 1986 1789 2020 de
1809 1986 2011 2021 Observantia

1262 2039 1448 2074 huiusmodi
1468 2050 1595 2084 semper
1614 2040 1809 2084 praesideat3
1832 2040 1924 2075 aliter
1937 2052 2013 2076 vero

1262 2094 1423 2127 celebrata
1435 2119 1443 2134 ,
1463 2104 1500 2127 ac
1520 2095 1629 2128 onmia
1646 2094 1678 2128 in
1698 2094 1743 2128 eis
1758 2095 1887 2129 decreta
1902 2105 1961 2139 pro
1971 2095 2013 2129 ir-

1263 2148 1331 2181 ritis
1354 2148 1546 2182 habeantur.

1305 2203 1320 2247 ἓ
1344 2203 1375 2236 7.
1398 2203 1432 2236 10
1454 2202 1531 2247 ipsis
1546 2208 1653 2236 autem
1670 2202 1819 2247 capitulis
1832 2202 2012 2247 provincia·
2043 2247 2046 2250 1
2062 2213 2143 2251 sieque
2159 2219 2209 2242 pro-

1263 2256 1347 2289 libus
1365 2256 1565 2290 visitatorum
1585 2256 1833 2301 provincialium
1849 2256 1963 2290 electio
1973 2257 2013 2291 de
2028 2246 2212 2305 ζζῖωἷὲζῖῗπῗέἷ

1263 2309 1385 2343 idoneis
1405 2310 1558 2343 fratribus
1572 2310 1668 2344 Tertii
1689 2309 1815 2344 Ordinis
1826 2309 2013 2344 huiusmodi
2029 2312 2057 2330 ²⁸·

1263 2375 1320 2408 pcr
1340 2369 1463 2398 secreta
1491 2364 1660 2408 suffragia,
1678 2370 1708 2398 et
1728 2364 1805 2398 alias
1824 2374 1862 2397 eo
1890 2364 1987 2398 modo
2002 2391 2010 2406 ‚

1262 2429 1327 2462 quo
1352 2418 1391 2451 de
1410 2419 1546 2451 fratrum
1570 2418 1729 2452 Minorum
1750 2418 1789 2452 de
1809 2417 2014 2452 observantia

1263 2467 1514 2512 provincialibus
1539 2468 1732 2509 celebretur,
1759 2466 1932 2507 celebrata,
1956 2477 2014 2511 per

1264 2516 1446 2550 ministrum
1480 2518 1663 2560 generalem
1702 2515 1901 2561 praedictum
1939 2521 2013 2550 ante

1264 2566 1372 2600 onmia
1392 2565 1615 2599 confirmetur.

1307 2616 1322 2659 ἓ
1342 2615 1372 2649 8.
1395 2616 1480 2649 Haec
1500 2626 1574 2649 vero
1589 2615 1692 2649 officia
1708 2614 1835 2648 annalia
1849 2614 2014 2648 dumtaxat
2052 2621 2128 2643 Eorum
2140 2621 2208 2643 officia

1263 2674 1331 2698 esse
1343 2691 1352 2704 ,
1384 2669 1414 2698 et
1433 2664 1466 2698 in
1485 2664 1619 2709 singulis
1638 2663 1786 2709 capitulis
1805 2663 2011 2710 provinciali·
2026 2656 2126 2708 ξξζξωω
2166 2652 2206 2675 ‘¹¹¹'
