2237 3100
175 262 223 286 An.
243 260 271 286 C.
294 259 358 286 1505

189 2296 245 2312 tenet

376 323 484 355 quam,
495 310 604 354 quavis
620 308 819 343 auctoritate,
830 306 966 338 scienter
977 306 1022 337 vel
1040 304 1126 346 igno

375 370 493 403 ranter,
510 363 677 405 eontigerit
699 360 858 393 attentari.

417 419 431 461 ξ
451 418 482 450 lt.
514 417 697 450 Mandantes
716 419 887 458 propterea
907 410 1030 444 dilectis
1054 410 1128 443 filiis

201 475 229 495 Μ·
245 476 358 509 ἨΝΝΠῙ
375 470 551 503 camerario
572 474 599 502 et
622 467 822 501 thesaurario
841 463 984 508 generali
1002 463 1128 502 nostris,

190 514 198 526 ³
229 544 259 556 lt]
272 512 357 556 ...simui
376 535 501 557 necnon
513 520 789 556 elericiseiustlem
802 518 944 551 Camerze
957 517 1129 561 prawsiden-

331 572 350 585 '⁰
377 578 471 617 tibus,
489 577 589 621 ipsius
610 575 763 608 Gamerae
782 571 915 606 notariis
936 570 1126 614 ceterisque,

375 632 412 664 1111
428 641 509 673 quos
525 634 657 673 spectat,
674 638 730 660 seu
747 627 777 659 in
799 627 943 659 futurum
960 624 1127 668 spectabit,

376 689 468 727 prout
498 683 584 726 ipsos
617 686 648 714 et
684 688 953 722 unumquemque
984 678 1128 721 ipsorum

376 736 484 778 tangit.
506 740 533 768 et
557 735 588 767 in
610 734 755 766 futurum
776 737 895 775 tanget,
910 731 969 764 sub
985 730 1131 763 censuris

375 787 600 821 ecelesiasticis
620 793 650 820 et
670 786 810 819 duorum
836 783 974 817 millium
996 783 1129 816 ducato-

376 854 446 875 rum
467 842 537 874 auri
564 841 667 874 eidem
691 840 843 873 Gamerae
873 838 1128 877 inserendorum,

375 891 509 933 aliisque
530 890 629 923 nostri
659 888 782 922 arbitrii
804 886 929 932 poenis,
951 886 998 919 1111
1018 887 1130 919 deere-

377 951 442 977 tnm
478 949 624 977 nostrum
656 941 844 975 huiusmodi
876 952 913 974 ac
947 945 1132 984 praesentes

377 1003 500 1029 nostras
530 1002 560 1029 et
580 996 611 1028 in
628 995 673 1028 eis
689 1000 839 1028 contenta
855 1002 1084 1037 quaecumque
1099 992 1131 1024 in

376 1051 486 1083 eadem
508 1050 641 1083 Camera
663 1047 818 1092 recipiant
841 1052 867 1079 et
896 1046 1074 1085 admittant,
1095 1057 1131 1079 ac

376 1104 406 1136 iu
438 1103 528 1135 libris
553 1102 697 1135 eiusdem
725 1101 877 1134 Gamerae
902 1100 1065 1143 registrari
1087 1100 1132 1133 sa-

376 1157 506 1195 rientes‚
527 1156 660 1189 omnino
681 1160 881 1198 exequamur
900 1159 931 1186 et
950 1153 1130 1194 observem,

377 1210 557 1253 faciantque
569 1209 609 1242 ab
625 1208 695 1241 aliis
710 1207 936 1241 inviolabiliter
957 1206 1129 1240 observari.

422 1263 486 1303 ξῦ.
524 1262 592 1295 Non
618 1261 819 1294 obstantibus
851 1260 932 1293 dieta
963 1260 1133 1293 novissima

225 1330 227 1340 ¹
268 1328 295 1369 ¹2*
315 1326 362 1340 sm*
379 1315 607 1348 rel'ormatione
626 1320 734 1347 nostra
755 1324 790 1345 ar
813 1323 911 1356 super
931 1312 982 1345 illa
1004 1324 1020 1345 a
1041 1313 1134 1345 nobis

191 1360 194 1371 .
249 1360 251 1371 .
274 1359 277 1368 .

379 1368 471 1400 editis
504 1367 639 1411 plumbo
660 1366 781 1403 literis,
817 1365 935 1409 quibus
968 1366 1132 1405 omnibus,

379 1421 473 1454 etiam
486 1421 583 1463 si,pro
593 1420 722 1452 illorum
735 1418 906 1452 ις111110101111
916 1419 1134 1461 derogatisuie,

379 1475 417 1507 ‹le
440 1475 501 1507 illis·
512 1484 692 1516 eorumque
705 1472 779 1505 totis
794 1472 960 1505 tenoribus
977 1472 1134 1516 specialis,

380 1528 531 1572 speeitlra
556 1533 582 1559 et
613 1537 761 1571 expressa
788 1531 816 1558 et
845 1525 1009 1558 individua
1036 1536 1071 1558 atr
1097 1526 1135 1558 de

380 1581 476 1613 rerbo
496 1581 534 1613 {ul
556 1581 700 1617 terbum,
714 1590 778 1612 non
799 1585 905 1612 autem
933 1590 990 1622 per
1010 1579 1136 1612 clausu-

383 1637 426 1667 las
438 1635 605 1677 generales
617 1633 700 1666 idem
718 1633 760 1665 im
767 1639 939 1676 portantes,
951 1632 1071 1665 mentio
1083 1637 1135 1665 aut

382 1689 488 1732 aliqua
507 1688 567 1720 alia
585 1687 741 1730 exquisita
756 1686 857 1719 forma
883 1692 1005 1719 servata
1033 1686 1113 1719 foret
1129 1714 1136 1727 ,

383 1747 511 1774 tenores
530 1740 730 1776 huiusmodi,
753 1751 788 1773 ae
807 1740 830 1772 si
853 1740 890 1772 de
907 1740 1004 1772 verbo
1020 1740 1058 1772 ad
1070 1751 1139 1773 ver-

383 1795 474 1835 bum,
497 1794 575 1826 nihil
605 1793 731 1837 penitus
758 1792 887 1832 omisso,
921 1797 948 1825 et
984 1792 1085 1825 forma
1107 1793 1137 1825 in

383 1847 446 1879 illis
480 1847 593 1879 tradita
623 1846 838 1886 observanda,
875 1845 984 1878 inserti
1021 1848 1137 1886 l'orent,

385 1899 607 1943 praesentibus
627 1911 684 1943 pro
706 1898 864 1943 expressis
884 1899 1049 1939 habentes,
1077 1899 1139 1932 illis

383 1954 460 1986 alias
482 1954 512 1986 111
533 1964 590 1987 suo
609 1953 724 1987 robore
742 1953 975 1996 permansuris,
994 1953 1052 1985 bae
1072 1953 1139 1985 viee

384 2007 557 2046 dumtaxat,
579 2007 694 2039 barum
725 2006 805 2039 serie
826 2005 1009 2049 specialiter
1032 2012 1060 2038 et
1087 2017 1139 2038 ex-

385 2071 492 2104 presse
526 2061 735 2103 derogamus,
758 2060 936 2102 ceterisque
972 2060 1141 2092 contrariis

385 2113 659 2156 quibuscumque.

431 2166 490 2208 §a
516 2166 709 2199 Earunnlem
738 2166 955 2210 praesentium
983 2166 1083 2198 solani
1105 2166 1142 2198 si-

230 2239 239 2250 u
284 2236 303 2248 .·
333 2234 371 2247 ·³·-
386 2226 555 2260 enaturam
577 2220 736 2260 sufficere,
760 2224 787 2251 el
810 2219 942 2262 ubique,
967 2219 997 2250 111
1024 2218 1141 2252 iudicio

299 2267 302 2278 ι
363 2266 370 2277 1

387 2279 416 2305 01
428 2279 525 2310 extra,
537 2273 567 2306 in
583 2273 726 2306 Romana
742 2273 838 2305 Curia
854 2278 883 2304 et
899 2278 996 2312 extra,
1014 2273 1141 2315 plenam

389 2326 482 2359 tidem
506 2326 632 2363 saciant,
657 2326 776 2369 absque
798 2325 904 2368 aliqua
925 2325 1142 2367 registratura,

388 2380 479 2411 «latae
505 2380 729 2423 appositione,
753 2379 862 2420 regula
894 2379 1053 2411 contraria
1078 2390 1142 2411 uon

390 2428 546 2462 ‹ubstanlez
561 2440 628 2468 seu,
643 2429 665 2460 si
685 2428 854 2467 videbitur,
877 2428 1016 2470 desuper
1036 2428 1144 2460 literas

389 2477 482 2509 eliam
506 2487 562 2520 per
582 2477 674 2509 breve
697 2483 853 2513 nostruin,
872 2476 965 2508 eliani
984 2488 1056 2508 runi
1074 2487 1142 2508 oin-

391 2526 478 2558 nium
501 2532 528 2558 et
551 2525 750 2569 singulorum
783 2525 1033 2568 praemissorum
1065 2525 1143 2557 alio-

391 2585 528 2617 rumque
557 2575 812 2607 uecessariorum
843 2574 1081 2617 specificatione
1116 2580 1141 2605 et

391 2623 606 2667 expressione,
620 2634 655 2656 ae
672 2623 906 2666 scripturarum
923 2622 1138 2665 quarumlibet

975 249 1155 276 BULLA'RIUM
1175 248 1327 273 ROMANL'M

1170 301 1362 340 adverbum,
1375 300 1400 332 si
1417 298 1586 339 videbitur,
1598 298 1770 332 insertione
1788 297 1922 340 aliisque

1171 354 1346 393 clausulis,
1370 352 1475 385 verbis
1503 357 1534 385 et
1569 351 1702 385 cautelis
1735 349 1924 384 necessariis

1171 414 1199 440 et
1221 406 1426 451 opportunis,
1448 405 1528 438 adeo
1548 405 1634 448 quod
1652 405 1812 438 contraria
1828 414 1924 447 quae-

1172 470 1313 503 cumque
1334 469 1467 503 prorsus
1486 458 1690 497 tollantt11·,et
1709 468 1773 490 non
1794 457 1923 490 obstan-

1172 513 1268 549 tibus,
1281 512 1376 545 etiam
1389 511 1449 544 sub
1464 510 1515 543 die
1530 510 1682 552 vigesima
1702 509 1821 542 mensis
1838 508 1924 549 maii,

1172 576 1255 598 anno
1276 577 1293 598 a
1314 564 1474 597 nativitate
1494 563 1619 596 Domini
1641 563 1812 596 millesimo
1833 563 1926 606 quin-

1171 618 1348 661 gentesimo
1369 617 1565 660 sexagesimo
1585 616 1708 659 quinto,
1722 616 1927 661 pontificatus

1173 672 1272 704 nostri
1288 682 1372 704 anno
1382 681 1425 711 w,
1436 671 1482 703 vel
1501 670 1561 703 alia
1577 670 1659 710 data,
1676 669 1818 712 expediri
1836 679 1926 712 posse

1173 726 1394 758 decernentes.

1330 778 1449 819 Placet,
1473 782 1563 810 motu
1584 777 1728 821 proprio.
1751 776 1774 808 l.

1234 836 1357 866 [11111110
1376 836 1415 866 ΞΟ
1431 836 1498 865 maii
1520 835 1606 871 1565,
1624 834 1726 874 pontis.
1743 842 1820 863 anno
1840 843 1876 862 vu.

1497 979 1600 1013 CXIII.

1176 1058 1220 1090 De
1239 1057 1441 1099 subroflamlo
1452 1057 1556 1089 ‹imle‘ce
1572 1056 1605 1088 in
1624 1056 1726 1088 locum
1738 1055 1931 1088 collateralis

1219 1111 1377 1143 senatoris
1400 1110 1494 1142 Urbis
1514 1110 1654 1142 absentis
1674 1110 1721 1142 vel
1741 1109 1905 1152 infithii.

1288 1191 1350 1219 Pius
1369 1190 1439 1226 Papa
1458 1190 1500 1223 lv,
1521 1191 1599 1218 motu
1617 1190 1739 1226 proprio.
1758 1191 1814 1219 ete.

1221 1263 1282 1305 gl.
1315 1262 1414 1301 (lum,
1442 1262 1521 1294 sieut
1544 1261 1751 1304 accepimus,
1774 1261 1858 1294 inter
1877 1271 1930 1294 ce-

1177 1321 1261 1348 teros
1281 1314 1394 1347 Curiae
1411 1314 1608 1358 Capitolinae
1629 1315 1732 1347 almae
1752 1314 1847 1347 Urbis
1872 1324 1930 1347 no-

1177 1374 1258 1401 strae
1280 1368 1414 1405 110110ος,
1432 1367 1496 1399 (luo
1508 1366 1665 1407 videlieet,
1688 1367 1812 1411 primus
1831 1372 1862 1400 et
1881 1377 1931 1400 se-

1178 1422 1304 1455 cundus
1334 1421 1490 1454 senatoris
1515 1420 1715 1453 collaterales
1738 1421 1931 1464 nuncupati,

1178 1475 1231 1518 qui
1257 1486 1273 1507 a
1294 1475 1439 1507 Romano
1460 1474 1614 1507 Pontifice
1635 1484 1694 1518 pro
1705 1479 1850 1519 tempore
1870 1474 1933 1508 exi-

1178 1534 1278 1562 stente
1299 1529 1495 1572 deputantur
1509 1556 1516 1568 ,
1539 1527 1859 1572 iurisdictionemque
1884 1539 1933 1562 se-

1178 1587 1321 1625 paratam
1338 1581 1469 1620 babent,
1484 1580 1615 1613 existant
1630 1593 1636 1617 2
1655 1586 1685 1613 et
1699 1591 1934 1625 saepenumero

1179 1635 1301 1668 aecidat
1330 1635 1429 1679 quod,
1457 1635 1498 1667 ob
1524 1634 1668 1678 ipsorum
1699 1635 1934 1668 collateralium

1180 1688 1399 1721 infirmitatem
1425 1699 1480 1721 seu
1504 1698 1521 1720 a
1542 1688 1685 1721 Romana
1704 1688 1801 1721 Curia
1821 1688 1934 1722 absen-

1179 1743 1268 1781 tiam,
1287 1752 1400 1775 eorum
1421 1741 1595 1774 tribunalia
1615 1747 1785 1785 partesque
1806 1741 1884 1775 1111111
1897 1743 1935 1775 11-

1181 1797 1316 1838 tigantes
1351 1795 1505 1828 damnum
1529 1805 1593 1827 11011
1623 1794 1789 1828 modicum
1820 1805 1857 1829 ae
1886 1806 1937 1829 ex-

1181 1859 1297 1892 pensas
1317 1848 1495 1891 patiuntur.

1227 1902 1241 1945 §
1265 1901 1295 1934 -2.
1324 1901 1387 1934 Nos
1417 1901 1526 1944 igitur,
1553 1901 1751 1944 praemissis,
1779 1907 1936 1944 quantum

1183 1966 1366 1998 possumus,
1395 1955 1561 1998 providere
1593 1954 1746 1996 volentes,
1775 1960 1864 1988 motu
1894 1955 1937 1987 si-

1184 2008 1264 2048 mili,
1286 2014 1313 2040 01
1336 2019 1372 2041 ex
1388 2012 1475 2041 certa
1495 2013 1604 2040 nostra
1625 2007 1769 2048 seientia,
1787 2008 1874 2052 quod
1898 2008 1938 2041 de

1184 2067 1290 2094 cetero
1303 2062 1341 2094 de
1358 2071 1517 2094 consensu
1533 2061 1702 2101 senatoris,
1715 2061 1824 2104 aliquo
1839 2072 1876 2095 ex
1891 2061 1939 2094 di—

1184 2114 1241 2147 ctis
1262 2113 1501 2147 collateralibus
1522 2113 1662 2154 1111111110,
1685 2124 1741 2147 seu
1762 2124 1780 2146 a
1794 2113 1938 2147 Romana

1184 2166 1278 2200 Curia
1304 2167 1432 2199 absente
1458 2166 1621 2207 existente,
1647 2167 1727 2200 alter
1749 2167 1938 2205 eorumdem

1185 2220 1417 2254 collateralium
1439 2231 1603 2263 praesens,
1630 2228 1661 2255 et
1680 2231 1745 2254 non
1775 2220 1939 2260 infirmus,

1186 2284 1241 2306 seu
1261 2273 1484 2306 loeumtenens
1511 2273 1573 2306 sive
1600 2273 1694 2306 iudex
1721 2273 1939 2306 criminalium

1186 2327 1328 2360 eiusdem
1351 2326 1506 2359 senatoris
1532 2338 1589 2370 pro
1615 2333 1760 2371 tempore
1784 2326 1937 2366 existens,

1186 2391 1256 2413 eam
1299 2386 1325 2413 et
1362 2381 1457 2413 talem
1487 2381 1614 2424 qualem
1649 2380 1716 2423 ipse
1749 2380 1941 2413 collateralis

1187 2434 1310 2462 exercet
1341 2435 1382 2469 01,
1411 2429 1435 2461 si
1461 2439 1612 2472 praesens
1632 2434 1724 2469 esset,
1757 2434 1938 2468 exerceret,

1188 2478 1339 2510 iustitiam
1368 2488 1535 2510 exercere:
1567 2489 1604 2510 ac
1629 2477 1729 2521 ipsius
1748 2477 1941 2510 collateralis

1188 2527 1307 2559 intirmi
1324 2527 1370 2559 vel
1392 2525 1531 2559 absentis
1550 2526 1659 2559 locum
1680 2531 1707 2558 et
1729 2526 1801 2558 1000
1820 2526 1869 2558 sui
1890 2536 1940 2558 se-

1187 2576 1273 2607 11010.
1291 2575 1422 2608 Necnon
1447 2585 1681 2618 quascumque,
1705 2574 1799 2607 etiam
1820 2574 1940 2607 diffini-

1226 2635 1233 2660 l
1257 2633 1295 2659 Ex
1313 2633 1420 2668 aegest.
1439 2633 1463 2659 in
1482 2632 1590 2659 Archiv.
1617 2631 1696 2660 Vatic.

1938 239 1987 266 An.
2009 238 2037 265 C.
2053 237 2122 265 ¹565

1987 1272 2016 1292 Ab
2035 1271 2132 1292 absentia

1947 1303 1980 1324 vet
2010 1303 2131 1323 infirmitate

1947 1334 2069 1355 alterutrius
2085 1333 2132 1354 col-

1947 1365 2042 1385 lateralis
2061 1367 2132 1391 partes

1947 1396 2055 1421 litigantes
2073 1395 2132 1415 dam-

1947 1433 1996 1447 num
2024 1425 2132 1453 patieban-

1948 1461 1989 1478 Ιιιι.

1979 1911 2001 1932 111
2026 1911 2061 1931 tali
2087 1906 2136 1932 casii

1953 1943 2030 1963 sedere
2067 1945 2136 1968 potest

1953 1974 2069 1994 locumten.
2101 1979 2139 1993 seu

1952 2005 2013 2024 iudex
2043 2004 2139 2025 crimina-

1952 2036 2001 2056 lium
2033 2038 2139 2056 senatori:

1952 2067 1986 2087 vel
2007 2066 2061 2086 aner
2077 2066 2140 2087 celln-

1954 2096 2059 2118 letalium.
