2237 3100
33 253 83 281 An.
103 254 132 282 C.
152 252 218 282 {1562

51 1466 166 1492 Collegium
185 1472 208 1487 e-

25 1498 125 1524 xequitur
165 1498 209 1524 pias

28 1529 161 1555 disposition.
178 1532 210 1549 te-

27 1563 130 1581 statorum
156 1559 210 1581 intra

27 1597 103 1612 annum
114 1597 154 1612 uon
162 1597 210 1612 exe-

28 1626 96 1648 cutam

907 249 976 275 PIUS
1000 251 1031 275 1v
1055 251 1102 275 PP.

1004 307 1006 322 '³
1028 304 1136 336 clausa
1155 302 1274 347 aperiri
1291 301 1396 335 facere
1416 306 1446 335 et
1465 306 1655 334 testatorum
1671 302 1783 334 volun-

277 305 396 345 Placet,
419 303 605 348 publicetur
629 308 659 337 et
681 303 891 337 describatur.
915 305 937 336 Ι.

276 358 413 391 Affixum
429 363 457 391 et
476 358 675 400 publicatum
692 357 751 389 suit
762 357 983 401 supradictum

232 412 419 444 mandatum
440 411 561 444 Romae
582 412 614 444 in
635 411 833 444 Cancellaria
853 413 985 455 Aposto-

230 466 291 498 lica
311 475 395 497 anno
420 465 653 497 lucarnationis
677 465 857 497 dominicae
879 465 983 498 mille-

230 520 312 552 simo
340 519 599 563 quingentesimo
627 519 981 562 sexagesimosecundo,

229 573 280 605 die
299 582 374 605 vero
395 572 529 615 septima
551 572 669 605 mensis
689 573 882 611 novembris,
906 584 984 616 pon-

229 626 369 659 tificatus
404 626 536 669 praefati
567 625 759 658 sanctissimi
781 626 903 659 domini
924 638 982 660 no-

230 680 285 713 stri
306 680 409 723 Papae
430 690 514 713 anno
535 689 580 712 111.

272 737 344 768 Pub.
369 737 415 767 dic
441 738 455 766 7
479 747 545 767 nov,
571 737 656 771 1509,
681 737 781 778 pontis.
799 748 875 768 auno
895 748 934 769 111.

529 906 682 939 LXXVIII.

225 981 257 1013 F
255 980 379 1013 acultas
417 982 541 1024 cotleqz'z'
577 983 803 1025 deputatorum
840 981 983 1023 fabricae

268 1033 385 1067 Sancti
408 1035 501 1068 Petri
520 1035 557 1067 de
580 1035 660 1067 Urbe
678 1035 821 1078 committi,
838 1046 896 1077 pro
914 1045 982 1067 ere-

270 1088 396 1120 cutz'one
412 1088 544 1131 pionem
563 1089 752 1131 lequtorum,
774 1097 982 1131 quoscumque

268 1143 414 1174 notarios
430 1142 472 1174 ad
491 1143 520 1174 ei
541 1142 734 1175 tradendum
749 1142 914 1184 exemplar
932 1143 981 1174 in-

267 1198 535 1234 strtmzentorum,
549 1199 758 1238 poscanmtm
777 1206 797 1227 a
812 1195 864 1228 die
879 1196 982 1228 obitus

272 1248 448 1291 testatoris,
469 1248 573 1281 soluta
593 1249 637 1281 eis
657 1248 764 1281 dehita
784 1249 934 1282 mercede.

328 1318 392 1357 rius
409 1328 481 1364 Papa
499 1328 548 1361 lv.
569 1329 646 1357 motu
669 1328 797 1364 proprio,
823 1329 878 1357 etc.

268 1400 333 1434 Etsi
359 1411 418 1445 per
437 1400 579 1434 diversos
605 1400 767 1434 Romanos
792 1401 979 1442 Pontifices,

224 1454 493 1498 praedecessores
518 1459 661 1494 nostros,
694 1459 724 1488 et
752 1465 812 1487 nos
838 1455 980 1489 diversae

225 1508 404 1548 facultates,
441 1508 606 1552 privilegia
640 1512 670 1541 et
699 1508 823 1541 indulta
856 1508 980 1542 dilectis

227 1561 302 1594 tiliis
332 1562 469 1605 collegio
489 1563 718 1606 deputatorum
740 1562 880 1596 fabricae
894 1562 979 1596 basi-

224 1615 305 1649 licae
325 1615 483 1659 Principis
502 1616 732 1660 Apostolorum
752 1616 790 1649 de
811 1616 907 1657 Urbe⁷
930 1628 980 1649 su-

225 1680 283 1714 per
302 1670 491 1703 executione
511 1674 778 1703 testamentorum
799 1674 830 1703 et
858 1671 979 1713 legato-

225 1734 298 1757 rum
326 1724 365 1756 ad
400 1724 469 1768 pias
497 1734 609 1757 causas
630 1723 803 1765 factorum,
827 1734 979 1757 concessa

225 1777 362 1818 fuerint,
384 1777 468 1811 inter
487 1777 626 1821 aliaque,
649 1783 684 1810 ut
706 1776 833 1820 plenius
852 1777 912 1822 piis
933 1783 979 1811 te-

225 1831 378 1864 stantium
399 1831 616 1864 voluntatibus
637 1830 818 1871 satisfieret,
843 1831 979 1874 collegio

225 1885 380 1928 praefato,
400 1891 430 1918 et
450 1896 509 1929 per
529 1896 602 1918 eum
625 1884 856 1918 commissaliis
876 1885 978 1929 depu-

224 1939 346 1979 tandis,
369 1944 405 1972 ut
437 1939 475 1979 si,
498 1939 581 1972 infra
614 1949 736 1971 annum
757 1949 774 1971 a
795 1938 844 1972 die
875 1939 980 1972 obitus

225 1997 426 2034 testatorum,
445 2003 558 2026 eorum
580 1996 770 2025 testamenta
791 2003 849 2036 per
869 1993 980 2026 haere-

223 2046 278 2079 des
298 2047 345 2079 vel
367 2046 458 2086 alios,
480 2046 519 2079 ad
541 2057 622 2090 quos
643 2051 813 2089 spectaret,
836 2046 979 2090 plenarie

223 2099 404 2133 executioni
425 2099 617 2133 demandata
633 2110 697 2132 non
716 2100 833 2139 forent,
847 2100 905 2143 ipsi
926 2100 980 2133 illa

223 2153 348 2186 debitae
383 2153 563 2187 executioni
598 2153 794 2187 demandare
814 2154 977 2195 facerent,

224 2207 384 2240 indultum
402 2206 509 2239 suerit.

268 2261 283 2304 ξ
304 2261 333 2293 t.
357 2261 455 2293 Multa
474 2266 581 2293 tamen
598 2265 800 2301 testamenta,
814 2261 846 2294 in
862 2261 980 2305 quibus

64 2329 104 2349 sm
145 2329 207 2349 mnan
223 2314 345 2347 diversa
379 2315 482 2357 legata
512 2319 542 2346 et
571 2314 680 2347 relicta
707 2315 746 2347 ad
780 2314 847 2359 pias
868 2326 980 2349 causas

25 2363 153 2382 {esti-intenta
164 2368 207 2387 qua·

26 2391 98 2412 clausa
121 2393 207 2412 notariis

27 2423 109 2447 ἀνῆψ’,
127 2429 167 2442 ¹¹⁰¹¹
184 2429 207 2443 θ’
223 2421 300 2453 dum
316 2420 463 2453 vixerunt
483 2420 578 2463 (sicut
598 2420 629 2453 in
651 2432 751 2463 regno
769 2421 979 2466 Neapolitano

26 2456 209 2535 {Zail'ssitmaw
225 2484 283 2518 per
304 2474 423 2507 multos
435 2474 505 2507 fieri
518 2474 623 2516 solet),
639 2474 748 2507 clausa
760 2475 893 2508 notariis
905 2487 980 2509 con-

41 2521 70 2535 ar!
92 2521 133 2536 110ss
163 2523 210 2543 [105-

29 2549 85 2572 sunt3

223 2367 441 2410 reperiuntur,
462 2378 498 2400 ex
529 2378 567 2400 eo
596 2367 683 2410 quod
716 2372 883 2402 testatores
903 2369 977 2409 illa,

224 2527 411 2570 signarunt,
438 2533 469 2560 et
493 2528 649 2561 haeredes
673 2528 711 2560 ab
738 2528 884 2562 intestato
906 2540 979 2563 suc-

224 2581 390 2623 cedentes,
431 2581 604 2624 omniaque
630 2581 714 2614 bona
752 2582 979 2616 defunctorum

225 2635 424 2679 possidentes
438 2661 445 2675 ‚
467 2645 532 2668 non
553 2639 668 2668 curant
697 2641 886 2670 testamenta
912 2637 980 2682 ipsa

304 2688 379 2719 Bull.
399 2688 476 2718 Rom.
500 2688 554 2719 Vol.
581 2688 638 2719 VII.
821 2689 854 2720 31

1672 238 1731 272 241
1803 246 1855 274 An.
1877 247 1905 274 c.
1920 247 1985 275 1562

1026 362 1106 390 tates
1126 356 1316 400 adimplere,
1339 355 1371 388 in
1391 366 1484 398 grave
1502 355 1684 387 animarum
1711 366 1782 388 sua-

1027 422 1098 443 rum
1115 409 1310 455 periculum,
1329 414 1360 442 et
1375 414 1437 441 tam
1455 408 1637 452 praedictae
1652 408 1781 441 fabrica]

1027 474 1123 507 quam
1145 463 1281 496 aliorum
1304 462 1431 506 piorum
1453 462 1599 495 locorum
1620 472 1657 494 ac
1679 461 1781 504 pluri-

1027 526 1153 549 morum
1167 526 1349 560 pauperum
1366 515 1608 554 detrimentum,
1624 519 1654 547 et
1671 519 1780 547 contra

1027 575 1213 602 testatorum
1239 569 1423 602 huiusmodi
1450 568 1680 607 intentionem,
1703 568 1780 600 liac-

1026 629 1139 662 tenus,
1168 623 1250 655 sicut
1283 622 1488 666 accclumus,
1516 621 1696 655 executioni
1725 621 1780 653 de-

1027 677 1175 709 mandata
1194 687 1259 709 non
1281 677 1422 709 suerunt.

1070 731 1084 773 ξ
1109 729 1139 761 2.
1168 730 1250 770 Nos,
1279 729 1439 770 fabricae,
1468 729 1595 773 piorum
1631 730 1778 762 locorum
1823 745 1985 767 11„.5,1e.,1›.„.‚

1026 794 1273 827 pauperumque
1294 783 1508 823 subventioni,
1525 784 1725 816 voluntatum
1738 789 1781 816 te-
1796 775 1845 797 ¹³¹⁰*
1857 777 1888 796 ‘¹³¹¹
1906 776 1975 796 ⁰⁰¹¹*

1809 809 1827 828 io
1857 808 1978 828 facultatem

1026 841 1181 870 statorum
1200 838 1409 881 implemento
1430 848 1466 869 ac
1487 837 1581 869 saluti
1597 837 1779 870 animarum
1795 814 1882 889 {3¹³¹ngssst
1904 839 1924 859 ¹⁷¹
1942 846 1979 859 Μ’

1025 891 1203 924 haeredum
1222 890 1420 931 huiusmodi,
1440 896 1597 934 quantum
1620 901 1694 923 cum
1715 891 1779 923 Deo
1809 877 1818 890 r
1855 887 1873 895 ”

1025 955 1210 988 possumus,
1234 944 1403 977 consulere
1423 944 1577 984 volentes,
1601 949 1691 977 motu
1706 955 1780 988 pro-

1025 997 1106 1041 prio,
1120 1008 1154 1030 ac
1166 1008 1203 1030 ex
1223 1003 1308 1030 certa
1329 997 1471 1036 scientia,
1492 1002 1521 1029 et
1543 998 1581 1030 dc
1596 998 1780 1041 apostolicae

1024 1050 1189 1094 potestatis
1214 1050 1426 1094 plenitudine,
1449 1050 1620 1094 praedictis
1645 1051 1780 1094 collegio

1025 1110 1055 1137 et
1071 1104 1141 1137 eius
1162 1103 1402 1144 commissariis,
1423 1108 1470 1144 ut,
1484 1103 1544 1136 suh
1556 1104 1779 1137 excommuni-

1025 1157 1159 1191 cationis
1170 1158 1242 1191 latae
1255 1157 1431 1197 sententiae,
1442 1168 1478 1190 ac
1490 1157 1561 1190 aliis
1569 1157 1683 1201 poenis,
1694 1157 1780 1191 iuxta

1024 1211 1162 1244 formam
1182 1211 1392 1252 facultatum,
1414 1211 1657 1256 privilegiorum
1680 1216 1709 1244 et
1734 1211 1780 1245 in-

1024 1265 1189 1298 dultorum
1214 1265 1468 1308 praedictorum,
1492 1275 1604 1297 omnes
1624 1270 1654 1298 et
1673 1264 1781 1309 singu-

1024 1319 1071 1352 los
1095 1318 1256 1358 notarios,
1283 1329 1382 1362 penes
1410 1329 1492 1363 quos
1520 1318 1709 1352 huiusmodi
1733 1324 1780 1352 te-

1024 1376 1180 1405 stamenta
1206 1372 1330 1412 clausa,
1351 1377 1387 1406 ut
1411 1372 1611 1417 praefertur,
1633 1373 1681 1405 vel
1702 1372 1781 1405 alias

1023 1426 1234 1470 reperiuntur
1257 1427 1306 1459 vel
1331 1426 1363 1459 in
1389 1427 1535 1459 futurum
1562 1426 1778 1470 reperientur,

1024 1484 1095 1524 post
1115 1490 1236 1513 annum
1262 1491 1279 1512 a
1304 1479 1356 1513 die
1381 1480 1487 1513 obitus
1509 1484 1718 1520 testatorum,
1741 1480 1780 1512 ad

1023 1534 1077 1566 illa
1096 1533 1270 1577 aperienda
1290 1539 1320 1567 et
1340 1533 1417 1576 ipsis
1434 1533 1664 1566 commissariis
1676 1539 1780 1566 osten-

1023 1587 1146 1627 denda,
1183 1588 1353 1631 solutaque
1390 1587 1468 1631 ipsis
1505 1587 1638 1620 notariis
1675 1587 1780 1621 debita

1024 1642 1185 1688 mercede,
1198 1642 1282 1674 iuxta
1296 1642 1431 1674 formam
1446 1641 1686 1685 privilegiorum
1699 1653 1780 1686 prae-

1023 1695 1204 1736 dictorum,
1228 1696 1266 1728 ad
1294 1695 1486 1728 tradendum
1523 1695 1581 1728 sibi
1616 1696 1780 1740 exemplar

1024 1750 1168 1794 ipsorum
1202 1755 1469 1783 testamentorum
1485 1776 1492 1790 ,
1520 1749 1551 1781 in
1578 1750 1681 1783 forma
1702 1761 1778 1794 pro·

1023 1803 1110 1837 bauti
1144 1809 1174 1836 et
1207 1803 1408 1843 authentica,
1437 1803 1532 1836 etiam
1554 1814 1629 1837 cum
1650 1804 1779 1838 invoca-

1022 1858 1109 1890 tione
1141 1857 1265 1890 brachii
1300 1857 1492 1897 saecularis,
1515 1857 1539 1890 si
1560 1869 1642 1902 opus
1662 1858 1776 1898 suerit,

1023 1922 1229 1957 quacumque
1255 1912 1471 1956 appellatione
1497 1918 1639 1951 remota,
1663 1923 1778 1955 cogere

1024 1966 1159 2011 possint,
1180 1971 1291 1999 tenore
1313 1966 1551 2010 praesentium,
1569 1966 1779 2000 concedimus

1023 2025 1053 2053 et
1073 2020 1292 2062 indulgemus.

1067 2074 1080 2116 ξ
1105 2073 1135 2107 3.
1164 2074 1294 2118 Sicque,
1318 2074 1349 2107 in
1367 2074 1550 2117 praemissis
1573 2074 1724 2107 omnibus
1748 2080 1779 2107 et
1813 2088 1972 2111 Eisteiudicnri

1023 2126 1168 2169 singulis,
1182 2138 1240 2171 per
1252 2128 1399 2161 locorum
1421 2127 1602 2160 ordinarios
1622 2138 1658 2160 ac
1679 2139 1777 2171 quos·
1792 2120 1858 2143 ⁵⁰¹³⁰¹³

1023 2191 1162 2224 cumque
1196 2180 1275 2214 alios
1309 2181 1432 2215 iudices
1461 2186 1491 2214 et
1516 2181 1775 2223 commissarios,

1023 2234 1118 2268 etiarn
1139 2246 1311 2268 causarum
1332 2235 1441 2268 Palatii
1458 2235 1633 2279 Apostolici
1653 2235 1777 2268 audito-

1023 2300 1074 2322 res
1107 2294 1137 2322 et
1158 2288 1357 2329 cardinales,
1388 2289 1511 2322 sublata
1533 2289 1578 2323 eis
1604 2295 1635 2323 et
1660 2300 1774 2323 eorum

1023 2343 1155 2377 cuilibet
1174 2343 1267 2376 aliter
1291 2343 1454 2376 iudicandi
1480 2347 1510 2375 et
1543 2344 1775 2389 interpretandi

1022 2398 1172 2430 facultate
1186 2424 1193 2438 ,
1217 2402 1247 2430 et
1266 2396 1402 2430 iudicari
1432 2401 1462 2429 et
1482 2397 1609 2431 definiri
1634 2398 1774 2439 debere;

1022 2451 1053 2479 et
1072 2446 1230 2489 quidquid
1251 2457 1342 2479 secus
1362 2456 1461 2490 super
1480 2446 1529 2479 his
1554 2458 1571 2479 a
1591 2458 1774 2491 quoquam,

1022 2495 1133 2538 quavis
1157 2495 1348 2528 auctoritate
1362 2522 1370 2534 ‚
1393 2494 1532 2528 scienter
1550 2497 1597 2529 vel
1624 2496 1777 2539 ignoran-

1023 2549 1081 2585 ter,
1104 2544 1251 2577 attentari
1274 2544 1462 2585 contigerit,
1483 2544 1610 2578 irritum
1632 2550 1662 2578 et
1682 2546 1777 2579 inane

1022 2593 1239 2626 decernimus

1066 2641 1130 2684 §4-
1158 2642 1227 2676 Non
1253 2642 1453 2677 obstantibus
1481 2642 1666 2688 apostolicis
1685 2653 1722 2677 ac
1743 2643 1775 2677 in
