2237 3100
258 227 306 254 An.
325 227 353 255 C,
373 226 440 255 ¹569

282 876 336 897 Duae
352 878 440 896 senteu-

253 911 296 930 tiae
312 914 349 934 pro
372 907 437 927 fabri-

254 946 278 961 ca
293 939 372 959 faciunt.
393 943 437 958 rem

255 971 373 992 iudicatam.

266 1002 429 1022 commissiones

263 1033 429 1060 appellationum

254 1067 350 1090 stgnatae
386 1069 439 1084 een-

253 1095 440 1116 seuturcuniclau-

254 1128 299 1147 sula
313 1128 358 1147 sine
375 1133 439 1152 prae-

254 1159 333 1179 indicia
363 1164 399 1178 arr
414 1165 425 1177 u

255 1191 318 1210 lionis
351 1190 438 1209 :Inurum

255 1221 389 1247 conformium
409 1221 429 1241 ¹2.

499 217 562 252 796

499 281 561 323 §i
584 280 776 324 Accepimus
806 290 882 313 sane
914 290 1018 323 nuper
1044 280 1131 322 quod
1159 284 1204 311 te-

298 344 364 364 ctum
380 344 440 364 nutus
456 344 550 366 nores
574 334 581 356 ¹
602 334 763 367 bonorum
785 339 812 366 ct
835 333 1047 376 pecuniarum
1078 333 1117 365 ad
1138 333 1205 376 pias

258 377 425 397 constitutionis.

455 398 567 420 causas
587 387 788 426 relictorum,
811 397 846 418 ac
866 387 1028 418 bonorum
1054 387 1205 419 ccclesia-

454 441 610 474 sticorum
646 440 729 471 male
755 439 969 471 alitss=1iatswuni
1002 445 1029 472 et
1065 439 1205 473 aliorum

454 504 738 537 quorumcumque
751 492 869 525 iurium
882 493 922 525 ad
932 492 1085 526 fabricam
1104 494 1205 536 ipsam

454 546 1019 590 speetantiuminconsignationilms
1034 546 1204 579 huiusmo-

454 601 485 632 di
498 601 658 632 bonorum
680 605 707 632 et
723 599 939 633 solutionibus
960 600 1114 633 faciendis
1126 601 1206 633 adeo

453 657 527 685 sunt
546 653 678 693 morosi,
701 659 736 686 ut
766 653 848 694 illas,
876 659 1032 696 quantum
1053 661 1204 697 possunt,

452 706 674 749 subterfugere
709 706 865 748 nitantur,
889 707 1044 740 fabricam
1070 708 1207 752 proinde

452 759 599 803 expensis
619 765 650 792 et.
670 760 835 794 laboribus
852 761 1049 794 frustrando.

496 813 510 857 ξ
524 812 555 846 2.
568 813 631 847 Nos
642 840 650 854 ‚
667 814 852 857 praemissis
867 820 1051 859 opportuna
1065 815 1208 848 remedia

452 867 606 900 adhibere
627 868 783 909 volentes,
803 879 839 901 ac
857 869 992 901 dilectos
1008 868 1092 902 tilios
1105 869 1207 912 depu-

454 926 534 954 tatos
569 927 600 954 et
627 922 799 965 collegium
832 922 970 955 fabricae
1006 922 1205 963 huiusmodi,

453 985 633 1018 eorumque
650 975 830 1019 singulares
840 987 995 1020 personas
1009 987 1026 1009 a
1043 976 1208 1019 quibusvis

453 1029 811 1069 excommunicationis,
834 1030 1055 1073 suspensionis
1067 1030 1207 1063 etinter-

454 1083 678 1127 dictialiisque
699 1084 924 1117 ecclesiasticis
936 1084 1113 1122 sententiis,
1135 1096 1209 1117 cen-

430 1136 537 1173 „suris
565 1142 597 1170 et.
630 1138 756 1181 poenis,
779 1149 797 1170 a
817 1138 886 1170 iure
916 1139 965 1171 vel
993 1138 1032 1170 ab
1059 1138 1206 1177 homine,

454 1190 564 1234 quavis
584 1191 755 1224 occasione
769 1192 818 1224 vel
829 1202 936 1231 causa,
952 1192 1035 1229 latis,
1051 1192 1076 1224 si
1091 1192 1209 1235 quilius

453 1245 701 1288 quomodolibet
722 1245 868 1278 innodati
889 1245 1040 1285 existunt,
1064 1246 1103 1278 ad
1132 1246 1207 1278 etl‘e-

453 1304 540 1332 ctum
562 1298 781 1342 praesentium
811 1299 979 1332 dumtaxat,
1008 1310 1209 1342 consequen-

453 1353 541 1392 dum,
563 1353 678 1386 harum
704 1352 786 1385 serie
807 1353 1009 1386 absolventes
1026 1358 1057 1385 et
1077 1353 1208 1385 absolu-

453 1413 502 1439 tos
522 1406 590 1439 sore
610 1411 790 1447 censentes,
814 1411 903 1439 motu
925 1406 1070 1450 proprio,
1087 1417 1151 1439 non
1169 1406 1207 1438 ad

454 1461 599 1504 ipsorum
620 1460 852 1504 deputatorum
873 1466 903 1493 et,
923 1460 1051 1503 collegii
1072 1461 1119 1493 vel
1151 1460 1209 1492 ali-

453 1515 548 1548 cuius
567 1524 681 1548 eorum
703 1519 758 1547 aut
774 1525 834 1558 pro
855 1514 900 1547 eis
921 1514 1014 1547 nobis
1034 1525 1132 1558 super
1148 1514 1210 1547 hoc

453 1569 579 1602 oblatae
599 1568 765 1612 petitionis
782 1567 980 1608 instantiam,
996 1568 1051 1601 sed
1069 1580 1105 1601 ex
1122 1578 1211 1600 mera

453 1617 647 1651 liberalitate
679 1623 766 1650 etex
792 1623 881 1650 certa
912 1617 1047 1650 seientia
1078 1617 1208 1658 nostris,

454 1671 577 1705 eisdem
598 1670 759 1715 deputatis
780 1675 811 1703 ct
837 1670 974 1714 collegio
1013 1671 1211 1714 illorumque

455 1725 624 1765 ministris,
648 1730 683 1757 ut.
699 1724 731 1756 in
751 1724 938 1757 huiusmodi
955 1724 1069 1764 causis,
1086 1724 1212 1757 duabus

456 1785 515 1818 pro
543 1785 576 1806 se
597 1773 768 1817 reportatis
789 1773 954 1806 sententiis
975 1773 1209 1813 conformibus,

457 1824 490 1857 in
511 1834 547 1857 ca
566 1828 671 1866 parte,
694 1822 726 1855 in
747 1834 810 1866 qua
827 1829 923 1856 erunt,
939 1823 1127 1856 huiusmodi
1142 1834 1213 1856 scn-

457 1872 576 1907 tentiae
596 1872 791 1912 conformes,
823 1873 1045 1905 executionem
1066 1878 1211 1916 paratam

456 1922 607 1961 habeant,
630 1926 727 1963 atque
739 1921 925 1954 huiusmodi
948 1921 1125 1954 sententiae
1143 1933 1213 1954 ext·-

458 1971 581 2005 cutioni
602 1971 731 2003 debitae
752 1971 1010 2011 demandenttu‘3
1039 1977 1212 2014 partesque

458 2021 595 2065 proinde
617 2020 816 2065 appellantes
841 2020 975 2053 minime
1010 2020 1130 2060 audiri,
1154 2031 1213 2053 nec

459 2081 573 2103 eorum
595 2069 829 2114 appellationes
865 2069 1002 2109 admitti,
1039 2069 1213 2112 minusque

462 2120 591 2152 illarum
607 2119 725 2152 virtute
738 2119 1000 2159 commissiones,
1021 2129 1134 2162 preces
1160 2124 1214 2151 aut.

462 2169 618 2213 rescripta
644 2169 713 2202 ullo
744 2169 841 2201 modo
869 2168 1036 2212 impetrari
1058 2174 1114 2200 aut
1134 2178 1212 2200 con-

462 2217 544 2257 cedi,
577 2228 683 2261 neque
704 2217 801 2251 etiam
832 2228 965 2260 quoquo
987 2218 1083 2250 modo
1110 2216 1213 2260 inipe-

462 2267 552 2299 tratis
571 2272 627 2300 aut
646 2266 807 2300 concessis
826 2266 885 2307 uti,
909 2272 964 2299 aut
984 2278 1016 2299 se
1031 2267 1093 2298 illis
1112 2267 1213 2299 iuvari

463 2316 623 2350 ullatenus
657 2316 780 2360 possint
799 2317 847 2350 vel
868 2321 1095 2361 praesumant,
1124 2323 1155 2350 et
1189 2317 1214 2350 si

463 2376 556 2408 quac,
584 2365 678 2399 etiam
698 2377 757 2411 per
775 2377 834 2400 nos
854 2372 909 2400 aut
929 2376 1131 2400 successores
1156 2378 1214 2399 no-

464 2420 545 2449 stros
565 2416 727 2450 Romanos
746 2416 930 2458 Pontifices,
949 2422 980 2449 et
992 2427 1088 2449 manu
1107 2422 1215 2450 nostra

501 2489 511 2513 1
534 2487 635 2514 Forsan
651 2491 799 2515 detentores
813 2488 851 2524 (n.
868 2488 918 2523 T.).

501 2545 517 2571 Ξ
533 2544 605 2572 Scias
622 2548 707 2572 tamen
728 2546 799 2581 quod
823 2554 837 2573 a
853 2546 938 2582 prima
963 2545 1095 2573 sententia
1122 2546 1216 2573 iudicis

465 2589 565 2625 collegii
582 2590 730 2625 appellatur
745 2591 778 2618 ad
793 2592 881 2627 ipsum
897 2590 1047 2626 collegium,
1065 2594 1094 2618 ut
1110 2591 1136 2618 in
1147 2591 1215 2618 bulla

466 2634 609 2663 Clementis
624 2635 682 2664 Vll.

1050 229 1065 249 B
1072 227 1227 251 ttLLAntUM
1250 225 1401 251 ROMANUM

1247 279 1389 322 propria,
1403 280 1450 312 vel
1462 280 1660 313 cardinalem
1669 281 1858 324 Signaturae
1871 285 1999 314 nostrae

1248 333 1384 366 iustitiae
1399 334 1599 376 praefectum
1612 345 1672 377 pro
1695 340 1838 378 ternpore
1859 335 1998 367 existen-

1246 391 1322 426 tem,
1335 391 1389 419 aut
1402 387 1545 419 officium
1558 388 1845 425 contradictarum,
1858 388 1916 421 sub
1929 387 2000 431 qui-

1246 440 1354 472 busvis
1368 441 1541 473 verborum
1563 441 1674 473 formis
1682 447 1838 484 concepta
1851 446 1881 474 et
1893 442 2000 485 signa-

1249 499 1289 533 ta,
1305 493 1428 525 etiamsi
1450 500 1539 526 motu
1554 494 1649 526 simili
1667 495 1800 528 concedi
1813 495 1998 538 contigerit,

1248 547 1302 579 illu
1328 558 1456 591 semper
1476 548 1699 590 intelligantur
1719 559 1786 581 esse
1808 559 1881 581 cum
1911 549 2000 582 clau-

1247 601 1315 633 sula
1336 602 1406 633 sinc
1426 602 1628 644 praei—udicio
1652 603 1849 635 eoeecutionis
1863 603 2002 635 [tuarum

1248 654 1476 696 conformium,
1492 655 1622 687 decreto
1634 655 1774 688 irritanti
1788 655 1885 688 etiam
1900 666 2001 699 appo-

1248 707 1328 747 sito;
1370 718 1430 741 nec
1465 708 1628 741 iudicibus
1670 709 1708 741 ad
1744 719 1826 752 quos
1860 709 2003 742 directae

1248 768 1355 803 erunt,
1366 762 1508 806 aliquam
1519 763 1703 796 facultatem
1715 763 1872 805 tribuant,
1883 762 2005 796 inhibi-

1248 815 1419 858 tionesque
1440 820 1470 848 et
1490 826 1644 848 censuras
1661 827 1772 849 earum
1791 816 1900 859 vigore
1917 827 2003 850 ema-

1249 874 1349 908 natas,
1362 869 1467 901 nullas
1487 874 1519 901 et
1538 869 1658 902 nullius
1671 880 1739 903 esse
1753 870 1873 904 vatoris
1888 875 1920 904 et
1932 881 2002 904 mo-

1249 922 1348 955 menti
1368 923 1517 956 volumus
1538 928 1636 966 atque
1656 923 1875 957 decernimus.

1293 978 1307 1019 ς’
1340 976 1634 1010 ].Deco1·nenies
1669 982 1856 1021 praesentes
1880 978 2004 1012 litteras

1249 1031 1339 1063 nullo
1368 1041 1525 1073 umquam
1545 1036 1691 1074 tempore
1725 1031 1765 1064 de
1785 1031 2005 1076 subreptionis

1249 1084 1297 1116 vel
1327 1084 1526 1127 obreptionis
1546 1084 1622 1117 vitio
1643 1090 1698 1117 aut
1724 1084 1913 1119 intentionis
1945 1095 2004 1119 no-

1250 1142 1333 1171 strae
1364 1139 1411 1171 vel
1448 1138 1603 1181 quopiam
1629 1139 1692 1171 alio
1727 1138 1855 1172 defectu
1891 1139 2005 1181 notari,

1250 1191 1435 1234 impugnari
1456 1192 1504 1225 vel
1526 1191 1709 1232 invalidari,
1729 1191 1828 1225 etiam
1846 1203 1884 1225 ex
1901 1203 1939 1226 eo
1956 1203 2006 1226 ca-

1250 1244 1315 1288 pite
1341 1245 1429 1287 quod
1450 1244 1605 1278 interesse
1626 1245 1782 1279 habentes
1810 1245 1915 1279 vocati
1940 1257 2005 1279 non
2031 1249 2040 1258 ⁸

1251 1299 1383 1337 fuerint,
1420 1304 1475 1331 aut
1505 1299 1545 1331 ad
1574 1298 1654 1331 iuris
1686 1298 1843 1332 terminos
1878 1299 2004 1341 reduci,

1251 1352 1423 1395 minusque
1454 1353 1487 1385 in
1516 1353 1566 1385 ius
1596 1354 1646 1386 vel
1667 1353 1920 1387 controversiam
1950 1364 2006 1388 vo-

1250 1406 1316 1439 cari
1345 1418 1451 1450 posse,
1473 1407 1529 1440 sed
1550 1418 1680 1451 semper
1698 1407 1820 1441 validas
1840 1412 1871 1441 et
1902 1407 2008 1441 effica-

1251 1470 1303 1493 ces
1331 1460 1479 1501 existere,
1515 1471 1658 1503 suosque
1691 1460 1856 1504 plenarios
1876 1460 2008 1495 effectus

1251 1514 1370 1554 sortiri,
1392 1514 1566 1558 minusque
1587 1514 1646 1547 sub
1667 1514 1835 1557 quibusvis
1851 1513 2007 1548 similium

1251 1569 1299 1602 vel
1317 1568 1523 1601 dissimilium
1540 1569 1717 1612 gratiarum
1734 1568 2006 1610 revocationibus,

1252 1621 1531 1666 suspensionibus,
1554 1622 1804 1656 limitationibus
1821 1628 1853 1656 ct
1873 1622 2009 1666 deroga-

1252 1676 1395 1709 tionibus
1430 1676 1663 1720 comprehendi
1694 1677 1858 1710 ullatenus
1892 1687 2006 1720 posse,

1253 1730 1307 1763 sed
1338 1741 1467 1774 semper
1497 1731 1536 1763 ab
1556 1731 1619 1763 illis
1639 1735 1799 1774 exceptas,
1822 1736 1853 1763 et
1881 1731 2010 1774 quoties

1254 1783 1326 1817 illae
1347 1784 1545 1817 emanabunt
1578 1784 1672 1817 toties
1691 1784 1723 1816 in
1745 1783 1919 1828 pristinum
1944 1789 2008 1818 sta-

1253 1841 1321 1869 tum
1339 1837 1499 1870 restitutas
1520 1848 1587 1870 esse
1609 1842 1640 1870 et
1659 1837 1796 1870 censeri.

1298 1892 1312 1931 ,ξ’
1332 1891 1363 1923 lt.
1394 1890 1511 1934 Sicque
1522 1902 1581 1934 per
1600 1901 1826 1934 quoscumque
1840 1890 1963 1924 iudices
1979 1896 2010 1924 et

1254 1944 1506 1985 commissarios,
1530 1945 1641 1988 quavis
1661 1945 1854 1978 auctoritate
1870 1945 2008 1988 fungen-

1255 2004 1312 2039 tes,
1343 1998 1438 2031 etiam
1473 2009 1646 2032 causarum
1682 1998 1793 2032 Palatii
1832 1998 2008 2043 Apostolici

1254 2052 1431 2091 auditores,
1468 2053 1592 2085 sublata
1613 2052 1659 2086 eis
1680 2058 1710 2085 et.
1730 2063 1844 2085 eorum
1875 2052 2010 2086 cuilibet

1255 2105 1367 2149 quavis
1387 2106 1479 2139 aliter
1500 2106 1666 2139 iudicandi
1688 2106 1849 2147 facultate,
1870 2105 2008 2139 iudicari

1255 2158 1386 2199 debere,
1402 2159 1530 2192 irritum
1551 2170 1683 2202 quoque
1701 2164 1731 2192 et
1748 2159 1855 2200 inane,
1874 2158 1899 2192 si
1917 2169 2009 2192 secus

1255 2223 1353 2256 super
1373 2212 1423 2245 his
1444 2224 1459 2245 a
1480 2224 1659 2256 quoquam,
1678 2212 1789 2256 quavis
1805 2212 2007 2254 auctoritate,

1255 2265 1394 2299 scienter
1402 2267 1448 2299 vel
1460 2266 1657 2309 ignoranter,
1668 2265 2007 2310 contigeritattentari.

1300 2322 1315 2363 ξ
1335 2319 1366 2353 5.
1389 2320 1458 2353 Non
1472 2320 1673 2353 obstantibus
1686 2319 1872 2364 praemissis
1885 2331 1922 2354 ac
1938 2319 2011 2364 qui-

1256 2373 1362 2406 busvis
1382 2374 1566 2418 apostolicis
1587 2384 1731 2414 necnon,
1753 2374 1786 2406 in
1806 2373 2012 2418 provinciali-

1256 2428 1315 2459 bus
1331 2433 1361 2460 et
1381 2428 1588 2472 synodalibus
1608 2427 1752 2461 conciliis
1768 2427 1872 2468 editis,
1885 2427 2011 2471 specia-

1257 2477 1341 2509 libus
1380 2478 1429 2510 vel
1471 2477 1678 2520 generalibus
1726 2476 2012 2510 constitutionibus
2059 2489 2062 2491 ·

1258 2531 1288 2558 et
1321 2526 1592 2564 ordinationibus·¹
1626 2538 1663 2559 ac
1704 2525 1882 2569 quibusvis,
1914 2525 2010 2558 etiam

1259 2575 1453 2617 iuramento,
1477 2576 1723 2610 confirmatione
1754 2574 1931 2618 apostoliea
1962 2575 2011 2608 vel

1259 2626 1371 2669 quavis
1391 2626 1454 2659 alia
1468 2626 1621 2659 firmitate
1640 2625 1813 2666 roboratis,
1834 2624 1961 2658 statutis
1980 2629 2011 2657 et

2012 226 2063 252 An.
2079 225 2109 253 c.
2127 224 2194 255 1569

2219 521 2227 543 ’ν

2029 985 2140 1008 clausulae
2151 992 2201 1014 pru·
2224 1011 2226 1013 ¹

2017 1018 2143 1040 servativae.

2049 1900 2161 1923 Decretum
2176 1901 2208 1922 tr-
2226 1895 2237 1929 id

2021 1933 2097 1954 ritans.
2227 1931 2237 1947 ¹·

2051 2331 2162 2353 Clausutae
2173 2332 2208 2353 de-

2026 2364 2153 2391 roguouae.
