2237 3100
39 261 89 288 An.
106 260 138 288 C.
156 261 222 288 ¹568

56 1040 124 1062 eausn
135 1042 214 1063 consti-

31 1072 120 1093 tutionis
149 1073 214 1094 eden-

31 1103 80 1124 du.

77 1634 183 1656 Montates
198 1640 210 1655 a

27 1672 78 1688 eura
100 1669 122 1687 et
137 1665 211 1692 guber-

28 1698 63 1718 nio
72 1697 160 1718 tranum
170 1695 211 1718 Bu-

27 1729 152 1750 miliatorum
177 1733 211 1750 se-

26 1761 103 1786 cerum

916 259 982 283 PIUS
1006 259 1024 282 V
1048 259 1095 283 PP-

1667 251 1731 285 695

1792 260 1841 287 An.
1860 261 1888 288 C.
1908 261 1976 288 1568

235 308 346 343 lendas
379 310 525 352 augusti,
562 310 767 354 pontificatus
788 313 886 345 nestri
925 323 981 345 an-
1024 311 1118 344 steria
1139 315 1310 355 propterea
1336 310 1366 343 in
1387 311 1608 354 spiritualibus
1628 319 1683 346 aut
1698 318 1775 347 tem-
1819 321 1976 344 Easdemordt-

236 373 277 396 no
296 373 342 396 111.

274 420 338 451 Dat.
363 420 410 451 die
428 420 466 451 023
485 421 547 451 iulii
573 421 777 460 t568‚1›011us.
803 433 879 453 anno
902 433 943 453 111.

581 591 640 623 CV.

234 666 407 710 Exemptio
426 668 572 700 omnium,
592 669 787 700 monialium
796 680 815 701 (t
826 669 983 711 Τι’-1111111119

278 724 308 752 ct
326 731 403 753 cura
414 721 557 762 fratrum
576 720 835 754 Htmtilialorum
855 723 890 755 in
908 733 981 765 per-

273 777 406 816 petitam
422 786 434 814 ,·
461 779 490 807 et
509 775 728 807 sulu‘ioz'mztur
742 776 922 809 ordinariis
936 777 981 809 lo-

276 837 384 860 corum
398 826 423 860 1.

273 907 336 936 Pius
349 907 419 943 Papa
434 908 464 940 V.
480 908 514 936 ad
532 909 696 944 perpetuam
710 909 751 937 rei
769 909 937 938 memoriam.

274 980 289 1023 ἓ
308 980 339 1013 t.
358 979 451 1020 Cum,
465 980 546 1013 sicut
564 980 763 1024 accepimus,
775 980 899 1014 diversa
911 991 981 1014 mo-

228 1033 363 1067 nialium
384 1033 590 1075 monasteria⁷
614 1045 711 1067 curae
727 1039 757 1067 et
773 1034 921 1078 regimini
937 1035 983 1067 di-

228 1088 389 1121 lectorum
410 1087 553 1120 filiorum
574 1088 709 1121 fratrum
725 1087 853 1121 Ordinis
873 1089 983 1121 Humi-

228 1141 381 1175 liatorum
413 1141 558 1175 subiecta
578 1152 646 1175 esse
676 1141 897 1184 reperiantur3
924 1153 982 1175 nos

227 1195 380 1236 volentes,
393 1206 452 1239 pro
468 1194 569 1228 nostri
589 1195 758 1238 pastoralis
775 1195 873 1228 offleii
893 1196 981 1229 solli—

228 1248 383 1290 citudine,
406 1249 537 1282 eosdem
558 1250 686 1289 fratres,
720 1254 756 1282 ut
780 1250 982 1283 commodius

228 1308 260 1336 et
291 1303 425 1336 liberius
448 1302 562 1336 divinis
592 1302 706 1336 officiis
747 1313 981 1347 sacrarumque

227 1356 408 1389 litterarum
428 1356 542 1389 studiis
561 1356 749 1390 incumbere
779 1357 919 1398 valeant,
942 1358 981 1391 ab

227 1420 326 1444 onere
359 1416 390 1443 et
422 1410 654 1454 impedimento
678 1410 828 1452 gubernii
856 1411 980 1444 monia-

227 1464 308 1497 lium
327 1463 517 1498 huiusmodi
540 1464 660 1498 liberos
680 1475 748 1498 esse
764 1491 771 1505 ‚
797 1471 887 1498 motu
903 1477 979 1509 pro—

226 1517 298 1562 prio
339 1523 370 1550 et
408 1528 445 1550 ex
484 1522 572 1551 certa
615 1517 749 1551 scientia
789 1524 981 1563 maturaque

225 1571 457 1605 deliberatione
498 1576 608 1604 nostra
649 1582 686 1604 ac
712 1572 752 1605 de
784 1573 981 1615 apostolicae

225 1625 391 1670 potestatis
409 1625 624 1670 plenitudine,
645 1626 758 1659 fratres
771 1626 898 1659 Ordinis
913 1627 980 1659 IIu-

225 1679 425 1713 miliatorum
452 1679 660 1720 huiusmodi,
687 1679 887 1724 ubicumque
914 1680 980 1713 exi-

226 1738 354 1774 stentes,
376 1733 416 1766 ab
431 1733 520 1766 omni
532 1744 622 1773 cura,
634 1734 807 1777 gubernio,
824 1734 980 1778 regimine

226 1792 258 1821 et
276 1787 554 1820 administratione
574 1798 859 1831 quorumcumque
871 1799 982 1821 mona-

225 1840 399 1875 steriorum
411 1841 616 1881 monialium,
633 1841 870 1885 cuiuscumque
891 1842 981 1875 Ordi—

225 1895 276 1930 nis
285 1895 503 1936 existentium,
514 1895 731 1929 claustraliter
743 1896 843 1929 vivent
850 1896 927 1938 ium,
936 1896 980 1929 eis

225 1949 471 1993 quomodolibet
498 1950 767 1990 commissorum,
789 1956 820 1983 et
846 1961 902 1993 per
926 1961 981 1983 eos

225 2004 384 2037 hactenus
402 2003 470 2047 regi
486 2008 517 2037 et
539 2004 715 2047 gubernari
736 2004 920 2044 solitorum,
943 2015 980 2037 ex

225 2068 312 2091 nunc
332 2057 365 2090 in
380 2062 589 2102 perpetuum,
601 2058 792 2091 auctoritate
803 2058 980 2102 apostoliea

225 2117 337 2146 tenore
375 2111 595 2156 praesentium
632 2111 762 2156 penitus
786 2112 980 2145 absolvimus

225 2177 262 2200 ac
281 2166 422 2200 totaliter
440 2166 617 2199 liberamus
632 2193 639 2207 ‚
662 2176 782 2209 eosque
803 2166 841 2199 ab
867 2166 980 2199 huius-

225 2220 314 2255 modi
334 2231 433 2254 onere
449 2221 624 2262 absolutos,
636 2220 756 2254 liberos
773 2225 803 2253 et
818 2220 980 2254 immunes

226 2276 294 2309 sore
314 2280 344 2309 et
369 2285 450 2316 esse,
472 2285 532 2308 nec
557 2275 711 2319 deinceps
730 2274 848 2315 inillis,
867 2275 979 2318 quovis

226 2334 393 2374 praetextu
422 2334 477 2362 aut.
496 2329 642 2373 quaesito
667 2329 776 2362 colore
797 2340 829 2362 se
862 2329 978 2362 ullate-

225 2394 288 2417 nus
307 2382 521 2417 intromittere
542 2393 634 2427 possc
663 2393 769 2426 neque
789 2382 906 2415 debere
926 2383 979 2416 de-

226 2437 389 2471 cernimus
406 2463 413 2478 ‚
453 2447 490 2469 ac
528 2437 673 2480 ipsorum
706 2436 978 2469 monasteriorum

226 2491 417 2525 monialium
437 2501 549 2524 curam
586 2496 617 2524 ct
636 2489 832 2533 gubernium
858 2489 977 2523 eisdem

226 2545 379 2579 fratribus
398 2544 437 2578 dc
457 2549 577 2578 coetero
593 2544 726 2577 omnino
740 2544 974 2577 interdicimus.

270 2599 285 2643 ξ
305 2599 337 2632 ΕΞ.
359 2599 404 2633 Ne
424 2604 532 2633 autem
554 2599 622 2643 ipsa
648 2598 839 2632 monialium
864 2609 977 2633 mona-

264 2667 275 2693 1
292 2667 332 2695 Ex
346 2667 453 2703 aegest.
469 2667 494 2694 iu
510 2667 612 2695 Secret.
634 2666 768 2694 Brevium,

1024 365 1189 409 poralibus
1208 365 1437 398 detrimentum
1450 365 1580 408 aliquod
1598 367 1774 409 patiantur,

1024 424 1152 451 nostrae
1174 418 1390 462 providentiae
1407 418 1571 462 diligentia
1592 426 1777 464 opportune

1025 472 1211 515 prospicere
1232 472 1397 516 cupientes
1416 500 1422 514 ‚
1445 473 1555 506 eadem
1586 474 1777 508 monialium

1026 526 1219 558 monasteria
1260 526 1368 558 omnia
1415 531 1445 559 et
1469 525 1595 569 singula
1628 528 1776 561 locorum

1026 578 1198 611 ordinariis
1217 606 1224 619 ,
1255 579 1286 611 iu
1317 590 1457 622 quorum
1501 579 1681 613 civitatibus
1723 586 1779 614 aut

1025 632 1226 665 dioeetsibus
1247 634 1423 677 respective
1439 634 1630 675 consistunt,
1649 646 1708 678 per
1723 646 1778 668 eos

1024 685 1160 718 feliciter
1193 687 1333 728 regenda
1356 713 1362 725 ‚
1384 687 1574 720 auctoritate
1608 693 1638 720 et
1667 694 1778 722 tenore

1025 739 1207 783 praesumis,
1230 746 1318 772 motu
1340 741 1436 773 simili
1458 741 1648 775 subiicimus
1680 747 1777 787 atque

1024 793 1251 837 supponimus,
1274 805 1375 837 eaque
1395 794 1434 827 ab
1456 794 1532 838 ipsis
1557 795 1728 829 ordinariis
1746 796 1777 829 in

1025 852 1219 890 perpetuum
1242 847 1308 889 regi
1329 853 1356 880 et
1383 848 1571 890 gubernari,
1594 848 1723 893 illisque
1739 850 1778 883 de

1024 899 1149 932 idoneis
1187 900 1426 933 confoesoribus
1466 902 1626 944 provideri
1659 903 1778 936 debere

1023 953 1173 986 volumus
1192 964 1229 986 ac
1251 953 1451 987 mandamus.
1480 954 1516 987 Et
1537 956 1614 988 utid
1628 962 1777 1000 prompte

1024 1006 1162 1040 libenter
1191 1008 1367 1051 suscipiant
1388 1013 1418 1041 et
1438 1015 1649 1051 exequantur,
1678 1010 1723 1043 eis
1743 1011 1776 1043 in

1023 1060 1138 1094 virtute
1159 1067 1286 1094 sanetae
1315 1062 1515 1095 obedientiae
1542 1063 1702 1105 iubemus,
1721 1076 1776 1098 cu-

1024 1125 1159 1158 ramque
1180 1116 1452 1149 monasteriorum
1473 1115 1660 1149 huiusmodi
1693 1118 1775 1152 bene

1024 1180 1060 1201 ac
1081 1168 1251 1212 diligenter
1271 1180 1383 1212 gerere
1412 1175 1443 1203 et
1463 1181 1612 1204 exercere
1633 1170 1776 1205 districte

1023 1222 1253 1265 praecipimus.

1068 1276 1082 1318 g
1102 1275 1133 1309 3.
1157 1276 1341 1310 Mandantes
1371 1276 1493 1310 eisdem
1519 1277 1692 1311 ordinariis
1709 1305 1716 1319 ‚
1740 1283 1776 1311 ut

1024 1330 1278 1363 contradictores
1298 1330 1458 1374 quoslihet
1477 1336 1508 1364 et.
1528 1331 1676 1373 rebelles,
1694 1343 1776 1376 prae-

1024 1384 1231 1428 sentibusque
1270 1385 1388 1418 nostris
1424 1385 1539 1419 litteris
1568 1396 1681 1429 parere
1723 1397 1775 1419 re-

1024 1442 1171 1471 cusantes
1214 1448 1269 1471 seu
1299 1438 1509 1486 (lill'tn‘entes,
1541 1439 1665 1473 etiamsi
1698 1440 1773 1473 dicti

1023 1492 1136 1524 fratres
1155 1491 1285 1532 suerint,
1308 1503 1366 1536 per
1378 1503 1498 1536 poenas
1517 1492 1577 1525 sibi
1595 1492 1773 1535 benevisas,

1024 1545 1118 1578 ctiam
1141 1546 1356 1589 pecuniarias,
1379 1557 1416 1579 ac
1427 1547 1559 1580 demum
1577 1558 1634 1591 per
1645 1557 1773 1581 excom-

1023 1599 1250 1633 municationis
1281 1606 1311 1633 et,
1330 1601 1408 1634 alias
1428 1601 1601 1634 sententias
1620 1606 1775 1636 etcensu-

1023 1664 1073 1686 ras
1098 1654 1330 1688 ecclesiasticas
1377 1660 1549 1699 ceteraque
1590 1661 1775 1700 opportuna

1023 1707 1102 1741 iuris
1123 1713 1153 1740 ct
1173 1708 1245 1741 sacti
1260 1708 1413 1749 remedia,
1426 1709 1515 1743 omni
1525 1714 1555 1742 ct
1566 1720 1774 1754 quacumque

1022 1761 1239 1805 appellatione
1251 1762 1427 1806 postposita
1453 1769 1774 1807 aeprorsusremota,

1022 1815 1211 1849 auctoritate
1245 1821 1353 1850 nostra
1387 1817 1605 1861 comprimant
1634 1822 1664 1851 et
1684 1828 1774 1851 com-

1022 1870 1163 1914 pellant,
1199 1880 1318 1914 cosque
1357 1870 1397 1904 ad
1426 1871 1607 1915 parendum
1642 1877 1673 1905 et
1700 1883 1775 1905 cum

1023 1923 1140 1956 ess'ectu
1164 1923 1270 1956 statim
1298 1924 1515 1958 obediendum
1549 1925 1775 1970 praesentibus

1021 1976 1137 2009 litteris
1162 1983 1278 2019 cogant
1311 1983 1340 2011 et
1375 1979 1591 2022 compellant,
1628 1979 1774 2013 invocato

1022 2030 1117 2063 etiam
1137 2031 1177 2063 ad
1191 2031 1264 2072 hoe,
1284 2031 1309 2064 si
1329 2042 1411 2076 opus
1432 2032 1540 2074 suerit,
1561 2032 1679 2066 auxilio
1699 2034 1774 2067 bra-

1022 2084 1086 2117 cliii
1106 2085 1293 2118 saecularis.

1065 2138 1080 2181 ξ
1099 2139 1130 2171 lt.
1154 2139 1259 2183 Super
1277 2140 1396 2184 quibus
1415 2140 1508 2174 dictis
1519 2141 1693 2175 ordinariis
1703 2142 1772 2186 ple-

1020 2204 1094 2226 nam
1129 2199 1159 2227 et
1178 2194 1326 2235 liberam,
1348 2195 1465 2227 harum
1485 2194 1567 2228 serie
1586 2195 1772 2230 facultatem

1021 2247 1230 2281 concedimus
1249 2254 1280 2281 ct.
1304 2254 1505 2292 potestatem.

1065 2301 1080 2345 ,ξ
1113 2302 1143 2335 5.
1184 2302 1252 2336 Non
1284 2302 1484 2336 obstantibus
1516 2302 1701 2347 praemissis
1735 2315 1772 2338 ae

1022 2355 1305 2390 constitutionibus
1329 2362 1359 2389 et
1369 2356 1627 2391 ordinationibus
1641 2363 1771 2402 aposto-

1020 2409 1102 2450 licis;
1124 2420 1251 2443 necnon
1273 2410 1543 2444 monasteriorum
1568 2416 1599 2444 et
1613 2410 1770 2445 Ordinum

1020 2458 1218 2500 huiusmodi,
1246 2460 1340 2492 etiam
1361 2460 1543 2493 iuramento
1560 2486 1568 2501 ‚
1596 2460 1770 2494 confirma-

1020 2507 1107 2541 tione
1127 2509 1303 2552 aposttidiea
1333 2510 1379 2542 vel
1404 2509 1515 2553 quavis
1534 2509 1684 2543 firmitate
1708 2510 1771 2544 alia

1019 2557 1190 2598 roboratis,
1222 2557 1345 2591 statutis
1386 2564 1416 2591 et
1453 2559 1767 2601 consuetudinibus;

1020 2606 1194 2650 privilegiis
1237 2618 1385 2651 quoque,
1426 2607 1558 2641 indultis
1589 2614 1620 2642 et
1656 2608 1770 2643 litteris

1019 2656 1215 2701 apostolicis,
1233 2656 1327 2691 etiam
1339 2667 1413 2691 cum
1433 2657 1597 2702 quibusvis
1616 2657 1770 2693 clausulis

1792 355 1857 374 uariis
1881 354 1976 375 locorum

1793 384 1905 406 submittit.

1812 1286 1885 1308 Poena
1894 1287 1914 1307 in
1927 1293 1975 1308 con-

1791 1318 1936 1340 tratacienteu.

1835 2158 1932 2180 t-‘acultas
1947 2160 1972 2180 nd

1788 2191 1906 2216 praemissa
1916 2191 1972 2211 ordi-

1787 2222 1852 2242 nariis
1877 2222 1971 2243 locorum

1787 2257 1899 2274 concessa.

1813 2319 1934 2343 clausulae.
