2237 3100
35 291 86 318 An.
102 291 132 319 C.
151 291 218 320 ¹562

43 993 157 1015 Decretum
169 993 214 1014 irri-

31 1028 84 1045 tans

901 291 968 316 rws
992 292 1022 316 lv
1047 291 1094 315 Pr.

234 356 319 385 rum,
355 344 607 388 exemptionum,
644 350 837 378 statutorum
858 351 887 379 et
908 346 985 379 alia-

233 409 306 432 rum
326 398 502 441 gratiarum
537 398 822 443 suspensionibus,
856 410 985 432 revoca-

232 452 385 494 tionibus,
404 452 648 485 limitationibus
664 452 798 496 aliisque
817 453 987 486 contrariis

233 506 496 550 dispositionibus
522 518 539 539 a
565 507 658 540 nobis
687 512 717 540 et
746 508 986 540 successoribus

233 560 351 594 nostris
365 572 401 593 ac
417 560 497 594 Sede
509 562 681 604 praedicta,
698 561 808 605 quavis
823 561 862 593 de
874 572 982 598 causa,

231 614 467 658 quantumlibet
495 614 679 655 iustissima,
703 625 762 658 pro
789 620 934 658 tempore
951 626 985 647 e-

230 667 366 701 manatis
385 672 416 701 et
436 668 634 705 emanandis,
664 668 912 712 comprehendi,
931 669 985 701 sed

230 732 359 765 semper
388 722 428 755 ab
457 722 519 755 illis
540 728 683 766 excepta,
721 728 752 755 et
778 722 903 765 quoties
932 722 985 755 illa

230 775 445 813 emanabunt,
477 776 570 808 toties
600 776 632 808 in
662 776 832 820 pristinum
868 781 983 809 statum

229 829 375 863 restituta
409 835 440 862 et
472 829 511 862 de
545 841 626 863 novo
667 841 819 863 concessa
853 841 920 863 esse
955 836 985 863 et

229 884 365 917 censeri.

273 937 360 980 §1⁹2
389 937 425 970 Et
452 938 496 971 sic
527 938 558 971 in
579 938 765 982 praemissis
800 949 857 981 pcr
885 949 983 982 quos-

229 1001 369 1033 cumque
391 990 524 1028 iudices,
543 992 668 1025 sublata
679 992 724 1024 eis
740 997 771 1025 et
786 1002 899 1025 eorum
917 992 984 1025 cui-

228 1042 305 1076 libet
324 1044 434 1088 quavis
461 1045 553 1078 aliter
577 1045 741 1078 iudicandi
765 1051 795 1078 et
824 1045 982 1089 interpre-

230 1097 315 1130 tandi
336 1098 499 1139 facultate,
517 1099 693 1132 iudicariet
708 1099 833 1132 deliniri
850 1099 980 1139 debere,

228 1160 265 1183 ac
284 1151 441 1194 quidquid
462 1163 555 1185 secus
580 1163 678 1196 super
703 1152 753 1185 his
777 1163 795 1184 a
822 1164 981 1195 quocum-

228 1215 301 1248 que,
317 1205 427 1249 quavis
442 1206 643 1247 auctoritate,
666 1206 804 1239 scienter
822 1207 870 1239 vel
891 1206 982 1249 igno-

228 1263 349 1299 ranter,
385 1259 555 1302 contigerit
593 1259 760 1299 attentari,
797 1260 924 1293 irritum
953 1266 981 1294 01

228 1310 323 1344 inane
356 1312 571 1346 decernimus.
607 1313 764 1352 Quocirca
793 1314 982 1347 venerabili-

227 1364 287 1398 bus
306 1366 423 1399 nostris
442 1367 625 1400 Muranensi
644 1374 673 1400 et
693 1367 873 1401 Α1101100051
887 1379 922 1401 ac
934 1369 983 1401 Pi-

227 1418 374 1452 storiensi
407 1419 567 1464 episcopis
605 1432 662 1464 per
696 1421 872 1465 apostolica
906 1422 983 1455 scri-

228 1477 295 1515 pta,
318 1478 408 1506 motu
449 1473 563 1515 simili,
599 1474 790 1508 mandamus
823 1481 982 1519 quatenus

226 1525 287 1570 ipsi
319 1527 367 1560 vel
387 1527 452 1560 duo
472 1532 525 1561 aut
549 1538 632 1561 unus
652 1539 778 1569 eorum,
804 1540 861 1572 per
881 1541 913 1563 se
933 1530 981 1563 vel

226 1579 326 1613 alium
338 1592 394 1614 seu
411 1581 503 1621 alios,
526 1587 711 1625 praesentes
729 1588 855 1616 nostras
875 1583 982 1617 literas

225 1638 256 1665 et
275 1633 308 1666 in
329 1634 373 1667 eis
389 1640 538 1668 contenta
559 1636 746 1669 solemniter
765 1637 979 1680 publicantes,

225 1686 382 1732 dictisque
403 1688 517 1722 Cosmo
546 1690 620 1722 duci
642 1694 670 1722 et
693 1700 808 1733 magno
830 1692 981 1735 magistro

226 1751 261 1774 ac
273 1743 443 1775 conventui
463 1743 496 1776 in
512 1743 695 1786 praemissis
716 1744 855 1777 efficacis
875 1746 981 1779 defen—

226 1795 325 1829 sionis
354 1797 514 1840 praesidio
539 1798 740 1837 assistentes,
776 1798 892 1831 saciant
923 1811 981 1832 au-

225 1849 370 1883 ctoritate
391 1857 499 1884 nostra
523 1851 631 1884 literas
659 1857 689 1884 01.
709 1851 740 1884 111
766 1852 812 1885 015
832 1858 981 1886 contenta

225 1903 411 1937 huiusmodi
432 1905 568 1938 firmiter
588 1906 762 1945 observari,
786 1917 822 1939 ac
843 1918 924 1949 quos
945 1908 981 1940 li-

226 1963 311 1991 terae
340 1958 428 2002 ipsae
456 1966 659 1992 concernunt
679 1965 707 1992 et
730 1966 929 1993 conccrnent
950 1961 981 1994 in

225 2011 372 2044 futurum
392 2017 423 2045 et
445 2023 558 2045 eorum
588 2012 732 2055 singulos
753 2013 817 2045 illis
847 2013 981 2057 pacifice

225 2064 383 2107 gaudere,
417 2076 482 2099 non
513 2066 733 2109 permittentes
761 2078 815 2100 eos
843 2068 982 2111 desuper

227 2128 285 2160 per
304 2129 541 2163 quoscumque,
571 2126 683 2153 contra
706 2120 893 2154 earumdem
910 2121 980 2155 lite-

227 2181 337 2204 rarum
367 2177 525 2213 tenorem,
563 2174 805 2216 quomodolibet
841 2174 980 2208 indebite

227 2224 403 2265 molestari,
426 2226 678 2259 contradictores
699 2227 860 2270 quoslibet
880 2233 911 2261 et
934 2240 981 2262 re—

225 2277 326 2312 belles
364 2290 423 2324 per
456 2290 608 2312 censuras
628 2286 656 2313 et
683 2291 803 2324 poenas
832 2283 981 2316 ecclesia—

226 2331 331 2373 sticas,
366 2334 555 2367 auctoritate
590 2340 715 2375 nostra,
764 2336 980 2379 appellatione

226 2387 413 2430 postposita,
425 2388 673 2432 compescendo,
684 2399 822 2429 necnon,
832 2390 981 2433 legitimis

227 2451 325 2484 super
349 2441 398 2475 his
424 2442 580 2475 habendis
608 2442 737 2475 servatis
763 2444 979 2486 processibus,

228 2501 381 2524 censuras
414 2496 445 2524 et
473 2502 592 2535 poenas
616 2491 699 2535 ipsas
732 2491 825 2524 etiam
861 2493 981 2527 iteratis

227 2539 350 2572 vicibus
381 2541 600 2584 aggravando.
638 2541 782 2573 invocato
812 2541 906 2574 etiam
941 2543 980 2575 ad

228 2587 301 2629 1100,
329 2589 353 2621 si
379 2600 461 2633 opus
481 2590 589 2627 fuerit,
619 2589 737 2622 auxilio
766 2589 890 2623 brachii
911 2602 980 2625 sae-

228 2637 357 2671 cularis.

272 2687 359 2731 313.
388 2688 456 2722 Non
482 2688 681 2722 obstantibus
707 2688 808 2722 felicis
832 2689 980 2723 recorda-

1674 281 1739 316 165

1028 399 1108 432 soris
1128 399 1243 439 nostri,
1274 410 1338 443 qua
1367 403 1496 432 cavetur
1533 409 1572 431 ne
1598 399 1670 441 quis
1698 404 1785 431 extra

1028 464 1118 486 suam
1140 453 1297 487 civitatem
1318 453 1366 486 vel
1383 453 1569 493 dioecesim,
1592 452 1652 485 nisi
1669 453 1700 486 in
1717 464 1786 485 cer-

1027 507 1065 538 tis
1087 508 1227 552 exceptis
1248 507 1384 547 casibus,
1406 513 1433 540 et
1456 507 1487 539 in
1508 507 1570 539 illis
1582 507 1665 539 ultra
1686 517 1784 539 unam

1028 560 1164 594 diaetam
1185 574 1202 594 a
1226 562 1289 595 fine
1309 573 1385 595 suae
1406 561 1562 594 dioecesis
1578 561 1616 594 ad
1638 560 1784 593 iudican-

1027 614 1103 646 dum
1138 622 1308 655 evocetur,
1345 627 1402 649 seu
1436 625 1476 648 ne
1506 614 1627 648 iudices
1657 626 1674 647 a
1704 615 1784 648 Sede

1027 669 1168 709 praefata
1193 669 1336 713 deputati
1358 674 1444 702 extra
1460 668 1620 702 civitatem
1636 668 1684 701 vel
1701 668 1786 701 dioe-

1026 720 1136 759 cesim,
1161 721 1192 753 in
1213 722 1332 765 quibus
1352 722 1495 766 deputati
1521 722 1650 761 fuerint,
1673 728 1784 756 contra

1025 785 1249 818 quoscumque
1272 776 1447 818 procedere
1460 803 1467 816 ‚
1500 782 1552 809 aut
1571 776 1625 809 alii
1645 777 1693 809 vel
1714 777 1784 810 aliis

1026 826 1109 860 vices
1129 839 1202 861 suas
1219 829 1420 862 committere
1442 835 1662 872 praesumant.
1685 830 1723 863 Et
1745 831 1783 864 de

1025 880 1151 914 duabus
1172 882 1283 914 diaetis
1304 883 1335 914 in
1357 883 1494 916 concilio
1515 884 1658 927 generali
1679 884 1781 925 edita,

1025 934 1202 968 dummodo
1224 936 1308 968 ultra
1320 941 1383 969 tres
1398 937 1518 969 diaetas
1538 938 1654 981 aliquis
1669 944 1782 972 aucto-

1024 987 1116 1021 ritate
1144 990 1363 1033 praesentium
1389 991 1426 1022 ad
1454 991 1609 1024 iudicium
1631 1003 1696 1025 non
1718 999 1782 1026 tra—

1024 1042 1132 1083 hatur,
1155 1048 1185 1075 et
1211 1043 1282 1076 aliis
1306 1045 1492 1087 apostolicis
1518 1056 1553 1078 ac
1575 1046 1782 1088 provinciali-

1024 1094 1084 1127 bus
1104 1102 1134 1128 et
1155 1097 1362 1141 synodalibus
1392 1098 1538 1131 conciliis
1568 1099 1678 1140 editis,
1711 1111 1781 1143 spe-

1024 1147 1159 1182 cialibus
1184 1151 1231 1182 vel
1260 1151 1477 1192 generalibus,
1500 1152 1783 1186 constitutionibus

1023 1207 1053 1234 et
1068 1203 1338 1245 ordinationibus,
1360 1216 1488 1238 necnon
1511 1206 1614 1239 dictae
1635 1207 1779 1247 militiae,

1023 1256 1120 1289 etiam
1155 1258 1356 1299 iuramento,
1380 1260 1627 1293 confirmatione
1656 1267 1782 1305 aposto-

1023 1309 1084 1342 lica
1103 1312 1150 1343 vel
1167 1312 1276 1354 quavis
1294 1312 1444 1346 firmitate
1461 1313 1522 1346 alia
1534 1314 1703 1355 roboratiS,
1718 1317 1782 1348 'sta-

1025 1364 1098 1397 tutis
1132 1370 1163 1398 et
1195 1366 1503 1407 consuetudinibus,
1539 1367 1780 1410 stabilimentis,

1023 1418 1135 1451 usibus
1151 1425 1179 1452 et
1202 1420 1341 1459 naturis,
1372 1422 1543 1454 contrariis
1567 1422 1779 1466 quibuscum—

1023 1483 1106 1515 que;
1135 1480 1190 1506 aut
1221 1474 1247 1507 si
1275 1474 1458 1517 aliquibus,
1487 1476 1704 1510 communiter
1732 1477 1779 1510 vel

1023 1526 1167 1567 divisim,
1204 1528 1242 1560 ab
1282 1528 1393 1561 eadem
1428 1529 1467 1562 sit
1501 1529 1582 1563 Sede
1615 1530 1779 1563 indultum

1022 1581 1108 1622 quod
1135 1580 1300 1621 interdici,
1338 1582 1491 1626 suspendi
1516 1583 1563 1616 vel
1591 1594 1779 1617 excommu-

1023 1634 1123 1666 nicari
1145 1645 1209 1667 non
1240 1635 1361 1678 possint
1382 1647 1440 1679 per
1459 1636 1568 1670 literas
1588 1637 1781 1681 apostolicas

1022 1698 1086 1721 non
1110 1689 1262 1722 facientes
1279 1690 1407 1733 plenam
1429 1695 1457 1723 et
1480 1701 1663 1734 expressam
1687 1703 1724 1725 ac
1742 1692 1780 1726 de

1022 1742 1117 1774 verbo
1143 1742 1182 1775 ad
1211 1743 1344 1776 verbum
1365 1744 1403 1777 de
1433 1744 1558 1777 indulto
1592 1745 1779 1779 huiusmodi

1024 1795 1230 1828 mentionem.
1264 1797 1418 1830 Volumus
1439 1804 1559 1839 autem,
1584 1799 1609 1832 si
1638 1799 1715 1833 alias
1734 1799 1779 1832 vi-

1022 1849 1191 1883 sitantibus
1224 1850 1342 1884 dictam
1391 1852 1559 1885 ecclesiam
1594 1853 1777 1897 erigendam

1024 1904 1118 1937 modo
1146 1904 1322 1947 praemisso
1350 1905 1457 1949 aliqua
1477 1907 1539 1939 alia
1566 1906 1776 1951 indulgentia,

1022 1958 1054 1990 in
1076 1964 1271 2002 perpetuum
1304 1960 1353 1992 vel
1373 1960 1412 1992 ad
1440 1964 1564 1993 certum
1588 1960 1675 1994 aliud
1697 1967 1777 1994 tcm-

1023 2022 1082 2055 pus
1111 2012 1254 2045 nondum
1282 2014 1427 2057 elapsum
1448 2014 1615 2054 duratura,
1639 2026 1697 2058 per
1721 2026 1778 2048 nos

1023 2077 1174 2099 concessa
1194 2066 1299 2107 suerit,
1321 2073 1504 2111 praesentes
1525 2068 1648 2109 literae,
1671 2069 1778 2111 quoad

1023 2119 1255 2163 indulgentiam
1276 2120 1308 2153 in
1343 2120 1388 2154 eis
1418 2126 1622 2162 contentam,
1658 2121 1779 2156 nullius

1022 2173 1082 2205 sint
1104 2173 1230 2207 roboris
1249 2175 1296 2207 vel
1318 2175 1483 2208 momenti.
1511 2174 1667 2218 Quodque
1683 2176 1780 2209 bene-

1022 2227 1095 2260 ficia
1115 2227 1234 2260 eisdem
1265 2228 1420 2262 militibus
1445 2229 1640 2262 conserenda
1668 2229 1779 2263 buius-
1817 2264 1827 2272 ⁶

1022 2281 1108 2314 modi
1138 2281 1251 2314 debitis
1285 2288 1457 2326 propterea
1490 2293 1556 2316 non
1586 2283 1779 2317 fraudentur

1021 2335 1195 2378 obsequiis,
1219 2341 1249 2369 et
1264 2335 1445 2369 animarum
1463 2347 1539 2370 cura
1557 2336 1587 2369 in
1600 2336 1655 2378 eis,
1674 2337 1698 2370 si
1714 2348 1777 2382 qua

1022 2389 1083 2423 illis
1103 2390 1282 2431 immineat,
1309 2391 1494 2424 nullatenus
1514 2391 1708 2434 negligatur.

1065 2444 1080 2487 ξ,
1099 2444 1153 2477 (14.
1177 2444 1261 2477 Nulli
1287 2455 1362 2488 ergo
1383 2445 1517 2478 omnino
1546 2445 1716 2478 hominum
1737 2446 1775 2478 li-

1021 2499 1090 2526 ceat
1109 2499 1166 2527 ece.

1064 2543 1178 2576 Datum
1199 2543 1318 2577 Romae
1339 2544 1424 2587 apud
1445 2544 1476 2577 S.
1506 2544 1668 2585 Marcum,
1691 2555 1775 2578 anno

1021 2591 1253 2625 Incarnationis
1280 2592 1460 2626 dominicae
1486 2593 1657 2626 millesimo
1683 2593 1776 2637 quin—

1020 2640 1197 2683 gentesimo
1218 2641 1415 2685 sexagesimo
1436 2643 1590 2682 secundo,
1618 2642 1711 2676 nonis
1726 2642 1775 2675 iu-

1022 2689 1067 2731 lii,
1094 2690 1301 2734 pontificatus
1323 2691 1423 2725 nostri
1448 2702 1534 2725 anno
1550 2701 1596 2724 111.

1800 288 1849 315 An.
1868 288 1897 314 C.
1917 287 1983 315 ¹562

1027 344 1122 378 tionis
1149 344 1303 378 Bonisacii
1322 344 1427 389 Papae
1457 344 1569 384 octavi,
1597 344 1784 388 praedeces·
1825 354 1984 376 0111011110-

1799 387 1928 410 rogatoriam

1822 2454 1908 2477 Sanctio
1923 2462 1977 2483 poe-

1791 2485 1851 2507 naus.
