2237 3100
208 255 256 280 Αιι,
275 254 303 279 C.
324 254 388 280 15612

271 2243 391 2264 lie-servatio

207 2278 288 2299 gratiae
311 2276 336 2294 de
359 2281 393 2294 ce-

206 2311 253 2326 tero
272 2307 393 2326 conceden-

208 2339 255 2357 dae.

446 242 510 275 336

998 248 1177 271 BULLARIUM
1197 247 1347 270 ROMANUM

1962 245 2010 269 An.
2029 243 2055 268 C.
2077 245 2144 272 ¹565

408 305 549 337 (fioribus
569 310 597 337 et
619 303 763 339 insolitis,
783 303 876 335 etiam
894 302 954 333 vim
972 306 1155 333 contractus
1198 298 1416 330 stitutionibus
1436 303 1466 330 et
1481 297 1737 345 ordinationibus
1747 296 1943 340 apostolicis,
1982 307 2091 328 Ctausutae
2108 309 2145 329 ie-

406 358 646 397 indueentibus,
665 356 829 392 clausulis,
849 354 1113 397 irritantibusque
1126 358 1156 385 et,
1198 351 1375 394 ceterisque
1401 350 1570 383 contrariis
1599 350 1870 393 quibuscumque.

1909 349 1947 382 Ut

405 411 474 444 aliis
507 410 662 449 decretis,
697 409 791 442 etiam
823 406 1085 440 consistorialiter
1119 417 1154 439 ae
1198 409 1304 437 autem
1339 409 1523 448 praesentes
1551 403 1589 436 ad
1623 404 1767 436 omnium
1801 403 1945 436 notitiam

406 470 493 497 motu
518 470 546 497 et
572 462 735 508 potestatis
760 460 958 505 plenitudine
983 460 1153 495 similibus,

405 529 463 562 per
473 526 697 561 quoscumque
713 516 873 547 Romanos
884 513 1052 546 Pontifices
1064 523 1156 557 prae-

404 572 589 604 decessores
609 574 735 602 nostros
752 580 787 601 ac
810 580 867 602 nos
887 573 914 601 et
932 568 1045 600 Sedent
1062 578 1154 611 prae-

404 626 520 659 dictam
542 625 588 657 rel
610 624 679 656 eius
707 624 828 665 legatos
855 621 1020 666 quibusvis
1045 621 1153 654 civita-

405 679 500 716 tibus,
524 677 663 722 oppidis,
687 676 810 716 castris,
833 676 912 709 locis
933 687 988 709 seu
1010 687 1154 709 commn-

402 731 570 767 nitatibus,
604 729 883 770 universitatilnis,
911 729 1155 763 confraternita-

403 786 508 822 tibus‚
539 784 700 827 collegiis,
735 783 890 824 ecclesiis,
927 783 1151 827 hospitalibus,

402 839 462 883 piis
486 839 564 871 locis
585 844 615 871 et
644 838 714 871 aliis
734 837 891 881 personis,
924 843 987 870 tam
1010 837 1153 870 saecula-

402 893 491 925 ribus
511 903 608 936 quam
630 891 873 931 ecclesiasticis,
896 891 991 924 etiam
1013 889 1154 924 cuiusvis

400 946 527 979 Ordinis
547 944 763 989 regularibus,
787 945 1023 988 cuiuscumque
1049 944 1152 987 digni-

401 1000 482 1040 tatis,
504 1004 615 1039 status,
642 998 772 1042 gradus,
804 997 965 1041 qualitatis
994 1004 1021 1031 et
1055 1009 1154 1042 prtee-

400 1053 572 1086 minentiae
590 1051 720 1093 fuerint,
738 1052 894 1085 hactenus
910 1052 1149 1094 quomodolibet

400 1117 565 1146 concessa,
592 1118 629 1139 ae
650 1105 745 1138 etiam
766 1105 888 1148 pluries
918 1106 1095 1150 approbata
1124 1112 1149 1137 et

400 1165 560 1200 innovata,
583 1165 694 1193 tenore
710 1159 927 1202 praesentium
950 1170 1150 1195 revocamus,

399 1224 575 1254 cassamus,
599 1213 763 1246 irritamus
783 1218 811 1245 et
833 1213 1052 1252 annullamus,
1080 1213 1152 1245 nul-

400 1268 524 1311 liusque
547 1268 673 1300 roboris
693 1268 739 1299 vel
761 1267 915 1299 momenti
938 1268 1017 1304 sore,
1048 1277 1152 1309 neque

399 1321 553 1365 deinceps
573 1321 724 1365 cuiquam
745 1320 931 1363 suffragari,
950 1332 1054 1364 neque
1075 1319 1151 1353 eivi-

399 1380 490 1415 tates,
509 1374 640 1419 oppida,
665 1380 779 1413 eastra,
801 1375 869 1408 loca
892 1385 948 1407 seu
970 1372 1152 1407 communi-

399 1434 489 1468 tates,
513 1428 746 1467 universitates,
770 1428 918 1471 collegia,
941 1426 1152 1461 confraterni-

400 1487 478 1515 tates
502 1487 556 1514 aut
576 1493 690 1515 eorum
712 1487 854 1515 rectores
877 1483 925 1514 vel
955 1482 1035 1514 alios
1059 1491 1154 1524 quos-

401 1536 489 1575 libet,
507 1537 696 1569 eorumdem
713 1535 956 1580 privilegiorum
973 1540 1151 1580 praetextu,

399 1590 538 1623 alicuius
572 1589 753 1623 homicidae
787 1590 941 1633 gratiam,
977 1589 1154 1623 absolutio-

401 1655 474 1677 nem
509 1650 561 1677 aut
602 1643 824 1677 remissionem
848 1645 1070 1687 praetendere,
1103 1656 1153 1678 re-

400 1698 531 1741 quirere
552 1699 598 1731 vel
620 1697 816 1731 homicidam
847 1697 1077 1731 absolvendum
1099 1709 1155 1732 no-

402 1752 536 1792 minare,
558 1763 612 1785 seu
643 1757 866 1795 praesentare,
893 1752 941 1783 vel
970 1752 1154 1785 huiusmodi

404 1806 577 1850 privilegiis
597 1806 675 1838 alias
696 1804 754 1842 uti;
777 1815 882 1847 neque
903 1804 1077 1845 civitatum,
1096 1811 1156 1839 ter-

403 1871 512 1893 rarum
533 1865 587 1893 aut
612 1860 759 1892 locorum
780 1858 1021 1902 praedictorum
1041 1860 1155 1903 guber-

403 1920 530 1947 natores
544 1941 551 1953 ,
592 1919 733 1947 rectores
770 1913 817 1945 vel
859 1913 1064 1955 magistratus
1098 1925 1156 1958 pro

405 1975 549 2012 tempore
565 1968 735 2001 existentes
745 1966 981 2000 nominationes
996 1973 1047 1999 aut
1067 1979 1157 2010 prae-

405 2022 599 2055 sentationes
623 2020 809 2054 huiusmodi
837 2020 1004 2054 admittere
1025 2033 1081 2054 seu
1099 2022 1156 2054 ali-

405 2087 502 2119 quem
533 2075 575 2108 ita
604 2076 806 2108 nominatum
836 2076 883 2107 vel
918 2081 1156 2118 praesentatum

406 2129 566 2163 dimittere
587 2135 617 2163 et
636 2129 800 2162 absolvere
820 2139 925 2173 posse.

451 2183 465 2226 ξ
485 2183 516 2216 3.
540 2184 600 2216 Sed
621 2184 644 2216 si
667 2183 738 2227 quis
765 2193 857 2215 casus
891 2183 991 2226 gratia
1013 2189 1039 2217 et
1063 2184 1157 2217 mise-

410 2237 531 2270 ratione
552 2237 669 2280 dignus
689 2242 851 2277 occurrat,
882 2236 973 2269 illum
993 2238 1031 2270 ad
1053 2249 1110 2271 nos
1130 2244 1160 2271 et

410 2301 466 2334 pro
488 2296 633 2334 tempore
654 2291 839 2324 existentem
865 2291 1046 2323 Romanum
1076 2292 1158 2324 Pon-

412 2344 542 2384 tificem,
566 2349 599 2377 ut
621 2344 651 2377 in
664 2345 736 2382 lioe,
749 2355 807 2388 pro
833 2344 907 2377 faeti
927 2356 1158 2389 personarum-

410 2409 472 2441 que
492 2398 655 2441 qualitate,
677 2399 731 2431 fiat
760 2398 846 2442 quod
878 2398 1048 2431 convenire
1073 2399 1159 2432 vide-

409 2446 509 2487 bitur,
537 2447 649 2480 reserri
670 2447 806 2487 debere;
833 2458 869 2480 ac
889 2447 1043 2491 quiequid
1070 2459 1160 2480 secus

411 2508 428 2528 a
462 2507 638 2540 quoquam,
661 2497 772 2541 quavis
791 2497 998 2537 auctoritate,
1025 2497 1162 2531 scienter

412 2546 459 2578 vel
484 2545 680 2589 ignoranter,
704 2546 850 2579 attentari
871 2547 1052 2589 contigerit,
1089 2547 1161 2579 irri-

414 2600 481 2626 tum
503 2599 531 2627 et
558 2594 652 2627 inane
673 2595 877 2628 decernimus
897 2601 925 2628 et
947 2597 1159 2629 declaramus.

1198 457 1321 490 facilius
1341 458 1557 495 deducantur,
1585 457 1733 490 volumus
1762 463 1792 490 et
1813 457 1946 490 manda-

1199 522 1269 543 mus
1292 511 1379 554 quod
1408 511 1481 543 illae
1498 538 1505 547 ,
1536 511 1567 543 in
1597 510 1813 544 Cancellariae
1833 510 1946 543 Came-

1200 575 1253 597 rae
1274 564 1474 608 Apostolicae
1489 564 1595 605 valvis,
1618 575 1655 597 ae
1684 564 1717 596 in
1742 564 1811 597 acie
1835 564 1946 608 Campi

1199 618 1310 650 Florae
1331 618 1369 651 de
1396 618 1481 651 Urbe
1510 629 1568 662 per
1596 618 1737 661 aliquem
1767 628 1804 650 ex
1830 617 1948 650 nostris

1197 672 1385 704 cursoribus
1406 672 1534 711 affixae,
1570 671 1663 715 copia
1683 671 1813 704 illarum
1838 671 1880 703 ibi
1901 671 1947 704 di-

1198 725 1302 765 missa,
1324 725 1489 758 universos
1509 731 1539 758 et.
1559 725 1713 767 singulos,
1735 734 1875 769 quorum
1900 724 1947 756 in—

1198 784 1309 818 terest,
1333 778 1415 811 intra
1437 790 1580 812 mensem
1604 790 1621 811 a
1641 778 1691 811 die
1712 778 1868 811 affixionis
1888 779 1947 811 liu-

1197 832 1333 864 ius-modi
1364 833 1630 877 computandum,
1654 832 1788 876 perinde
1808 831 1947 864 afficiant,

1196 890 1383 929 arctentque
1404 897 1440 919 ae
1463 886 1485 918 si
1507 886 1569 919 illis
1588 886 1800 930 personaliter
1820 885 1947 918 intima-

1197 945 1245 971 tae
1271 939 1414 972 fuissent.

1240 992 1323 1025 Nulli
1350 1004 1425 1036 ergo
1447 993 1578 1026 omnino
1599 994 1768 1026 hominum
1789 997 1846 1026 ele.

1241 1046 1352 1078 Datum
1374 1047 1493 1080 llomae
1513 1047 1599 1091 apud
1624 1047 1777 1080 Sanctum
1802 1047 1945 1087 Petrum,

1196 1110 1280 1131 anno
1305 1100 1538 1133 lncarnationis
1567 1100 1748 1133 dominicae
1777 1099 1948 1133 millesimo

1195 1152 1454 1196 quingentesimo
1470 1154 1667 1197 sexagesimo
1684 1159 1811 1197 quarto,
1826 1164 1878 1186 iux
1895 1154 1950 1186 ka-

1197 1207 1307 1239 lendas
1324 1207 1470 1246 ianuarii,
1489 1207 1694 1250 pontificatus
1706 1208 1806 1241 nostri
1822 1218 1907 1240 anno
1916 1217 1946 1239 v.

1247 1264 1306 1294 liat.
1330 1266 1375 1294 die
1398 1265 1432 1294 14
1451 1267 1514 1295 dec.
1538 1266 1622 1301 1564,
1644 1265 1745 1303 pontif.
1769 1275 1845 1295 anno
1869 1274 1896 1294 v.

1538 1424 1599 1457 CX.

1197 1496 1410 1539 Confirmatio
1444 1497 1666 1539 plurimarum
1702 1498 1890 1541 qratiarum
1918 1502 1947 1531 et

1237 1551 1481 1594 pririleyiorzmi
1504 1551 1648 1592 fratrum
1667 1552 1813 1584 militum
1843 1552 1948 1596 hospi-

1242 1605 1316 1636 talis
1340 1604 1456 1636 Sancti
1470 1604 1589 1637 Lazari
1608 1604 1914 1647 Hierosolymitani,
1931 1616 1953 1638 a

1242 1658 1453 1700 Pontificibus
1479 1658 1771 1701 praedecessoribus
1795 1669 1950 1692 concesso·

1242 1723 1324 1749 riou,
1354 1713 1386 1745 in
1414 1713 1464 1745 liis
1493 1723 1573 1756 quae
1595 1713 1729 1745 coneilio
1761 1713 1950 1746 Tridentino

1243 1777 1305 1798 ιιοιι
1327 1767 1555 1805 ιιάυσιᾉτιηῖιῑις·
1580 1771 1608 1799 et
1625 1767 1780 1799 concessio
1806 1767 1948 1800 aliarum

1242 1821 1491 1853 immitiiitulmii
1510 1825 1539 1853 et
1560 1821 1761 1854 indultorum
1778 1821 1803 1853 Ἰ.

1297 1903 1358 1931 Pius
1370 1903 1511 1939 episcopus
1530 1910 1626 1932 servus
1641 1910 1784 1932 servorum
1797 1903 1854 1936 Dei.

1343 1958 1376 1985 ad
1395 1958 1558 1992 perpetuam
1581 1958 1622 1986 rei
1640 1958 1808 1987 memoriam.

1244 2030 1330 2062 Inter
1363 2030 1506 2063 assiduas
1535 2030 1690 2064 dominici
1723 2031 1829 2074 gregis
1862 2031 1956 2065 nobis

1201 2083 1350 2116 divinitus
1371 2085 1545 2126 commissi,
1563 2096 1629 2118 non
1645 2086 1749 2119 solum
1770 2096 1788 2118 a
1808 2084 1955 2129 spiritua-

1200 2137 1296 2177 libus,
1319 2139 1374 2171 sed
1395 2140 1488 2172 etiam
1510 2151 1527 2172 a
1545 2139 1770 2184 corporalibus
1789 2139 1881 2172 noxis
1895 2149 1952 2184 pe-

1202 2191 1377 2235 riculisque
1401 2193 1663 2234 imminentibus,
1686 2198 1842 2237 quantum
1863 2193 1954 2227 nobis

1202 2257 1237 2279 ex
1272 2247 1334 2279 alto
1365 2248 1572 2290 permittitur,
1600 2247 1823 2291 praeservandi
1844 2259 1951 2290 curas,

1202 2300 1247 2332 illi
1273 2300 1497 2343 potissimum,
1518 2308 1590 2344 post
1614 2302 1710 2335 divini
1730 2301 1874 2334 numinis
1893 2312 1951 2335 au-

1203 2353 1313 2386 xilium
1348 2355 1572 2399 frequentibus
1601 2356 1707 2389 cordis
1727 2354 1827 2388 nostri
1847 2355 1951 2400 suspi-

1204 2407 1257 2439 riis
1278 2407 1498 2452 imploratum,
1522 2410 1610 2442 enini
1641 2415 1757 2443 conatu
1787 2409 1879 2442 nobis
1904 2408 1952 2442 in-

1243 2476 1248 2499 l
1269 2474 1362 2509 Quoad
1391 2477 1579 2510 praecedentes
1601 2482 1698 2511 gratias.
1725 2476 1804 2502 habes
1824 2476 1902 2502 etiam
1929 2477 1954 2503 in

1207 2519 1347 2546 Alexandri
1367 2521 1399 2548 lV
1420 2521 1609 2547 constitutione
1626 2529 1652 2551 x,
1670 2522 1735 2547 Cum
1755 2530 1772 2546 ιι
1792 2523 1953 2552 nobis‚tom.

1204 2571 1243 2594 ιιι,
1265 2573 1321 2598 pag.
1341 2566 1402 2597 6023
1420 2569 1443 2591 ct
1461 2566 1602 2592 Clementis
1619 2566 1652 2594 lV
1668 2569 1752 2592 const.
1772 2574 1810 2598 iv,
1828 2567 1893 2592 Cum
1914 2570 1954 2592 ‹ti-

1205 2611 1287 2639 tre-tis,
1313 2609 1421 2641 ibidem,
1444 2618 1501 2644 pag.
1525 2610 1586 2641 727,
1609 2614 1633 2637 et
1656 2614 1738 2637 const,
1762 2619 1811 2644 vn,
1832 2612 1953 2639 seueru-

457 2643 472 2686 ᾗ
488 2642 518 2676 4.
538 2643 607 2677 Non
623 2643 822 2677 obstantibus
837 2645 1021 2688 praemissis
1037 2656 1072 2679 ae
1089 2656 1163 2679 con-
1206 2655 1309 2685 bilibus,
1330 2653 1436 2687 ibidem,
1457 2662 1515 2690 pag.
1535 2654 1595 2681 7112.

1961 340 2089 365 rogatoriae.

1996 2044 2076 2066 Causa·
2093 2045 2156 2065 huius

1971 2077 2139 2098 constitutionis.
