2237 3100
90 305 140 332 An.
159 306 188 333 C.
206 305 273 334 ¹560

111 1796 208 1818 Facultas
230 1797 271 1818 eli-

84 1829 147 1854 gendi
162 1828 271 1849 confesso-

84 1865 136 1880 rem.

112 2143 209 2164 rac-nias
233 2150 270 2169 ag-

85 2176 186 2201 gregandi
221 2174 273 2195 alias

86 2205 226 2227 confi-aternu
234 2208 255 2225 =t.

959 304 1027 328 PIUS
1051 303 1081 327 lv
1105 304 1153 327 PP.

286 370 375 392 mum
397 358 570 392 confitendi
585 358 988 403 propositumhabentibus
1009 363 1039 391 et

286 408 434 442 similiter
462 407 649 448 orantibus,
680 406 857 451 plenariam
891 407 1037 440 omnium

286 462 495 503 peccatorum
522 468 656 490 suorum
683 456 915 499 indulgentiam
936 463 967 489 et
986 468 1036 490 re-

286 507 474 540 missionem
508 506 628 539 eisdem
653 506 843 539 auctoritate
871 512 901 538 et
926 510 1037 538 tenore

287 556 496 590 concedimus
523 561 553 589 et
579 555 765 598 elargimur,
789 555 908 587 Eorum
930 560 1037 587 autem

286 605 432 640 omnium
458 609 489 638 et
517 605 718 647 singulorum
740 604 938 637 confratrum
953 631 960 643 ,
983 605 1036 647 qui

287 666 345 700 per
368 660 465 688 totam
494 654 631 699 primam
660 655 708 687 vel
737 653 910 686 secundam
936 652 1038 686 dictae

286 704 441 738 orationis
460 709 588 737 noctem
610 703 641 736 in
663 703 774 737 eadem
801 702 945 735 oratione
966 713 1037 745 per-

286 753 481 793 manserint,
511 765 559 793 ae,
594 764 653 797 pro
687 753 827 790 viribus,
850 756 885 784 ut
919 762 1035 794 supra,

286 814 398 848 preces
431 803 612 843 effuderint,
634 802 750 835 intuitu
786 800 882 833 unius
913 800 1038 833 animae

286 853 522 896 cuiuscumque
556 852 660 884 fidelis
692 849 855 890 defuncti,
884 860 942 892 pro
976 861 1039 892 qua

286 903 485 947 quicumque
519 912 556 935 ex
584 901 660 944 ipsis
698 900 848 933 Miserere
873 899 937 931 mei
955 899 1040 932 Deus

286 958 317 986 et
335 952 381 985 De
398 951 571 995 profundis
605 950 756 994 psalmos,
785 953 840 980 aut
867 947 1040 992 quinquies

286 1000 470 1034 Orationem
486 999 686 1033 Dominicam
703 1003 733 1031 et
748 996 932 1039 Angelieam
949 997 1040 1030 Salu-

285 1049 439 1083 tationem
478 1048 645 1081 humiliter
662 1074 669 1088 ‚
696 1047 728 1079 in
753 1045 855 1079 dictae
885 1046 1039 1080 orationis

285 1098 362 1139 fine,
385 1109 494 1132 coram
515 1096 713 1131 sanctissimo
729 1095 938 1129 Sacramento
954 1095 1040 1128 dixe-

286 1148 361 1188 rint,
384 1147 509 1192 quoties
534 1147 565 1179 id
590 1145 743 1185 fecerint,
767 1151 897 1178 centum
919 1155 1037 1185 annos,

286 1197 348 1230 illis
367 1207 441 1230 vero
462 1194 688 1234 confratribus,
711 1193 766 1238 qui
782 1194 943 1228 dictorum
962 1206 1039 1238 pau-

286 1256 401 1290 perum
434 1243 658 1277 decedentium
694 1253 830 1286 corpora
864 1243 903 1275 ad
930 1240 1037 1276 locum

286 1295 469 1338 sepulturae
507 1292 681 1326 detulerint
719 1298 773 1326 aut
812 1291 1039 1326 associaverint,

286 1349 316 1376 et
330 1343 475 1375 infirmos
493 1342 674 1385 praedictos
689 1342 896 1381 visitaverint,
915 1342 1040 1386 quoties

284 1393 315 1425 id
334 1392 484 1432 fecerint,
506 1392 593 1424 mille
628 1402 729 1424 annos
754 1397 784 1424 et
806 1391 936 1424 totidem
958 1403 1038 1434 qua-

283 1441 440 1483 dragenas
457 1441 496 1474 de
512 1440 666 1474 iniunctis
682 1440 741 1473 sibi
758 1440 966 1484 poenitentiis
982 1441 1039 1473 mi-

283 1489 488 1523 sericorditer
516 1489 549 1522 in
578 1489 713 1523 Domino
740 1490 940 1529 relaxamus,
962 1501 1038 1523 nec-

283 1551 347 1574 non
368 1540 488 1574 eisdem
510 1540 746 1581 confratribus,
769 1540 854 1584 quod
877 1540 970 1573 liceat
995 1541 1039 1574 eis

283 1595 446 1624 eteorum
468 1589 620 1631 cuilibet,
644 1590 779 1623 durante
808 1600 921 1623 eorum
948 1590 1039 1623 intir-

283 1639 403 1681 mitate,
428 1639 556 1673 missam
577 1639 609 1672 in
630 1639 780 1673 domibus
795 1640 861 1672 suis
882 1640 1039 1673 celebrari

284 1691 401 1724 facere.

328 1741 343 1785 ἓ
362 1741 416 1775 11.
439 1741 570 1775 Necnon
594 1741 812 1775 confessorem
838 1752 894 1774 seu
916 1742 1040 1774 confes-

285 1801 385 1832 sores,
407 1791 463 1835 qui
484 1802 538 1825 eos
564 1792 597 1824 in
628 1790 740 1824 mortis
770 1791 907 1824 articulo
928 1791 966 1823 ab
988 1802 1039 1824 eo-

285 1851 357 1873 rum
378 1840 529 1884 peccatis,
548 1846 576 1874 et
590 1839 661 1873 Sedi
684 1839 878 1884 praedictae,
900 1840 931 1872 in
952 1841 1039 1874 bulla

284 1889 335 1922 die
345 1889 469 1923 Coenae
480 1889 607 1923 Domini
619 1890 681 1933 legi
694 1895 859 1929 consueta,
872 1890 1041 1923 reservatis

284 1939 473 1982 (Religionis
493 1945 521 1973 et
544 1940 697 1973 castitatis
708 1939 788 1973 votis
805 1939 969 1972 dumtaxat
990 1951 1040 1972 ex-

285 1989 410 2033 ceptis),
425 1989 509 2022 dicta
520 1990 712 2023 auctoritate
727 1990 891 2023 absolvere
908 1990 1040 2033 possint,

286 2037 416 2080 eligere.

330 2087 418 2131 5102.
441 2089 486 2121 Ac
512 2088 590 2133 ipsis
618 2087 825 2131 guardianis,
851 2087 1042 2121 officialibus

287 2142 318 2170 et
355 2137 514 2180 deputatis
553 2148 610 2182 pro
651 2142 795 2181 tempore
834 2136 1042 2171 existentibus

287 2197 510 2230 quascumque
527 2187 805 2220 confraternitates
820 2191 907 2219 extra
924 2187 1041 2220 Urbem

287 2236 497 2279 praedictam,
523 2237 581 2269 sub
615 2236 800 2269 huiusmodi
827 2236 984 2269 vocabulo
1013 2243 1043 2271 et

289 2285 439 2318 institutis
465 2296 522 2328 pro
554 2290 698 2329 tempore
726 2290 868 2325 erectas,
892 2285 1043 2320 omnibus

288 2340 318 2368 et
342 2335 477 2378 singulis
507 2334 679 2379 praedictis
707 2334 842 2378 aliisque
870 2335 1043 2378 privilegiis

289 2391 319 2419 et
338 2384 546 2428 indulgentiis
566 2384 624 2417 sibi
646 2384 798 2429 deinceps
813 2385 1041 2426 concedendis,

289 2435 348 2467 sub
382 2434 623 2467 conditionibus
656 2439 687 2466 et
720 2433 832 2466 formis
868 2433 926 2466 sibi
961 2435 1043 2468 bene

288 2479 372 2520 visis,
395 2478 607 2522 agoregandi,
630 2477 765 2521 illasque
787 2477 831 2511 eis
851 2478 883 2511 in
910 2483 975 2512 toto
994 2480 1043 2512 vel

289 2524 322 2556 in
347 2529 437 2568 parte
458 2522 719 2556 communicandi
748 2523 932 2556 facultatem
958 2524 1044 2557 simi-

289 2568 362 2602 liter
397 2568 604 2602 concedimus
637 2578 674 2601 ac
698 2567 903 2611 indulgemus
930 2568 1043 2602 huius-

290 2613 423 2701 mogdlfss.
445 2658 483 2691 Et
511 2663 697 2702 praesentes
729 2656 856 2697 literas,
884 2657 943 2691 sub
971 2657 1044 2701 qui-

1749 289 1789 323 89

1080 417 1220 450 cumque
1248 404 1401 438 similium
1422 405 1469 437 vel
1495 403 1699 436 dissimilium
1727 402 1834 435 indul-

1079 456 1260 499 gentiarum
1282 465 1339 498 per
1358 464 1417 486 nos
1438 459 1465 486 et
1490 453 1604 486 Sedem
1626 453 1834 496 praedictam,

1080 506 1175 538 etiam
1197 505 1229 537 in
1253 504 1393 536 favorem
1414 502 1554 535 fabricae
1576 501 1726 534 basilicae
1747 502 1836 534 Prin-

1080 555 1160 598 cipis
1180 553 1408 597 Apostolorum
1437 551 1476 584 dc
1501 550 1568 594 ipsa
1590 551 1685 591 L'rbe,
1709 550 1836 595 expedi-

1080 603 1175 636 tionis
1187 607 1299 636 contra
1310 601 1456 634 infideles
1472 605 1503 633 et
1517 599 1685 633 Cruciatac
1702 599 1836 633 Sanctae

1080 654 1128 685 vel
1148 652 1252 692 aliter,
1271 651 1365 685 etiam
1382 651 1421 683 ad
1441 650 1689 693 imperatorum,
1710 660 1834 692 regum,

1081 701 1201 734 dueum
1222 706 1277 733 aut
1306 700 1444 733 aliorum
1478 699 1674 739 instantiam,
1701 709 1837 741 quomo-

1081 750 1199 783 dolibet
1239 761 1297 794 pro
1336 755 1481 793 tempore
1515 748 1617 787 factis,
1652 748 1838 781 nullatenus

1081 799 1324 843 comprehendi,
1336 800 1390 832 sed
1406 809 1534 842 semper
1549 798 1587 831 ab
1600 798 1663 831 illis
1679 803 1836 841 exceptas,

1081 854 1111 882 et
1132 849 1257 892 quoties
1277 849 1349 881 illae
1371 848 1579 885 emanabant,
1602 847 1696 880 toties
1720 847 1752 880 in
1769 847 1836 891 pri-

1081 899 1199 931 stinum
1226 903 1342 931 statum
1364 898 1526 930 restitutas
1546 902 1576 930 et
1597 897 1635 929 de
1656 907 1737 930 novo
1762 908 1837 930 con-

1081 958 1186 980 cessas
1207 948 1286 985 fore,
1310 946 1451 990 ipsisque
1482 946 1697 979 confratribus
1718 950 1748 979 et
1768 946 1838 979 aliis

1081 996 1231 1030 fidelibus
1251 995 1421 1037 suffragari
1436 994 1553 1027 debere
1572 994 1789 1028 decernimus.

1125 1045 1213 1089 §¹14
1236 1045 1305 1078 Non
1337 1043 1538 1077 obstantibus
1565 1043 1731 1087 quibusvis
1758 1055 1837 1088 apo-

1082 1095 1202 1129 stolicis
1231 1105 1268 1127 ac
1296 1095 1328 1127 in
1357 1093 1609 1138 provincialibus
1637 1100 1665 1126 et
1701 1095 1838 1137 synoda-

1081 1145 1166 1178 libus
1186 1143 1330 1178 conciliis
1353 1143 1457 1183 editis,
1483 1143 1688 1185 generalibus
1703 1144 1750 1176 vel
1769 1155 1839 1188 spe-

1083 1195 1226 1234 cialibus,
1236 1193 1520 1227 constitutionibus
1530 1198 1559 1226 et
1571 1192 1838 1235 ordinationibus,

1081 1255 1117 1278 ac
1138 1249 1247 1278 nostra
1275 1243 1313 1276 de
1329 1241 1538 1286 indulgentiis
1555 1248 1585 1275 et
1601 1243 1710 1285 gratiis
1727 1243 1837 1277 liuius-

1081 1294 1168 1327 modi
1189 1294 1228 1326 ad
1244 1293 1344 1326 instar
1364 1303 1429 1325 non
1450 1292 1678 1332 concedendis,
1702 1292 1837 1337 aliisque

1081 1343 1174 1377 editis
1194 1350 1224 1377 et
1244 1342 1376 1376 edendis
1396 1342 1613 1375 Cancellariae
1634 1343 1837 1386 Apostolicae

1058 1425 1060 1435 ,
1082 1393 1222 1436 regulis,
1244 1402 1371 1426 necnon
1406 1392 1595 1434 quorumvis
1625 1392 1836 1425 ecclesiarum

1081 1448 1109 1476 et
1145 1443 1283 1476 aliorum
1318 1444 1486 1481 locorum,
1515 1441 1610 1474 etiam
1639 1442 1835 1484 iuramento,

1081 1492 1326 1525 confirmatione
1361 1491 1536 1535 apostolica
1565 1492 1614 1524 vel
1642 1492 1752 1534 quavis
1783 1493 1838 1527 fir—

1081 1543 1189 1575 mitate
1210 1542 1271 1575 alia
1287 1541 1458 1580 roboratis,
1477 1541 1614 1579 statuti&
1633 1544 1840 1576 consuetudi-

1082 1592 1192 1631 nibus,
1224 1590 1484 1634 privilegiisque,
1514 1589 1647 1623 indultis
1677 1596 1707 1623 et
1736 1591 1838 1626 literis

1081 1640 1284 1685 apostolicis.
1315 1640 1378 1673 illis
1405 1646 1435 1673 et
1468 1650 1581 1673 eorum
1614 1640 1838 1684 superioribus

1081 1701 1117 1723 ac
1135 1689 1280 1734 personis
1295 1689 1430 1733 aliisque
1451 1688 1661 1732 quibuslibet,
1694 1690 1753 1723 sub
1770 1690 1839 1734 qui-

1080 1740 1285 1783 buscumque
1306 1738 1472 1772 tenoribus
1498 1744 1528 1771 et
1554 1737 1682 1777 formis,
1705 1751 1741 1772 ac
1763 1751 1838 1773 cum

1082 1789 1256 1833 quibusvis,
1285 1789 1379 1822 etiam
1401 1788 1680 1829 derogatoriarum
1703 1789 1839 1833 deroga-

1084 1838 1743 1883 toriisaliisqueefficacioribusetinsolitis
1754 1841 1840 1873 clau-

1082 1890 1170 1930 sulis,
1182 1900 1218 1922 ac
1230 1887 1429 1921 irritantibus
1440 1893 1468 1920 et
1483 1887 1552 1920 aliis
1563 1888 1699 1921 decretis
1710 1894 1738 1921 et
1751 1896 1839 1923 motu

1083 1939 1215 1984 proprio
1237 1950 1273 1971 ac
1308 1938 1385 1971 alias
1401 1937 1644 1981 quomodolibet
1664 1940 1837 1980 concessis,

1082 2000 1118 2022 ac
1144 1989 1238 2022 etiam
1260 1988 1382 2020 iteratis
1397 1987 1522 2020 vicibus
1539 1987 1724 2031 approbatis
1745 1994 1773 2021 et
1795 1989 1841 2022 in-

1083 2038 1217 2078 novatis,
1236 2038 1354 2082 quibus
1374 2037 1537 2077 omnibus,
1558 2036 1652 2069 etiam
1670 2037 1695 2069 si
1717 2038 1754 2070 de
1776 2038 1839 2071 illis

1083 2099 1119 2121 ac
1138 2088 1211 2121 totis
1233 2088 1364 2120 illorum
1385 2086 1554 2120 tenoribus
1568 2086 1842 2131 specialis,speci-

1083 2138 1144 2170 fica
1160 2142 1189 2170 et
1205 2136 1380 2176 individua,
1399 2147 1464 2169 non
1481 2142 1588 2168 autem
1606 2146 1664 2179 per
1680 2136 1841 2170 clausulas

1083 2188 1167 2221 idem
1189 2188 1411 2231 importantes,
1433 2185 1552 2218 mentio
1565 2190 1617 2218 aut
1635 2186 1764 2229 quaevis
1780 2186 1841 2219 alia

1085 2238 1246 2283 expressio
1266 2237 1425 2277 habenda,
1445 2248 1500 2269 seu
1522 2236 1629 2280 aliqua
1649 2235 1711 2268 alia
1733 2236 1841 2279 exqui-

1084 2288 1141 2320 sita
1162 2288 1264 2320 forma
1285 2287 1324 2320 ad
1344 2288 1406 2319 hoc
1427 2285 1580 2319 servanda
1601 2290 1692 2324 esset,
1713 2291 1841 2319 tenores

1084 2337 1284 2378 huiusmodi,
1306 2348 1343 2370 ac
1364 2337 1389 2369 si
1410 2336 1448 2368 de
1469 2335 1564 2368 verbo
1586 2334 1625 2367 ad
1644 2335 1777 2368 verbum
1795 2334 1841 2367 in-

1085 2392 1290 2427 sererentur,
1313 2385 1537 2431 praesentibus
1564 2395 1623 2429 pro
1644 2385 1842 2419 sufficienter

1086 2437 1243 2482 expressis
1271 2437 1437 2476 habentes,
1461 2435 1523 2468 illis
1543 2435 1636 2468 aliter
1656 2435 1687 2468 in
1708 2446 1767 2469 suo
1788 2447 1840 2469 ro-

1085 2484 1163 2516 bore
1176 2481 1408 2526 permansuris,
1421 2481 1482 2513 hac
1498 2480 1565 2513 vice
1578 2480 1753 2517 dumtaxat,
1772 2491 1842 2524 spe-

1086 2528 1211 2561 cialiter
1226 2532 1255 2560 et
1272 2537 1419 2570 expresse
1437 2525 1642 2568 derogamus,
1662 2525 1841 2569 ceterisque

1087 2572 1257 2606 contrariis
1273 2571 1544 2615 quibuscumque.

1130 2617 1215 2650 Nulli
1236 2627 1312 2657 ergo
1337 2620 1393 2649 etc.

1130 2662 1245 2695 Datum
1265 2661 1398 2701 Romae,
1415 2660 1501 2704 apud
1521 2659 1674 2693 Sanctum
1695 2658 1838 2699 Petrum,

290 2702 396 2737 busvis
411 2702 679 2743 revocationibus
700 2702 976 2748 suspensionibus
992 2703 1045 2737 de·
1087 2717 1172 2741 anno
1198 2705 1432 2740 Incarnationis
1456 2703 1637 2739 dominicae
1667 2703 1839 2737 millesimo

369 2756 444 2788 Bull.
462 2755 540 2788 Rom.
560 2755 615 2788 Vol.
637 2755 695 2788 VII.
889 2756 926 2786 12

1849 298 1900 324 An.
1918 298 1947 325 C.
1968 298 2034 325 1560

1080 356 1301 401 rogationibus
1326 355 1373 388 vel
1401 355 1647 387 limitationibus
1677 364 1833 398 quarum-
1849 360 2034 419 iugcffigqagrgg-

1850 424 1980 444 servativae.

1881 1060 1991 1082 clausulae
2002 1061 2041 1082 de-

1853 1094 1982 1120 rogatorias.
