2237 3100
6 250 57 278 An.
73 250 103 278 C.
122 250 190 278 ¹562

4 787 117 813 Derogatio
134 794 173 809 con
180 801 187 803 -

5 816 124 836 [ranorum.

882 245 949 269 PIUS
974 245 1003 267 IV
1028 244 1074 267 PP.

205 306 237 334 et
265 301 539 345 quandocumque
564 310 646 344 opus
666 299 774 340 suerit,
806 310 880 333 cum
906 310 954 338 ea,

204 366 267 399 qua
287 354 376 388 vobis
404 353 507 386 visum
528 353 639 393 suerit,
663 359 828 397 potestate,
858 363 956 396 nogo-

205 409 325 442 tiorum
347 419 455 447 causa,
473 418 555 450 quae
572 408 610 440 ad
627 407 770 441 officium
786 407 869 440 istud
887 419 957 451 per-

206 462 304 503 tinet,
327 461 496 503 mittendi,
519 473 638 505 eosque
653 489 660 503 ‚
684 473 757 495 cum
784 462 872 494 vobis
893 463 958 505 pla-

206 515 324 556 cuerit,
346 515 527 555 revocandi,
543 515 632 548 vobis
652 515 958 559 successoribusque

204 569 314 602 vestris
334 569 463 613 plenam
489 574 520 601 et
542 568 676 602 liberam
697 569 816 602 eisdem
845 575 956 603 aucto-

205 622 297 656 ritate
322 628 352 656 et
371 628 483 656 tenore
504 623 618 655 damus
638 628 669 656 et
688 623 898 656 concedimus
917 624 959 656 sa-

204 677 369 710 cultatem.

247 729 335 773 §13-
358 729 428 763 Non
456 730 658 763 obstantibus
684 729 785 763 felicis
811 730 958 762 recorda-

203 783 298 816 tionis
312 783 467 816 Bonifaoii
485 784 589 827 Papae
611 784 684 823 VIII,
701 783 959 827 praedecessoris

202 837 325 877 nostri,
346 837 385 870 de
419 848 496 878 una,
528 842 557 870 et
578 837 705 871 concilii
734 838 892 880 generalis
921 838 959 870 de

202 891 329 924 duabus
343 890 456 924 diaetis
476 897 507 924 et.
527 891 694 935 quibusvis
713 891 783 924 aliis
803 891 959 924 constitu-

202 943 345 977 tionibus
365 949 395 977 et
414 944 671 978 ordinationibus
692 945 725 978 in
741 945 888 978 conciliis
903 956 959 988 ge-

202 997 367 1031 neralibus
396 1004 451 1031 aut
477 998 731 1042 provincialibus
764 998 874 1039 editis,
910 998 959 1031 in-

202 1050 302 1084 dultis
335 1051 576 1096 privilegiisque
602 1051 796 1095 apostolicis,
818 1052 913 1085 etiam
934 1052 959 1085 si

203 1104 350 1149 specialis
370 1110 400 1138 et
420 1116 568 1149 expressa
589 1116 625 1138 ac
653 1105 691 1138 de
718 1105 815 1139 verbo
835 1106 874 1138 ad
894 1117 961 1139 ver-

202 1159 280 1191 bum
300 1159 339 1192 de
363 1159 408 1192 eis
434 1159 554 1192 mentio
570 1159 716 1192 facienda
741 1164 835 1200 esset,
863 1159 958 1193 etiam

203 1212 228 1245 si
249 1211 411 1255 aliquibus
430 1213 479 1245 vel
499 1212 596 1246 alicui
618 1224 636 1245 a
662 1212 755 1245 nobis
770 1213 818 1246 vel
839 1224 857 1246 a
879 1213 960 1247 Sede

202 1265 386 1309 Apostolica
406 1276 597 1299 concessum
614 1266 695 1299 foret
714 1276 780 1299 non
800 1277 894 1311 posse
909 1278 960 1300 ex-

203 1319 452 1360 communicari,
474 1330 581 1363 neque
602 1321 661 1353 sub
682 1320 828 1353 censuris
847 1321 960 1365 quovis

202 1373 298 1406 modo
333 1374 583 1417 compnehendi,
617 1374 678 1407 nisi
712 1373 904 1407 nominatim
930 1380 961 1408 et

202 1437 351 1470 expresse
384 1427 423 1461 de
457 1438 494 1461 eo
528 1427 650 1461 mentio
676 1428 786 1469 fieret,
818 1439 873 1461 seu
902 1440 961 1473 per

201 1490 425 1525 quascumque
451 1481 612 1515 clausulas
642 1482 800 1515 fortiores.
838 1481 960 1520 Quibus

202 1534 364 1575 omnibus,
381 1546 495 1568 eorum
511 1540 640 1569 tenores
656 1546 715 1580 pro
732 1535 890 1579 expressis
905 1536 960 1569 ha-

201 1588 324 1629 bentes,
347 1588 558 1632 derogamus,
586 1590 768 1634 ceterisque
788 1590 960 1623 contrariis

202 1642 475 1686 quibuscumque.

246 1696 361 1729 Datum
381 1697 502 1731 Romae
527 1698 614 1742 apud
639 1698 793 1731 Sanctum
812 1697 956 1739 Petrum,

202 1760 287 1783 anno
312 1751 546 1785 lncarnationis
573 1751 756 1785 dominicae
786 1752 958 1784 millesimo

187 1804 460 1848 'quingentesimo
477 1805 673 1849 sexagesimo
689 1806 843 1846 secundo,
856 1806 959 1849 pridie

29 2567 145 2590 Exordtum.

201 1858 273 1892 idus
302 1859 442 1893 octobris
454 1887 461 1901 ,
489 1859 697 1904 pontificatus
726 1860 847 1901 nostri,
874 1871 958 1893 anno

201 1912 306 1946 tertio.

227 1972 286 2002 Dat.
303 1974 350 2004 die
370 1972 407 2003 14
422 1972 552 2003 octobris
569 1972 652 2010 1562),
669 1972 771 2012 pontis.
791 1982 867 2002 anno
884 1981 926 2002 111.

517 2113 657 2146 LXXVII.

198 2181 485 2224 Indulqentz'arum
515 2181 643 2223 yrcttz‘ac
670 2180 709 2212 ab
735 2180 882 2213 omnibus
910 2179 957 2222 os-

242 2235 418 2278 [ι’θὶιιίῖίνιιε7
441 2235 527 2266 circa
551 2234 729 2266 clausulam
745 2234 959 2276 porrectionis

244 2299 402 2321 manuum
434 2288 645 2328 adiutricum,
662 2288 766 2330 yralis
781 2288 957 2330 eoepedian-

246 2347 307 2384 tur,
330 2346 456 2385 excepto
485 2342 607 2374 salario
623 2341 857 2384 reyistratarae
885 2341 910 2373 ¹.

320 2423 383 2453 Pius
401 2423 473 2459 Papa
491 2422 523 2452 IV
537 2423 614 2450 motu
631 2421 751 2457 proprio,
773 2423 826 2450 etc.

244 2496 340 2528 Decet
359 2495 540 2528 Romanum
561 2493 761 2531 Pontificem,
780 2504 877 2536 quem
900 2493 959 2527 Do-

203 2549 309 2583 minus
319 2553 428 2582 noster
437 2549 524 2582 Iesus
539 2547 684 2581 Christus
693 2547 849 2580 vicarium
862 2559 956 2581 suum

239 2617 251 2642 ¹
269 2615 423 2650 Quinimmo
448 2615 527 2642 hodie
551 2623 598 2641 nec
619 2623 668 2650 pro
688 2610 859 2649 registratura
886 2615 958 2650 quic*

202 2668 282 2701 quam
298 2660 422 2696 solvitur,
444 2663 473 2690 ut
492 2660 656 2699 experientia
675 2659 726 2688 hoc
745 2667 837 2688 omnes
852 2659 937 2689 docet.

1644 229 1708 263 939

999 297 1192 331 coelestibus
1211 294 1369 329 thesauris
1389 293 1611 337 dispensandis
1636 292 1667 325 in
1688 298 1751 326 ter-

1000 352 1043 384 ris
1068 350 1253 390 constituit,
1280 348 1448 394 providere
1481 353 1536 386 ut,
1574 346 1657 379 sIcut.
1686 346 1752 390 ipsc

1767 239 1817 264 An.
1834 236 1863 264 C.
1884 238 1951 265 1562

1000 405 1168 437 thesauros
1196 402 1383 437 huiusmodi
1409 406 1438 435 et
1462 400 1580 444 gratias
1600 400 1753 433 coelestes
1775 436 1781 441 ‚

1000 459 1098 501 gratis
1117 464 1264 502 acceptas
1291 457 1330 490 ad
1355 457 1512 489 honorem
1533 454 1588 487 Dei
1618 460 1648 487 et
1668 454 1753 487 illius

1001 518 1199 553 sanctorum,
1223 511 1470 552 animarumque
1496 507 1753 541 christifidelium

1002 566 1135 599 salutem
1170 566 1291 609 absque
1324 565 1417 597 lucro
1451 562 1638 606 dispensat,
1670 561 1753 594 idom

1001 630 1131 663 quoque
1165 632 1182 653 a
1213 620 1375 652 Romanae
1404 617 1518 651 Curiae
1548 615 1752 657 officialibus,

1001 673 1119 717 quibus
1157 673 1325 707 literarum
1366 670 1618 716 apostolicarum
1657 680 1755 714 super

1001 727 1112 769 gratiis
1128 739 1144 760 a
1161 728 1241 761 Sede
1249 726 1431 772 Apostolica
1448 735 1507 769 pro
1523 729 1668 768 tempore
1680 734 1755 757 con-

1002 780 1098 814 cessis
1118 781 1278 824 expeditio
1299 779 1469 819 incumbit,
1489 778 1686 812 observetur.

1047 835 1061 877 §
1082 834 1112 867 ‘'l.
1136 835 1339 879 Quapropter
1355 832 1584 866 inconveniens
1600 842 1667 864 esse
1683 842 1756 864 cen-

1002 894 1107 922 sentes
1143 899 1202 932 pro
1236 887 1501 921 concessionibus
1540 885 1755 929 indulgentia-

1003 954 1087 983 rum,
1111 954 1193 986 quae
1215 942 1247 975 in
1267 941 1343 974 solis
1360 940 1482 973 meritis
1498 939 1655 983 passionis
1671 939 1756 973 cius-

1002 997 1074 1030 dem
1109 995 1236 1029 Domini
1269 995 1370 1028 nostri
1398 995 1468 1027 Iesu
1496 993 1612 1026 Christi
1639 993 1758 1026 eteius

1002 1050 1218 1093 gloriosorum
1235 1054 1411 1093 martyrum
1437 1052 1468 1081 et
1483 1052 1668 1080 sanctorum
1685 1058 1759 1081 con-

1003 1103 1138 1144 sistunt,
1165 1103 1288 1147 aliquid
1306 1099 1495 1145 'temporale
1529 1100 1678 1143 exigere,
1701 1112 1760 1134 nos

1003 1157 1199 1202 praemissis,
1221 1161 1319 1200 prout
1336 1161 1446 1189 nostro
1463 1153 1622 1188 incumbit
1638 1154 1755 1195 officio,

1002 1211 1041 1244 de
1062 1211 1206 1244 remedio
1219 1215 1405 1255 opportuno
1422 1208 1590 1253 providere
1606 1209 1759 1249 volentes,

1003 1269 1093 1298 motu
1114 1264 1247 1308 proprio
1269 1269 1299 1297 et
1319 1275 1356 1296 ex
1377 1268 1464 1296 certa
1484 1267 1593 1295 nostra
1613 1261 1756 1303 scicntia,

1003 1318 1127 1351 dilectis
1156 1317 1230 1351 filiis
1264 1317 1429 1351 modernis
1462 1321 1492 1349 et
1522 1327 1580 1359 pro
1614 1321 1760 1360 tempore

1003 1371 1210 1406 existentibus
1257 1372 1287 1404 S.
1332 1371 1367 1403 R.
1412 1371 1444 1403 E.
1492 1369 1759 1403 vicecancellario

1003 1426 1135 1469 eiusque
1158 1426 1189 1459 in
1210 1424 1408 1459 Cancellaria
1433 1423 1616 1468 Apostolica
1635 1424 1759 1457 locum-

1003 1480 1141 1520 tenenti,
1160 1490 1286 1513 necnon
1311 1478 1515 1519 summistae,
1532 1477 1756 1521 scriptoribus,

1003 1534 1200 1578 illorumque
1231 1545 1289 1578 pro
1312 1539 1457 1576 tempore
1478 1531 1757 1573 rescribendario,

1003 1588 1239 1631 computatori,
1262 1586 1423 1631 receptori
1458 1592 1488 1619 et
1521 1586 1757 1626 defensoribus,

1003 1653 1130 1676 necnon
1160 1641 1341 1675 secretariis
1371 1640 1540 1674 literarum
1567 1639 1759 1684 apostolica-

1003 1708 1094 1736 rum,
1122 1696 1317 1740 illarumque
1342 1700 1406 1728 tam
1429 1694 1561 1727 maioris
1579 1705 1678 1738 quam
1698 1693 1758 1726 mi-

1003 1750 1090 1783 noris
1129 1749 1364 1794 praesidentiae
1407 1748 1684 1782 abbreviatoribus
1723 1759 1760 1781 ac

1002 1804 1276 1844 sollicitatoribus,
1294 1803 1487 1848 plumbique
1503 1808 1533 1836 et
1548 1803 1675 1846 registri
1696 1813 1760 1835 ma-

1001 1859 1130 1903 gistris,
1153 1857 1404 1898 collectoribus,
1433 1857 1621 1889 earumdcm
1651 1857 1759 1890 litera-

1002 1924 1075 1946 rum
1104 1912 1355 1958 apostolicarum
1385 1911 1667 1954 registratoribus,
1689 1911 1759 1944 bul-

1002 1967 1177 2008 latoribus,
1207 1966 1362 1999 fratribus
1386 1965 1528 1999 barbatis
1547 1966 1757 2010 nuncupatis,

1002 2027 1034 2057 et
1062 2022 1194 2056 illorum
1228 2020 1378 2061 famulis,
1410 2030 1538 2053 necnon
1566 2019 1598 2054 in
1624 2020 1759 2064 registro

1002 2078 1294 2122 supplicationum,
1313 2086 1412 2109 manu
1436 2081 1467 2108 et
1493 2075 1674 2118 praesentia
1698 2086 1758 2109 no-

1002 2138 1065 2166 stra
1080 2133 1292 2176 signatarum,
1311 2130 1471 2173 magistris
1492 2134 1522 2162 et
1547 2129 1760 2173 scriptoribus

1001 2187 1135 2231 aliisque
1168 2187 1332 2219 Romanae
1360 2184 1475 2218 Curiae
1509 2182 1700 2217 officialibus
1729 2190 1760 2218 et

1001 2241 1167 2286 personis,
1197 2241 1293 2274 ctiam
1320 2250 1434 2273 eorum
1465 2238 1570 2271 officia
1597 2249 1634 2271 ex
1661 2249 1759 2273 causa

1000 2295 1205 2340 quantumvis
1226 2305 1362 2328 onerosa
1382 2292 1603 2326 obtinentibus
1616 2320 1623 2333 ‚
1648 2292 1758 2326 ouius-

1001 2361 1141 2393 cumque
1161 2349 1326 2394 qualitatis
1346 2354 1373 2381 et
1396 2346 1589 2381 conditionis
1609 2346 1755 2387 existant,

1000 2415 1037 2437 ac
1066 2414 1275 2448 quocumque
1308 2402 1440 2435 nomine
1466 2401 1696 2446 appellentur,
1725 2401 1757 2434 in

1000 2454 1116 2487 virtute
1137 2459 1265 2487 sanctae
1285 2452 1486 2486 obedientiae
1507 2450 1608 2484 etsub
1625 2450 1756 2485 maioriS

1001 2502 1344 2537 excommunicationis
1364 2502 1445 2534 latae
1466 2500 1655 2540 sententiae,
1682 2511 1755 2533 nec-

1000 2563 1066 2586 non
1110 2552 1292 2586 amissionis
1333 2552 1373 2584 ad
1414 2555 1566 2584 semestre
1606 2549 1753 2583 omnium

1000 2602 1296 2636 emolumentorum
1318 2612 1431 2635 eorum
1455 2599 1650 2641 officiorum,
1672 2610 1755 2644 quae

1000 2651 1070 2697 ipso
1091 2651 1171 2694 iure,
1191 2651 1317 2696 quoties
1337 2648 1595 2691 contrafecerint‚
1615 2648 1755 2682 fabricae

1808 839 1953 866 Iuntutgcntmo

1771 872 1957 898 graiisexpediuu-

1772 906 1804 923 tur
1815 919 1819 926 ,
1867 907 1957 929 ext-epta

1772 933 1878 954 solutione
1898 935 1955 960 regi-

1772 968 1876 986 straturae
1892 968 1913 986 et
1927 966 1956 985 si-

1772 1002 1798 1016 ne
1808 996 1903 1017 clausula
1913 1003 1955 1016 ma-

1771 1034 1835 1048 nuum
1865 1028 1954 1049 adiutri-

1773 1065 1826 1080 cum.
