2237 3100
504 180 569 216 994
1089 190 1236 215 ΒυιιΑΜι
1262 189 1382 215 nomm

545 249 657 287 etseq.
685 244 874 277 Franciscus
894 244 918 276 ΙΙ
942 243 1089 277 camdem
1110 243 1294 276 facultatem
1315 243 1439 276 obtinet
1463 254 1481 276 a
1505 243 1560 277 Pio
1580 244 1634 284 lV,
1661 245 1681 277 9
1707 255 1729 277 a
1752 250 1784 278 et
1814 257 1876 290 seq.
1904 245 2011 280 Tenor

547 296 727 330 litterarum
746 296 876 330 Ilenrici
908 296 933 328 Il
954 306 1052 339 super
1072 296 1274 328 observantia
1284 296 1471 339 pactionum
1493 307 1566 330 cum
1578 297 1684 331 Leone
1700 297 1787 339 X,‘l¹l
1812 310 1832 331 a
1850 304 1882 332 et
1899 310 1961 343 seq.

459 349 585 382 Fratres
605 350 636 383 S.
660 350 830 389 Dominici,
853 349 883 382 S.
908 348 1082 390 Francisei,
1106 349 1266 382 Eremitae
1281 349 1312 382 S.
1330 349 1488 393 Agustini,
1511 350 1701 384 Carmelitae
1722 361 1758 383 ae
1778 351 1866 385 Servi
1890 353 1926 386 B.
1948 353 2011 386 Ma-

547 403 613 436 riae
634 414 650 435 a
671 403 725 435 Pio
742 403 764 433 V
778 402 986 435 declarantur
1005 413 1078 435 vere
1099 408 1129 435 et
1141 402 1271 446 proprie
1281 403 1510 444 Mendicantes,
1528 403 1593 437 6²14
1612 404 1640 437 b.
1660 403 1838 437 Ordinariis
1858 404 2013 439 indicitur

547 467 587 489 ne
608 466 661 489 eos
681 461 801 495 vexent,
823 461 853 487 et
873 455 899 488 si
920 454 998 498 quid
1018 455 1058 488 ab
1078 456 1124 488 eis
1144 455 1319 499 exegerint,
1337 456 1519 497 restituant,
1540 456 1605 490 6115
1624 458 1654 490 b.
1682 457 1717 490 V.
1739 457 1927 501 Regulares.

460 509 643 543 Fridcricus
662 509 841 552 imperator
861 507 970 542 Ordini
991 508 1023 542 S.
1046 509 1154 542 Lazari
1184 510 1476 554 Hierosolymitano
1504 510 1599 555 plura
1613 510 1699 544 bona
1718 510 1752 544 in
1772 510 1899 552 Sicilia,
1921 511 2012 546 Cala-

547 562 629 601 bria,
647 562 776 605 Apulia,
799 566 855 595 cte.
880 562 990 602 donat,
1013 561 1077 595 338
1098 574 1129 595 α.

459 615 646 655 Frumenta,
670 615 847 658 legumina,
869 620 927 648 etc.
951 626 967 648 e
988 615 1077 649 Statu
1102 616 1310 649 Ecclesiatico
1338 616 1502 650 extraendi
1518 617 1688 658 licentiae,
1710 623 1941 662 praeterquam
1972 629 2011 653 ex

547 678 658 701 caussa
679 678 817 701 onerosa
838 679 1022 707 concessae,
1058 675 1263 711 revocantur,
1286 669 1350 703 377
1380 682 1412 704 α.
1433 671 1602 705 Innovatio
1622 671 1881 715 prohibitionum
1901 677 2014 706 contra

546 722 750 754 extrahentes
771 723 1071 765 proiuulgutarum,
1089 723 1166 755 ibid.
1190 724 1217 755 b.
1233 723 1551 758 Contravenientium
1571 735 1708 768 poenae,
1722 724 1786 758 378
1807 737 1838 759 a.
1855 725 2014 759 Licentias

548 785 584 807 ex
605 785 716 807 caussa
739 785 875 808 onerosa
896 776 1016 808 habere
1038 776 1297 819 praetendentes,
1321 777 1487 810 declarent
1511 788 1620 811 coram
1641 778 1834 819 camerario,
1864 778 2012 822 alioquin

549 828 594 860 eis
614 828 660 860 uti
681 839 745 861 non
767 828 900 872 possint,
925 829 1003 861 ibid.
1026 829 1055 861 b.
1078 829 1273 862 Extrahendi
1295 829 1455 871 licentiae,
1486 841 1504 864 a
1525 831 1704 865 camerario
1724 842 1790 865 non
1817 832 2014 877 approbatae

549 892 613 915 non
634 883 751 921 valent,
774 882 838 915 37⁴.»
859 895 889 915 a.
913 883 1100 917 Praedictae
1126 883 1362 927 prohibitiones
1383 885 1602 919 extenduntur
1630 886 1669 920 ad
1694 896 1819 927 carneS,
1840 886 1912 920 olea
1930 891 1963 920 et
1981 886 2013 920 id

544 945 646 978 genus
666 936 742 977 alia,
765 936 828 970 849
847 947 878 970 α.

1211 1134 1250 1175 G

455 1249 581 1290 Georaii
599 1250 661 1292 (S.)
682 1250 801 1290 inAlea
823 1251 1029 1284 venetiarum
1047 1254 1194 1286 canonici
1215 1254 1398 1287 saeculares
1408 1253 1590 1297 regularem
1604 1253 1840 1299 professionem
1860 1253 2013 1288 emittunt

544 1305 602 1336 sub
624 1304 745 1347 lingula
766 1306 797 1337 S.
822 1306 1004 1345 Augustini,
1032 1306 1094 1339 772
1115 1308 1144 1340 b.
1168 1307 1241 1340 Pius
1271 1308 1293 1339 V
1322 1308 1454 1351 antiqua
1489 1318 1602 1341 eorum
1633 1308 1802 1352 privilegia
1826 1307 2010 1348 confirmat,

544 1358 654 1400 eisque
680 1359 897 1391 comtmmirat
921 1369 1072 1393 concessa
1093 1366 1123 1393 et
1143 1361 1352 1394 concedenda
1381 1361 1579 1404 cuicumque
1605 1361 1687 1394 aliae
1722 1361 1897 1404 Religioni,
1927 1360 2008 1394 ibid.

544 1411 630 1443 idem
653 1412 796 1445 Pontia—x
817 1413 956 1445 declarat
974 1413 1116 1457 primum
1134 1414 1242 1447 locum
1259 1415 1424 1448 canonicis
1443 1415 1713 1448 Laterauensibus
1732 1424 1924 1448 concessum
1944 1424 2009 1447 non

543 1475 661 1498 nocere
683 1466 749 1498 istis
770 1467 934 1499 canonicis
951 1465 982 1499 S.
998 1468 1138 1510 Georgii,
1150 1468 1205 1501 sed
1217 1468 1303 1512 ipsos
1317 1478 1444 1511 semper
1460 1468 1492 1501 in
1505 1467 1767 1512 processionibus
1782 1473 1813 1501 et¹
1828 1467 2011 1501 actionibus

544 1518 682 1561 publicis
713 1520 907 1562 praeualere
937 1531 1049 1554 omncs
1080 1522 1255 1555 canonicos
1285 1522 1449 1566 regulares
1478 1521 1606 1556 Ordinis
1635 1522 1667 1556 S.
1690 1520 1873 1566 Augustini,
1900 1520 1966 1555 915
1992 1520 2010 1554 b

544 1577 575 1603 et>
594 1582 655 1615 seq.
686 1572 719 1605 V.
733 1572 919 1615 singulares.

455 1625 675 1658 Gladiatorum
689 1653 696 1666 ,
718 1627 813 1667 valeo
845 1627 1070 1668 duellantium‚
1096 1639 1233 1673 poenae,
1256 1628 1299 1662 84
1327 1640 1358 1661 α.
1380 1628 1499 1661 Earum
1516 1629 1658 1662 extensio
1678 1629 1718 1662 ad
1748 1629 1880 1662 illorum
1899 1629 2006 1662 fauto-

544 1690 603 1719 res,
627 1681 706 1712 ibid.
735 1681 763 1712 b.
790 1681 962 1715 llerocatio
988 1682 1193 1715 licentiarum
1214 1693 1312 1727 super
1328 1682 1515 1716 huiusmodi
1537 1683 1667 1727 pugnis,
1690 1682 1732 1717 85
1751 1694 1782 1716 a.
1810 1678 1943 1717 Monitio
1967 1682 2008 1716 ad

546 1744 658 1766 omnes
679 1734 844 1778 prineipes
863 1735 1056 1768 christianos
1076 1742 1109 1769 ut
1132 1736 1308 1779 singularia
1329 1736 1506 1770 certamina
1526 1736 1733 1780 prohibeant,
1758 1736 1838 1769 ibid.

455 1786 592 1819 Graecae
620 1787 780 1821 Ecclesiae
806 1794 870 1821 tam
901 1790 1009 1822 elerici
1036 1801 1133 1833 quam
1156 1790 1229 1823 laici
1259 1790 1410 1833 permulti
1438 1790 1477 1823 ab
1508 1790 1748 1824 ordinariorum
1780 1788 2006 1823 iurisdictione

548 1851 580 1873 se
601 1846 765 1885 exemptos
796 1852 862 1875 esse
888 1844 1102 1886 practemlunt
1119 1869 1126 1883 ,
1160 1849 1194 1876 ut
1224 1843 1358 1876 liberius
1383 1843 1572 1887 indulgeant
1596 1843 1774 1884 erroribus,
1804 1842 1863 1876 0271
1889 1843 1918 1876 b.
1940 1842 2007 1876 Hos

542 1894 617 1926 Pius
646 1894 681 1927 IV
713 1895 954 1929 ordinariorum
986 1897 1201 1930 iurisdietioni
1226 1897 1357 1930 subiicit
1377 1897 1409 1930 in
1430 1897 1480 1931 his
1505 1908 1590 1941 quae
1609 1897 1664 1931 Dei
1693 1897 1818 1931 cultum
1838 1901 2002 1942 spectant,

544 1947 627 1980 ritus
647 1947 785 1982 Graecos
799 1950 993 1993 approbatos
1008 1951 1238 1994 permittendo,
1261 1950 1325 1984 ⁹272
1342 1962 1373 1983 α.

455 1998 668 2034 Grassatores.
694 2002 726 2034 Γ.
750 2003 951 2036 ΙΙοιηίεἰιΙῑιρ.

461 2052 777 2088 Gubernatoralmae
798 2056 902 2095 Urbis,
917 2067 1018 2100 quum
1032 2057 1153 2101 aliquid
1167 2058 1206 2091 de
1223 2058 1374 2091 mandato
1386 2057 1491 2102 Papae
1511 2068 1544 2091 se
1555 2058 1662 2092 dicere
1674 2058 1722 2092 vel
1735 2058 1839 2092 facere
1860 2066 2006 2092 asserue-

546 2107 598 2147 rit,
623 2108 751 2150 plenam
774 2110 870 2142 lidem
891 2110 1045 2151 obtineat,
1069 2110 1131 2144 847
1153 2112 1180 2144 b.

1208 2310 1253 2349 H

455 2420 699 2454 Haeretieorum
722 2422 807 2459 libri,
819 2423 1076 2456 Lutheranorum
1098 2426 1302 2467 praesertim,
1318 2438 1333 2459 a
1350 2426 1479 2459 nemine
1494 2427 1620 2470 legendi
1640 2427 1688 2461 vel
1700 2427 1874 2469 retinendi,
1889 2428 1950 2462 nisi
1963 2428 2003 2462 ab

543 2474 724 2508 haereticae
744 2476 909 2519 pravitatis
930 2477 1188 2520 inquisitoribus,
1207 2478 1271 2512 0280
1292 2491 1322 2512 α.
1342 2480 1533 2513 Huiusmodi
1547 2480 1665 2525 scripta
1686 2481 1806 2514 nedum
1824 2481 2000 2526 simplices,

544 2528 597 2560 sed
619 2529 713 2560 etiam
735 2529 845 2562 doctos
864 2530 949 2563 viros
970 2538 1196 2575 corrumpunt,
1219 2532 1277 2566 0281
1304 2544 1334 2565 α.
1358 2533 1432 2566 ldeo
1448 2533 1624 2567 concilium
1644 2534 1869 2568 Tridentinum
1883 2535 2002 2579 delegit

544 2582 704 2625 praelatos
725 2584 764 2617 ad
785 2584 993 2619 conflandum
1014 2585 1155 2620 indicem
1176 2586 1349 2628 librorum,
1376 2598 1517 2631 quorum
1548 2588 1643 2623 noxia
1662 2589 1769 2632 lectio,
1791 2588 1847 2634 qui
1866 2588 2002 2634 proinde
