2237 3100
30 285 82 313 An.
99 286 128 313 C.
147 285 214 313 ¹562

57 2129 132 2151 Omnia
152 2134 217 2156 prae-

33 2162 88 2182 dicta
100 2162 215 2182 confirmat.

903 283 971 308 PIUS
995 283 1025 306 tv
1048 282 1096 305 PP.

228 337 307 371 alias
326 347 569 381 quascumque,
586 337 624 370 de
648 336 766 380 quibus
791 336 822 368 in
847 336 978 370 diversis

227 391 306 425 actis
335 396 365 424 et
389 390 592 423 documentis
626 390 764 434 publicis
793 389 920 423 Ordinis
948 396 978 423 et

228 443 486 487 congregationis
498 444 738 488 praedictorum
760 444 887 488 plenius
902 443 978 476 dici-

227 504 281 531 tur
302 497 472 531 contineri.
495 498 598 536 Quare
624 498 708 530 idem
729 498 875 537 Iacobus,
889 497 977 541 prior

226 552 396 595 generalis,
418 551 509 584 nobis
524 551 691 584 humiliter
710 551 899 594 supplicavit
929 556 975 590 ut,

227 616 285 649 pro
306 605 426 638 salubri
447 605 636 638 eorumdem
657 605 915 647 congregationis
933 604 977 636 di-

227 658 380 699 rectione,
403 658 596 703 supradictis
620 658 770 691 omnibus
795 663 825 691 et
845 658 978 701 singulis

226 718 322 757 atque
338 712 408 746 aliis
427 712 676 756 quibuscunque
698 711 881 755 privilegiis,
904 722 976 754 gra-

225 767 288 807 tiis,
301 766 516 805 facultatibus,
527 765 784 798 immunitatilms
794 771 823 798 et
835 765 976 805 indultis,

226 820 329 854 eidem
338 819 578 863 congregationi
596 825 626 852 et
639 819 976 859 canonicis,accorum

226 874 427 908 monasteriis
443 880 471 907 et
491 874 561 906 aliis
590 873 794 916 regularibus
815 872 893 906 locis
918 884 977 906 nec

225 939 290 961 non
319 927 412 961 bonis
443 933 473 961 et
502 927 666 971 personis,
704 932 767 959 tam
802 926 976 970 apostolica

224 993 320 1026 quam
338 981 501 1015 ordinaria
515 981 720 1021 auctoritate,
740 985 773 1013 ut
794 991 891 1024 supra
903 991 978 1013 con-

226 1035 322 1070 cessis
346 1041 377 1069 et
404 1035 555 1075 indultis,
578 1040 673 1079 atque
700 1046 760 1067 usu
786 1034 923 1078 receptis
948 1039 976 1067 et

226 1089 460 1123 consuetudine
477 1089 617 1131 legitime
635 1087 831 1131 praescripta
844 1087 978 1130 acquisi-

225 1144 278 1184 tis,
289 1154 417 1177 necnon
426 1143 618 1177 eorumdem
635 1141 893 1185 congregationis
904 1152 978 1174 con-

225 1197 458 1237 stitutionibus,
471 1202 535 1230 tam
552 1207 610 1240 per
624 1196 759 1228 Paulum
770 1195 808 1228 Ill
820 1200 851 1227 et
861 1195 977 1227 Iulium

226 1251 372 1285 similiter
382 1251 431 1292 111,
446 1250 708 1294 praedecessores
722 1249 879 1293 praefatos,
893 1259 980 1282 com-

225 1305 368 1350 probatis
382 1310 412 1338 et
432 1303 644 1343 confirmatis,
663 1313 759 1347 quam
779 1302 849 1336 aliis
870 1308 979 1347 postea

226 1359 319 1393 editis
338 1365 369 1392 et
389 1357 613 1403 promulgatis,
635 1367 672 1390 ac
692 1368 750 1400 per
769 1357 831 1389 tria
851 1367 980 1389 eorum-

225 1413 299 1447 dem
315 1411 573 1455 congregationis
584 1410 725 1454 capitula
736 1411 898 1453 generalia
911 1422 980 1444 suc-

226 1467 344 1501 cessive
373 1466 545 1507 celebrata,
563 1465 622 1498 rite
650 1469 680 1498 ct
709 1465 874 1505 canonice,
894 1464 980 1498 iuxta

226 1521 466 1565 privilegiorum
478 1525 507 1553 et
518 1519 784 1553 constitutionum
798 1519 979 1562 praedicto-

227 1585 299 1608 rum
329 1576 477 1615 formam,
506 1573 692 1618 approbatis
717 1579 748 1606 et
767 1573 977 1614 confirmatis,

227 1629 488 1674 quibuscunque,
511 1638 547 1661 ac
568 1627 599 1660 in
616 1633 781 1672 posterum
798 1628 930 1660 edendis
951 1633 979 1661 et

227 1682 489 1727 promulgandis,
512 1692 549 1715 ac
574 1682 623 1725 (ut
650 1682 845 1725 praefertur)
866 1692 980 1725 appro-

226 1737 340 1770 bandis
356 1742 387 1770 et
406 1736 649 1777 confirmandis,
672 1741 707 1769 ut
727 1736 914 1769 uberiorem
931 1746 982 1768 ro-

227 1790 313 1824 boris
333 1790 517 1824 firmitatem
538 1790 714 1830 obtineant,
732 1795 916 1822 nostrarum
928 1801 983 1833 ap-

227 1845 427 1890 probationis
451 1850 482 1877 et
506 1843 761 1878 confirmationis
780 1844 881 1877 robur
905 1844 983 1876 adii-

229 1910 323 1940 cere,
355 1899 497 1942 aliasque
524 1899 555 1931 in
587 1898 771 1942 praemissis
799 1903 982 1942 opportune

229 1953 397 1999 providere
408 1953 447 1986 de
466 1952 663 1995 benignitate
679 1951 855 1997 apostolica
871 1952 982 1995 digna-

230 2019 353 2042 remur.

275 2063 290 2106 ἓ
309 2061 340 2095 2.
367 2061 430 2094 Nos
455 2060 564 2104 igitur,
590 2060 645 2104 qui
666 2060 892 2102 religiosarum
913 2071 985 2104 pcr-

232 2126 384 2149 sonarum
405 2114 624 2158 quarumlibet
649 2114 811 2147 salubrem
833 2113 983 2148 directio-

234 2180 306 2203 nem
328 2168 462 2202 sinceris
482 2168 703 2201 desideramus
723 2167 903 2208 affectibus,
926 2169 985 2201 hu-

234 2222 372 2256 iusmodi
393 2221 509 2261 Iacchi,
525 2221 643 2265 prioris
662 2221 820 2265 generalis
840 2222 983 2265 praefati,

235 2276 525 2320 supplicationibus
540 2275 696 2316 inclinati,
716 2275 899 2318 supradicta
918 2287 985 2309 om-

234 2331 287 2364 nia
298 2335 327 2364 et
340 2331 464 2373 singula
474 2334 569 2373 atque
581 2329 642 2362 alia
653 2340 879 2373 quaecumque
891 2330 986 2373 privi-

233 2385 327 2428 legia,
354 2384 483 2428 gratias,
510 2383 688 2423 facultateS,
714 2382 932 2417 immunitates
956 2390 986 2418 et

234 2439 371 2479 indulta,
382 2437 485 2471 eidem
499 2436 738 2480 congregationi
758 2442 788 2470 et
808 2437 984 2479 canonicis,

234 2499 271 2521 ac
292 2498 405 2521 eorum
427 2486 629 2519 monasteriis
649 2491 679 2518 et
699 2485 769 2518 aliis
785 2487 986 2529 regularibus

235 2537 326 2577 locis,
349 2546 476 2570 necnon
496 2536 590 2569 bonis
610 2541 641 2568 et
656 2535 813 2580 personis,
831 2541 894 2569 tam
911 2547 987 2581 apo—

1662 270 1726 304 185

1020 344 1147 368 necnon
1155 333 1344 367 eorumdem
1355 332 1623 376 congregationis,
1638 338 1701 365 tam
1714 345 1772 378 per

1019 389 1155 422 Paulum
1173 392 1203 421 et
1217 387 1335 420 Iulium
1363 387 1628 430 praedecessores
1650 388 1772 431 praesa-

1020 448 1067 475 tos
1097 441 1323 486 comprobatas
1357 445 1387 473 et
1416 440 1640 480 confirmatas,
1673 452 1770 484 quam

1019 496 1096 529 alias
1116 501 1226 540 postca
1242 494 1341 528 editas
1361 500 1390 527 ct
1412 494 1642 537 promulgatas,
1665 505 1701 527 ae
1714 506 1772 537 pcr

1019 550 1079 582 tria
1095 550 1282 583 corumdem
1296 547 1554 591 congregationis
1567 548 1706 591 capitula
1719 560 1772 592 gc-

1019 604 1140 637 ncralia
1155 602 1332 637 successive
1348 602 1518 641 celebrata,
1542 601 1599 634 rite
1621 606 1651 634 et
1672 614 1770 636 cano-

1019 657 1101 697 nice,
1119 657 1202 690 iuxta
1216 656 1455 700 privilegiorum
1466 661 1495 688 ct
1505 655 1770 689 constitutionum

1021 712 1259 754 praedictorum
1280 710 1631 754 sormam,approbatas
1651 716 1678 743 ct
1697 722 1772 744 con-

1019 766 1173 805 firmatas,
1199 776 1443 808 quascumque,
1478 776 1514 797 ac
1544 764 1576 797 in
1606 770 1771 808 posterum

1020 820 1159 852 edendas
1179 825 1209 852 ct
1237 820 1489 863 promulgandas
1508 830 1545 851 ac
1565 819 1613 862 (ut
1633 819 1774 862 pracser-

1019 878 1083 913 tur)
1109 873 1333 917 approbandas
1359 878 1389 905 et
1408 873 1663 913 confirmandas,
1691 885 1772 917 quo-

1020 939 1092 961 rum
1113 927 1356 971 privilegiorum
1378 932 1405 959 et
1429 926 1694 960 constitutionum
1707 938 1774 960 om-

1021 982 1111 1014 nium
1132 986 1270 1019 tenores,
1291 991 1327 1013 ac.
1345 980 1370 1012 si
1392 981 1429 1013 de
1449 981 1545 1013 verbo
1566 980 1605 1012 ad
1625 981 1771 1020 verbum,

1020 1034 1099 1067 nihil
1120 1033 1248 1077 penitus
1268 1033 1399 1073 omisso,
1419 1033 1529 1066 inserti
1549 1034 1665 1075 sorcnt,
1685 1045 1775 1077 prae-

1020 1088 1164 1122 sentibus
1191 1087 1303 1120 baberi
1334 1088 1484 1120 volumus
1510 1098 1568 1131 pro
1596 1087 1771 1131 expressis,

1021 1141 1196 1186 apostolica
1204 1140 1406 1181 auctoritate,
1419 1146 1530 1174 tenore
1540 1142 1771 1184 praesentium,

1021 1207 1057 1229 cx
1070 1201 1157 1228 certa
1168 1195 1301 1228 scientia
1315 1195 1535 1239 approbamus
1555 1200 1583 1227 et
1606 1195 1775 1228 confirma-

1022 1260 1111 1290 mus,
1141 1260 1177 1282 ac
1198 1249 1260 1282 illis
1289 1254 1465 1293 perpetuae
1486 1248 1646 1281 firmitatis
1674 1250 1776 1281 robur

1022 1303 1202 1345 adiicimus,
1226 1314 1403 1346 omnesque
1424 1308 1454 1335 et
1479 1302 1622 1345 singulos
1646 1302 1725 1335 iuris
1746 1308 1774 1335 et

1022 1358 1095 1392 sacti
1111 1359 1267 1399 desectus,
1282 1358 1307 1391 si
1325 1358 1380 1402 qui
1397 1358 1504 1390 forsan
1522 1356 1553 1389 in
1574 1356 1774 1389 constitutio-

1022 1413 1118 1446 nibus
1129 1412 1301 1456 praedictis
1312 1410 1554 1450 intervenerint,
1569 1411 1682 1454 supple
1689 1422 1718 1443 m
1725 1422 1772 1451 us;

1023 1479 1124 1512 eaque
1149 1467 1257 1501 onmia
1291 1465 1516 1499 inviolabiliter
1554 1465 1716 1498 observari
1746 1471 1776 1499 ct

1022 1521 1263 1566 congregationi
1297 1532 1334 1554 ac
1351 1519 1516 1553 canonicis
1536 1519 1687 1564 praefatis
1707 1521 1773 1552 sus-

1023 1577 1152 1619 sragari3
1175 1576 1285 1620 sicque
1306 1575 1338 1608 in
1363 1573 1548 1619 praemissis
1572 1573 1723 1607 omnibus
1747 1579 1778 1608 et

1023 1630 1156 1673 singulis
1186 1641 1244 1674 per
1268 1639 1492 1673 quoscumque
1528 1626 1708 1661 ordinarios
1739 1640 1776 1662 ac

1023 1685 1102 1718 alios
1113 1684 1234 1718 iudices
1246 1689 1275 1718 et
1287 1682 1535 1723 commissarios,
1545 1682 1777 1726 quavisaucto-

1024 1739 1127 1779 ritate,
1148 1739 1284 1772 iudicari
1301 1743 1330 1771 et
1346 1737 1473 1771 definiri
1495 1737 1625 1777 debere,
1648 1748 1775 1772 necnon

1024 1793 1181 1838 quidquid
1191 1804 1283 1826 secus
1294 1791 1452 1837 superbis
1460 1802 1477 1824 a
1487 1793 1779 1836 quoquam,quavis

1024 1847 1227 1888 auctoritate,
1244 1847 1382 1880 scienter
1400 1846 1449 1879 vel
1460 1846 1657 1889 ignoranter,
1680 1848 1780 1880 conti-

1024 1901 1105 1945 gerit
1113 1901 1260 1935 attentari
1270 1901 1395 1934 irritum
1410 1906 1438 1933 ct
1450 1900 1544 1933 inane
1561 1900 1777 1936 decernimus.

1024 1957 1093 1990 Non
1123 1956 1323 1989 obstantibus
1349 1954 1532 1999 praemissis
1561 1960 1589 1987 et
1617 1955 1780 1999 quibusvis

1025 2010 1220 2055 apostolicis,
1239 2021 1367 2043 necnon
1382 2009 1414 2042 in
1431 2009 1683 2053 prtwincialibus
1693 2016 1721 2043 et
1734 2022 1780 2055 sy-

1026 2065 1197 2098 nodalibus
1226 2063 1371 2097 conciliis
1396 2062 1500 2103 editis,
1530 2063 1724 2106 specialibus
1749 2070 1780 2098 et

1025 2119 1243 2161 generalibus,
1259 2116 1544 2151 constitutionibus
1565 2122 1593 2149 et
1605 2117 1779 2151 ordinatio-

1026 2171 1136 2212 nibus,
1162 2182 1290 2205 necnon
1317 2170 1444 2204 Ordinis
1470 2175 1498 2202 ct
1521 2172 1779 2214 congregationis

1027 2225 1280 2270 praedictorum,
1303 2224 1398 2257 etiam
1416 2225 1596 2256 iuramento
1617 2229 1648 2257 et
1664 2225 1780 2259 confir-

1027 2279 1166 2313 matione
1179 2279 1355 2324 apostolica
1369 2279 1416 2311 vel
1429 2278 1539 2322 quavis
1555 2278 1706 2312 firmitate
1718 2279 1779 2312 alia

1026 2333 1332 2375 roboratis,statutis
1349 2339 1377 2365 et
1395 2332 1695 2373 consuctudinibus,
1718 2333 1781 2377 pri—

1026 2387 1148 2430 vilegiis
1168 2398 1311 2432 quoque,
1334 2386 1465 2419 indultis
1480 2391 1510 2419 et
1529 2386 1631 2419 literis
1651 2393 1779 2430 aposto-

1027 2441 1107 2482 licis,
1125 2442 1184 2475 sub
1200 2442 1461 2485 quibuscumque
1477 2439 1644 2473 tenoribus
1664 2446 1694 2473 et
1714 2441 1779 2474 sor-

1028 2490 1099 2531 mis,
1122 2502 1159 2524 ac
1179 2491 1344 2535 quibusvis
1358 2517 1366 2531 ,
1388 2490 1483 2523 etiam
1502 2489 1779 2532 derogatoriarum

1028 2540 1252 2583 derogatoriis,
1276 2540 1411 2584 aliisque
1432 2539 1668 2572 efficacioribus
1684 2545 1711 2572 et
1734 2539 1781 2572 in-

235 2586 346 2620 SlOliCst
375 2596 472 2630 quam
494 2584 655 2618 Ol'dissffl'iss
681 2584 880 2625 ἱῑῑῑθῑΟΓῘῙῑὶῐθ,
908 2596 986 2618 COH—
1007 2589 1009 2624 Ι
1029 2590 1128 2623 solitis
1153 2590 1326 2629 clausulis,
1362 2588 1627 2633 irritantibusque
1654 2594 1685 2621 et
1711 2589 1781 2622 aliis

236 2646 323 2670 cessa
334 2640 365 2668 et
384 2634 519 2675 indulta,
532 2639 629 2677 atque
644 2644 705 2666 usu
721 2639 851 2677 recepta
866 2640 896 2667 et
912 2645 987 2668 con·
1029 2639 1176 2679 decretis,
1199 2639 1454 2683 quomodolibet,
1478 2637 1574 2671 otiam
1595 2643 1685 2671 mom
1706 2649 1779 2681 pso-

236 2684 404 2718 suetudine
428 2682 569 2726 legitime
599 2682 797 2727 praescripta
817 2684 985 2727 acquisita,

314 2737 388 2770 Ball.
404 2736 481 2768 Rom.
514 2736 568 2768 Vol.
591 2736 648 2768 Vll.
809 2735 848 2767 24

1029 2688 1100 2733 prio
1127 2693 1203 2723 etex
1214 2694 1300 2723 certa
1321 2688 1455 2723 scientia
1469 2698 1507 2722 ac
1527 2688 1565 2722 de
1586 2687 1779 2732 apostolicae

1830 298 1835 306 .
1853 278 1882 305 C.
1902 279 1967 306 1562
