2237 3100
19 281 68 307 An.
86 279 114 306 C.
135 278 199 307 ¹567

261 327 276 371 ἓ
295 326 327 360 4.
350 325 481 360 Clericis
505 336 654 370 quoque,
678 331 743 359 tarn
764 326 965 368 regularibus

46 385 122 421 Clerici
156 390 204 421 Ψε-
217 391 313 425 quam
329 380 561 421 saecularibus,
581 379 737 412 beneficia
749 379 966 413 ecclesiastica

19 417 160 469 Ῐὲῗξεῗῗῃοῃ
174 422 203 436 ω’
217 434 449 475 obtinentibus,
471 434 520 467 vel
540 434 571 466 in
592 433 690 467 sacris
707 433 876 466 ordinibus
893 444 966 466 con-

219 487 349 528 stitutis,
385 487 443 521 suh
465 486 808 521 excommunicationis
839 497 964 530 poena,

218 552 259 575 ne
284 541 403 575 eisdem
425 542 617 586 spectaculis
636 541 798 580 intersint,
821 540 968 574 similiter

219 595 441 640 prohibemus.

265 650 280 694 g
299 649 332 682 5.
354 649 536 693 Omnesque
552 649 774 692 obligationes,
789 648 969 682 iuramenta

49 708 207 742 Commemo-
221 709 252 736 et
271 709 353 744 vota,
371 714 389 736 a
404 703 569 747 quibusvis
585 702 741 747 personis,
765 702 970 735 universitate

24 745 84 775 mne}
104 739 129 775 ἀρ
149 743 207 774 {¹¹¹5-
221 757 269 790 xel
291 756 438 800 collegio,
462 757 500 790 de
511 756 698 790 huiusmodi
719 762 887 790 taurorum
904 756 970 799 agi-

222 810 353 851 tatione,
377 811 484 850 etiam,
512 815 545 843 ut
562 810 622 854 ipsi
650 811 733 846 salso,
758 810 969 850 arbitrantur,

222 865 255 898 in
281 865 438 898 honorem
473 871 659 897 sanctorum
694 875 750 897 seu
786 863 973 907 quarumvis

222 919 514 952 ecclesiasticarum
542 918 781 952 solemnitatum
806 924 836 951 et
856 917 973 951 festivi-

223 978 341 1014 tatum,
372 984 455 1018 quae
475 973 588 1006 divinis
607 972 768 1013 laudibus,
798 972 973 1016 spirituali-

222 1026 283 1060 bus
317 1026 442 1070 gaudiis
472 1026 598 1070 piisque
624 1025 790 1070 operibus,
824 1036 889 1058 non
916 1025 976 1058 hu-

224 1080 364 1114 iusmodi
391 1081 475 1114 ludis
502 1080 659 1114 celebrari
685 1085 713 1113 et
740 1079 894 1112 honorari
923 1080 977 1112 de-

224 1134 312 1175 bent,
334 1134 493 1168 hactenus
512 1133 610 1167 factas
631 1139 660 1166 et
680 1134 772 1173 facta,
794 1144 849 1166 seu
871 1133 903 1165 in
932 1133 977 1166 fu-

225 1194 336 1222 turum
357 1188 473 1228 fienda,
498 1199 580 1232 quae
602 1193 632 1221 et
651 1198 731 1231 quas
751 1187 884 1220 omnino
905 1198 977 1230 pro-

225 1241 397 1282 hibemus,
435 1252 598 1275 cassamus
627 1247 658 1274 et
691 1241 914 1281 annullamus,
942 1252 978 1275 ac

226 1306 286 1341 pro
306 1296 415 1337 cassis,
443 1296 541 1329 nullis
566 1301 596 1328 et
616 1294 714 1328 irritis
734 1294 845 1328 haberi
866 1306 979 1340 perpe-

226 1355 283 1383 tuo
303 1349 508 1383 decernimus
532 1356 628 1393 atque
644 1349 863 1382 declaramus.-

272 1404 287 1448 ξ
307 1404 338 1438 6.
362 1404 549 1437 Mandonius
571 1409 678 1437 autem
709 1403 859 1436 omnibus
891 1404 979 1447 prin-

31 1494 84 1514 ως
104 1461 215 1514 Pssfflfissff
229 1458 369 1502 cipibus,
404 1454 577 1491 comitibus
598 1462 628 1490 et
647 1457 824 1490 baronibus
853 1462 981 1490 sanctae

31 1530 80 1546 nem
133 1525 215 1546 servari
228 1511 391 1545 Romanae
406 1511 568 1545 Ecclesiae
584 1510 781 1551 feudatariis,
804 1511 862 1544 sub
879 1522 982 1554 poena

31 1556 117 1578 “⁰³⁵¹st
230 1565 417 1610 privationis
442 1565 628 1605 feudorum,
656 1576 738 1608 quae
763 1565 802 1597 ab
827 1565 896 1609 ipsa
922 1565 981 1597 Ec-

231 1619 327 1653 clesia
357 1619 502 1653 Romana
536 1619 697 1659 obtinent;
733 1618 875 1662 reliquos
908 1630 982 1652 vero

230 1673 394 1718 principes
413 1673 604 1707 christianos
635 1679 664 1707 et
693 1679 852 1706 terrarum
879 1673 982 1706 domi-

230 1738 290 1761 nos
312 1728 496 1772 praedictos
529 1728 699 1760 hortamur
728 1726 759 1759 in
784 1727 931 1767 Domino,
955 1733 984 1760 et

230 1782 274 1815 inv
296 1782 414 1815 virtute
450 1788 577 1815 sanctae
613 1780 815 1814 obedientiae
851 1780 983 1813 manda-

231 1846 305 1869 mus
324 1841 371 1876 ut,
393 1846 453 1880 pro
473 1835 571 1868 divini
601 1834 741 1868 nominis
762 1834 939 1867 reverentia
955 1840 985 1867 et

232 1889 369 1930 honore,
399 1889 575 1933 praemissa
600 1889 722 1929 omnia,
744 1888 776 1921 in
797 1889 863 1922 suis
884 1888 986 1922 domi-

232 1942 294 1977 niis
310 1954 347 1977 ac
369 1943 461 1976 terris
480 1943 682 1983 huiusmodi,
707 1942 905 1976 exactissime
922 1953 986 1975 scr-

234 1997 300 2030 vari
335 1996 472 2036 saciant,
509 1997 708 2030 uberrimam
741 1997 780 2029 ab
814 1997 883 2040 ipso
921 1996 985 2029 Deo

235 2051 418 2084 mercedem
439 2056 503 2083 tam
527 2050 603 2084 boni
625 2050 732 2095 operis
750 2050 924 2094 recepturi.

280 2105 294 2147 ἓ
315 2104 345 2137 7.
367 2105 411 2137 Ac
432 2104 588 2137 universis
614 2104 851 2137 venerabilibus
880 2103 985 2136 fratri-

64 2164 167 2200 Praelffli,
183 2163 222 2184 sub
235 2158 296 2191 bus
316 2158 518 2202 patriarchis,
538 2158 743 2202 primatibus,
771 2157 987 2201 archiepisco-

38 2201 138 2251 3322}
152 2195 223 2247 eiiii„
236 2212 285 2256 pis
306 2218 336 2245 et
360 2212 532 2256 episcopiS,
568 2213 704 2256 aliisque
730 2212 878 2245 locorum
899 2211 987 2244 ordi-

38 2260 161 2286 ¹'“³⁶¹¹¹²⁸*·
237 2265 347 2306 nariis,
370 2265 402 2299 in
417 2266 533 2299 virtute
549 2271 676 2299 sanctae
697 2265 910 2305 obedientiae,
929 2264 988 2298 sub

238 2319 450 2353 obtestatione
479 2319 577 2353 divini
610 2319 720 2353 iudicii
749 2325 779 2352 et
800 2318 987 2352 intermina-

236 2374 324 2408 tione
344 2373 578 2407 maledictionis
592 2379 750 2409 aeternac,
768 2378 938 2416 quatenus,
957 2372 989 2405 in

239 2427 419 2462 civitatibus
440 2434 470 2461 et
485 2428 686 2461 dioecesibus
711 2427 864 2471 propriis,
895 2437 988 2470 prae-

239 2482 343 2511 sentes
359 2477 600 2511 nostrasliteras
614 2476 811 2509 sufficienter
832 2476 991 2519 publicari

238 2525 366 2568 saciant,
393 2533 421 2560 et
446 2526 639 2571 praemissa,
674 2525 769 2558 etiam
799 2525 858 2558 sub
879 2526 991 2568 poenis

240 2580 270 2608 et
289 2575 433 2609 censuris
453 2574 689 2615 ecclesiasticis,
722 2574 883 2608 observari
915 2585 990 2618 pro—

241 2630 369 2659 curent.

283 2675 298 2718 ἓ
319 2674 348 2709 8.
371 2675 439 2709 Non
460 2675 661 2709 obstantibus
681 2673 846 2719 quibusvis
870 2674 991 2707 consti-

24 802 62 823 hus
76 802 192 823 irritantur,

903 273 970 297 PIUS
992 272 1011 296 V
1035 272 1083 296 PP.

1007 2427 1010 2453 l

1649 259 1708 294 631
1776 268 1822 294 An.
1842 267 1870 292 c.
1890 266 1957 294 1567

1006 323 1188 358 tutionibus
1217 329 1248 356 et
1273 321 1530 355 ordinationibus
1561 322 1756 364 apostolicis,
1820 328 1957 355 Quibuscum-

1008 384 1044 406 ac
1078 371 1352 417 exemptionibus,
1384 370 1578 415 privilegiis,
1614 369 1757 411 indultis,
1776 359 1960 410 {³,¹1¹,{‡¹,⁰⁰⁰b⁵¹'¹¹¹'

1008 422 1215 455 facultatibus
1234 426 1265 454 et
1284 420 1384 454 literis
1407 419 1602 463 apostolicis,
1630 419 1760 463 quibus-

1009 471 1052 503 vis
1077 471 1235 515 personis,
1274 471 1510 514 cuiuscumque
1539 470 1702 513 qualitatis
1732 475 1762 504 et

1010 522 1202 554 conditionis
1227 520 1451 560 existentibus,
1473 520 1531 553 sub
1552 519 1763 563 quibuscum-

1010 581 1072 613 que
1098 570 1263 603 tenoribus
1283 576 1314 603 et
1329 570 1452 611 formis,
1475 580 1511 602 ac
1531 580 1606 602 cum
1628 569 1762 612 quibus-

1010 619 1071 657 vis,
1109 620 1204 652 etiam
1234 619 1512 663 derogatoriarum
1553 619 1764 662 derogatoriis

1011 667 1148 711 aliisque
1175 669 1410 702 efficacioribus
1421 674 1451 701 et
1465 667 1612 709 insolitis,
1635 669 1763 702 clausu-

1012 716 1062 757 lis,
1085 728 1213 750 necnon
1242 717 1441 750 irritantibus
1465 723 1495 750 et
1514 717 1585 750 aliis
1609 717 1762 757 decretis,

1013 765 1045 798 in
1065 777 1182 808 genere
1203 768 1250 800 vel
1271 768 1303 800 in
1325 768 1442 811 specie,
1463 767 1558 800 etiarn
1584 773 1673 800 motu
1693 778 1766 810 pro-

1014 814 1084 858 prio
1120 827 1156 849 ac
1198 817 1276 849 alias
1311 816 1553 860 quomodolibet
1587 816 1763 856 concessis,

1015 865 1201 907 approbatis
1221 872 1249 899 et
1276 866 1450 907 innovatis,
1475 866 1604 909 quibus,
1637 866 1766 899 illorum

1016 918 1144 947 tenores
1174 915 1396 958 praesentibus
1429 926 1487 959 pro
1522 915 1679 959 expressis
1710 915 1767 948 ha-

1016 962 1139 1004 bentes,
1176 964 1357 1007 specialiter
1389 970 1420 997 et
1455 975 1602 1008 expresse
1633 965 1767 1008 deroga-

1017 1022 1107 1052 mus,
1140 1014 1339 1057 caeterisque
1370 1013 1538 1046 contrariis
1558 1013 1767 1057 quibuscum-

1019 1072 1094 1104 que.

1064 1111 1077 1153 ἐ
1099 1111 1130 1144 9,
1154 1112 1309 1145 Volumus
1336 1118 1442 1145 autem
1476 1112 1562 1155 quod
1588 1119 1771 1155 praesentes

1019 1159 1129 1194 literae
1162 1160 1193 1193 in
1223 1161 1420 1194 Cancellaria
1450 1166 1558 1194 nostra
1589 1162 1771 1205 Apostolica

1020 1214 1051 1242 et
1070 1210 1137 1243 acie
1158 1210 1268 1255 Campi
1288 1211 1401 1246 Florae
1429 1211 1467 1244 de
1492 1222 1581 1244 more
1602 1211 1770 1255 publicen-

1020 1264 1084 1299 tur,
1112 1265 1141 1292 et
1166 1259 1250 1293 inter
1270 1260 1515 1294 constitutiones
1542 1266 1699 1305 perpetuo
1718 1272 1770 1295 va-

1021 1308 1135 1342 lituras
1155 1310 1392 1351 describantur,
1421 1317 1451 1344 et
1481 1322 1593 1344 earum
1616 1317 1774 1345 transum-

1023 1359 1095 1403 ptis,
1120 1361 1213 1393 etiam
1237 1360 1414 1404 impressis,
1440 1371 1538 1394 manu
1559 1360 1695 1394 alicuius
1715 1372 1773 1395 no-

1023 1409 1093 1441 tarii
1115 1409 1236 1453 publici
1254 1409 1454 1454 subscriptis,
1473 1415 1503 1443 et
1519 1409 1622 1453 sigillo
1638 1409 1774 1443 alicuius

1024 1459 1157 1501 praelati
1178 1459 1319 1500 munitis,
1338 1460 1449 1493 eadem
1464 1470 1597 1503 prorsus
1608 1459 1687 1492 fides
1702 1460 1774 1493 ubi-

1024 1518 1086 1550 que
1107 1508 1309 1550 adhibeatur,
1342 1519 1424 1552 quae
1454 1508 1573 1542 eisdem
1598 1508 1774 1552 praesenti-

1025 1557 1084 1590 bus
1104 1558 1328 1598 adhiberetur,
1360 1558 1384 1591 si
1413 1558 1517 1592 forent
1550 1557 1707 1592 exhibitae
1727 1558 1776 1591 vel

1025 1613 1182 1641 ostensae,

1068 1656 1154 1689 Nulli
1175 1668 1251 1701 ergo
1272 1657 1405 1691 omnino
1430 1662 1486 1690 etc.

1069 1706 1182 1738 Datum
1208 1707 1327 1740 Romae
1351 1706 1436 1751 apud
1457 1707 1611 1740 Sanctum
1632 1707 1774 1747 Petrum,

1026 1765 1110 1788 anno
1143 1756 1378 1789 lucarnationis
1404 1755 1585 1789 dominicae
1605 1755 1778 1790 millesimo

1026 1805 1285 1849 quingentesimo
1307 1805 1504 1849 sexagesimo
1538 1806 1686 1850 septimo,
1722 1805 1777 1838 ka-

1027 1854 1129 1887 lendis
1173 1855 1355 1889 novembris
1371 1882 1378 1895 ,
1431 1855 1637 1899 pontificatus
1679 1855 1778 1889 nostri

1027 1914 1112 1937 anno
1133 1914 1165 1937 11.

1086 1963 1147 1993 Dat.
1171 1963 1217 1993 die
1237 1965 1250 1992 1
1277 1972 1342 1993 nov.
1364 1962 1451 1999 1557,
1471 1962 1573 2001 pontis.
1597 1971 1671 1992 anno
1695 1971 1725 1991 11.

1813 1121 1874 1142 Fides
1907 1124 1966 1142 tran-

1786 1156 1923 1180 sumptorum

1345 2105 1470 2139 LXXIV.

1031 2173 1258 2215 Com-ectiones,
1298 2175 1390 2207 inccta
1435 2173 1628 2206 sententiam
1664 2172 1782 2206 Sacrae

1074 2223 1342 2268 Conyreyationis
1373 2223 1524 2262 Concilz'z‘,
1545 2222 1713 2264 faciendae
1746 2223 1781 2254 in

1074 2274 1207 2307 concilio
1234 2274 1405 2307 Valentino
1425 2273 1452 2306 ¹.

1030 2351 1179 2380 Venerabili
1192 2352 1282 2380 fratri
1293 2351 1457 2380 Fordinando
1472 2349 1648 2378 Patriarcnae
1659 2349 1782 2379 antioch,

1225 2401 1431 2437 archiepiscopo
1451 2399 1594 2428 Valentino

1305 2451 1366 2479 Pius
1389 2450 1460 2485 Papa
1479 2448 1509 2477 V.

1225 2499 1394 2528 Venerabilis
1413 2498 1516 2532 frater,
1541 2499 1594 2527 etc.

1077 2569 1091 2612 ᾖ
1110 2568 1141 2601 ’1.
1164 2567 1362 2601 Provinciale
1383 2566 1558 2600 concilium
1579 2565 1782 2599 Valentinum
1823 2591 1847 2614 ,n
1863 2591 1983 2619 congrega-

1034 2617 1255 2661 super'ioribus
1275 2617 1367 2650 annis
1387 2615 1597 2656 celebratum,
1614 2614 1700 2659 quod
1714 2625 1784 2648 cor·
1798 2626 1857 2646 tione
1894 2623 1983 2645 eoncnn

1071 2683 1082 2708 i
1100 2681 1140 2709 Ex
1158 2681 1263 2717 Regest.
1282 2681 1308 2708 in
1324 2681 1426 2709 Secret.
1449 2680 1527 2708 Brev,
