2237 3100
40 240 89 270 An.
106 240 135 267 C.
155 239 222 267 ¹562

75 997 155 1024 Quibus
184 1002 219 1018 eo-

34 1035 77 1050 rum
127 1030 218 1050 ministri

34 1060 154 1081 abutuntur.

41 1750 79 1772 Hie
94 1752 141 1772 ideo
162 1751 218 1773 Pon-

32 1782 218 1809 titexgeneratncr

34 1819 59 1835 ea
74 1817 166 1839 revocat,
176 1820 216 1835 11011

33 1848 102 1866 tamen
114 1847 181 1872 quo-id
189 1846 217 1865 fa-

33 1876 104 1897 luricae
142 1877 218 1898 relicta

35 1911 55 1930 et
69 1908 146 1934 tegata.

910 238 977 262 Pit's
997 237 1027 261 IV
1047 237 1095 261 PP.

239 298 385 336 tempore
410 292 596 335 degentium
621 292 843 326 sustentationi
869 303 905 326 ac
935 302 989 335 op-

239 351 397 390 portunae
431 346 632 379 subventioni
662 346 720 380 rite
746 347 987 385 consuleretur,

237 411 274 433 ac
295 411 331 433 ex
352 400 447 434 certis
469 405 545 433 tunc
565 401 723 445 expressis
745 401 990 434 rationabilibus

235 453 340 486 causis
367 453 505 487 diversas
526 454 756 498 indulgentias,
780 460 988 498 peccatorum

234 506 456 548 remissiones,
478 508 721 549 concessiones,
743 507 874 551 gratias,
896 508 990 552 priri-

234 560 329 604 legia,
352 561 528 603 facultates,
550 562 645 595 etiam
666 562 871 606 dispensandi
892 574 989 607 super

234 614 474 658 impedimentis
513 616 804 649 matrimonialibus
841 616 888 649 161
920 617 989 649 aliis

235 668 498 714 quibuscumque
519 670 697 704 defectibus
718 676 748 704 et
772 670 989 714 irregularita-

234 722 330 764 tibus,
347 729 377 756 et
397 724 594 766 absolvendi,
613 724 737 757 indulta
758 724 877 757 eisdem
894 725 989 757 sabri-

233 787 289 810 cae
321 782 353 810 et
381 777 530 821 hospitali
567 789 602 810 ac
632 778 763 811 illorum
801 779 987 812 commissa-

233 830 308 873 riis,
340 833 544 876 praeceptori
572 838 602 866 et
630 833 785 867 ministris
819 845 987 868 concesse-

233 885 346 918 rimus.

277 939 292 982 §
313 938 343 971 2.
369 939 599 980 Nihilominus,
623 941 704 974 sicut
728 951 792 974 non
814 942 881 974 51116
902 942 988 985 gravi

234 993 351 1026 mentis
370 998 498 1027 nostrae
520 994 761 1037 perturbatione
777 1007 883 1039 nuper
897 996 988 1029 intel-

232 1046 387 1087 leximus,
422 1053 486 1080 tam
520 1046 671 1081 basilicae
704 1049 862 1090 fabricae,
889 1061 987 1093 quam

232 1100 397 1144 hospitalis
418 1108 445 1134 et
471 1101 609 1134 aliorum
635 1103 781 1135 locorum
809 1108 837 1135 et
860 1104 986 1136 confra-

231 1153 418 1187 ternitatum
435 1155 646 1188 commissarii
663 1161 693 1188 et
709 1155 858 1197 ministri,
877 1157 988 1190 huius-

232 1208 320 1241 modi
341 1208 568 1252 indulgentiis,
592 1216 801 1254 peccatorum
823 1211 986 1244 remissio-

231 1260 338 1302 nibus,
361 1262 635 1303 concessionibus,
658 1264 779 1307 gratiis,
798 1265 983 1308 privilegiis,

231 1325 268 1348 ac
288 1315 506 1360 dispensandi,
524 1323 559 1349 ut
580 1317 808 1360 praemittitur,
831 1329 867 1351 ac
883 1319 987 1352 absol-

229 1368 322 1401 vendi
344 1374 374 1402 et
394 1369 463 1402 aliis
484 1370 689 1404 facultatibus
713 1377 742 1404 et
769 1371 902 1404 indultis
928 1372 985 1406 sibi

231 1423 392 1456 concessis
412 1424 595 1467 praedictis,
614 1425 646 1457 in
667 1436 760 1468 grave
772 1425 903 1459 illorum
920 1427 987 1459 ani-

229 1487 357 1510 marum
370 1477 551 1521 periculum
573 1478 784 1512 diversimode
801 1480 985 1520 abutantur,

230 1541 267 1564 ac
308 1531 392 1565 circa
427 1532 480 1565 illa
519 1543 583 1565 non
620 1533 799 1567 mediocres
835 1535 1008 1576 commit-⁴

230 1589 342 1617 tantur
359 1596 496 1627 errores,
513 1586 545 1618 in
562 1587 749 1619 scandalum
768 1587 985 1631 plurimorum

230 1649 267 1671 ac
287 1638 411 1672 divinae
433 1639 602 1672 Maiestatis
623 1640 790 1674 offensam.

275 1691 290 1735 ξ
309 1691 340 1725 3.
359 1692 422 1726 Nos
436 1693 544 1737 igitur,
560 1694 700 1727 debitam
717 1695 822 1738 gregis
832 1695 985 1729 dominici

232 1756 343 1779 curam
364 1746 494 1787 habere,
516 1752 546 1780 et
566 1758 605 1780 ne
622 1748 701 1781 tales
721 1749 841 1782 abusus
857 1749 984 1793 piorum
1006 1762 1007 1765 ¹

232 1805 356 1834 mentes
375 1801 541 1844 polluant,
564 1814 601 1835 ac
621 1802 671 1846 pie
693 1813 856 1839 concessa,
880 1804 985 1836 homi-

231 1864 310 1887 num
331 1855 464 1895 malitia,
487 1856 669 1888 animarum
699 1856 792 1889 saluti
813 1857 987 1889 detrimen-

231 1914 301 1941 tum
320 1908 466 1949 afferant,
488 1915 520 1942 ut
541 1920 600 1954 par
620 1916 665 1943 est
687 1911 867 1953 providere,
886 1922 987 1954 quan-

231 1967 300 1995 tuni
318 1962 349 1995 in
370 1963 463 1996 nobis
479 1969 536 2005 est,
556 1965 714 1997 scandalis
730 1965 858 1998 01111316
875 1970 902 1997 et
920 1965 986 1998 ani-

231 2026 358 2049 marum
377 2017 471 2050 saluti
492 2019 661 2051 consulere
682 2018 836 2055 volentes,
859 2029 985 2052 necnon

232 2068 520 2113 indulgentiarum,
543 2071 783 2112 remissionum,
805 2072 986 2105 concessio-

231 2133 323 2164 num,
345 2124 522 2166 gratiarum
536 2152 543 2165 ,
566 2125 809 2169 privilegiorum
823 2152 830 2165 ,
852 2126 985 2159 faculta-

232 2181 300 2209 tum
324 2182 355 2209 et
385 2177 586 2211 indultorum
608 2178 748 2211 fabricae
771 2190 806 2211 ac
836 2179 985 2223 hospitali

230 2240 359 2263 necnon
379 2230 449 2263 aliis
469 2231 550 2265 locis
569 2238 599 2265 et
615 2232 933 2266 cont'raternitatibus
949 2244 985 2267 ac

231 2285 461 2319 commissaliis
479 2314 486 2327 ,
522 2287 725 2330 praeceptori
764 2292 793 2320 et
832 2287 986 2320 ministris

232 2349 461 2372 concessorum
482 2340 670 2373 huiusmodi
698 2340 838 2374 veriores
857 2346 986 2374 tenores

231 2393 454 2437 praesentibus
468 2405 527 2438 pro
543 2395 700 2439 expressis
716 2396 879 2436 habentes,
896 2400 984 2428 motu

232 2443 378 2487 proprio,
396 2454 460 2476 non
476 2444 515 2477 ad
536 2444 672 2477 alicuius
693 2455 791 2489 super
810 2446 872 2478 1106.
893 2445 985 2478 nobis

231 2490 357 2525 oblatae
377 2492 539 2536 petitionis
566 2493 769 2533 instantiam,
792 2494 845 2527 sed
867 2495 905 2527 de
926 2504 984 2527 no-

232 2546 296 2574 stra
316 2553 404 2575 mera
419 2542 662 2584 deliberatione,
681 2543 789 2576 omnia
809 2548 837 2575 61
860 2543 986 2585 singula

1680 225 1743 260 999

1032 289 1210 335 privilegia,
1224 289 1347 322 indulta
1368 294 1398 322 et
1418 288 1596 330 facultates,
1614 288 1708 322 etiam
1727 289 1788 323 dis-

1032 343 1209 388 pensandi,
1232 348 1267 376 ut
1295 342 1523 387 praemittitur,
1547 348 1577 375 et.
1603 342 1785 376 absolvendi

1031 399 1119 440 (non
1137 402 1243 430 tamen
1264 397 1375 429 relicta
1401 403 1428 429 et
1457 397 1671 430 haereditates
1692 397 1786 430 etiam

1031 451 1069 483 ad
1092 451 1158 494 pias
1179 462 1291 485 causas
1307 450 1419 494 exequi
1433 449 1582 491 faciendi,
1605 456 1631 484 et
1655 450 1709 483 illa
1731 462 1786 484 seu

1032 516 1145 538 eorum
1167 510 1291 549 partem
1312 505 1414 538 dictae
1430 504 1581 545 fabricae,
1596 505 1682 537 iuxta
1698 510 1787 538 teno-

1032 570 1099 592 rem
1134 560 1375 603 privilegiorum
1400 559 1653 603 praedictorum,
1682 559 1785 604 appli-

1031 613 1135 653 candi,
1160 624 1286 646 necnon
1316 613 1554 647 commissarios
1575 606 1607 646 et'
1625 613 1786 647 debitores

1030 666 1131 710 ipsius
1147 667 1286 700 fabricae
1302 668 1341 700 ad
1358 668 1403 700 itti
1420 667 1621 701 reddendum
1635 672 1785 712 computa

1031 726 1059 753 et
1086 721 1345 754 satisfaciendum
1372 722 1410 755 de
1435 721 1663 755 administratis
1684 728 1713 755 et
1733 722 1785 755 de-

1030 773 1103 807 bitis
1123 785 1181 818 per
1201 786 1273 815 cos,
1298 781 1393 819 prout
1421 776 1579 809 hactenus
1608 776 1678 809 fieri
1707 787 1783 809 con-

1805 233 1854 260 Α11.
1872 234 1900 261 C.
1919 235 1987 263 ¹562

1031 828 1142 863 suevit,
1161 829 1295 871 cogendi
1316 835 1343 862 et
1368 830 1583 874 compellendi
1600 831 1627 873 ),
1646 830 1783 864 fabricae
1828 855 1831 857 -

1031 888 1056 914 et
1076 882 1226 926 hospitali
1243 884 1427 927 praedictis,
1450 895 1577 917 necnon
1594 885 1782 918 monialium

1031 935 1169 979 Spiritus
1189 936 1295 969 Sancti
1317 937 1535 978 Venetiarum,
1549 938 1685 983 aliisque
1701 939 1785 973 eius-

1031 990 1101 1022 dem
1124 989 1232 1023 Sancti
1252 991 1434 1033 Augustini,
1457 1003 1512 1024 sen
1535 993 1673 1026 aliorum
1694 993 1784 1027 Ordi-

1029 1054 1119 1084 num,
1143 1050 1206 1076 tam
1231 1045 1374 1077 virorum
1401 1057 1497 1088 quam
1518 1047 1691 1080 mulierum
1714 1060 1782 1082 1110-

1030 1098 1178 1132 1135161115
1198 1110 1233 1132 116
1263 1099 1497 1143 hospitalibus,
1521 1102 1684 1143 ecclesiis,
1707 1115 1783 1148 cap-

1029 1153 1143 1196 pellis,
1171 1154 1346 1194 altaribus,
1375 1154 1708 1198 confraternitatibus,
1731 1168 1782 1190 so-

1029 1206 1197 1239 cietatibus
1217 1214 1245 1240 et
1267 1207 1337 1240 aliis
1358 1208 1416 1251 piis
1436 1208 1515 1241 locis
1534 1219 1551 1241 a
1572 1209 1656 1242 dicto
1676 1210 1783 1255 hospi-

1028 1260 1082 1293 tali
1103 1261 1209 1294 Sancti
1231 1261 1367 1305 Spiritus
1388 1262 1655 1306 dependentibus,
1674 1275 1730 1298 seu
1750 1264 1783 1298 in

1029 1314 1097 1347 eius
1131 1315 1314 1348 membrum
1349 1321 1403 1348 aut
1446 1316 1623 1359 grangiam,
1658 1318 1780 1361 quavis,

1029 1368 1122 1401 etiam
1144 1369 1329 1413 apostolica,
1343 1369 1532 1403 auctoritate
1552 1371 1678 1412 erectis,
1696 1383 1732 1405 ac
1747 1372 1782 1405 il-

1028 1422 1134 1455 lorum
1156 1424 1438 1467 praeceptoribus,
1469 1424 1659 1466 abbatibus,
1687 1426 1782 1459 abba-

1028 1476 1124 1516 tissis,
1147 1476 1310 1520 prioribus
1326 1482 1354 1510 et
1372 1477 1543 1521 priorissis,
1567 1479 1781 1513 confratribus

1028 1540 1084 1562 seu
1105 1529 1234 1563 illorum
1257 1531 1466 1564 conventibus
1488 1542 1523 1564 ac
1552 1532 1781 1567 commissariis

1028 1594 1154 1616 necnon
1167 1584 1333 1625 ministris,
1346 1585 1453 1627 quoad
1469 1585 1623 1619 fabricam
1634 1586 1781 1620 videlicet

1028 1637 1060 1669 in
1081 1637 1167 1670 Italia
1188 1638 1365 1679 dumtaxat,
1382 1650 1446 1682 quo
1466 1650 1540 1672 vero
1557 1639 1596 1672 ad
1611 1639 1781 1684 hospitalia

1029 1697 1057 1724 et
1079 1692 1293 1732 monasteria,
1317 1693 1595 1727 confraternitates
1621 1700 1648 1727 et
1678 1694 1780 1728 socie-

1031 1751 1107 1778 tates
1125 1757 1161 1778 ac
1179 1747 1239 1779 alia
1255 1747 1325 1779 loca
1341 1747 1545 1788 huiusmodi,
1565 1753 1628 1781 tam
1645 1748 1677 1781 in
1693 1749 1781 1782 Italia

1029 1811 1125 1843 quani
1146 1800 1223 1833 alias
1244 1801 1345 1833 ubivis
1364 1801 1534 1841 locorum,
1557 1813 1595 1836 ex
1619 1803 1783 1847 quibusvis

1029 1854 1134 1886 causis
1155 1859 1183 1886 et
1205 1854 1243 1887 ad
1264 1855 1463 1902 quorumvis,
1480 1857 1575 1888 etiam
1596 1856 1781 1901 principum

1029 1918 1322 1952 quomuncumque,
1334 1909 1528 1950 instantiam,
1544 1911 1592 1943 vel
1608 1921 1721 1943 eorum
1737 1912 1784 1944 in-

1028 1961 1123 2003 tuitu,
1143 1963 1398 1997 consideratione
1427 1965 1475 1996 161
1496 1965 1781 2009 contemplatione,

1029 2015 1124 2048 etiam
1146 2021 1235 2049 motu
1257 2016 1372 2058 simili,
1396 2017 1492 2050 etiam
1520 2018 1784 2053 consistorialiter

1028 2079 1063 2101 ac
1084 2069 1122 2102 de
1143 2070 1339 2113 apostolicae
1368 2071 1532 2114 potestatis
1566 2072 1780 2116 plenitudine,

1029 2123 1123 2155 etiam
1146 2123 1170 2155 si
1187 2123 1241 2156 illa
1257 2123 1315 2156 sub
1332 2124 1496 2167 quibusvis
1513 2126 1782 2168 revocationibus,

1028 2177 1272 2210 alterationibus
1287 2179 1335 2210 161
1355 2178 1601 2212 1111111311011111115
1630 2179 1782 2214 similium

1027 2232 1074 2264 161
1095 2231 1300 2265 dissimilium
1331 2232 1625 2276 indulgentiarum,
1649 2246 1781 2269 conces-

1028 2285 1168 2326 sionum,
1191 2286 1380 2329 gratiarum,
1403 2287 1660 2331 privilegiorum,
1682 2290 1783 2323 facul-

1028 2345 1129 2373 tatum
1151 2345 1178 2373 et
1197 2340 1411 2380 indultorum,
1430 2341 1462 2374 in
1482 2347 1547 2375 toto
1570 2343 1617 2376 161
1638 2343 1671 2376 111
1691 2350 1781 2388 parte.

1028 2394 1160 2427 minime
1194 2395 1559 2439 comprehenderentur,
1594 2402 1625 2430 et.
1655 2397 1781 2441 quotics

1028 2448 1083 2481 illa
1102 2449 1246 2482 revocari
1266 2449 1463 2492 contingeret
1480 2478 1487 2491 ,
1509 2451 1603 2484 toties
1624 2451 1656 2483 in
1676 2451 1780 2495 pristi-

1028 2508 1106 2530 nuni
1128 2503 1244 2531 statum
1267 2499 1411 2532 restituta
1440 2505 1543 2533 essent
1565 2506 1593 2533 et
1616 2511 1683 2533 esse
1704 2512 1780 2534 cen-

1028 2552 1193 2587 serentur,
1216 2547 1353 2580 irritanti
1375 2548 1469 2581 etiam
1491 2549 1620 2583 decreto
1641 2550 1781 2594 desuper

231 2589 456 2634 indulgentias,
477 2592 572 2625 etiam
593 2593 766 2636 plenarias,
784 2603 819 2626 ac
842 2597 986 2636 peccato·
1028 2594 1133 2627 forsan
1165 2596 1289 2630 adiecto
1303 2624 1310 2638 ‚
1332 2608 1369 2630 ac
1404 2609 1477 2631 cum
1511 2599 1582 2637 aliis
1614 2599 1779 2643 quibusvis

232 2650 304 2672 rum
325 2641 551 2683 16111155101165,
573 2652 699 2676 necnon
731 2642 957 2677 concessiones
975 2667 982 2681 ‚
1028 2644 1180 2679 clausulis
1199 2647 1441 2690 quomodolibet
1471 2658 1641 2690 concessa,
1664 2659 1699 2682 ac
1723 2648 1778 2682 ite-
