2237 3100
72 257 120 284 Aa.
137 256 165 284 C.
188 256 255 284 1570

951 257 1019 282 PIUS
1043 257 1062 281 V
1087 257 1134 281 PP.

1710 250 1776 283 803

269 309 406 352 aliisque
427 308 654 341 ecclesiasticis
675 309 853 349 sententiis,
878 311 1023 343 censuris
1068 310 1253 352 lienetiriis,
1276 311 1494 354 oinnibusspie
1516 318 1542 344 et
1566 312 1700 353 singulis
1731 325 1823 356 prae-

269 367 300 395 et
319 361 444 406 poenis,
467 372 483 393 a
506 361 575 393 iure
596 362 642 394 vel
665 362 704 394 ab
725 362 856 395 homine
877 389 884 402 ‚
913 363 1024 406 quavis
1067 364 1183 404 missis,
1205 364 1236 396 in
1256 364 1399 398 Romana
1431 365 1525 398 Curia
1544 366 1590 397 vel
1613 371 1699 398 extra
1722 378 1791 399 eam
1813 394 1820 406 ,

267 416 439 449 occasione
459 416 506 447 vel
528 426 637 455 eausa,
653 415 736 455 latis,
760 415 784 448 51
806 417 925 459 quilius
946 427 1024 460 quo-

270 468 447 502 modolibet
466 468 612 501 innodati
633 468 785 509 existunt,
808 470 848 501 ad
873 470 1021 512 effectum

267 522 489 566 praesentium
525 522 690 554 dumtaxat
726 524 993 566 consequendum
1013 551 1020 564 ‚

267 576 383 609 harum
404 575 485 608 serie
506 575 706 608 absolventes
727 581 757 608 et
773 576 938 609 absolutos
956 578 1022 610 l'ore

266 634 446 668 censentes;
468 639 596 661 necnon
615 629 761 661 omnium
774 630 1021 671 etsing‘uloruui

266 682 523 726 privilegiorum,
545 682 806 722 concessionum,
835 683 1021 716 immunita-

265 740 346 774 tum,
370 734 624 778 exemptionum,
652 735 866 775 erectionum,
896 736 1021 768 institu-

266 788 403 826 tionum,
427 787 600 829 unionum,
623 789 854 826 annexionum,
874 788 1023 833 incorpo-

265 841 440 882 rationum,
454 841 549 874 etiam
562 847 807 885 perpetuarum,
820 843 1020 881 libertatum,

266 895 468 927 indultorum
482 900 512 928 et
523 894 661 927 aliarum
674 895 850 938 gratiarum
868 907 904 929 ao
925 897 1021 929 desu-

264 958 323 991 per
343 947 565 980 confectarum
589 948 769 981 litterarum
792 950 1020 992 prmdietarum

264 1001 406 1034 veriores
426 1006 554 1034 tenores
572 1028 581 1041 ,
604 1001 724 1035 forinas
745 1007 775 1035 et
800 1003 993 1047 compendia
1008 1030 1020 1046 ,

264 1066 301 1088 ae
321 1065 455 1095 causas,
477 1055 589 1088 titulos
607 1081 615 1093 ‚
638 1055 883 1095 eoncessiones,
907 1057 1022 1099 elargi-

264 1108 380 1148 tiones,
408 1108 545 1141 uniones
562 1135 572 1148 ,
595 1108 791 1142 annexiones
813 1115 843 1142 et
868 1110 1021 1153 incorpo-

265 1162 405 1195 rationes
420 1161 620 1201 huiusmodi,
644 1162 740 1195 etiam
768 1169 941 1206 perpetuas
973 1164 1021 1196 vel

264 1215 458 1259 temporales
477 1241 484 1255 ,
517 1214 713 1258 illarumque
749 1216 971 1249 revocationes
991 1222 1019 1249 et

263 1268 492 1312 suspensiones
509 1295 518 1307 ,
541 1273 605 1301 tam
625 1279 684 1311 per
704 1279 762 1302 nos
792 1280 889 1312 quarn
926 1280 1022 1313 quos-

263 1331 404 1365 cumque
424 1321 505 1354 alios
525 1321 688 1354 Romanos
708 1321 882 1355 Pontifices
906 1323 954 1355 vel
973 1323 1020 1355 le-

262 1380 352 1418 gatos
386 1375 503 1415 saetas,
526 1375 622 1408 etiam
643 1376 732 1418 quod
753 1375 861 1408 forsan
882 1376 1022 1420 desuper

262 1429 323 1473 sibi
344 1428 491 1462 iniuncta
510 1438 576 1461 non
595 1428 856 1473 adimpleverint,
889 1434 919 1461 et
948 1441 1022 1473 pro-

262 1487 373 1527 pterea
406 1482 536 1516 illarum
573 1482 780 1516 amissionem
810 1483 1018 1524 inducentes,

262 1536 393 1580 penitus
413 1541 443 1570 et
454 1536 587 1569 omnino
599 1535 792 1574 inficientes2
804 1547 932 1569 necnon
950 1547 1020 1570 om-

261 1600 319 1622 nes
338 1594 369 1623 et
388 1589 533 1633 singulos
564 1590 703 1630 fructus,
731 1590 879 1623 redditus
896 1595 925 1623 et
946 1601 1021 1633 pro-

262 1647 388 1684 ventus,
411 1653 470 1687 per
485 1654 540 1676 eos
559 1644 607 1676 vel
625 1653 740 1676 eorum
753 1643 908 1686 aliquem,
923 1644 1019 1676 etiam

261 1696 294 1729 in
314 1707 411 1740 parva
435 1696 483 1730 vel
509 1707 625 1739 magna
647 1697 838 1739 quantitate,
862 1708 899 1729 ex
919 1697 1019 1730 hene-

262 1749 344 1784 fieiis
364 1755 395 1783 et
410 1750 482 1784 aliis
493 1750 667 1794 praedietis
679 1750 821 1783 indebite
835 1756 1017 1794 perceptos,

259 1814 296 1837 ae
308 1804 441 1837 illorum
462 1803 658 1847 quantitates
673 1809 701 1837 et
723 1804 860 1844 valores,
875 1809 1019 1848 tempus-

260 1867 323 1900 que
332 1867 391 1902 per
402 1858 489 1900 quod
502 1857 548 1889 illi
560 1857 786 1900 possederunt,
799 1868 854 1890 seu
867 1857 1018 1898 indebite,

259 1910 350 1943 nullo
372 1910 485 1943 saltem
507 1909 664 1943 canonico
686 1910 779 1943 titulo
801 1910 881 1942 iuris
902 1911 948 1943 vel
967 1910 1020 1942 ad-

260 1963 415 1997 miniculo
438 1963 483 1996 eis
504 1964 645 2006 desuper
664 1963 874 2005 suffragante,
897 1964 952 1996 sed
972 1968 1018 1996 te-

261 2017 407 2050 meritate
428 2016 563 2060 propria
584 2021 615 2050 et
635 2016 674 2049 de
695 2016 779 2049 sacto
804 2016 1016 2057 detinuerint,

259 2082 296 2104 ac
316 2071 508 2104 eorumdem
528 2070 764 2103 beneficiorum
786 2080 897 2103 verum
920 2075 950 2102 et
967 2072 1018 2103 111-

260 2125 387 2165 timum,
411 2125 507 2157 etiam
529 2135 565 2157 ex
586 2123 775 2168 quorumvis
788 2123 945 2167 personis,
968 2135 1020 2156 va-

260 2178 396 2212 cationis
416 2178 563 2218 modmn,
587 2178 711 2211 etiamsi
737 2188 774 2210 ex
802 2178 857 2210 illo
887 2179 1018 2221 quaevis

259 2231 420 2274 generalis
454 2231 628 2264 reservatio
642 2258 649 2271 ,
682 2231 778 2263 etiam
812 2230 844 2263 in
880 2241 1017 2274 corpore

260 2285 340 2318 iuris
357 2285 479 2323 clausa,
502 2284 625 2317 etiamsi
647 2295 706 2328 per
721 2284 846 2317 obitum
863 2285 949 2327 apud
961 2284 1017 2318 Se-

259 2338 333 2371 dem
353 2337 572 2381 Apostolicam
589 2338 735 2377 resultet,
755 2348 791 2369 ae
812 2347 925 2370 eorum
955 2337 1017 2370 dis-

259 2392 387 2439 positio,
402 2392 488 2425 iuxta
499 2391 720 2424 Lateranensis
739 2396 855 2424 statuta
872 2391 1015 2431 concilii,

259 2446 343 2474 extet
354 2441 392 2474 ad
405 2440 522 2474 Sedem
534 2440 682 2473 eamdem
694 2439 836 2483 legitime
853 2440 1014 2481 devoluta,

258 2490 458 2533 nominaque
489 2489 696 2533 cognomina,
718 2489 849 2531 gradus,
870 2489 1017 2522 nobilita-

258 2545 305 2573 tes
325 2545 356 2572 et
375 2539 546 2582 qualitates
572 2539 625 2571 illa
646 2538 876 2578 obtinentium,
895 2543 1016 2571 auteu-

258 2589 356 2622 iusvis
374 2588 438 2621 litis
459 2593 490 2621 ct
513 2598 628 2621 causae
644 2614 651 2628 ,
674 2588 697 2621 si
719 2598 815 2631 quae,
840 2592 901 2620 tam
919 2598 1017 2631 super

259 2638 449 2683 privilegiis,
473 2637 607 2671 indultis
626 2637 762 2681 aliisque
779 2636 898 2680 gratiis,
918 2647 1015 2679 quam

1066 419 1206 460 pendeat
1230 418 1385 457 indecisa,
1408 423 1508 451 status
1525 424 1553 451 et
1576 419 1700 456 merita,
1717 421 1822 453 nonii-

1067 482 1172 514 naque
1194 477 1224 504 et
1245 471 1438 514 cognomina
1476 471 1621 505 iudicum
1642 478 1672 506 et
1708 473 1822 505 0011111-

1065 525 1210 567 gantiam
1244 537 1278 557 :ic
1306 536 1418 558 eorum
1441 526 1511 559 iura
1532 531 1561 558 1-1
1581 526 1703 567 titulos,
1726 526 1821 559 etiam

1064 579 1171 611 nullos
1193 584 1222 611 et
1244 579 1430 618 inl'eetivos,
1453 580 1523 612 loca
1546 590 1697 622 «pioque,
1726 580 1823 613 situa-

1066 631 1167 664 tiones
1186 637 1214 664 et
1236 632 1402 665 dioeceses
1421 659 1428 672 ,
1453 632 1484 664 in
1514 632 1633 675 quibus
1662 633 1771 666 omnia
1792 639 1820 665 et

1066 684 1190 726 singula
1210 685 1368 718 beneficia
1388 713 1395 725 ,
1424 685 1595 730 hospitalia
1615 712 1622 726 ‚
1653 687 1793 720 oratoria
1813 714 1820 727 ,

1065 747 1190 770 necnon
1212 738 1340 775 domus,
1364 738 1572 777 monasteria,
1587 739 1733 782 collegia,
1748 751 1823 773 oon-

1065 796 1177 824 ventus
1197 797 1224 824 et
1241 791 1302 824 alia
1323 792 1394 825 loca
1416 792 1583 835 praedicta
1603 792 1662 826 sita
1683 799 1769 834 sunt,
1793 800 1823 826 et

1065 845 1184 887 quibus
1206 845 1305 885 unita,
1327 856 1451 878 annexa
1475 851 1503 878 et
1526 845 1730 889 incorporata
1753 847 1822 881 fue-

1066 903 1151 938 runt,
1175 904 1206 931 et
1226 904 1383 941 quantum
1404 909 1504 931 unum
1526 899 1565 931 ab
1577 899 1678 932 altero
1691 899 1820 939 distent,

1065 951 1190 984 etiamsi
1219 952 1311 985 valde
1340 957 1464 985 remota
1493 953 1567 989 51111;
1599 963 1727 986 nes-non
1758 954 1822 987 fru-

1065 1010 1189 1045 etuum,
1212 1005 1439 1038 reddituuinet
1458 1011 1674 1049 proventuum
1695 1006 1823 1040 Ordinis

1065 1058 1253 1091 huiusmodi
1279 1069 1390 1091 verum
1418 1070 1564 1092 annuum
1585 1060 1726 1092 valorem
1746 1060 1821 1093 alia-

1065 1122 1128 1153 que
1150 1111 1257 1144 onmia
1279 1117 1307 1144 et
1334 1112 1460 1155 singula
1489 1112 1541 1143 hie
1564 1112 1603 1145 de
1632 1113 1821 1146 necessitate

1066 1164 1167 1206 magis
1200 1164 1422 1207 exprimenda,
1460 1164 1582 1197 etiamsi
1614 1165 1688 1197 talia
1718 1171 1823 1198 essent

1065 1228 1147 1260 quae
1168 1217 1227 1249 5111)
1252 1218 1395 1260 generali
1413 1228 1563 1251 sermone
1585 1228 1649 1250 11011
1671 1229 1821 1262 compre-

1064 1270 1316 1310 lieiulerentur,
1344 1271 1400 1303 sed
1425 1276 1501 1303 nota
1522 1276 1549 1303 et
1581 1271 1822 1314 specificatione

1065 1323 1253 1366 particulari
1275 1329 1305 1356 et
1330 1323 1459 1368 speciali
1490 1323 1699 1367 indigerent,
1726 1334 1821 1367 prae-

1064 1376 1209 1409 sentibus
1228 1388 1288 1421 pro
1306 1378 1400 1420 plene
1413 1383 1440 1410 ct
1453 1378 1652 1410 sufficienter
1663 1378 1822 1421 expressis

1065 1430 1232 1463 habentes.

1108 1485 1122 1527 ξ
1143 1483 1174 1516 3.
1203 1484 1289 1517 Motu
1311 1485 1446 1528 proprio
1467 1490 1497 1516 et
1514 1495 1550 1516 ex
1576 1490 1664 1517 certa
1685 1484 1821 1517 scientia

1064 1543 1173 1570 nostra
1194 1548 1228 1569 ac
1251 1538 1289 1570 de
1315 1537 1511 1581 apostolicae
1532 1537 1699 1579 potestatis
1717 1537 1820 1580 pleni-

1066 1590 1189 1630 tudine,
1212 1590 1322 1623 onmia
1357 1596 1383 1623 et
1406 1591 1532 1633 singula
1554 1590 1734 1634 privilegia,
1759 1591 1818 1624 im-

1063 1643 1238 1676 munitates
1255 1670 1262 1683 ,
1296 1644 1516 1687 exemptiones
1535 1670 1542 1683 ,
1579 1645 1816 1683 voni-essiones,

1063 1696 1312 1740 praerogativas,
1335 1696 1615 1740 prreeminentias,
1638 1698 1817 1737 stimulates,

1063 1749 1292 1793 indulgentias,
1314 1750 1411 1783 otiam
1446 1750 1621 1794 plenarias,
1653 1756 1681 1783 ct
1705 1761 1819 1794 pecca-

1063 1809 1171 1836 torum
1201 1803 1420 1843 remissiones,
1438 1803 1615 1843 libertates,
1639 1804 1765 1836 indulta
1789 1810 1817 1837 et

1063 1856 1139 1889 alias
1160 1857 1291 1899 gratias,
1315 1862 1419 1889 castra
1440 1868 1582 1899 quoque,
1618 1857 1818 1889 iurisdictio-

1063 1920 1130 1949 nes,
1153 1909 1351 1952 vassallagia,
1376 1910 1484 1947 feuda,
1503 1910 1657 1949 decimas,
1682 1916 1745 1942 tam
1763 1921 1819 1942 no-

1062 1964 1145 1996 vales
1175 1974 1274 2006 quam
1299 1969 1422 1997 veteres
1465 1963 1671 2007 piscationes,
1700 1975 1817 2006 pascua

1062 2028 1097 2049 ae
1123 2017 1318 2058 decimandi,
1342 2017 1500 2061 piscandi,
1530 2017 1682 2060 pass-endi
1719 2018 1818 2050 1110111-

1063 2075 1153 2109 tates,
1177 2070 1305 2113 aliaque
1324 2070 1406 2109 iura,
1427 2070 1582 2110 artiones,
1603 2081 1652 2103 res
1672 2076 1699 2103 et
1720 2071 1816 2109 bona,

1061 2123 1297 2167 cuiuscumspie
1318 2123 1479 2166 qualitatis
1496 2129 1522 2156 et
1545 2123 1731 2166 ‹jpiautitatis
1742 2123 1815 2163 sint,

1061 2187 1188 2210 necnon
1204 2188 1444 2221 quaecumque,
1458 2182 1680 2221 quotcumque
1696 2181 1726 2209 et
1739 2188 1818 2220 qua-

1060 2230 1258 2274 liacumque,
1273 2242 1348 2264 011111
1369 2242 1447 2264 eura
1462 2236 1492 2263 et
1507 2231 1575 2263 sine
1597 2241 1686 2270 cura,
1706 2241 1815 2264 saecu-

1060 2284 1139 2317 laria
1161 2290 1191 2318 et
1211 2284 1402 2327 quorumvis
1416 2310 1423 2322 ,
1451 2284 1546 2316 eliam
1581 2283 1813 2324 Cisterciensis,

1060 2337 1397 2375 Praemonstratensis,
1425 2342 1477 2369 aut
1513 2336 1545 2369 S.
1581 2336 1732 2376 loannis,
1767 2337 1815 2370 vel

1060 2391 1090 2423 S.
1115 2392 1223 2424 Lazari
1248 2390 1549 2433 llierosolviuitani‚
1576 2400 1632 2422 seu
1654 2390 1684 2422 S.
1709 2389 1814 2423 lacolii

1059 2439 1097 2472 de
1119 2439 1249 2483 Spatlia,
1276 2445 1328 2471 aut
1352 2439 1383 2472 S.
1403 2438 1531 2471 Antonii
1552 2438 1591 2471 de
1616 2438 1732 2471 Sancto
1748 2438 1813 2470 Α11-

1059 2489 1161 2527 tonio,
1183 2488 1380 2528 Viennensis,
1394 2498 1449 2520 seu
1468 2487 1619 2528 aliorum,
1632 2487 1727 2520 etiam
1739 2486 1814 2519 San-

1059 2538 1101 2570 cti
1135 2537 1304 2579 Augustini
1334 2536 1565 2569 eanonicorum
1599 2536 1811 2578 regularium,

1059 2592 1089 2620 et
1113 2587 1302 2630 quorumvis
1335 2586 1487 2625 aliorum,
1509 2585 1605 2619 etiam
1630 2585 1813 2618 Mendioan-

1059 2636 1151 2676 tium,
1179 2635 1335 2669 Ordinuin
1372 2640 1403 2668 et
1428 2633 1617 2667 militiarum
1651 2633 1813 2677 regularia

1838 262 1884 287 An.
1904 261 1931 287 C,
1954 261 2021 288 1570

1875 1497 1959 1523 Singula
1986 1499 2021 1518 sir-

1835 1532 1877 1549 mat
1903 1529 2020 1555 privilegia,

1835 1561 2020 1586 exemptione-sni-

1835 1596 1875 1617 que
1901 1591 2020 1612 immunita-

1835 1625 1867 1643 tes
1881 1625 1922 1644 etr.
