2237 3100
239 274 291 302 An.
308 274 335 302 C.
357 274 424 303 ¹562

482 265 546 300 482

438 328 533 363 lineis
552 334 583 363 et
611 329 696 362 iuxta
716 334 862 362 tenorem
892 328 967 362 dicti
992 334 1098 362 motus
1118 338 1190 372 pro-

438 383 513 427 prii,
540 395 580 417 sc.
609 383 640 424 O,
668 384 697 416 b.
726 383 744 417 7
773 384 827 428 ΗΞ.

482 437 543 470 Pro
577 437 722 480 quolibet
752 437 937 471 centenario
966 436 1190 470 rubricaturae

439 501 609 534 processus
629 490 667 523 de
684 490 838 534 partibus,
859 501 901 523 se.
930 490 961 530 1,
989 490 1017 522 b.
1046 489 1099 523 50.

481 544 543 576 Pro
564 544 716 576 mandato
741 543 779 576 de
797 543 969 575 relaxando
991 543 1132 585 aliquem
1158 543 1190 576 in

439 608 534 630 causa
554 597 682 640 capitali
702 597 750 630 vel
770 597 844 636 alia,
867 596 899 628 in
920 607 983 639 qua
998 596 1119 630 veniret
1133 597 1192 630 im-

437 650 586 694 ponenda
594 661 698 694 poena
706 650 852 693 corporis
860 649 1080 689 asslictiva,ubi
1097 661 1190 694 prae-

437 704 591 737 cesserint
620 703 736 736 indicia
756 708 786 736 et
807 713 881 736 reus
911 703 1008 736 suerit
1028 704 1190 737 examina-

436 761 499 796 tus,
514 767 573 790 nec
591 756 687 789 suerit.
706 757 769 790 lata
785 762 813 790 et
831 757 1011 800 subscripta
1024 758 1190 799 sententia,

437 820 478 842 sc.
507 809 539 848 0,
566 810 595 841 b.
624 810 676 843 50.

480 863 540 896 Ubi
564 875 639 897 vero
661 875 747 906 reus,
777 865 1047 908 praecedentibus
1067 866 1192 899 indiciis

437 918 649 959 examinatus,
667 918 763 952 suerit
776 919 1020 959 condemnatus,
1034 920 1082 952 vel
1096 920 1191 952 etiam

438 975 501 1003 tam
518 976 589 1004 ante
605 982 702 1015 quam
716 978 785 1016 post
807 972 1042 1016 composuerit,
1061 979 1115 1006 aut
1131 975 1192 1007 sol—

437 1023 516 1056 verit
536 1034 683 1067 poenam,
701 1036 756 1058 seu
778 1036 815 1058 ex
835 1026 937 1069 gratia
962 1037 1066 1069 poena
1091 1026 1119 1060 ei
1140 1037 1191 1061 re-

437 1075 533 1110 missa
553 1078 660 1119 suerit,
682 1090 724 1111 sc.
753 1079 784 1112 1.

481 1130 541 1163 Pro
563 1132 712 1164 mandato
733 1132 771 1166 de
798 1133 970 1166 relaxando
991 1133 1133 1178 aliquem
1160 1134 1191 1167 in

437 1182 498 1215 alia
519 1195 627 1225 causa,
647 1185 701 1218 ubi
722 1186 915 1229 praecedent
932 1186 1051 1220 indicia
1069 1193 1096 1220 et
1118 1198 1193 1221 reus

438 1243 610 1281 componat
620 1239 815 1282 velpoenam
833 1240 942 1279 solvat,
963 1246 1015 1273 aut
1038 1241 1192 1274 condem-

438 1296 531 1324 natus
551 1302 588 1324 ex
603 1292 704 1335 gratia
725 1292 893 1332 liberetur,
916 1304 958 1325 sc.
986 1292 1017 1332 0,
1046 1294 1074 1325 b.
1103 1293 1157 1327 30.

481 1344 516 1376 In
528 1344 598 1377 aliis
615 1356 689 1378 vero
704 1345 870 1388 quibusvis
882 1345 1008 1378 casibus
1026 1357 1084 1389 pro
1097 1347 1192 1379 simili

439 1398 588 1431 mandato
614 1398 652 1432 de
677 1399 926 1439 excarcerando,
953 1410 995 1431 sc.
1023 1399 1053 1439 0,
1079 1400 1106 1431 b.
1136 1400 1189 1433 ί20.

482 1450 542 1483 Pro
580 1451 685 1494 rogitu
714 1451 884 1485 cuiuslibet
916 1451 1131 1485 fideiussionis
1162 1453 1192 1485 in

439 1503 546 1537 officio
565 1505 613 1537 vel
631 1515 772 1545 carcere,
795 1516 837 1537 sc.
865 1504 897 1543 0,
925 1505 952 1536 b.
981 1505 1034 1538 slO.

483 1557 515 1591 Si
531 1563 619 1591 extra
639 1557 782 1591 officium
804 1563 834 1591 et
854 1568 1030 1598 carcerem,
1051 1563 1130 1592 scut.
1159 1559 1190 1600 0,

483 1664 544 1698 Pro
565 1665 716 1699 mandato
737 1665 775 1698 de
796 1665 954 1709 capiendo
974 1665 1115 1709 aliquem
1134 1677 1193 1711 pro

439 1718 566 1752 indiciis
582 1720 630 1752 vel
642 1730 701 1763 pro
711 1718 826 1753 Curiae
838 1719 1078 1760 informatione,
1099 1720 1190 1754 nihil.

484 1772 544 1805 Pro
567 1772 716 1806 mandato
736 1773 775 1806 de
792 1773 948 1817 capiendo
966 1783 1024 1816 pro
1045 1773 1194 1808 cautione

441 1825 479 1858 de
495 1836 561 1859 non
581 1825 786 1866 offendendo,
813 1837 854 1858 sc.
883 1826 915 1865 0,
943 1826 970 1857 b.
1001 1826 1017 1859 7
1048 1826 1102 1871 ¹n'2v

485 1880 546 1913 Pro
566 1881 812 1923 Nonqmvetur,
834 1890 876 1912 sc.
904 1879 935 1919 0,
963 1880 992 1911 I).
1020 1879 1051 1912 5.

485 1934 546 1967 Pro
563 1934 712 1966 mandato
726 1933 763 1966 de
776 1932 972 1972 evacuando,
991 1933 1121 1966 servatis
1133 1944 1195 1967 ser-

440 1987 563 2027 vandis,
586 1988 615 2020 b.
644 1987 697 2020 20.

485 2035 546 2069 Pro
566 2035 744 2068 inventario
766 2035 798 2067 in
819 2045 914 2068 causa
933 2034 1074 2077 capitali,
1095 2046 1136 2067 sc.
1159 2035 1191 2067 ’1.

485 2089 546 2122 Pro
568 2089 664 2122 simili
686 2088 864 2121 inventario
886 2089 968 2120 facto
984 2088 1023 2120 de
1044 2088 1194 2121 mandato

444 2140 560 2176 iudicis
576 2142 607 2175 in
628 2141 739 2186 quavis
749 2142 810 2174 alia
822 2152 918 2174 causa
939 2141 1108 2181 criminali,
1123 2143 1195 2184 plus

441 2195 489 2229 vel
510 2195 616 2228 minus
640 2195 773 2228 arbitrio
799 2194 926 2234 iudicis,
953 2204 994 2226 sc.
1023 2193 1110 2238 0,,1).
1139 2194 1191 2227 50.

485 2249 547 2282 Pro
572 2248 668 2281 simili
699 2247 874 2281 inventario
906 2246 939 2279 in
968 2258 1063 2279 causa
1090 2246 1192 2288 civili,

447 2314 488 2336 sc.
512 2304 544 2344 0,
572 2304 600 2336 b.
629 2303 681 2337 ⁶20.

486 2356 546 2389 Pro
558 2356 806 2396 existimatione,
825 2354 1065 2403 subhastatione
1079 2360 1109 2387 et.
1121 2366 1195 2387 ven-

442 2410 562 2444 ditione
586 2411 747 2443 bonorum
775 2408 942 2442 mobilium
962 2408 1010 2440 vel
1031 2418 1195 2440 semoven-

442 2460 523 2492 tium
545 2460 622 2493 fisco
643 2460 937 2503 incorporatorum,
960 2468 1063 2499 usque
1084 2457 1122 2489 ad
1142 2468 1195 2489 va-

442 2509 544 2541 lorem
566 2514 648 2541 scut.
676 2508 729 2548 ¹10,
756 2519 796 2540 sc.
816 2508 853 2547 0,
877 2508 905 2539 b.
933 2507 986 2539 ¹15.

486 2558 512 2590 A
532 2558 630 2590 scutis
645 2557 687 2590 10
707 2568 810 2600 usque
835 2556 874 2589 ad
890 2556 943 2595 20,
966 2566 1008 2587 sc.
1032 2556 1063 2595 0,
1087 2555 1115 2588 b.
1139 2554 1192 2588 30.

485 2606 510 2638 A
530 2606 628 2639 scutis
648 2606 690 2639 ⁶20
711 2616 814 2648 usque
830 2605 869 2638 ad
885 2604 938 2644 50,
958 2615 999 2636 sc.
1023 2603 1054 2644 0,
1082 2604 1110 2636 b.
1139 2603 1191 2636 75.

485 2656 509 2688 A
533 2653 631 2688 scutis
650 2653 692 2688 50
713 2664 816 2698 usque
836 2653 875 2687 ad
895 2652 973 2694 100,
1000 2663 1043 2686 sc.
1071 2652 1103 2685 4..

1032 273 1213 299 BULLARIUM
1244 273 1395 299 ROMANUM

1276 328 1300 360 Α
1323 328 1421 361 scutis
1442 327 1505 362 100
1526 337 1629 372 usque
1649 326 1687 360 ad
1704 325 1780 368 500,
1806 337 1848 359 sc.
1876 325 1908 359 2.

1276 381 1301 414 A
1326 381 1424 414 scutis
1452 381 1516 415 500
1546 391 1648 425 usque
1676 381 1716 413 ad
1744 390 1986 424 quanicumque

1233 445 1406 475 summam,
1433 446 1475 468 sc.
1503 435 1535 468 3.

1278 490 1337 522 Pro
1349 489 1520 532 adeptione
1530 488 1740 532 possessionis
1750 489 1913 522 bonorum
1927 493 1987 522 sta-

1232 543 1347 575 bilium
1373 543 1450 576 fisco
1480 543 1775 586 incorporatorum‚
1794 542 1877 575 intra
1897 552 1987 576 moe-

1233 596 1297 637 nia,
1325 608 1367 629 sc.
1395 596 1426 629 1.

1278 649 1309 683 Si
1336 655 1440 689 extra,
1468 650 1608 682 solvatur
1632 649 1717 683 iuxta
1746 648 1987 694 importantiam

1234 714 1349 736 causae
1370 708 1401 736 et
1420 703 1602 736 distantiam
1620 703 1694 743 loci,
1717 703 1849 736 arbitrio
1866 703 1988 737 domini

1235 756 1359 790 iudicis.

1278 810 1338 842 Pro
1360 809 1613 850 subhastatione,
1632 810 1813 844 venditione
1825 811 1988 845 etdelibe-

1235 864 1357 897 rationo
1379 864 1533 897 similium
1549 864 1712 897 bonorum
1734 865 1911 906 stabilium,
1934 877 1988 899 us-

1234 928 1297 961 que
1318 918 1356 950 ad
1377 918 1516 950 valorem
1539 922 1620 950 scut.
1645 916 1721 956 100,
1747 928 1789 950 se.
1813 918 1844 958 «1,
1867 919 1895 951 b.
1919 918 1951 952 2.

1278 971 1400 1004 Abinde
1420 983 1527 1015 supra,
1537 971 1684 1015 capiatur
1698 971 1831 1005 arbitrio
1844 971 1990 1005 eiusdem

1235 1025 1357 1058 domini
1379 1025 1504 1058 iudicis.

1279 1079 1339 1111 Pro
1362 1084 1435 1112 nota
1456 1078 1631 1112 sententiae
1659 1077 1860 1119 diffinitivae,
1885 1078 1991 1112 decla-

1235 1133 1372 1166 ratoriae
1392 1133 1439 1166 vel
1462 1132 1737 1173 interlocutoriae,
1760 1132 1793 1165 in
1813 1132 1924 1176 quavis
1945 1131 1992 1165 in-

1236 1186 1349 1219 stantia
1371 1197 1429 1230 pro
1447 1186 1537 1226 fisco,
1561 1184 1654 1218 nihil.

1280 1240 1339 1272 Pro
1366 1245 1441 1273 nota
1465 1239 1642 1273 sententiae
1667 1238 1886 1272 absolutoriae
1913 1239 1990 1273 defi-

1236 1293 1349 1326 nitivae
1362 1293 1392 1326 in
1404 1304 1498 1326 causa
1512 1293 1640 1337 capitali
1661 1293 1692 1326 in
1709 1292 1813 1337 prima
1825 1293 1986 1335 instantia,

1236 1358 1294 1391 pro
1315 1348 1460 1390 quolibet
1480 1357 1548 1388 reo,
1566 1358 1608 1379 sc.
1636 1346 1668 1380 4.

1280 1400 1310 1433 Si
1333 1401 1364 1433 in
1385 1400 1526 1433 secunda
1546 1399 1705 1440 instantia,
1729 1411 1771 1433 sc.
1799 1400 1831 1434 3.

1280 1453 1310 1486 si
1332 1453 1362 1486 in
1385 1453 1477 1486 tertia
1497 1453 1659 1494 instantia,
1681 1464 1722 1486 sc.
1751 1453 1782 1486 92.

1279 1507 1339 1539 Pro
1360 1506 1455 1540 simili
1474 1513 1548 1540 nota
1563 1506 1738 1541 sententiae
1754 1506 1786 1539 in
1806 1506 1867 1540 alia
1879 1516 1987 1548 causa,

1237 1560 1268 1592 in
1289 1571 1351 1603 qua
1367 1560 1487 1593 veniret
1503 1560 1699 1604 imponenda
1719 1570 1824 1603 poena
1844 1559 1991 1604 corporis

1236 1613 1393 1654 afflictiva,
1413 1614 1444 1646 in
1466 1613 1569 1657 prima
1591 1613 1752 1653 instantia,
1774 1623 1817 1646 sc.
1843 1612 1876 1647 3.

1281 1667 1311 1701 Si
1332 1668 1364 1700 in
1386 1668 1539 1709 secunda,
1561 1679 1602 1701 sc.
1631 1667 1662 1700 02.

1280 1721 1311 1754 Si
1333 1722 1365 1754 in
1386 1722 1490 1762 tertia,
1517 1733 1559 1754 sc.
1587 1722 1619 1754 ‘l.

1280 1775 1340 1807 Pro
1367 1775 1462 1808 simili
1482 1781 1558 1808 nota
1578 1774 1754 1808 sententiae
1774 1774 1990 1810 absolutoriae

1237 1827 1416 1861 definitivae
1438 1828 1469 1860 in
1490 1839 1587 1861 causa
1603 1838 1667 1861 non
1684 1828 1810 1872 capitali
1827 1833 1857 1862 et
1872 1828 1905 1861 in
1924 1839 1989 1872 qua

1237 1892 1302 1914 non
1317 1882 1439 1914 veniret
1450 1882 1644 1925 imponenda
1662 1892 1765 1926 poena
1786 1882 1932 1926 corporis
1947 1882 1990 1915 as-

1237 1935 1372 1976 ssictiva‚
1390 1936 1423 1968 in
1445 1935 1549 1979 prima
1565 1935 1727 1975 instantia,
1753 1947 1795 1969 sc.
1822 1935 1853 1969 2.

1282 1989 1313 2023 δί
1334 1989 1365 2021 in
1387 1989 1540 2029 secunda,
1562 2000 1604 2021 sc.
1633 1989 1664 2028 ’1,
1692 1989 1719 2021 b.
1748 1988 1802 2022 50.

1282 2042 1313 2076 Si
1334 2042 1365 2075 in
1387 2042 1479 2075 tertia
1499 2041 1659 2082 instantia,
1687 2053 1729 2074 sc.
1756 2041 1789 2074 1.

1282 2096 1341 2128 Pro
1363 2095 1457 2128 simili
1480 2100 1554 2128 nota
1575 2095 1750 2128 sententiae
1761 2094 1992 2130 declaratoriae

1237 2149 1269 2181 in
1290 2149 1400 2191 quavis
1421 2159 1517 2182 causa
1538 2154 1567 2180 et
1588 2147 1750 2187 instantia,
1767 2158 1817 2187 sc.»
1837 2148 1868 2180 1.

1282 2202 1342 2234 Pro
1359 2206 1434 2234 nota
1455 2200 1629 2234 sententiae
1646 2200 1827 2234 definitivae
1843 2201 1876 2235 in
1896 2212 1992 2235 causa

1238 2255 1458 2295 discussionis,
1491 2255 1678 2299 recipiatur,
1710 2254 1795 2288 iuxta
1814 2255 1989 2299 importan-

1238 2309 1313 2341 tiam
1330 2319 1457 2347 causae,
1480 2307 1612 2341 arbitrio
1633 2308 1755 2341 domini
1774 2308 1900 2342 iudicis.

1281 2358 1341 2390 Pro
1352 2363 1427 2390 nota
1438 2357 1558 2390 decreti
1576 2357 1721 2391 habentis
1736 2358 1798 2390 vini
1815 2359 1990 2393 sententiae

1237 2407 1418 2440 definitivae
1430 2407 1461 2439 in
1473 2407 1618 2450 quolibet
1628 2418 1664 2440 ex
1680 2407 1807 2440 casibus
1819 2408 1991 2451 praedictis

1238 2456 1384 2500 capiatur
1405 2466 1463 2499 pro
1480 2455 1663 2497 medietate,
1675 2455 1760 2488 iuxta
1781 2461 1886 2489 taxam
1898 2468 1989 2500 prae-

1238 2505 1396 2537 dictarum
1418 2505 1649 2538 sententiarum
1670 2505 1858 2549 respective.

1282 2555 1342 2587 Pro
1368 2554 1513 2598 quolibet
1539 2554 1615 2587 solio
1645 2554 1755 2597 copiae
1776 2554 1990 2588 articulorum

1237 2603 1284 2635 vel
1297 2603 1415 2635 iurium
1424 2603 1670 2646 productorum,
1684 2603 1848 2636 carlenum
1859 2603 1892 2644 1,
1900 2614 1942 2637 sc.
1955 2603 1988 2645 0,

1237 2651 1265 2684 b.
1294 2651 1311 2683 7
1341 2651 1398 2695 ¹32·

2001 269 2052 298 An.
2070 269 2101 299 C.
2117 269 2184 299 ¹562
2234 280 2235 286 ¹
