2237 3100
67 273 116 301 An.
133 273 163 301 C.
183 271 250 300 ¹570

262 324 317 358 sed
337 323 392 356 illa
411 323 545 357 immota
565 323 719 358 custodiri
738 324 892 365 volentes,
915 324 954 358 de
974 325 1014 358 si-

262 377 330 410 mili
344 377 509 422 potestatis
524 377 724 422 plenitudine
736 378 905 412 statuimus
922 384 952 412 et
962 389 1014 412 or-

263 431 411 464 dinamus
437 437 473 464 ut
487 432 600 465 fratres
612 442 736 473 omnes,
755 432 850 465 etiam
866 432 1013 476 superio-

262 496 312 518 res
324 491 354 518 et
364 485 774 530 quicumque‘privilegiati,
784 486 855 527 nisi,
870 492 1013 530 tempore

262 539 529 582 quadragesimae
545 544 575 572 et
586 539 746 573 Adventus
760 539 900 580 Domini,
920 551 1013 584 prac-

260 592 430 625 dicationis
445 603 565 625 munus
584 592 732 634 obierint,
758 593 909 626 omnibus
935 593 1014 626 divi-

260 637 310 679 nis
329 645 442 679 officiis
461 645 586 679 diurnis
606 650 636 679 et
655 647 822 680 nocturnis
845 647 993 680 intersint
1004 660 1011 688 ;

261 700 325 734 illis
334 711 409 733 vero
421 701 634 744 temporibus,
659 712 734 734 cum
755 701 832 745 ipsis
846 701 1013 746 praedica—

261 753 386 787 toribus
405 758 437 787 et
468 754 658 795 lectoribus,
686 755 723 787 iis
751 755 865 788 diebus
896 755 1014 799 quihus

260 807 447 852 praedicant
467 813 497 841 et
517 808 639 851 legunt,
658 808 841 852 superiores
855 820 915 853 pro
930 809 1014 842 arhi-

258 860 320 894 trio
340 861 526 906 dispensare
546 861 679 905 possint.
702 862 781 906 Ipsis
801 862 896 896 etiam
917 873 1013 906 supe-

258 914 399 948 rioribus
427 920 458 948 et
485 914 555 948 aliis
581 915 792 955 officialibus,
824 927 861 950 eo
888 922 1013 949 tantum

257 973 403 1013 tempore
422 980 488 1013 quo
513 974 586 1002 actu
611 969 644 1002 in
668 970 810 1013 negociis
839 975 1013 1004 conventus

257 1029 289 1057 et
298 1022 425 1057 Ordinis
433 1023 582 1068 occupati
591 1029 676 1065 sunt,
689 1023 810 1067 aliquid
817 1024 1010 1057 remittatur.

302 1076 317 1120 ἓ
338 1076 368 1110 7.
387 1076 510 1117 Missae,
529 1076 724 1110 matutinum
749 1082 780 1110 et
806 1077 886 1110 aliae
916 1077 1013 1110 hora-

87 1135 160 1157 Div¹n³
176 1135 244 1171 onem
259 1141 332 1164 rum
358 1131 590 1164 canonicarum
619 1141 742 1175 preces,
769 1131 1010 1175 processiones,

56 1168 244 1221 :32:³⁶012'gss'gff}
259 1183 335 1217 item
360 1183 576 1217 anniversaria
595 1190 625 1218 et
640 1184 868 1217 defunctorum
889 1195 1012 1218 memo-

60 1233 101 1252 ¹'¹‘·
257 1237 325 1271 riae
344 1236 477 1281 integre,
498 1248 557 1270 suo
573 1237 681 1271 debito
696 1243 856 1282 tempore,
874 1243 1010 1280 attente,

258 1301 333 1324 cum
347 1296 444 1324 cantu
460 1291 611 1332 solemni,
624 1291 657 1324 in
674 1291 786 1325 diebus
805 1291 923 1336 quibus
934 1303 1013 1326 con—

257 1345 354 1386 venit,
381 1344 467 1378 iuxta
492 1344 654 1389 regularia
687 1345 848 1379 dictorum
877 1346 1011 1380 fratrum

258 1398 425 1440 instituta,
450 1399 657 1432 celebrentur
667 1410 674 1439 ;
702 1410 762 1433 nec
791 1399 866 1433 satis
897 1400 1013 1433 habeat

257 1464 406 1497 quaeque
418 1453 534 1486 domus
545 1453 669 1494 missas,
687 1453 750 1486 sive
765 1453 953 1488 fundatione
971 1455 1012 1488 si-

257 1518 294 1541 ve
318 1511 435 1540 statuto
464 1507 527 1540 sive
555 1507 789 1541 consuetudine
818 1508 940 1542 debitas
965 1510 1012 1542 vel

256 1560 458 1606 praescripto
478 1561 656 1606 superioris
676 1567 853 1596 conventus
867 1562 1014 1606 designa-

256 1619 316 1656 tas,
331 1615 496 1648 dumtaxat
509 1615 700 1657 celebrasse,
712 1615 766 1649 sed
777 1616 890 1649 fratres
902 1627 1013 1650 omnes

256 1669 439 1703 sacerdotes
454 1668 597 1711 missam,
611 1669 707 1702 etiam
722 1680 789 1703 non
800 1670 933 1711 astricti,
952 1671 1013 1703 sre-

256 1722 466 1768 quentissime
486 1723 660 1757 celebrent.

300 1778 316 1822 ἓ
334 1777 366 1812 8.
388 1776 503 1811 Clerici
524 1781 555 1811 et
569 1776 713 1810 conversi
730 1778 829 1811 semel
845 1778 876 1811 in
893 1778 1013 1811 hebdo-

82 1838 245 1864 Contessiones,
259 1832 353 1865 mada
363 1836 496 1876 peccata
507 1842 564 1864 sua
582 1831 810 1872 confiteantur,
829 1837 859 1865 et
879 1832 1013 1875 singulis

58 1870 248 1923 ie‘ifflimfflmfi‘
259 1885 372 1919 saltem
388 1884 553 1919 mensibus
571 1896 695 1918 sacram
713 1885 947 1919 Eucharistiam
963 1897 1014 1919 su-

58 1935 101 1954 ⁸¹¹“
259 1944 360 1973 mant.
381 1939 506 1973 Ieiunia
520 1939 607 1972 iuxta
620 1949 711 1971 suam
723 1939 878 1982 Regulam
889 1945 919 1973 et
935 1951 1012 1973 con-

257 1993 439 2027 stitutiones
454 1992 587 2026 omnino
608 1998 744 2026 servent.

301 2047 316 2091 ἓ
337 2047 368 2081 9.
390 2048 426 2081 In
446 2057 575 2091 quaque
595 2047 692 2080 domo
709 2046 879 2090 pauciores
900 2047 1014 2081 fratres

85 2110 188 2132 uumerus
203 2111 323 2134 ira-non
342 2100 405 2134 sint
428 2100 611 2134 duodecim.
640 2100 670 2133 Si
691 2111 754 2144 qua
770 2105 877 2133 autem
898 2101 1013 2134 domus

59 2144 243 2203 ζᾚαεζῖζζζξξῖ
255 2154 344 2187 hunc
364 2154 503 2187 familiae
520 2164 694 2187 numerum
715 2154 800 2186 alere
814 2165 879 2187 non
895 2160 1010 2199 potest,

59 2207 122 2229 ΜΝ·
255 2207 370 2241 fratres
388 2218 463 2241 cum
487 2207 580 2241 bonis
605 2217 641 2240 ex
671 2218 707 2240 ea
737 2207 832 2240 domo
861 2207 893 2240 iu
918 2208 1012 2241 aliam

255 2261 505 2301 transferantur,
527 2260 709 2305 provisione
730 2260 885 2302 adhibita,
908 2272 947 2295 ne
963 2273 1014 2295 ec-

256 2315 372 2349 clesiae
401 2315 620 2356 destruantur,
654 2315 709 2348 sed
738 2315 778 2348 ad
802 2315 870 2349 eius
900 2317 1012 2360 populi

255 2369 522 2403 communitatem
535 2374 778 2402 conserventur.
792 2370 1028 2403 Permittimus·

255 2427 364 2457 tamen
383 2429 417 2456 ut
439 2423 472 2456 in
496 2423 658 2463 domibus,
681 2434 765 2468 quae
785 2423 846 2456 iter
870 2423 1013 2457 facienti-

254 2472 317 2506 bus
332 2472 484 2510 fratribus
500 2472 689 2505 commodae
706 2478 793 2512 sunt,
810 2473 920 2506 saltem
931 2484 1011 2517 qua-

255 2527 330 2555 tuor
342 2521 457 2555 sratres
472 2521 688 2555 nonminores
704 2522 937 2566 quinquaginta
958 2533 1013 2555 an-

255 2571 318 2610 nis,
345 2571 504 2605 constanti
524 2577 555 2605 et
576 2571 709 2615 probata
733 2570 806 2611 vita,
838 2577 1009 2613 maneant,

257 2620 283 2654 si
302 2621 413 2665 plures
428 2632 466 2655 ea
480 2622 596 2655 domus
612 2622 697 2654 alere
708 2631 773 2654 non
786 2626 900 2664 potest.
918 2621 1012 2655 Nulla

257 2680 356 2715 porro
372 2671 489 2707 domus
508 2681 607 2716 supra
625 2670 708 2705 vires
728 2674 892 2705 oneretur.

949 272 1017 297 PIUS
1036 273 1056 297 V
1073 273 1122 297 PP.

1099 326 1114 369 ξ
1129 325 1181 359 10.
1200 326 1235 359 In
1251 326 1385 370 singulis
1403 326 1572 368 domibus,
1590 327 1741 361 omnibus
1751 329 1809 362 do-

1054 379 1181 413 minicis
1191 385 1221 413 et
1232 380 1318 414 sestis
1334 380 1458 422 diebus,
1475 381 1730 425 praedicationes
1744 394 1810 416 ver-

1054 432 1085 465 hi
1106 433 1160 466 Dei
1182 434 1375 467 habeantur,

1099 487 1177 530 gil.
1197 488 1231 520 In
1250 488 1426 521 maioribus
1441 487 1560 521 Studiis
1569 494 1716 532 regentes
1732 490 1811 524 duas
1856 500 2010 529 tecunnesquo

1054 540 1209 574 lectiones
1237 542 1434 585 theologicas
1463 532 1734 587 interpretentur,
1764 545 1810 578 al-
1825 534 1939 586 2¹¹eg5ss¹1¹i¹fflss
1956 539 2011 585 ,152

1054 598 1155 626 teram
1172 595 1357 638 practicam,
1377 595 1475 628 veluti
1491 596 1530 629 de
1542 597 1750 631 sacramentis
1763 599 1811 631 vel
1827 601 1867 623 ‘¹¹¹⁰
1886 596 2009 617 ¹¹³b⁰·⁴‘¹¹¹¹‘·

1054 647 1092 679 de
1102 646 1161 680 vita
1171 653 1279 681 sancte.
1291 654 1443 694 reeteque
1455 649 1662 691 instituenda;
1678 651 1812 685 alteram

1054 712 1128 733 vero
1149 703 1391 746 speculativam,
1415 715 1451 737 ex
1472 704 1638 737 catholicis
1650 710 1680 738 et
1691 716 1811 750 appro-

1054 754 1135 787 batis
1159 755 1357 797 doctoribus,
1385 757 1562 801 superioris
1591 758 1723 792 arbitrio
1750 765 1812 793 sta-

1054 808 1206 841 tuendas:
1230 808 1261 841 in
1287 810 1468 843 minorihus
1484 821 1572 852 vero,
1591 822 1656 844 una
1675 812 1813 847 lectione

1054 872 1091 894 ex
1112 861 1273 905 theologia
1294 863 1434 906 practica
1455 865 1598 897 contenti
1617 865 1691 899 sint.

1098 915 1112 957 ξ
1132 915 1185 947 11⁹2.
1208 915 1370 957 Ceterum,
1390 923 1505 951 curent
1522 918 1707 962 superiores
1728 925 1763 952 ut
1780 919 1811 952 in
1885 924 2013 945 Exerrtttnm

1054 968 1188 1012 siugulis
1198 970 1541 1011 conventibusfratres,
1555 972 1730 1005 maximein
1739 983 1813 1006 con·
1827 957 1952 1009 {2332OE
1962 962 2012 977 ⁰⁰⁰⁶

1055 1022 1205 1056 scientiae
1235 1024 1363 1057 casibus
1383 1029 1411 1057 et
1433 1025 1566 1069 reliquis
1589 1036 1671 1069 quae
1694 1026 1733 1058 ad
1753 1038 1810 1059 au-

1054 1076 1187 1109 diendas
1207 1077 1425 1111 consessiones
1441 1078 1615 1122 pertinent,
1628 1080 1668 1113 ob
1679 1080 1724 1113 rei
1741 1091 1812 1123 gra-

1052 1130 1181 1163 vitatem
1202 1136 1233 1164 ct
1252 1132 1489 1173 necessitatem,
1508 1143 1635 1166 summo
1652 1133 1758 1167 studio
1774 1145 1812 1167 ac

1053 1184 1219 1227 diligentia
1238 1190 1460 1219 exerceantur.

1098 1239 1112 1281 ξ
1133 1237 1187 1271 13.
1210 1238 1351 1282 Singulis
1367 1239 1443 1273 item
1465 1239 1578 1273 diebus
1598 1240 1685 1273 sestis
1697 1240 1813 1275 Roma·
1866 1249 2013 1286 catech-mnu

1053 1303 1114 1325 nus
1135 1292 1351 1326 catechismus
1369 1293 1409 1326 ad
1428 1294 1603 1337 parochos,
1624 1293 1655 1327 in
1679 1294 1812 1338 singulis
1826 1281 1909 1334 ἒξῗῗςζυτ
1937 1282 2013 1304 ‘'mm'’

1054 1346 1274 1383 conventibus.
1295 1347 1432 1390 legatur.

1098 1401 1112 1443 ξ
1133 1400 1187 1433 14.
1207 1400 1239 1433 Si
1257 1401 1313 1444 qui
1331 1407 1478 1444 regentes
1494 1406 1524 1434 et
1540 1402 1678 1435 lectores
1693 1402 1811 1436 autalii
1868 1404 1923 1428 tuns
1939 1407 2012 1434 prohi-

1053 1454 1167 1487 sratres
1190 1454 1290 1487 libros
1317 1454 1497 1498 prohibitos
1516 1455 1636 1488 habere
1657 1456 1725 1489 sine
1743 1467 1812 1500 spe-
1827 1438 1930 1490 iiiiurim
1947 1441 2011 1460 “⁰⁰-

1053 1507 1125 1541 ciali
1146 1508 1235 1541 Sedis
1253 1508 1455 1552 Apostolicae
1471 1509 1601 1542 licentia
1617 1510 1736 1543 suerint
1756 1511 1812 1544 de-

1053 1561 1217 1606 prehensi,
1241 1562 1326 1595 ultra
1341 1573 1463 1606 poenas
1478 1562 1559 1596 iuris
1573 1563 1768 1605 communis,
1783 1570 1814 1597 et

1053 1626 1136 1658 quae
1150 1626 1168 1648 a
1189 1621 1299 1648 saneto
1318 1615 1430 1649 Officio
1455 1616 1676 1660 Inquisitionis
1697 1617 1811 1652 haere—

1053 1670 1124 1703 ticae
1145 1669 1309 1713 pravitatis
1336 1670 1455 1704 talibus
1475 1670 1708 1715 imponuntur,
1737 1683 1812 1716 per-

1054 1727 1151 1767 petuo
1188 1734 1324 1756 munere
1351 1723 1480 1767 legendi
1497 1751 1504 1764 ,
1534 1724 1742 1768 praedicandi
1783 1731 1814 1758 et

1054 1776 1272 1810 confessiones
1291 1777 1444 1811 audiendi
1470 1777 1584 1822 privati
1599 1778 1747 1819 existant3
1774 1779 1814 1812 ad

1054 1831 1162 1864 onmia
1191 1831 1267 1864 item
1293 1831 1397 1864 officia
1418 1831 1590 1872 inhabiles,
1612 1831 1713 1865 activa
1731 1843 1809 1866 voce

1054 1890 1185 1918 careant
1205 1890 1233 1918 et
1255 1885 1388 1928 passiva.

1098 1939 1113 1981 ξ
1133 1938 1186 1972 15.
1209 1938 1323 1971 'Nullus
1342 1939 1381 1972 ad
1406 1938 1546 1982 aliquem
1570 1939 1707 1982 gradum
1732 1950 1809 1984 pro-

1054 1997 1232 2034 moveatur,
1256 1992 1317 2025 nisi
1337 1998 1459 2033 aetate,
1482 1992 1563 2025 vitae
1592 1993 1752 2036 probitate
1779 1999 1809 2027 et
1823 1985 2013 2044 ffuzfffidfflffiffi]

1054 2046 1220 2078 literatura
1239 2052 1417 2090 praestans,
1432 2052 1461 2079 et
1476 2046 1508 2079 in
1524 2046 1569 2080 eis
1582 2046 1736 2090 probatus
1752 2058 1810 2091 per
1823 2049 2009 2100 {ffiufflmmn‘

1055 2111 1187 2133 examen
1208 2100 1344 2143 diligens
1364 2111 1381 2133 a
1401 2101 1510 2145 priore
1526 2100 1669 2143 generali
1689 2112 1745 2134 seu
1770 2101 1809 2135 ab
1900 2094 1905 2100 ’

1054 2153 1136 2194 aliis,
1162 2154 1218 2198 qui
1243 2165 1302 2198 per
1327 2164 1401 2187 eum
1428 2154 1503 2187 huic
1529 2154 1657 2187 muneri
1683 2154 1811 2188 ordina·

1053 2208 1188 2249 buntur,
1211 2209 1409 2249 faciendum,
1424 2208 1540 2242 deinde
1552 2208 1585 2240 in
1602 2208 1743 2253 capitulo
1759 2219 1812 2253 ge-

1053 2262 1156 2295 nerali
1176 2262 1307 2305 publice
1327 2262 1522 2295 iterandum.
1545 2262 1632 2295 AEtas
1651 2267 1759 2296 autem
1780 2268 1811 2296 et

1054 2321 1182 2360 tempus
1202 2316 1299 2350 studii
1319 2327 1356 2350 ac
1386 2327 1501 2349 cursus
1530 2316 1750 2360 exprimatur,
1779 2322 1811 2351 et

1054 2375 1221 2415 practerea
1258 2370 1414 2414 probetur
1450 2370 1537 2414 quod
1570 2371 1810 2414 promovendus

1053 2425 1141 2457 nulla
1162 2435 1317 2468 umquam
1343 2424 1474 2457 infamia
1500 2434 1556 2457 seu
1585 2418 1714 2458 sinistra
1742 2425 1810 2470 opi-

1053 2474 1149 2507 nione
1170 2475 1266 2507 suerit
1282 2474 1473 2507 maculatus.
1489 2473 1514 2506 Α
1525 2474 1753 2518 promovendis
1769 2476 1808 2508 ad

1052 2525 1170 2568 gradus
1189 2524 1377 2557 huiusmodi
1394 2524 1475 2557 nihil
1495 2525 1628 2558 omnino
1648 2526 1804 2569 exigatur,

1053 2585 1111 2607 nec
1132 2574 1226 2607 etiam
1248 2579 1360 2617 sponte
1380 2574 1524 2607 oblatum
1541 2574 1738 2619 accipiatur;
1759 2586 1809 2609 ve-

1053 2627 1236 2656 rumtamen
1248 2622 1285 2663 si,
1302 2622 1503 2666 promotione
1518 2623 1612 2664 sacta,
1631 2629 1807 2657 conventus

1053 2676 1278 2716 promotorum
1299 2671 1422 2717 aliquid
1442 2671 1600 2716 Religioni
1616 2673 1737 2707 donare
1752 2683 1808 2707 vo-

1824 277 1872 304 Αη.
1887 275 1916 303 C.
1942 275 2010 304 ¹5⁷0

1873 337 2011 360 I‘raedtceiur

1825 369 1899 390 diebus
1914 369 1982 395 testis,

1866 1952 1940 1974 Forma
1956 1960 2010 1981 pro-
