<?xml version="1.0" encoding="UTF-8"?>
<!DOCTYPE html PUBLIC "-//W3C//DTD XHTML 1.0 Transitional//EN"
    "http://www.w3.org/TR/xhtml1/DTD/xhtml1-transitional.dtd">
<html xmlns="http://www.w3.org/1999/xhtml" xml:lang="en" lang="en">
 <head>
  <title>
</title>
<meta http-equiv="Content-Type" content="text/html;charset=utf-8" />
  <meta name='ocr-system' content='tesseract 3.04.00' />
  <meta name='ocr-capabilities' content='ocr_page ocr_carea ocr_par ocr_line ocrx_word'/>
</head>
<body>
  <div class='ocr_page' id='page_1' title='image "./bullarumdiplomat07cath_0693.png"; bbox 0 0 2237 3100; ppageno 0'>
   <div class='ocr_carea' id='block_1_1' title="bbox 75 269 254 296">
    <p class='ocr_par' dir='ltr' id='par_1_1' title="bbox 75 269 254 296">
     <span class='ocr_line' id='line_1_1' title="bbox 75 269 254 296; baseline 0 0"><span class='ocrx_word' id='word_1_1' title='bbox 75 269 123 296; x_wconf 72' lang='lat' dir='ltr'>An.</span> <span class='ocrx_word' id='word_1_2' title='bbox 142 270 170 296; x_wconf 90' lang='lat' dir='ltr'>C.</span> <span class='ocrx_word' id='word_1_3' title='bbox 189 270 254 296; x_wconf 71' lang='lat'>¹567</span> 
     </span>
    </p>
   </div>
   <div class='ocr_carea' id='block_1_2' title="bbox 62 1186 248 1301">
    <p class='ocr_par' dir='ltr' id='par_1_2' title="bbox 62 1186 248 1301">
     <span class='ocr_line' id='line_1_2' title="bbox 101 1186 246 1207; baseline -0.007 0"><span class='ocrx_word' id='word_1_4' title='bbox 101 1186 246 1207; x_wconf 67' lang='grc' dir='ltr'>(1000111110τὸ-</span> 
     </span>
     <span class='ocr_line' id='line_1_3' title="bbox 62 1218 248 1239; baseline 0.005 -1"><span class='ocrx_word' id='word_1_5' title='bbox 62 1218 92 1239; x_wconf 83' lang='lat' dir='ltr'>tlo</span> <span class='ocrx_word' id='word_1_6' title='bbox 108 1219 164 1239; x_wconf 79' lang='lat' dir='ltr'>inter</span> <span class='ocrx_word' id='word_1_7' title='bbox 184 1218 248 1239; x_wconf 82' lang='lat' dir='ltr'>Ordi-</span> 
     </span>
     <span class='ocr_line' id='line_1_4' title="bbox 62 1248 247 1270; baseline 0 -1"><span class='ocrx_word' id='word_1_8' title='bbox 62 1250 123 1270; x_wconf 83' lang='lat' dir='ltr'>dines</span> <span class='ocrx_word' id='word_1_9' title='bbox 164 1248 247 1270; x_wconf 73' lang='lat' dir='ltr'>Mendi-</span> 
     </span>
     <span class='ocr_line' id='line_1_5' title="bbox 63 1281 162 1301; baseline 0.01 -1"><span class='ocrx_word' id='word_1_10' title='bbox 63 1281 162 1301; x_wconf 76' lang='lat' dir='ltr'>cantium.</span> 
     </span>
    </p>
   </div>
   <div class='ocr_carea' id='block_1_3' title="bbox 59 1835 242 1888">
    <p class='ocr_par' dir='ltr' id='par_1_3' title="bbox 59 1835 242 1888">
     <span class='ocr_line' id='line_1_6' title="bbox 76 1835 242 1863; baseline 0.006 -7"><span class='ocrx_word' id='word_1_11' title='bbox 76 1835 177 1856; x_wconf 65' lang='lat' dir='ltr'>clausulas</span> <span class='ocrx_word' id='word_1_12' title='bbox 192 1842 242 1863; x_wconf 69' lang='lat' dir='ltr'>pra*-</span> 
     </span>
     <span class='ocr_line' id='line_1_7' title="bbox 59 1868 177 1888; baseline 0.008 -2"><span class='ocrx_word' id='word_1_13' title='bbox 59 1868 177 1888; x_wconf 64' lang='lat' dir='ltr'>servativa.</span> 
     </span>
    </p>
   </div>
   <div class='ocr_carea' id='block_1_4' title="bbox 953 273 1132 299">
    <p class='ocr_par' dir='ltr' id='par_1_4' title="bbox 953 273 1132 299">
     <span class='ocr_line' id='line_1_8' title="bbox 953 273 1132 299; baseline 0 -4"><span class='ocrx_word' id='word_1_14' title='bbox 953 275 1021 299; x_wconf 84' lang='lat' dir='ltr'>PIUS</span> <span class='ocrx_word' id='word_1_15' title='bbox 1049 274 1065 296; x_wconf 94' lang='lat' dir='ltr'>V</span> <span class='ocrx_word' id='word_1_16' title='bbox 1085 273 1132 296; x_wconf 79' lang='lat' dir='ltr'>PP.</span> 
     </span>
    </p>
   </div>
   <div class='ocr_carea' id='block_1_5' title="bbox 254 325 1018 2724">
    <p class='ocr_par' dir='ltr' id='par_1_5' title="bbox 261 325 1018 1125">
     <span class='ocr_line' id='line_1_9' title="bbox 269 325 1018 373; baseline 0.008 -16"><span class='ocrx_word' id='word_1_17' title='bbox 269 330 300 357; x_wconf 89' lang='lat' dir='ltr'>et</span> <span class='ocrx_word' id='word_1_18' title='bbox 323 325 401 358; x_wconf 87' lang='lat' dir='ltr'>alias</span> <span class='ocrx_word' id='word_1_19' title='bbox 415 326 544 368; x_wconf 78' lang='lat' dir='ltr'>gratias,</span> <span class='ocrx_word' id='word_1_20' title='bbox 559 332 620 359; x_wconf 84' lang='lat' dir='ltr'>tam</span> <span class='ocrx_word' id='word_1_21' title='bbox 644 338 701 371; x_wconf 90' lang='lat' dir='ltr'>per</span> <span class='ocrx_word' id='word_1_22' title='bbox 720 338 778 361; x_wconf 89' lang='lat' dir='ltr'>nos</span> <span class='ocrx_word' id='word_1_23' title='bbox 792 339 907 373; x_wconf 88' lang='lat' dir='ltr'>nuper,</span> <span class='ocrx_word' id='word_1_24' title='bbox 921 341 1018 373; x_wconf 84' lang='lat' dir='ltr'>quam</span> 
     </span>
     <span class='ocr_line' id='line_1_10' title="bbox 267 380 1018 426; baseline 0.007 -15"><span class='ocrx_word' id='word_1_25' title='bbox 267 389 490 423; x_wconf 88' lang='lat' dir='ltr'>quoscumque</span> <span class='ocrx_word' id='word_1_26' title='bbox 515 380 676 413; x_wconf 86' lang='lat' dir='ltr'>Romanos</span> <span class='ocrx_word' id='word_1_27' title='bbox 696 382 866 415; x_wconf 73' lang='lat' dir='ltr'>Pontifices</span> <span class='ocrx_word' id='word_1_28' title='bbox 884 384 1018 426; x_wconf 87' lang='lat' dir='ltr'>praede-</span> 
     </span>
     <span class='ocr_line' id='line_1_11' title="bbox 268 433 1016 479; baseline 0.005 -14"><span class='ocrx_word' id='word_1_29' title='bbox 268 443 411 466; x_wconf 81' lang='lat' dir='ltr'>cessores</span> <span class='ocrx_word' id='word_1_30' title='bbox 432 439 462 465; x_wconf 83' lang='lat' dir='ltr'>et</span> <span class='ocrx_word' id='word_1_31' title='bbox 479 433 593 467; x_wconf 82' lang='lat' dir='ltr'>Sedem</span> <span class='ocrx_word' id='word_1_32' title='bbox 611 435 758 468; x_wconf 87' lang='lat' dir='ltr'>eamdem</span> <span class='ocrx_word' id='word_1_33' title='bbox 775 437 1016 479; x_wconf 81' lang='lat' dir='ltr'>quomodolibet</span> 
     </span>
     <span class='ocr_line' id='line_1_12' title="bbox 267 485 1018 529; baseline 0.009 -12"><span class='ocrx_word' id='word_1_34' title='bbox 267 485 521 520; x_wconf 85' lang='lat' dir='ltr'>Mendicantibus</span> <span class='ocrx_word' id='word_1_35' title='bbox 549 487 722 521; x_wconf 79' lang='lat' dir='ltr'>Ordinibus</span> <span class='ocrx_word' id='word_1_36' title='bbox 755 485 906 523; x_wconf 77' lang='lat' dir='ltr'>concessa</span> <span class='ocrx_word' id='word_1_37' title='bbox 928 517 935 529; x_wconf 85' lang='lat'>,</span> <span class='ocrx_word' id='word_1_38' title='bbox 963 502 1018 523; x_wconf 87' lang='lat' dir='ltr'>eo-</span> 
     </span>
     <span class='ocr_line' id='line_1_13' title="bbox 267 540 1018 586; baseline 0.007 -15"><span class='ocrx_word' id='word_1_39' title='bbox 267 549 340 572; x_wconf 87' lang='lat' dir='ltr'>rum</span> <span class='ocrx_word' id='word_1_40' title='bbox 377 540 523 573; x_wconf 89' lang='lat' dir='ltr'>omnium</span> <span class='ocrx_word' id='word_1_41' title='bbox 553 552 590 574; x_wconf 85' lang='lat' dir='ltr'>ac</span> <span class='ocrx_word' id='word_1_42' title='bbox 623 542 787 586; x_wconf 86' lang='lat' dir='ltr'>desuper,</span> <span class='ocrx_word' id='word_1_43' title='bbox 819 550 849 576; x_wconf 86' lang='lat' dir='ltr'>et</span> <span class='ocrx_word' id='word_1_44' title='bbox 875 550 937 576; x_wconf 89' lang='lat' dir='ltr'>tam</span> <span class='ocrx_word' id='word_1_45' title='bbox 959 545 1018 577; x_wconf 89' lang='lat' dir='ltr'>sub</span> 
     </span>
     <span class='ocr_line' id='line_1_14' title="bbox 267 593 1018 638; baseline 0.008 -13"><span class='ocrx_word' id='word_1_46' title='bbox 267 593 401 636; x_wconf 89' lang='lat' dir='ltr'>plumbo</span> <span class='ocrx_word' id='word_1_47' title='bbox 426 606 523 638; x_wconf 90' lang='lat' dir='ltr'>quam</span> <span class='ocrx_word' id='word_1_48' title='bbox 549 595 581 627; x_wconf 95' lang='lat' dir='ltr'>in</span> <span class='ocrx_word' id='word_1_49' title='bbox 607 596 709 629; x_wconf 84' lang='lat' dir='ltr'>forma</span> <span class='ocrx_word' id='word_1_50' title='bbox 725 597 840 638; x_wconf 85' lang='lat' dir='ltr'>brevis,</span> <span class='ocrx_word' id='word_1_51' title='bbox 860 598 1018 631; x_wconf 80' lang='lat' dir='ltr'>confecta-</span> 
     </span>
     <span class='ocr_line' id='line_1_15' title="bbox 266 648 1017 689; baseline 0.008 -10"><span class='ocrx_word' id='word_1_52' title='bbox 266 658 338 680; x_wconf 88' lang='lat' dir='ltr'>rum</span> <span class='ocrx_word' id='word_1_53' title='bbox 354 648 521 683; x_wconf 87' lang='lat' dir='ltr'>literarum</span> <span class='ocrx_word' id='word_1_54' title='bbox 544 654 682 689; x_wconf 83' lang='lat' dir='ltr'>tenores,</span> <span class='ocrx_word' id='word_1_55' title='bbox 701 662 737 684; x_wconf 83' lang='lat' dir='ltr'>ac</span> <span class='ocrx_word' id='word_1_56' title='bbox 758 652 783 684; x_wconf 80' lang='lat' dir='ltr'>si</span> <span class='ocrx_word' id='word_1_57' title='bbox 803 653 841 685; x_wconf 81' lang='lat' dir='ltr'>de</span> <span class='ocrx_word' id='word_1_58' title='bbox 863 652 959 685; x_wconf 75' lang='lat' dir='ltr'>verbo</span> <span class='ocrx_word' id='word_1_59' title='bbox 979 653 1017 685; x_wconf 89' lang='lat' dir='ltr'>ad</span> 
     </span>
     <span class='ocr_line' id='line_1_16' title="bbox 265 701 1017 750; baseline 0.008 -17"><span class='ocrx_word' id='word_1_60' title='bbox 265 701 398 734; x_wconf 86' lang='lat' dir='ltr'>verbum</span> <span class='ocrx_word' id='word_1_61' title='bbox 431 703 672 743; x_wconf 78' lang='lat' dir='ltr'>insererentur,</span> <span class='ocrx_word' id='word_1_62' title='bbox 709 705 933 748; x_wconf 79' lang='lat' dir='ltr'>praesentibus</span> <span class='ocrx_word' id='word_1_63' title='bbox 958 718 1017 750; x_wconf 85' lang='lat' dir='ltr'>pro</span> 
     </span>
     <span class='ocr_line' id='line_1_17' title="bbox 264 756 1016 803; baseline 0.008 -16"><span class='ocrx_word' id='word_1_64' title='bbox 264 756 421 798; x_wconf 79' lang='lat' dir='ltr'>expressis</span> <span class='ocrx_word' id='word_1_65' title='bbox 446 762 476 789; x_wconf 86' lang='lat' dir='ltr'>et</span> <span class='ocrx_word' id='word_1_66' title='bbox 501 757 629 791; x_wconf 87' lang='lat' dir='ltr'>insertis</span> <span class='ocrx_word' id='word_1_67' title='bbox 654 758 828 798; x_wconf 78' lang='lat' dir='ltr'>habentes,</span> <span class='ocrx_word' id='word_1_68' title='bbox 855 760 895 792; x_wconf 85' lang='lat' dir='ltr'>ad</span> <span class='ocrx_word' id='word_1_69' title='bbox 917 760 1016 803; x_wconf 85' lang='lat' dir='ltr'>ipsam</span> 
     </span>
     <span class='ocr_line' id='line_1_18' title="bbox 263 810 1017 857; baseline 0.007 -16"><span class='ocrx_word' id='word_1_70' title='bbox 263 810 546 853; x_wconf 75' lang='lat' dir='ltr'>congregationem</span> <span class='ocrx_word' id='word_1_71' title='bbox 563 812 761 845; x_wconf 86' lang='lat' dir='ltr'>Iesuatorum</span> <span class='ocrx_word' id='word_1_72' title='bbox 784 813 934 857; x_wconf 90' lang='lat' dir='ltr'>illiusque</span> <span class='ocrx_word' id='word_1_73' title='bbox 958 814 1017 846; x_wconf 85' lang='lat' dir='ltr'>sra-</span> 
     </span>
     <span class='ocr_line' id='line_1_19' title="bbox 264 864 1016 911; baseline 0.007 -16"><span class='ocrx_word' id='word_1_74' title='bbox 264 868 338 903; x_wconf 85' lang='lat' dir='ltr'>tres,</span> <span class='ocrx_word' id='word_1_75' title='bbox 353 864 477 905; x_wconf 89' lang='lat' dir='ltr'>domos,</span> <span class='ocrx_word' id='word_1_76' title='bbox 492 866 643 899; x_wconf 86' lang='lat' dir='ltr'>ecclesias</span> <span class='ocrx_word' id='word_1_77' title='bbox 658 872 688 900; x_wconf 88' lang='lat' dir='ltr'>et</span> <span class='ocrx_word' id='word_1_78' title='bbox 702 868 771 900; x_wconf 85' lang='lat' dir='ltr'>loca</span> <span class='ocrx_word' id='word_1_79' title='bbox 780 878 1016 911; x_wconf 82' lang='lat' dir='ltr'>quaecumque,</span> 
     </span>
     <span class='ocr_line' id='line_1_20' title="bbox 262 917 1016 964; baseline 0.005 -15"><span class='ocrx_word' id='word_1_80' title='bbox 262 917 302 949; x_wconf 91' lang='lat' dir='ltr'>de</span> <span class='ocrx_word' id='word_1_81' title='bbox 326 928 419 959; x_wconf 88' lang='lat' dir='ltr'>novo,</span> <span class='ocrx_word' id='word_1_82' title='bbox 443 920 550 963; x_wconf 87' lang='lat' dir='ltr'>quoad</span> <span class='ocrx_word' id='word_1_83' title='bbox 570 931 619 961; x_wconf 88' lang='lat' dir='ltr'>ea,</span> <span class='ocrx_word' id='word_1_84' title='bbox 642 932 724 964; x_wconf 78' lang='lat' dir='ltr'>quae</span> <span class='ocrx_word' id='word_1_85' title='bbox 746 932 858 954; x_wconf 87' lang='lat' dir='ltr'>eorum</span> <span class='ocrx_word' id='word_1_86' title='bbox 876 921 1016 963; x_wconf 61' lang='lat' dir='ltr'>anguino</span> 
     </span>
     <span class='ocr_line' id='line_1_21' title="bbox 262 972 1014 1019; baseline 0.005 -16"><span class='ocrx_word' id='word_1_87' title='bbox 262 976 292 1003; x_wconf 83' lang='lat' dir='ltr'>ct</span> <span class='ocrx_word' id='word_1_88' title='bbox 313 972 410 1005; x_wconf 90' lang='lat' dir='ltr'>modo</span> <span class='ocrx_word' id='word_1_89' title='bbox 431 972 553 1007; x_wconf 82' lang='lat' dir='ltr'>vivendi</span> <span class='ocrx_word' id='word_1_90' title='bbox 575 985 639 1007; x_wconf 91' lang='lat' dir='ltr'>non</span> <span class='ocrx_word' id='word_1_91' title='bbox 661 982 853 1019; x_wconf 69' lang='lat' dir='ltr'>repugnant,</span> <span class='ocrx_word' id='word_1_92' title='bbox 879 981 1014 1013; x_wconf 90' lang='lat' dir='ltr'>tantum,</span> 
     </span>
     <span class='ocr_line' id='line_1_22' title="bbox 261 1026 1015 1073; baseline 0.005 -15"><span class='ocrx_word' id='word_1_93' title='bbox 261 1026 451 1060; x_wconf 84' lang='lat' dir='ltr'>auctoritate</span> <span class='ocrx_word' id='word_1_94' title='bbox 467 1028 654 1071; x_wconf 85' lang='lat' dir='ltr'>apostolica,</span> <span class='ocrx_word' id='word_1_95' title='bbox 667 1034 776 1062; x_wconf 87' lang='lat' dir='ltr'>tenore</span> <span class='ocrx_word' id='word_1_96' title='bbox 787 1029 1015 1073; x_wconf 81' lang='lat' dir='ltr'>praesentium,</span> 
     </span>
     <span class='ocr_line' id='line_1_23' title="bbox 262 1080 738 1125; baseline 0.004 -13"><span class='ocrx_word' id='word_1_97' title='bbox 262 1080 466 1114; x_wconf 79' lang='lat' dir='ltr'>extendimus</span> <span class='ocrx_word' id='word_1_98' title='bbox 487 1087 517 1114; x_wconf 88' lang='lat' dir='ltr'>et</span> <span class='ocrx_word' id='word_1_99' title='bbox 533 1082 738 1125; x_wconf 77' lang='lat' dir='ltr'>ampliamus.</span> 
     </span>
    </p>

    <p class='ocr_par' dir='ltr' id='par_1_6' title="bbox 260 1133 1015 1776">
     <span class='ocr_line' id='line_1_24' title="bbox 306 1133 1015 1180; baseline 0.004 -14"><span class='ocrx_word' id='word_1_100' title='bbox 306 1134 321 1177; x_wconf 63' lang='grc' dir='ltr'>ξ</span> <span class='ocrx_word' id='word_1_101' title='bbox 341 1133 373 1167; x_wconf 85' lang='grc'>3.</span> <span class='ocrx_word' id='word_1_102' title='bbox 397 1135 550 1180; x_wconf 87' lang='lat' dir='ltr'>Ipsosque</span> <span class='ocrx_word' id='word_1_103' title='bbox 571 1147 643 1169; x_wconf 89' lang='lat' dir='ltr'>vere</span> <span class='ocrx_word' id='word_1_104' title='bbox 664 1136 881 1170; x_wconf 82' lang='lat' dir='ltr'>Mendicantes</span> <span class='ocrx_word' id='word_1_105' title='bbox 902 1143 929 1170; x_wconf 88' lang='lat' dir='ltr'>et</span> <span class='ocrx_word' id='word_1_106' title='bbox 957 1137 1015 1169; x_wconf 88' lang='lat' dir='ltr'>sub</span> 
     </span>
     <span class='ocr_line' id='line_1_25' title="bbox 262 1187 1015 1234; baseline 0.005 -15"><span class='ocrx_word' id='word_1_107' title='bbox 262 1187 511 1222; x_wconf 89' lang='lat' dir='ltr'>Mendicantium</span> <span class='ocrx_word' id='word_1_108' title='bbox 537 1190 710 1224; x_wconf 82' lang='lat' dir='ltr'>Ordinibus</span> <span class='ocrx_word' id='word_1_109' title='bbox 729 1201 798 1224; x_wconf 87' lang='lat' dir='ltr'>esse</span> <span class='ocrx_word' id='word_1_110' title='bbox 819 1196 849 1223; x_wconf 87' lang='lat' dir='ltr'>et</span> <span class='ocrx_word' id='word_1_111' title='bbox 869 1201 1015 1234; x_wconf 84' lang='lat' dir='ltr'>compre-</span> 
     </span>
     <span class='ocr_line' id='line_1_26' title="bbox 261 1241 1015 1289; baseline 0.005 -16"><span class='ocrx_word' id='word_1_112' title='bbox 261 1241 359 1275; x_wconf 87' lang='lat' dir='ltr'>hendi</span> <span class='ocrx_word' id='word_1_113' title='bbox 385 1243 513 1284; x_wconf 83' lang='lat' dir='ltr'>debere,</span> <span class='ocrx_word' id='word_1_114' title='bbox 548 1256 675 1278; x_wconf 82' lang='lat' dir='ltr'>necnon</span> <span class='ocrx_word' id='word_1_115' title='bbox 703 1246 811 1278; x_wconf 90' lang='lat' dir='ltr'>omnia</span> <span class='ocrx_word' id='word_1_116' title='bbox 832 1252 862 1278; x_wconf 86' lang='lat' dir='ltr'>et</span> <span class='ocrx_word' id='word_1_117' title='bbox 890 1245 1015 1289; x_wconf 76' lang='lat' dir='ltr'>singula</span> 
     </span>
     <span class='ocr_line' id='line_1_27' title="bbox 263 1296 1015 1343; baseline 0.005 -15"><span class='ocrx_word' id='word_1_118' title='bbox 263 1296 391 1329; x_wconf 89' lang='lat' dir='ltr'>concilii</span> <span class='ocrx_word' id='word_1_119' title='bbox 409 1297 587 1331; x_wconf 81' lang='lat' dir='ltr'>Tridentini</span> <span class='ocrx_word' id='word_1_120' title='bbox 607 1299 749 1339; x_wconf 78' lang='lat' dir='ltr'>decreta,</span> <span class='ocrx_word' id='word_1_121' title='bbox 764 1310 823 1343; x_wconf 87' lang='lat' dir='ltr'>pro</span> <span class='ocrx_word' id='word_1_122' title='bbox 835 1299 1015 1332; x_wconf 86' lang='lat' dir='ltr'>Mendican-</span> 
     </span>
     <span class='ocr_line' id='line_1_28' title="bbox 263 1350 1013 1393; baseline 0.005 -11"><span class='ocrx_word' id='word_1_123' title='bbox 263 1350 347 1384; x_wconf 90' lang='lat' dir='ltr'>tibus</span> <span class='ocrx_word' id='word_1_124' title='bbox 367 1351 553 1386; x_wconf 84' lang='lat' dir='ltr'>huiusmodi</span> <span class='ocrx_word' id='word_1_125' title='bbox 581 1353 741 1386; x_wconf 87' lang='lat' dir='ltr'>declarata</span> <span class='ocrx_word' id='word_1_126' title='bbox 763 1359 791 1386; x_wconf 88' lang='lat' dir='ltr'>et</span> <span class='ocrx_word' id='word_1_127' title='bbox 819 1354 1013 1393; x_wconf 85' lang='lat' dir='ltr'>moditicata,</span> 
     </span>
     <span class='ocr_line' id='line_1_29' title="bbox 261 1404 1015 1450; baseline 0.005 -14"><span class='ocrx_word' id='word_1_128' title='bbox 261 1404 356 1437; x_wconf 83' lang='lat' dir='ltr'>etiam</span> <span class='ocrx_word' id='word_1_129' title='bbox 372 1416 431 1450; x_wconf 87' lang='lat' dir='ltr'>pro</span> <span class='ocrx_word' id='word_1_130' title='bbox 448 1408 696 1450; x_wconf 73' lang='lat' dir='ltr'>congregatione</span> <span class='ocrx_word' id='word_1_131' title='bbox 725 1408 911 1441; x_wconf 88' lang='lat' dir='ltr'>huiusmodi</span> <span class='ocrx_word' id='word_1_132' title='bbox 933 1408 1015 1441; x_wconf 87' lang='lat' dir='ltr'>eius-</span> 
     </span>
     <span class='ocr_line' id='line_1_30' title="bbox 260 1449 1015 1502; baseline 0.005 -12"><span class='ocrx_word' id='word_1_133' title='bbox 260 1469 323 1502; x_wconf 85' lang='lat' dir='ltr'>que</span> <span class='ocrx_word' id='word_1_134' title='bbox 361 1459 513 1494; x_wconf 86' lang='lat' dir='ltr'>sratribus</span> <span class='ocrx_word' id='word_1_135' title='bbox 546 1449 750 1495; x_wconf 65' lang='lat' dir='ltr'>‹tecla‘rainus</span> <span class='ocrx_word' id='word_1_136' title='bbox 784 1469 812 1494; x_wconf 87' lang='lat' dir='ltr'>et</span> <span class='ocrx_word' id='word_1_137' title='bbox 852 1462 1015 1495; x_wconf 85' lang='lat' dir='ltr'>modifica-</span> 
     </span>
     <span class='ocr_line' id='line_1_31' title="bbox 261 1514 1013 1559; baseline 0.007 -15"><span class='ocrx_word' id='word_1_138' title='bbox 261 1522 343 1545; x_wconf 88' lang='lat' dir='ltr'>mus.</span> <span class='ocrx_word' id='word_1_139' title='bbox 367 1514 547 1548; x_wconf 85' lang='lat' dir='ltr'>Districtius</span> <span class='ocrx_word' id='word_1_140' title='bbox 576 1516 757 1549; x_wconf 79' lang='lat' dir='ltr'>inhibentes</span> <span class='ocrx_word' id='word_1_141' title='bbox 777 1516 942 1559; x_wconf 74' lang='lat' dir='ltr'>quibusvis</span> <span class='ocrx_word' id='word_1_142' title='bbox 968 1517 1013 1549; x_wconf 91' lang='lat' dir='ltr'>lo—</span> 
     </span>
     <span class='ocr_line' id='line_1_32' title="bbox 261 1568 1013 1613; baseline 0.004 -13"><span class='ocrx_word' id='word_1_143' title='bbox 261 1577 373 1600; x_wconf 88' lang='lat' dir='ltr'>corum</span> <span class='ocrx_word' id='word_1_144' title='bbox 400 1568 571 1602; x_wconf 87' lang='lat' dir='ltr'>ordinariis</span> <span class='ocrx_word' id='word_1_145' title='bbox 595 1581 635 1603; x_wconf 86' lang='lat' dir='ltr'>ne</span> <span class='ocrx_word' id='word_1_146' title='bbox 651 1570 770 1603; x_wconf 85' lang='lat' dir='ltr'>dictam</span> <span class='ocrx_word' id='word_1_147' title='bbox 792 1570 1013 1613; x_wconf 69' lang='lat' dir='ltr'>congregatio-</span> 
     </span>
     <span class='ocr_line' id='line_1_33' title="bbox 260 1621 1013 1665; baseline 0.004 -12"><span class='ocrx_word' id='word_1_148' title='bbox 260 1630 334 1653; x_wconf 87' lang='lat' dir='ltr'>nem</span> <span class='ocrx_word' id='word_1_149' title='bbox 356 1621 507 1665; x_wconf 88' lang='lat' dir='ltr'>illiusque</span> <span class='ocrx_word' id='word_1_150' title='bbox 528 1624 653 1664; x_wconf 84' lang='lat' dir='ltr'>fratres,</span> <span class='ocrx_word' id='word_1_151' title='bbox 676 1629 788 1657; x_wconf 88' lang='lat' dir='ltr'>contra</span> <span class='ocrx_word' id='word_1_152' title='bbox 809 1624 854 1656; x_wconf 84' lang='lat' dir='ltr'>eis</span> <span class='ocrx_word' id='word_1_153' title='bbox 870 1624 915 1657; x_wconf 72' lang='lat' dir='ltr'>sie</span> <span class='ocrx_word' id='word_1_154' title='bbox 936 1635 1013 1656; x_wconf 79' lang='lat' dir='ltr'>con—</span> 
     </span>
     <span class='ocr_line' id='line_1_34' title="bbox 260 1675 1012 1721; baseline 0.003 -14"><span class='ocrx_word' id='word_1_155' title='bbox 260 1685 348 1708; x_wconf 89' lang='lat' dir='ltr'>cessa</span> <span class='ocrx_word' id='word_1_156' title='bbox 369 1675 546 1719; x_wconf 83' lang='lat' dir='ltr'>privilegia,</span> <span class='ocrx_word' id='word_1_157' title='bbox 570 1678 752 1717; x_wconf 78' lang='lat' dir='ltr'>molestare,</span> <span class='ocrx_word' id='word_1_158' title='bbox 774 1677 1012 1721; x_wconf 66' lang='lat' dir='ltr'>inqui41=tar&lt;=vel</span> 
     </span>
     <span class='ocr_line' id='line_1_35' title="bbox 260 1730 930 1776; baseline 0.003 -14"><span class='ocrx_word' id='word_1_159' title='bbox 260 1730 452 1773; x_wconf 89' lang='lat' dir='ltr'>perturbare</span> <span class='ocrx_word' id='word_1_160' title='bbox 477 1732 617 1765; x_wconf 86' lang='lat' dir='ltr'>audeant</span> <span class='ocrx_word' id='word_1_161' title='bbox 640 1732 688 1765; x_wconf 80' lang='lat' dir='ltr'>vel</span> <span class='ocrx_word' id='word_1_162' title='bbox 710 1739 930 1776; x_wconf 73' lang='lat' dir='ltr'>praesumam.</span> 
     </span>
    </p>

    <p class='ocr_par' dir='ltr' id='par_1_7' title="bbox 254 1784 1014 2724">
     <span class='ocr_line' id='line_1_36' title="bbox 303 1784 1013 1830; baseline 0.004 -14"><span class='ocrx_word' id='word_1_163' title='bbox 303 1784 368 1827; x_wconf 51' lang='lat' dir='ltr'>§le</span> <span class='ocrx_word' id='word_1_164' title='bbox 393 1785 607 1819; x_wconf 87' lang='lat' dir='ltr'>Decernentes</span> <span class='ocrx_word' id='word_1_165' title='bbox 631 1797 763 1830; x_wconf 88' lang='lat' dir='ltr'>quoque</span> <span class='ocrx_word' id='word_1_166' title='bbox 778 1786 1013 1830; x_wconf 79' lang='lat' dir='ltr'>praesentesli-</span> 
     </span>
     <span class='ocr_line' id='line_1_37' title="bbox 257 1839 1012 1884; baseline 0.001 -14"><span class='ocrx_word' id='word_1_167' title='bbox 257 1843 341 1870; x_wconf 85' lang='lat' dir='ltr'>teras</span> <span class='ocrx_word' id='word_1_168' title='bbox 376 1839 442 1872; x_wconf 86' lang='lat' dir='ltr'>ullo</span> <span class='ocrx_word' id='word_1_169' title='bbox 475 1846 800 1884; x_wconf 74' lang='lat' dir='ltr'>umquamt‹1=1npore</span> <span class='ocrx_word' id='word_1_170' title='bbox 832 1842 870 1873; x_wconf 87' lang='lat' dir='ltr'>de</span> <span class='ocrx_word' id='word_1_171' title='bbox 899 1841 1012 1873; x_wconf 78' lang='lat' dir='ltr'>subre-</span> 
     </span>
     <span class='ocr_line' id='line_1_38' title="bbox 257 1892 1012 1935; baseline 0.004 -11"><span class='ocrx_word' id='word_1_172' title='bbox 257 1892 376 1935; x_wconf 85' lang='lat' dir='ltr'>ptionis</span> <span class='ocrx_word' id='word_1_173' title='bbox 395 1893 483 1934; x_wconf 89' lang='lat' dir='ltr'>vitio,</span> <span class='ocrx_word' id='word_1_174' title='bbox 507 1899 562 1927; x_wconf 86' lang='lat' dir='ltr'>aut</span> <span class='ocrx_word' id='word_1_175' title='bbox 590 1894 778 1928; x_wconf 84' lang='lat' dir='ltr'>intentionis</span> <span class='ocrx_word' id='word_1_176' title='bbox 807 1900 934 1927; x_wconf 85' lang='lat' dir='ltr'>nostrae</span> <span class='ocrx_word' id='word_1_177' title='bbox 966 1895 1012 1927; x_wconf 78' lang='lat' dir='ltr'>vel</span> 
     </span>
     <span class='ocr_line' id='line_1_39' title="bbox 256 1946 1012 1993; baseline 0.004 -15"><span class='ocrx_word' id='word_1_178' title='bbox 256 1946 410 1990; x_wconf 85' lang='lat' dir='ltr'>quopiam</span> <span class='ocrx_word' id='word_1_179' title='bbox 441 1947 504 1981; x_wconf 86' lang='lat' dir='ltr'>alio</span> <span class='ocrx_word' id='word_1_180' title='bbox 530 1949 657 1981; x_wconf 86' lang='lat' dir='ltr'>det&#39;ectu</span> <span class='ocrx_word' id='word_1_181' title='bbox 700 1948 802 1981; x_wconf 85' lang='lat' dir='ltr'>notari</span> <span class='ocrx_word' id='word_1_182' title='bbox 831 1949 877 1981; x_wconf 73' lang='lat' dir='ltr'>vel</span> <span class='ocrx_word' id='word_1_183' title='bbox 904 1949 1012 1993; x_wconf 86' lang='lat' dir='ltr'>impu-</span> 
     </span>
     <span class='ocr_line' id='line_1_40' title="bbox 256 2000 1012 2045; baseline 0.003 -13"><span class='ocrx_word' id='word_1_184' title='bbox 256 2000 347 2042; x_wconf 78' lang='lat' dir='ltr'>gnari</span> <span class='ocrx_word' id='word_1_185' title='bbox 369 2001 553 2035; x_wconf 88' lang='lat' dir='ltr'>nullatenus</span> <span class='ocrx_word' id='word_1_186' title='bbox 574 2013 679 2045; x_wconf 88' lang='lat' dir='ltr'>posse,</span> <span class='ocrx_word' id='word_1_187' title='bbox 697 2002 842 2035; x_wconf 82' lang='lat' dir='ltr'>minusve</span> <span class='ocrx_word' id='word_1_188' title='bbox 865 2002 923 2035; x_wconf 89' lang='lat' dir='ltr'>sub</span> <span class='ocrx_word' id='word_1_189' title='bbox 940 2002 1012 2045; x_wconf 88' lang='lat' dir='ltr'>qui-</span> 
     </span>
     <span class='ocr_line' id='line_1_41' title="bbox 257 2053 1011 2098; baseline 0.005 -13"><span class='ocrx_word' id='word_1_190' title='bbox 257 2053 364 2086; x_wconf 81' lang='lat' dir='ltr'>busvis</span> <span class='ocrx_word' id='word_1_191' title='bbox 381 2054 536 2088; x_wconf 85' lang='lat' dir='ltr'>similium</span> <span class='ocrx_word' id='word_1_192' title='bbox 549 2057 597 2089; x_wconf 87' lang='lat' dir='ltr'>vel</span> <span class='ocrx_word' id='word_1_193' title='bbox 612 2056 816 2089; x_wconf 86' lang='lat' dir='ltr'>dissimilium</span> <span class='ocrx_word' id='word_1_194' title='bbox 835 2056 1011 2098; x_wconf 75' lang='lat' dir='ltr'>gratiarum</span> 
     </span>
     <span class='ocr_line' id='line_1_42' title="bbox 258 2108 1011 2150; baseline 0.003 -10"><span class='ocrx_word' id='word_1_195' title='bbox 258 2108 539 2150; x_wconf 83' lang='lat' dir='ltr'>revOcationibus,</span> <span class='ocrx_word' id='word_1_196' title='bbox 571 2110 888 2148; x_wconf 74' lang='lat' dir='ltr'>modificationibus,</span> <span class='ocrx_word' id='word_1_197' title='bbox 927 2110 1011 2142; x_wconf 89' lang='lat' dir='ltr'>limi—</span> 
     </span>
     <span class='ocr_line' id='line_1_43' title="bbox 257 2161 1014 2203; baseline 0.004 -10"><span class='ocrx_word' id='word_1_198' title='bbox 257 2161 444 2203; x_wconf 88' lang='lat' dir='ltr'>tationibus,</span> <span class='ocrx_word' id='word_1_199' title='bbox 468 2164 727 2197; x_wconf 80' lang='lat' dir='ltr'>restitutionibus</span> <span class='ocrx_word' id='word_1_200' title='bbox 748 2170 774 2197; x_wconf 88' lang='lat' dir='ltr'>et</span> <span class='ocrx_word' id='word_1_201' title='bbox 793 2164 863 2197; x_wconf 86' lang='lat' dir='ltr'>aliis</span> <span class='ocrx_word' id='word_1_202' title='bbox 886 2170 1014 2197; x_wconf 86' lang='lat' dir='ltr'>contra-</span> 
     </span>
     <span class='ocr_line' id='line_1_44' title="bbox 257 2215 1011 2261; baseline 0.004 -14"><span class='ocrx_word' id='word_1_203' title='bbox 257 2215 312 2247; x_wconf 86' lang='lat' dir='ltr'>riis</span> <span class='ocrx_word' id='word_1_204' title='bbox 341 2216 620 2259; x_wconf 75' lang='lat' dir='ltr'>dispositionibus,</span> <span class='ocrx_word' id='word_1_205' title='bbox 646 2223 709 2251; x_wconf 85' lang='lat' dir='ltr'>tam</span> <span class='ocrx_word' id='word_1_206' title='bbox 741 2229 799 2261; x_wconf 77' lang='lat' dir='ltr'>per</span> <span class='ocrx_word' id='word_1_207' title='bbox 828 2228 886 2251; x_wconf 89' lang='lat' dir='ltr'>nos</span> <span class='ocrx_word' id='word_1_208' title='bbox 915 2229 1011 2261; x_wconf 88' lang='lat' dir='ltr'>quam</span> 
     </span>
     <span class='ocr_line' id='line_1_45' title="bbox 257 2269 1010 2315; baseline 0.003 -14"><span class='ocrx_word' id='word_1_209' title='bbox 257 2269 352 2302; x_wconf 87' lang='lat' dir='ltr'>etiam</span> <span class='ocrx_word' id='word_1_210' title='bbox 382 2280 585 2303; x_wconf 76' lang='lat' dir='ltr'>successores</span> <span class='ocrx_word' id='word_1_211' title='bbox 608 2277 733 2304; x_wconf 85' lang='lat' dir='ltr'>nostros</span> <span class='ocrx_word' id='word_1_212' title='bbox 753 2271 1010 2315; x_wconf 78' lang='lat' dir='ltr'>quomodolibet,</span> 
     </span>
     <span class='ocr_line' id='line_1_46' title="bbox 254 2314 1011 2368; baseline 0.003 -12"><span class='ocrx_word' id='word_1_213' title='bbox 254 2314 293 2356; x_wconf 84' lang='lat' dir='ltr'>ac</span> <span class='ocrx_word' id='word_1_214' title='bbox 314 2323 409 2357; x_wconf 85' lang='lat' dir='ltr'>etiam</span> <span class='ocrx_word' id='word_1_215' title='bbox 431 2335 505 2357; x_wconf 85' lang='lat' dir='ltr'>cum</span> <span class='ocrx_word' id='word_1_216' title='bbox 526 2324 702 2368; x_wconf 86' lang='lat' dir='ltr'>quibusvis,</span> <span class='ocrx_word' id='word_1_217' title='bbox 726 2326 821 2358; x_wconf 85' lang='lat' dir='ltr'>etiam</span> <span class='ocrx_word' id='word_1_218' title='bbox 842 2325 1011 2367; x_wconf 74' lang='lat' dir='ltr'>derogato-</span> 
     </span>
     <span class='ocr_line' id='line_1_47' title="bbox 258 2377 1012 2423; baseline 0.004 -14"><span class='ocrx_word' id='word_1_219' title='bbox 258 2377 380 2410; x_wconf 88' lang='lat' dir='ltr'>riarum</span> <span class='ocrx_word' id='word_1_220' title='bbox 398 2378 610 2421; x_wconf 75' lang='lat' dir='ltr'>derogatoriis</span> <span class='ocrx_word' id='word_1_221' title='bbox 625 2379 762 2423; x_wconf 89' lang='lat' dir='ltr'>aliisque</span> <span class='ocrx_word' id='word_1_222' title='bbox 777 2379 1012 2412; x_wconf 61' lang='lat' dir='ltr'>(efficacioribus</span> 
     </span>
     <span class='ocr_line' id='line_1_48' title="bbox 258 2432 1014 2473; baseline 0.003 -9"><span class='ocrx_word' id='word_1_223' title='bbox 258 2437 288 2464; x_wconf 87' lang='lat' dir='ltr'>et</span> <span class='ocrx_word' id='word_1_224' title='bbox 307 2432 454 2471; x_wconf 82' lang='lat' dir='ltr'>insolitis,</span> <span class='ocrx_word' id='word_1_225' title='bbox 477 2433 642 2473; x_wconf 77' lang='lat' dir='ltr'>clausulis,</span> <span class='ocrx_word' id='word_1_226' title='bbox 659 2433 858 2466; x_wconf 84' lang='lat' dir='ltr'>irritantibus</span> <span class='ocrx_word' id='word_1_227' title='bbox 877 2433 1014 2466; x_wconf 84' lang='lat' dir='ltr'>decretis</span> 
     </span>
     <span class='ocr_line' id='line_1_49' title="bbox 260 2483 1012 2526; baseline 0 -12"><span class='ocrx_word' id='word_1_228' title='bbox 260 2493 316 2525; x_wconf 88' lang='lat' dir='ltr'>pro</span> <span class='ocrx_word' id='word_1_229' title='bbox 337 2487 483 2526; x_wconf 86' lang='lat' dir='ltr'>tempore</span> <span class='ocrx_word' id='word_1_230' title='bbox 509 2483 600 2515; x_wconf 80' lang='lat' dir='ltr'>sactis</span> <span class='ocrx_word' id='word_1_231' title='bbox 616 2489 643 2515; x_wconf 88' lang='lat' dir='ltr'>et</span> <span class='ocrx_word' id='word_1_232' title='bbox 667 2483 834 2519; x_wconf 77' lang='lat' dir='ltr'>faciendis,</span> <span class='ocrx_word' id='word_1_233' title='bbox 857 2493 1012 2526; x_wconf 91' lang='lat' dir='ltr'>quorum-</span> 
     </span>
     <span class='ocr_line' id='line_1_50' title="bbox 258 2532 1012 2575; baseline 0.003 -12"><span class='ocrx_word' id='word_1_234' title='bbox 258 2537 557 2575; x_wconf 83' lang='lat' dir='ltr'>cumquetenorum</span> <span class='ocrx_word' id='word_1_235' title='bbox 575 2533 718 2572; x_wconf 79' lang='lat' dir='ltr'>existant,</span> <span class='ocrx_word' id='word_1_236' title='bbox 734 2533 867 2572; x_wconf 77' lang='lat' dir='ltr'>includi3</span> <span class='ocrx_word' id='word_1_237' title='bbox 881 2533 934 2564; x_wconf 71' lang='lat' dir='ltr'>sed</span> <span class='ocrx_word' id='word_1_238' title='bbox 952 2532 1012 2565; x_wconf 89' lang='lat' dir='ltr'>illis</span> 
     </span>
     <span class='ocr_line' id='line_1_51' title="bbox 258 2581 1011 2621; baseline 0.003 -8"><span class='ocrx_word' id='word_1_239' title='bbox 258 2591 323 2614; x_wconf 89' lang='lat' dir='ltr'>non</span> <span class='ocrx_word' id='word_1_240' title='bbox 339 2581 551 2621; x_wconf 84' lang='lat' dir='ltr'>obstantibus,</span> <span class='ocrx_word' id='word_1_241' title='bbox 569 2582 599 2614; x_wconf 93' lang='lat' dir='ltr'>in</span> <span class='ocrx_word' id='word_1_242' title='bbox 612 2582 677 2615; x_wconf 85' lang='lat' dir='ltr'>suis</span> <span class='ocrx_word' id='word_1_243' title='bbox 692 2582 808 2615; x_wconf 84' lang='lat' dir='ltr'>robore</span> <span class='ocrx_word' id='word_1_244' title='bbox 825 2588 854 2615; x_wconf 79' lang='lat' dir='ltr'>et</span> <span class='ocrx_word' id='word_1_245' title='bbox 870 2582 1011 2616; x_wconf 79' lang='lat' dir='ltr'>efficacia</span> 
     </span>
     <span class='ocr_line' id='line_1_52' title="bbox 259 2631 1009 2676; baseline 0.001 -12"><span class='ocrx_word' id='word_1_246' title='bbox 259 2631 441 2675; x_wconf 85' lang='lat' dir='ltr'>persistere,</span> <span class='ocrx_word' id='word_1_247' title='bbox 470 2638 496 2665; x_wconf 77' lang='lat' dir='ltr'>et</span> <span class='ocrx_word' id='word_1_248' title='bbox 532 2632 658 2676; x_wconf 87' lang='lat' dir='ltr'>quoties</span> <span class='ocrx_word' id='word_1_249' title='bbox 691 2633 762 2665; x_wconf 85' lang='lat' dir='ltr'>illae</span> <span class='ocrx_word' id='word_1_250' title='bbox 784 2633 976 2665; x_wconf 75' lang='lat' dir='ltr'>emanabant</span> <span class='ocrx_word' id='word_1_251' title='bbox 1002 2660 1009 2673; x_wconf 88' lang='lat'>,</span> 
     </span>
     <span class='ocr_line' id='line_1_53' title="bbox 259 2680 1012 2724; baseline 0.005 -13"><span class='ocrx_word' id='word_1_252' title='bbox 259 2680 350 2714; x_wconf 78' lang='lat' dir='ltr'>toties</span> <span class='ocrx_word' id='word_1_253' title='bbox 369 2681 400 2713; x_wconf 91' lang='lat' dir='ltr'>in</span> <span class='ocrx_word' id='word_1_254' title='bbox 432 2682 602 2724; x_wconf 86' lang='lat' dir='ltr'>pristinum</span> <span class='ocrx_word' id='word_1_255' title='bbox 629 2687 743 2714; x_wconf 86' lang='lat' dir='ltr'>statum</span> <span class='ocrx_word' id='word_1_256' title='bbox 769 2682 940 2719; x_wconf 71' lang='lat' dir='ltr'>restitutas,</span> <span class='ocrx_word' id='word_1_257' title='bbox 964 2694 1012 2715; x_wconf 90' lang='lat' dir='ltr'>re-</span> 
     </span>
    </p>
   </div>
   <div class='ocr_carea' id='block_1_6' title="bbox 1707 264 1770 298">
    <p class='ocr_par' dir='ltr' id='par_1_8' title="bbox 1707 264 1770 298">
     <span class='ocr_line' id='line_1_54' title="bbox 1707 264 1770 298; baseline 0.063 -3"><span class='ocrx_word' id='word_1_258' title='bbox 1707 264 1770 298; x_wconf 75' lang='lat'>637</span> 
     </span>
    </p>
   </div>
   <div class='ocr_carea' id='block_1_7' title="bbox 1053 325 1815 2717">
    <p class='ocr_par' dir='ltr' id='par_1_9' title="bbox 1057 325 1815 1284">
     <span class='ocr_line' id='line_1_55' title="bbox 1063 325 1813 370; baseline 0.005 -13"><span class='ocrx_word' id='word_1_259' title='bbox 1063 326 1180 370; x_wconf 84' lang='lat' dir='ltr'>positas</span> <span class='ocrx_word' id='word_1_260' title='bbox 1199 331 1230 358; x_wconf 86' lang='lat' dir='ltr'>et</span> <span class='ocrx_word' id='word_1_261' title='bbox 1245 325 1387 369; x_wconf 81' lang='lat' dir='ltr'>plenarie</span> <span class='ocrx_word' id='word_1_262' title='bbox 1398 325 1606 368; x_wconf 72' lang='lat' dir='ltr'>reintegratas</span> <span class='ocrx_word' id='word_1_263' title='bbox 1617 331 1657 366; x_wconf 91' lang='lat' dir='ltr'>et,</span> <span class='ocrx_word' id='word_1_264' title='bbox 1670 327 1729 359; x_wconf 90' lang='lat' dir='ltr'>sub</span> <span class='ocrx_word' id='word_1_265' title='bbox 1743 327 1813 361; x_wconf 88' lang='lat' dir='ltr'>data</span> 
     </span>
     <span class='ocr_line' id='line_1_56' title="bbox 1061 379 1815 424; baseline 0.001 -11"><span class='ocrx_word' id='word_1_266' title='bbox 1061 380 1154 413; x_wconf 88' lang='lat' dir='ltr'>etiam</span> <span class='ocrx_word' id='word_1_267' title='bbox 1166 391 1224 423; x_wconf 87' lang='lat' dir='ltr'>per</span> <span class='ocrx_word' id='word_1_268' title='bbox 1237 380 1322 424; x_wconf 86' lang='lat' dir='ltr'>ipsos</span> <span class='ocrx_word' id='word_1_269' title='bbox 1338 379 1493 422; x_wconf 80' lang='lat' dir='ltr'>eligenda,</span> <span class='ocrx_word' id='word_1_270' title='bbox 1505 379 1544 412; x_wconf 87' lang='lat' dir='ltr'>de</span> <span class='ocrx_word' id='word_1_271' title='bbox 1554 390 1635 413; x_wconf 92' lang='lat' dir='ltr'>novo</span> <span class='ocrx_word' id='word_1_272' title='bbox 1646 391 1815 414; x_wconf 89' lang='lat' dir='ltr'>concessas</span> 
     </span>
     <span class='ocr_line' id='line_1_57' title="bbox 1061 432 1813 471; baseline 0.001 -5"><span class='ocrx_word' id='word_1_273' title='bbox 1061 444 1140 471; x_wconf 85' lang='lat' dir='ltr'>esse,</span> <span class='ocrx_word' id='word_1_274' title='bbox 1163 439 1191 465; x_wconf 83' lang='lat' dir='ltr'>et</span> <span class='ocrx_word' id='word_1_275' title='bbox 1218 433 1258 466; x_wconf 86' lang='lat' dir='ltr'>ita</span> <span class='ocrx_word' id='word_1_276' title='bbox 1284 432 1556 466; x_wconf 73' lang='lat' dir='ltr'>incommutabilis</span> <span class='ocrx_word' id='word_1_277' title='bbox 1589 434 1760 468; x_wconf 81' lang='lat' dir='ltr'>voluntatis</span> <span class='ocrx_word' id='word_1_278' title='bbox 1785 441 1813 467; x_wconf 89' lang='lat' dir='ltr'>et</span> 
     </span>
     <span class='ocr_line' id='line_1_58' title="bbox 1062 487 1813 532; baseline 0.004 -14"><span class='ocrx_word' id='word_1_279' title='bbox 1062 487 1247 520; x_wconf 82' lang='lat' dir='ltr'>intentionis</span> <span class='ocrx_word' id='word_1_280' title='bbox 1268 493 1395 521; x_wconf 85' lang='lat' dir='ltr'>nostrae</span> <span class='ocrx_word' id='word_1_281' title='bbox 1407 498 1485 520; x_wconf 83' lang='lat' dir='ltr'>esse.</span> <span class='ocrx_word' id='word_1_282' title='bbox 1505 487 1541 519; x_wconf 87' lang='lat' dir='ltr'>Et</span> <span class='ocrx_word' id='word_1_283' title='bbox 1550 487 1587 520; x_wconf 87' lang='lat' dir='ltr'>ad</span> <span class='ocrx_word' id='word_1_284' title='bbox 1601 488 1672 528; x_wconf 87' lang='lat' dir='ltr'>boc,</span> <span class='ocrx_word' id='word_1_285' title='bbox 1690 493 1724 521; x_wconf 91' lang='lat' dir='ltr'>ut</span> <span class='ocrx_word' id='word_1_286' title='bbox 1740 499 1813 532; x_wconf 85' lang='lat' dir='ltr'>per-</span> 
     </span>
     <span class='ocr_line' id='line_1_59' title="bbox 1061 541 1812 584; baseline 0.001 -11"><span class='ocrx_word' id='word_1_287' title='bbox 1061 546 1156 584; x_wconf 87' lang='lat' dir='ltr'>petua</span> <span class='ocrx_word' id='word_1_288' title='bbox 1191 541 1317 574; x_wconf 89' lang='lat' dir='ltr'>roboris</span> <span class='ocrx_word' id='word_1_289' title='bbox 1351 541 1500 574; x_wconf 84' lang='lat' dir='ltr'>firmitate</span> <span class='ocrx_word' id='word_1_290' title='bbox 1529 541 1720 581; x_wconf 78' lang='lat' dir='ltr'>subsistant,</span> <span class='ocrx_word' id='word_1_291' title='bbox 1751 542 1812 574; x_wconf 89' lang='lat' dir='ltr'>vim</span> 
     </span>
     <span class='ocr_line' id='line_1_60' title="bbox 1059 595 1812 629; baseline 0.003 -3"><span class='ocrx_word' id='word_1_292' title='bbox 1059 595 1152 627; x_wconf 85' lang='lat' dir='ltr'>validi</span> <span class='ocrx_word' id='word_1_293' title='bbox 1175 601 1203 627; x_wconf 81' lang='lat' dir='ltr'>et</span> <span class='ocrx_word' id='word_1_294' title='bbox 1225 595 1365 628; x_wconf 81' lang='lat' dir='ltr'>efficacis</span> <span class='ocrx_word' id='word_1_295' title='bbox 1385 600 1570 629; x_wconf 86' lang='lat' dir='ltr'>contractus</span> <span class='ocrx_word' id='word_1_296' title='bbox 1596 595 1679 629; x_wconf 87' lang='lat' dir='ltr'>inter</span> <span class='ocrx_word' id='word_1_297' title='bbox 1698 595 1812 629; x_wconf 83' lang='lat' dir='ltr'>Sedem</span> 
     </span>
     <span class='ocr_line' id='line_1_61' title="bbox 1060 648 1812 693; baseline 0.003 -13"><span class='ocrx_word' id='word_1_298' title='bbox 1060 649 1276 691; x_wconf 83' lang='lat' dir='ltr'>Apostolicam</span> <span class='ocrx_word' id='word_1_299' title='bbox 1302 655 1329 681; x_wconf 89' lang='lat' dir='ltr'>et</span> <span class='ocrx_word' id='word_1_300' title='bbox 1353 651 1513 693; x_wconf 75' lang='lat' dir='ltr'>praelatos</span> <span class='ocrx_word' id='word_1_301' title='bbox 1532 648 1666 682; x_wconf 83' lang='lat' dir='ltr'>Ordines</span> <span class='ocrx_word' id='word_1_302' title='bbox 1694 650 1812 682; x_wconf 88' lang='lat' dir='ltr'>Mendi-</span> 
     </span>
     <span class='ocr_line' id='line_1_62' title="bbox 1061 702 1811 746; baseline 0.003 -13"><span class='ocrx_word' id='word_1_303' title='bbox 1061 702 1202 734; x_wconf 78' lang='lat' dir='ltr'>eantium</span> <span class='ocrx_word' id='word_1_304' title='bbox 1243 709 1269 734; x_wconf 74' lang='lat' dir='ltr'>et</span> <span class='ocrx_word' id='word_1_305' title='bbox 1312 704 1595 746; x_wconf 68' lang='lat' dir='ltr'>congregationem</span> <span class='ocrx_word' id='word_1_306' title='bbox 1626 703 1811 737; x_wconf 87' lang='lat' dir='ltr'>huiusmodi</span> 
     </span>
     <span class='ocr_line' id='line_1_63' title="bbox 1060 756 1812 801; baseline 0.003 -14"><span class='ocrx_word' id='word_1_307' title='bbox 1060 756 1210 799; x_wconf 85' lang='lat' dir='ltr'>illiusque</span> <span class='ocrx_word' id='word_1_308' title='bbox 1242 757 1355 789; x_wconf 79' lang='lat' dir='ltr'>fratres</span> <span class='ocrx_word' id='word_1_309' title='bbox 1391 757 1508 789; x_wconf 82' lang='lat' dir='ltr'>babere</span> <span class='ocrx_word' id='word_1_310' title='bbox 1539 757 1666 790; x_wconf 86' lang='lat' dir='ltr'>debere.</span> <span class='ocrx_word' id='word_1_311' title='bbox 1696 757 1812 801; x_wconf 84' lang='lat' dir='ltr'>Sicque</span> 
     </span>
     <span class='ocr_line' id='line_1_64' title="bbox 1059 810 1811 854; baseline 0.003 -12"><span class='ocrx_word' id='word_1_312' title='bbox 1059 820 1117 852; x_wconf 82' lang='lat' dir='ltr'>per</span> <span class='ocrx_word' id='word_1_313' title='bbox 1132 821 1356 854; x_wconf 85' lang='lat' dir='ltr'>quoscumque</span> <span class='ocrx_word' id='word_1_314' title='bbox 1378 810 1500 843; x_wconf 71' lang='lat' dir='ltr'>iudices</span> <span class='ocrx_word' id='word_1_315' title='bbox 1518 816 1548 843; x_wconf 86' lang='lat' dir='ltr'>et</span> <span class='ocrx_word' id='word_1_316' title='bbox 1563 810 1811 850; x_wconf 86' lang='lat' dir='ltr'>commissarios,</span> 
     </span>
     <span class='ocr_line' id='line_1_65' title="bbox 1060 862 1813 908; baseline 0.003 -14"><span class='ocrx_word' id='word_1_317' title='bbox 1060 862 1153 895; x_wconf 87' lang='lat' dir='ltr'>etiam</span> <span class='ocrx_word' id='word_1_318' title='bbox 1176 874 1346 897; x_wconf 85' lang='lat' dir='ltr'>causarum</span> <span class='ocrx_word' id='word_1_319' title='bbox 1364 864 1473 896; x_wconf 85' lang='lat' dir='ltr'>Palatii</span> <span class='ocrx_word' id='word_1_320' title='bbox 1494 864 1667 908; x_wconf 80' lang='lat' dir='ltr'>Apostolici</span> <span class='ocrx_word' id='word_1_321' title='bbox 1689 864 1813 897; x_wconf 87' lang='lat' dir='ltr'>audito—</span> 
     </span>
     <span class='ocr_line' id='line_1_66' title="bbox 1059 918 1810 957; baseline 0.004 -9"><span class='ocrx_word' id='word_1_322' title='bbox 1059 927 1119 954; x_wconf 83' lang='lat' dir='ltr'>res,</span> <span class='ocrx_word' id='word_1_323' title='bbox 1142 928 1179 950; x_wconf 88' lang='lat' dir='ltr'>ac</span> <span class='ocrx_word' id='word_1_324' title='bbox 1198 918 1229 951; x_wconf 79' lang='lat' dir='ltr'>S.</span> <span class='ocrx_word' id='word_1_325' title='bbox 1252 918 1403 951; x_wconf 74' lang='lat' dir='ltr'>Romame</span> <span class='ocrx_word' id='word_1_326' title='bbox 1439 918 1588 951; x_wconf 58' lang='lat' dir='ltr'>Ecclesiaer</span> <span class='ocrx_word' id='word_1_327' title='bbox 1616 918 1810 957; x_wconf 77' lang='lat' dir='ltr'>cardinales,</span> 
     </span>
     <span class='ocr_line' id='line_1_67' title="bbox 1059 971 1814 1015; baseline 0.003 -13"><span class='ocrx_word' id='word_1_328' title='bbox 1059 971 1182 1003; x_wconf 86' lang='lat' dir='ltr'>sublata</span> <span class='ocrx_word' id='word_1_329' title='bbox 1204 971 1289 1004; x_wconf 75' lang='lat' dir='ltr'>ciset</span> <span class='ocrx_word' id='word_1_330' title='bbox 1310 983 1422 1005; x_wconf 77' lang='lat' dir='ltr'>eorum</span> <span class='ocrx_word' id='word_1_331' title='bbox 1444 972 1577 1005; x_wconf 81' lang='lat' dir='ltr'>cuilibet</span> <span class='ocrx_word' id='word_1_332' title='bbox 1597 971 1707 1015; x_wconf 72' lang='lat' dir='ltr'>quavis</span> <span class='ocrx_word' id='word_1_333' title='bbox 1721 972 1814 1005; x_wconf 85' lang='lat' dir='ltr'>aliter</span> 
     </span>
     <span class='ocr_line' id='line_1_68' title="bbox 1059 1025 1812 1070; baseline 0.003 -13"><span class='ocrx_word' id='word_1_334' title='bbox 1059 1025 1221 1058; x_wconf 81' lang='lat' dir='ltr'>iudicandi</span> <span class='ocrx_word' id='word_1_335' title='bbox 1244 1032 1274 1059; x_wconf 83' lang='lat' dir='ltr'>et</span> <span class='ocrx_word' id='word_1_336' title='bbox 1289 1026 1523 1070; x_wconf 85' lang='lat' dir='ltr'>interpretandi</span> <span class='ocrx_word' id='word_1_337' title='bbox 1539 1027 1688 1059; x_wconf 82' lang='lat' dir='ltr'>facultate</span> <span class='ocrx_word' id='word_1_338' title='bbox 1709 1032 1740 1059; x_wconf 88' lang='lat' dir='ltr'>et</span> <span class='ocrx_word' id='word_1_339' title='bbox 1754 1037 1812 1059; x_wconf 87' lang='lat' dir='ltr'>au-</span> 
     </span>
     <span class='ocr_line' id='line_1_69' title="bbox 1058 1079 1812 1124; baseline 0 -13"><span class='ocrx_word' id='word_1_340' title='bbox 1058 1079 1217 1119; x_wconf 83' lang='lat' dir='ltr'>ctoritate,</span> <span class='ocrx_word' id='word_1_341' title='bbox 1241 1080 1376 1113; x_wconf 90' lang='lat' dir='ltr'>iudicari</span> <span class='ocrx_word' id='word_1_342' title='bbox 1398 1080 1528 1120; x_wconf 75' lang='lat' dir='ltr'>debere,</span> <span class='ocrx_word' id='word_1_343' title='bbox 1542 1079 1670 1112; x_wconf 85' lang='lat' dir='ltr'>irritum</span> <span class='ocrx_word' id='word_1_344' title='bbox 1683 1091 1812 1124; x_wconf 80' lang='lat' dir='ltr'>quoque</span> 
     </span>
     <span class='ocr_line' id='line_1_70' title="bbox 1058 1132 1810 1177; baseline 0.001 -12"><span class='ocrx_word' id='word_1_345' title='bbox 1058 1138 1088 1165; x_wconf 88' lang='lat' dir='ltr'>et.</span> <span class='ocrx_word' id='word_1_346' title='bbox 1103 1132 1212 1174; x_wconf 86' lang='lat' dir='ltr'>inane,</span> <span class='ocrx_word' id='word_1_347' title='bbox 1230 1133 1254 1165; x_wconf 89' lang='lat' dir='ltr'>si</span> <span class='ocrx_word' id='word_1_348' title='bbox 1275 1145 1378 1174; x_wconf 88' lang='lat' dir='ltr'>secus,</span> <span class='ocrx_word' id='word_1_349' title='bbox 1399 1134 1571 1177; x_wconf 87' lang='lat' dir='ltr'>superbis,</span> <span class='ocrx_word' id='word_1_350' title='bbox 1594 1145 1611 1166; x_wconf 89' lang='lat' dir='ltr'>a</span> <span class='ocrx_word' id='word_1_351' title='bbox 1632 1145 1810 1177; x_wconf 82' lang='lat' dir='ltr'>quoquam,</span> 
     </span>
     <span class='ocr_line' id='line_1_71' title="bbox 1057 1187 1810 1230; baseline 0.003 -11"><span class='ocrx_word' id='word_1_352' title='bbox 1057 1187 1168 1230; x_wconf 76' lang='lat' dir='ltr'>quavis</span> <span class='ocrx_word' id='word_1_353' title='bbox 1176 1187 1378 1228; x_wconf 83' lang='lat' dir='ltr'>auctoritate,</span> <span class='ocrx_word' id='word_1_354' title='bbox 1398 1187 1537 1221; x_wconf 81' lang='lat' dir='ltr'>scienter</span> <span class='ocrx_word' id='word_1_355' title='bbox 1552 1188 1599 1220; x_wconf 71' lang='lat' dir='ltr'>vel</span> <span class='ocrx_word' id='word_1_356' title='bbox 1612 1187 1810 1230; x_wconf 80' lang='lat' dir='ltr'>ignoranter,</span> 
     </span>
     <span class='ocr_line' id='line_1_72' title="bbox 1058 1241 1407 1284; baseline 0 -11"><span class='ocrx_word' id='word_1_357' title='bbox 1058 1241 1228 1284; x_wconf 77' lang='lat' dir='ltr'>contigerit</span> <span class='ocrx_word' id='word_1_358' title='bbox 1248 1242 1407 1275; x_wconf 87' lang='lat' dir='ltr'>attentari.</span> 
     </span>
    </p>

    <p class='ocr_par' dir='ltr' id='par_1_10' title="bbox 1053 1295 1814 2717">
     <span class='ocr_line' id='line_1_73' title="bbox 1102 1295 1813 1337; baseline 0.001 -9"><span class='ocrx_word' id='word_1_359' title='bbox 1102 1296 1168 1337; x_wconf 62' lang='grc' dir='ltr'>ξῦ.</span> <span class='ocrx_word' id='word_1_360' title='bbox 1205 1295 1363 1334; x_wconf 84' lang='lat' dir='ltr'>Quocirca</span> <span class='ocrx_word' id='word_1_361' title='bbox 1395 1295 1632 1329; x_wconf 85' lang='lat' dir='ltr'>venerabilibus</span> <span class='ocrx_word' id='word_1_362' title='bbox 1662 1296 1813 1329; x_wconf 84' lang='lat' dir='ltr'>fratribus</span> 
     </span>
     <span class='ocr_line' id='line_1_74' title="bbox 1057 1350 1812 1393; baseline 0.003 -12"><span class='ocrx_word' id='word_1_363' title='bbox 1057 1350 1258 1383; x_wconf 70' lang='lat' dir='ltr'>Anici-issensi</span> <span class='ocrx_word' id='word_1_364' title='bbox 1291 1356 1321 1383; x_wconf 86' lang='lat' dir='ltr'>et</span> <span class='ocrx_word' id='word_1_365' title='bbox 1346 1350 1552 1383; x_wconf 80' lang='lat' dir='ltr'>Maceratensi</span> <span class='ocrx_word' id='word_1_366' title='bbox 1574 1350 1733 1393; x_wconf 86' lang='lat' dir='ltr'>episcopis</span> <span class='ocrx_word' id='word_1_367' title='bbox 1747 1377 1754 1390; x_wconf 86' lang='lat'>,</span> <span class='ocrx_word' id='word_1_368' title='bbox 1776 1361 1812 1383; x_wconf 88' lang='lat' dir='ltr'>ac</span> 
     </span>
     <span class='ocr_line' id='line_1_75' title="bbox 1057 1402 1812 1436; baseline 0.001 -1"><span class='ocrx_word' id='word_1_369' title='bbox 1057 1402 1174 1436; x_wconf 87' lang='lat' dir='ltr'>dilecto</span> <span class='ocrx_word' id='word_1_370' title='bbox 1204 1404 1270 1436; x_wconf 86' lang='lat' dir='ltr'>tilio</span> <span class='ocrx_word' id='word_1_371' title='bbox 1302 1403 1416 1436; x_wconf 85' lang='lat' dir='ltr'>Curiae</span> <span class='ocrx_word' id='word_1_372' title='bbox 1451 1413 1623 1436; x_wconf 79' lang='lat' dir='ltr'>causarum</span> <span class='ocrx_word' id='word_1_373' title='bbox 1658 1403 1812 1436; x_wconf 82' lang='lat' dir='ltr'>Gamerae</span> 
     </span>
     <span class='ocr_line' id='line_1_76' title="bbox 1056 1456 1811 1501; baseline 0.001 -11"><span class='ocrx_word' id='word_1_374' title='bbox 1056 1457 1260 1501; x_wconf 76' lang='lat' dir='ltr'>Apostolicao</span> <span class='ocrx_word' id='word_1_375' title='bbox 1280 1457 1422 1501; x_wconf 79' lang='lat' dir='ltr'>generali</span> <span class='ocrx_word' id='word_1_376' title='bbox 1443 1456 1582 1490; x_wconf 87' lang='lat' dir='ltr'>auditori</span> <span class='ocrx_word' id='word_1_377' title='bbox 1602 1483 1609 1497; x_wconf 94' lang='lat'>,</span> <span class='ocrx_word' id='word_1_378' title='bbox 1641 1467 1699 1501; x_wconf 87' lang='lat' dir='ltr'>per</span> <span class='ocrx_word' id='word_1_379' title='bbox 1718 1468 1811 1501; x_wconf 85' lang='lat' dir='ltr'>prae-</span> 
     </span>
     <span class='ocr_line' id='line_1_77' title="bbox 1058 1511 1811 1549; baseline 0 -6"><span class='ocrx_word' id='word_1_380' title='bbox 1058 1516 1174 1549; x_wconf 75' lang='lat' dir='ltr'>sentes,</span> <span class='ocrx_word' id='word_1_381' title='bbox 1202 1517 1291 1544; x_wconf 89' lang='lat' dir='ltr'>motu</span> <span class='ocrx_word' id='word_1_382' title='bbox 1314 1512 1410 1544; x_wconf 87' lang='lat' dir='ltr'>simili</span> <span class='ocrx_word' id='word_1_383' title='bbox 1432 1511 1667 1544; x_wconf 66' lang='lat' dir='ltr'>committimus</span> <span class='ocrx_word' id='word_1_384' title='bbox 1683 1517 1713 1544; x_wconf 91' lang='lat' dir='ltr'>et</span> <span class='ocrx_word' id='word_1_385' title='bbox 1724 1522 1811 1544; x_wconf 87' lang='lat' dir='ltr'>man-</span> 
     </span>
     <span class='ocr_line' id='line_1_78' title="bbox 1057 1565 1814 1609; baseline -0.001 -11"><span class='ocrx_word' id='word_1_386' title='bbox 1057 1566 1170 1598; x_wconf 88' lang='lat' dir='ltr'>damus</span> <span class='ocrx_word' id='word_1_387' title='bbox 1195 1572 1354 1609; x_wconf 87' lang='lat' dir='ltr'>quatenus</span> <span class='ocrx_word' id='word_1_388' title='bbox 1386 1565 1444 1609; x_wconf 88' lang='lat' dir='ltr'>ipsi</span> <span class='ocrx_word' id='word_1_389' title='bbox 1477 1566 1523 1598; x_wconf 86' lang='lat' dir='ltr'>vel</span> <span class='ocrx_word' id='word_1_390' title='bbox 1560 1565 1624 1598; x_wconf 85' lang='lat' dir='ltr'>duo</span> <span class='ocrx_word' id='word_1_391' title='bbox 1644 1570 1699 1598; x_wconf 86' lang='lat' dir='ltr'>aut</span> <span class='ocrx_word' id='word_1_392' title='bbox 1730 1576 1814 1598; x_wconf 87' lang='lat' dir='ltr'>unns</span> 
     </span>
     <span class='ocr_line' id='line_1_79' title="bbox 1057 1618 1812 1663; baseline 0.003 -13"><span class='ocrx_word' id='word_1_393' title='bbox 1057 1631 1183 1659; x_wconf 81' lang='lat' dir='ltr'>eorum,</span> <span class='ocrx_word' id='word_1_394' title='bbox 1207 1631 1264 1663; x_wconf 84' lang='lat' dir='ltr'>per</span> <span class='ocrx_word' id='word_1_395' title='bbox 1284 1631 1315 1652; x_wconf 88' lang='lat' dir='ltr'>se</span> <span class='ocrx_word' id='word_1_396' title='bbox 1335 1620 1381 1652; x_wconf 89' lang='lat' dir='ltr'>vel</span> <span class='ocrx_word' id='word_1_397' title='bbox 1403 1619 1502 1651; x_wconf 90' lang='lat' dir='ltr'>alium</span> <span class='ocrx_word' id='word_1_398' title='bbox 1529 1629 1584 1651; x_wconf 85' lang='lat' dir='ltr'>seu</span> <span class='ocrx_word' id='word_1_399' title='bbox 1612 1618 1703 1659; x_wconf 87' lang='lat' dir='ltr'>alios,</span> <span class='ocrx_word' id='word_1_400' title='bbox 1722 1630 1812 1663; x_wconf 87' lang='lat' dir='ltr'>prae-</span> 
     </span>
     <span class='ocr_line' id='line_1_80' title="bbox 1057 1673 1811 1715; baseline 0 -10"><span class='ocrx_word' id='word_1_401' title='bbox 1057 1679 1162 1706; x_wconf 77' lang='lat' dir='ltr'>sentes</span> <span class='ocrx_word' id='word_1_402' title='bbox 1182 1673 1290 1706; x_wconf 77' lang='lat' dir='ltr'>literas</span> <span class='ocrx_word' id='word_1_403' title='bbox 1303 1679 1333 1706; x_wconf 86' lang='lat' dir='ltr'>et</span> <span class='ocrx_word' id='word_1_404' title='bbox 1355 1673 1385 1705; x_wconf 91' lang='lat' dir='ltr'>in</span> <span class='ocrx_word' id='word_1_405' title='bbox 1407 1673 1452 1706; x_wconf 87' lang='lat' dir='ltr'>eis</span> <span class='ocrx_word' id='word_1_406' title='bbox 1464 1678 1616 1706; x_wconf 86' lang='lat' dir='ltr'>contenta</span> <span class='ocrx_word' id='word_1_407' title='bbox 1633 1683 1811 1715; x_wconf 83' lang='lat' dir='ltr'>quaecum-</span> 
     </span>
     <span class='ocr_line' id='line_1_81' title="bbox 1056 1727 1812 1771; baseline 0 -12"><span class='ocrx_word' id='word_1_408' title='bbox 1056 1739 1118 1771; x_wconf 87' lang='lat' dir='ltr'>que</span> <span class='ocrx_word' id='word_1_409' title='bbox 1137 1756 1144 1769; x_wconf 90' lang='lat'>,</span> <span class='ocrx_word' id='word_1_410' title='bbox 1180 1728 1256 1760; x_wconf 89' lang='lat' dir='ltr'>dum</span> <span class='ocrx_word' id='word_1_411' title='bbox 1287 1733 1317 1761; x_wconf 87' lang='lat' dir='ltr'>et</span> <span class='ocrx_word' id='word_1_412' title='bbox 1342 1727 1472 1771; x_wconf 88' lang='lat' dir='ltr'>quando</span> <span class='ocrx_word' id='word_1_413' title='bbox 1500 1738 1537 1760; x_wconf 88' lang='lat' dir='ltr'>ac</span> <span class='ocrx_word' id='word_1_414' title='bbox 1569 1727 1696 1770; x_wconf 85' lang='lat' dir='ltr'>quoties</span> <span class='ocrx_word' id='word_1_415' title='bbox 1730 1738 1812 1770; x_wconf 86' lang='lat' dir='ltr'>opus</span> 
     </span>
     <span class='ocr_line' id='line_1_82' title="bbox 1057 1780 1809 1825; baseline -0.001 -11"><span class='ocrx_word' id='word_1_416' title='bbox 1057 1782 1149 1815; x_wconf 82' lang='lat' dir='ltr'>tuerit</span> <span class='ocrx_word' id='word_1_417' title='bbox 1171 1809 1177 1821; x_wconf 90' lang='lat'>,</span> <span class='ocrx_word' id='word_1_418' title='bbox 1213 1788 1241 1815; x_wconf 88' lang='lat' dir='ltr'>et</span> <span class='ocrx_word' id='word_1_419' title='bbox 1268 1792 1327 1825; x_wconf 85' lang='lat' dir='ltr'>pro</span> <span class='ocrx_word' id='word_1_420' title='bbox 1353 1786 1443 1825; x_wconf 85' lang='lat' dir='ltr'>parte</span> <span class='ocrx_word' id='word_1_421' title='bbox 1474 1780 1735 1824; x_wconf 75' lang='lat' dir='ltr'>congregationis</span> <span class='ocrx_word' id='word_1_422' title='bbox 1762 1781 1809 1813; x_wconf 89' lang='lat' dir='ltr'>vel</span> 
     </span>
     <span class='ocr_line' id='line_1_83' title="bbox 1056 1834 1810 1869; baseline -0.003 -1"><span class='ocrx_word' id='word_1_423' title='bbox 1056 1836 1143 1869; x_wconf 86' lang='lat' dir='ltr'>illius</span> <span class='ocrx_word' id='word_1_424' title='bbox 1156 1838 1292 1869; x_wconf 83' lang='lat' dir='ltr'>fratrum</span> <span class='ocrx_word' id='word_1_425' title='bbox 1318 1836 1507 1868; x_wconf 85' lang='lat' dir='ltr'>huiusmodi</span> <span class='ocrx_word' id='word_1_426' title='bbox 1528 1840 1584 1867; x_wconf 90' lang='lat' dir='ltr'>aut</span> <span class='ocrx_word' id='word_1_427' title='bbox 1599 1834 1737 1867; x_wconf 85' lang='lat' dir='ltr'>alicuius</span> <span class='ocrx_word' id='word_1_428' title='bbox 1756 1845 1810 1867; x_wconf 90' lang='lat' dir='ltr'>eo-</span> 
     </span>
     <span class='ocr_line' id='line_1_84' title="bbox 1056 1888 1809 1933; baseline -0.004 -10"><span class='ocrx_word' id='word_1_429' title='bbox 1056 1901 1128 1923; x_wconf 89' lang='lat' dir='ltr'>rum</span> <span class='ocrx_word' id='word_1_430' title='bbox 1162 1890 1283 1923; x_wconf 82' lang='lat' dir='ltr'>fuerint</span> <span class='ocrx_word' id='word_1_431' title='bbox 1307 1889 1466 1933; x_wconf 82' lang='lat' dir='ltr'>requisiti,</span> <span class='ocrx_word' id='word_1_432' title='bbox 1489 1888 1677 1922; x_wconf 89' lang='lat' dir='ltr'>solemniter</span> <span class='ocrx_word' id='word_1_433' title='bbox 1703 1888 1809 1931; x_wconf 87' lang='lat' dir='ltr'>publi-</span> 
     </span>
     <span class='ocr_line' id='line_1_85' title="bbox 1056 1941 1810 1988; baseline -0.005 -10"><span class='ocrx_word' id='word_1_434' title='bbox 1056 1950 1177 1986; x_wconf 83' lang='lat' dir='ltr'>cantes,</span> <span class='ocrx_word' id='word_1_435' title='bbox 1200 1944 1322 1988; x_wconf 83' lang='lat' dir='ltr'>eisque⁷</span> <span class='ocrx_word' id='word_1_436' title='bbox 1339 1944 1370 1976; x_wconf 92' lang='lat' dir='ltr'>in</span> <span class='ocrx_word' id='word_1_437' title='bbox 1391 1942 1589 1987; x_wconf 85' lang='lat' dir='ltr'>praemissis,</span> <span class='ocrx_word' id='word_1_438' title='bbox 1604 1941 1742 1974; x_wconf 82' lang='lat' dir='ltr'>efficacis</span> <span class='ocrx_word' id='word_1_439' title='bbox 1754 1943 1810 1975; x_wconf 94' lang='lat' dir='ltr'>de-</span> 
     </span>
     <span class='ocr_line' id='line_1_86' title="bbox 1056 1996 1808 2043; baseline -0.005 -11"><span class='ocrx_word' id='word_1_440' title='bbox 1056 2000 1210 2033; x_wconf 80' lang='lat' dir='ltr'>fensionis</span> <span class='ocrx_word' id='word_1_441' title='bbox 1243 1998 1404 2043; x_wconf 85' lang='lat' dir='ltr'>praesidio</span> <span class='ocrx_word' id='word_1_442' title='bbox 1439 1996 1622 2030; x_wconf 79' lang='lat' dir='ltr'>assistentes</span> <span class='ocrx_word' id='word_1_443' title='bbox 1644 2023 1651 2036; x_wconf 86' lang='lat'>,</span> <span class='ocrx_word' id='word_1_444' title='bbox 1679 1996 1808 2035; x_wconf 83' lang='lat' dir='ltr'>saciant,</span> 
     </span>
     <span class='ocr_line' id='line_1_87' title="bbox 1055 2049 1807 2093; baseline -0.007 -6"><span class='ocrx_word' id='word_1_445' title='bbox 1055 2054 1244 2087; x_wconf 80' lang='lat' dir='ltr'>auctoritate</span> <span class='ocrx_word' id='word_1_446' title='bbox 1256 2058 1374 2093; x_wconf 88' lang='lat' dir='ltr'>nostra,</span> <span class='ocrx_word' id='word_1_447' title='bbox 1392 2062 1446 2085; x_wconf 84' lang='lat' dir='ltr'>eos</span> <span class='ocrx_word' id='word_1_448' title='bbox 1460 2057 1614 2084; x_wconf 87' lang='lat' dir='ltr'>eteorum</span> <span class='ocrx_word' id='word_1_449' title='bbox 1633 2049 1807 2093; x_wconf 87' lang='lat' dir='ltr'>quemlibet</span> 
     </span>
     <span class='ocr_line' id='line_1_88' title="bbox 1055 2104 1808 2152; baseline -0.007 -12"><span class='ocrx_word' id='word_1_450' title='bbox 1055 2107 1148 2141; x_wconf 89' lang='lat' dir='ltr'>dictis</span> <span class='ocrx_word' id='word_1_451' title='bbox 1167 2107 1354 2152; x_wconf 78' lang='lat' dir='ltr'>privilegiis,</span> <span class='ocrx_word' id='word_1_452' title='bbox 1377 2104 1646 2149; x_wconf 81' lang='lat' dir='ltr'>exemptionibus,</span> <span class='ocrx_word' id='word_1_453' title='bbox 1675 2104 1808 2136; x_wconf 80' lang='lat' dir='ltr'>faculta-</span> 
     </span>
     <span class='ocr_line' id='line_1_89' title="bbox 1055 2157 1810 2205; baseline -0.008 -10"><span class='ocrx_word' id='word_1_454' title='bbox 1055 2161 1151 2202; x_wconf 87' lang='lat' dir='ltr'>tibus,</span> <span class='ocrx_word' id='word_1_455' title='bbox 1174 2161 1284 2205; x_wconf 80' lang='lat' dir='ltr'>gratiis</span> <span class='ocrx_word' id='word_1_456' title='bbox 1304 2167 1330 2194; x_wconf 88' lang='lat' dir='ltr'>et</span> <span class='ocrx_word' id='word_1_457' title='bbox 1356 2160 1499 2200; x_wconf 89' lang='lat' dir='ltr'>indultis,</span> <span class='ocrx_word' id='word_1_458' title='bbox 1523 2158 1616 2191; x_wconf 86' lang='lat' dir='ltr'>dietis</span> <span class='ocrx_word' id='word_1_459' title='bbox 1636 2157 1810 2191; x_wconf 88' lang='lat' dir='ltr'>Ordinibus</span> 
     </span>
     <span class='ocr_line' id='line_1_90' title="bbox 1055 2210 1806 2255; baseline -0.011 -6"><span class='ocrx_word' id='word_1_460' title='bbox 1055 2215 1309 2249; x_wconf 83' lang='lat' dir='ltr'>Mendicantibus</span> <span class='ocrx_word' id='word_1_461' title='bbox 1330 2213 1504 2252; x_wconf 83' lang='lat' dir='ltr'>concessis,</span> <span class='ocrx_word' id='word_1_462' title='bbox 1535 2210 1670 2255; x_wconf 82' lang='lat' dir='ltr'>pacifice</span> <span class='ocrx_word' id='word_1_463' title='bbox 1692 2210 1753 2242; x_wconf 83' lang='lat' dir='ltr'>frui</span> <span class='ocrx_word' id='word_1_464' title='bbox 1780 2216 1806 2243; x_wconf 82' lang='lat' dir='ltr'>et</span> 
     </span>
     <span class='ocr_line' id='line_1_91' title="bbox 1055 2264 1807 2313; baseline -0.011 -10"><span class='ocrx_word' id='word_1_465' title='bbox 1055 2270 1208 2313; x_wconf 75' lang='lat' dir='ltr'>gaudere,</span> <span class='ocrx_word' id='word_1_466' title='bbox 1230 2281 1267 2302; x_wconf 88' lang='lat' dir='ltr'>ac</span> <span class='ocrx_word' id='word_1_467' title='bbox 1293 2273 1477 2313; x_wconf 85' lang='lat' dir='ltr'>praesentes</span> <span class='ocrx_word' id='word_1_468' title='bbox 1496 2266 1605 2299; x_wconf 87' lang='lat' dir='ltr'>literas</span> <span class='ocrx_word' id='word_1_469' title='bbox 1632 2264 1807 2303; x_wconf 84' lang='lat' dir='ltr'>observari,</span> 
     </span>
     <span class='ocr_line' id='line_1_92' title="bbox 1054 2322 1809 2369; baseline -0.009 -12"><span class='ocrx_word' id='word_1_470' title='bbox 1054 2335 1118 2357; x_wconf 90' lang='lat' dir='ltr'>non</span> <span class='ocrx_word' id='word_1_471' title='bbox 1127 2324 1409 2369; x_wconf 82' lang='lat' dir='ltr'>permittenteseos</span> <span class='ocrx_word' id='word_1_472' title='bbox 1421 2322 1560 2364; x_wconf 84' lang='lat' dir='ltr'>desuper</span> <span class='ocrx_word' id='word_1_473' title='bbox 1573 2328 1793 2363; x_wconf 87' lang='lat' dir='ltr'>perquoscum</span> <span class='ocrx_word' id='word_1_474' title='bbox 1802 2338 1809 2342; x_wconf 95' lang='lat'>-</span> 
     </span>
     <span class='ocr_line' id='line_1_93' title="bbox 1054 2372 1808 2423; baseline -0.009 -12"><span class='ocrx_word' id='word_1_475' title='bbox 1054 2390 1117 2422; x_wconf 88' lang='lat' dir='ltr'>que</span> <span class='ocrx_word' id='word_1_476' title='bbox 1137 2377 1382 2423; x_wconf 88' lang='lat' dir='ltr'>quomodolibet</span> <span class='ocrx_word' id='word_1_477' title='bbox 1408 2373 1570 2409; x_wconf 87' lang='lat' dir='ltr'>molestari</span> <span class='ocrx_word' id='word_1_478' title='bbox 1588 2400 1595 2413; x_wconf 91' lang='lat'>,</span> <span class='ocrx_word' id='word_1_479' title='bbox 1623 2372 1808 2417; x_wconf 86' lang='lat' dir='ltr'>perturbari</span> 
     </span>
     <span class='ocr_line' id='line_1_94' title="bbox 1054 2426 1806 2476; baseline -0.012 -10"><span class='ocrx_word' id='word_1_480' title='bbox 1054 2439 1109 2466; x_wconf 86' lang='lat' dir='ltr'>aut</span> <span class='ocrx_word' id='word_1_481' title='bbox 1130 2432 1313 2476; x_wconf 88' lang='lat' dir='ltr'>inquietari,</span> <span class='ocrx_word' id='word_1_482' title='bbox 1332 2429 1587 2464; x_wconf 82' lang='lat' dir='ltr'>contradictores</span> <span class='ocrx_word' id='word_1_483' title='bbox 1601 2426 1762 2471; x_wconf 85' lang='lat' dir='ltr'>quoslihet</span> <span class='ocrx_word' id='word_1_484' title='bbox 1778 2431 1806 2458; x_wconf 86' lang='lat' dir='ltr'>et</span> 
     </span>
     <span class='ocr_line' id='line_1_95' title="bbox 1054 2476 1806 2526; baseline -0.011 -11"><span class='ocrx_word' id='word_1_485' title='bbox 1054 2482 1202 2521; x_wconf 85' lang='lat' dir='ltr'>rebelles,</span> <span class='ocrx_word' id='word_1_486' title='bbox 1225 2493 1283 2526; x_wconf 74' lang='lat' dir='ltr'>per</span> <span class='ocrx_word' id='word_1_487' title='bbox 1308 2490 1461 2513; x_wconf 85' lang='lat' dir='ltr'>censuras</span> <span class='ocrx_word' id='word_1_488' title='bbox 1486 2476 1728 2516; x_wconf 84' lang='lat' dir='ltr'>ecclesiasticas,</span> <span class='ocrx_word' id='word_1_489' title='bbox 1749 2486 1806 2519; x_wconf 89' lang='lat' dir='ltr'>ap-</span> 
     </span>
     <span class='ocr_line' id='line_1_96' title="bbox 1054 2525 1806 2575; baseline -0.011 -10"><span class='ocrx_word' id='word_1_490' title='bbox 1054 2532 1226 2575; x_wconf 74' lang='lat' dir='ltr'>pellatione</span> <span class='ocrx_word' id='word_1_491' title='bbox 1248 2529 1435 2574; x_wconf 76' lang='lat' dir='ltr'>postposita,</span> <span class='ocrx_word' id='word_1_492' title='bbox 1449 2526 1696 2570; x_wconf 85' lang='lat' dir='ltr'>compescendo,</span> <span class='ocrx_word' id='word_1_493' title='bbox 1709 2525 1806 2569; x_wconf 87' lang='lat' dir='ltr'>ipsas-</span> 
     </span>
     <span class='ocr_line' id='line_1_97' title="bbox 1053 2575 1805 2624; baseline -0.012 -10"><span class='ocrx_word' id='word_1_494' title='bbox 1053 2592 1115 2624; x_wconf 88' lang='lat' dir='ltr'>que</span> <span class='ocrx_word' id='word_1_495' title='bbox 1141 2591 1305 2621; x_wconf 84' lang='lat' dir='ltr'>censuras,</span> <span class='ocrx_word' id='word_1_496' title='bbox 1333 2579 1427 2612; x_wconf 82' lang='lat' dir='ltr'>etiam</span> <span class='ocrx_word' id='word_1_497' title='bbox 1452 2577 1575 2611; x_wconf 87' lang='lat' dir='ltr'>iteratis</span> <span class='ocrx_word' id='word_1_498' title='bbox 1604 2575 1726 2609; x_wconf 80' lang='lat' dir='ltr'>vicibus</span> <span class='ocrx_word' id='word_1_499' title='bbox 1751 2584 1805 2616; x_wconf 80' lang='lat' dir='ltr'>ag-</span> 
     </span>
     <span class='ocr_line' id='line_1_98' title="bbox 1053 2623 1807 2673; baseline -0.013 -9"><span class='ocrx_word' id='word_1_500' title='bbox 1053 2631 1224 2673; x_wconf 72' lang='lat' dir='ltr'>gravando,</span> <span class='ocrx_word' id='word_1_501' title='bbox 1250 2630 1395 2662; x_wconf 67' lang='lat' dir='ltr'>invocato</span> <span class='ocrx_word' id='word_1_502' title='bbox 1417 2627 1512 2659; x_wconf 87' lang='lat' dir='ltr'>etiam</span> <span class='ocrx_word' id='word_1_503' title='bbox 1529 2626 1568 2659; x_wconf 86' lang='lat' dir='ltr'>ad</span> <span class='ocrx_word' id='word_1_504' title='bbox 1586 2625 1659 2661; x_wconf 78' lang='lat' dir='ltr'>boe,</span> <span class='ocrx_word' id='word_1_505' title='bbox 1681 2623 1703 2655; x_wconf 86' lang='lat' dir='ltr'>si</span> <span class='ocrx_word' id='word_1_506' title='bbox 1725 2633 1807 2666; x_wconf 87' lang='lat' dir='ltr'>opus</span> 
     </span>
     <span class='ocr_line' id='line_1_99' title="bbox 1055 2675 1652 2717; baseline -0.01 -4"><span class='ocrx_word' id='word_1_507' title='bbox 1055 2680 1161 2717; x_wconf 77' lang='lat' dir='ltr'>suerit,</span> <span class='ocrx_word' id='word_1_508' title='bbox 1184 2679 1302 2712; x_wconf 78' lang='lat' dir='ltr'>auxilio</span> <span class='ocrx_word' id='word_1_509' title='bbox 1324 2677 1446 2711; x_wconf 82' lang='lat' dir='ltr'>brachii</span> <span class='ocrx_word' id='word_1_510' title='bbox 1467 2675 1652 2709; x_wconf 84' lang='lat' dir='ltr'>saecularis.</span> 
     </span>
    </p>
   </div>
   <div class='ocr_carea' id='block_1_8' title="bbox 1832 264 2013 291">
    <p class='ocr_par' dir='ltr' id='par_1_11' title="bbox 1832 264 2013 291">
     <span class='ocr_line' id='line_1_100' title="bbox 1832 264 2013 291; baseline 0 0"><span class='ocrx_word' id='word_1_511' title='bbox 1832 265 1878 291; x_wconf 74' lang='lat' dir='ltr'>An.</span> <span class='ocrx_word' id='word_1_512' title='bbox 1898 264 1925 290; x_wconf 91' lang='lat' dir='ltr'>C.</span> <span class='ocrx_word' id='word_1_513' title='bbox 1945 264 2013 291; x_wconf 73' lang='lat'><strong>¹56⁷</strong></span> 
     </span>
    </p>
   </div>
   <div class='ocr_carea' id='block_1_9' title="bbox 1828 1294 2012 1384">
    <p class='ocr_par' dir='ltr' id='par_1_12' title="bbox 1828 1294 2012 1384">
     <span class='ocr_line' id='line_1_101' title="bbox 1875 1294 2012 1315; baseline 0 0"><span class='ocrx_word' id='word_1_514' title='bbox 1875 1294 1966 1315; x_wconf 71' lang='lat' dir='ltr'>iudicum</span> <span class='ocrx_word' id='word_1_515' title='bbox 1990 1298 2012 1315; x_wconf 74' lang='lat' dir='ltr'>et</span> 
     </span>
     <span class='ocr_line' id='line_1_102' title="bbox 1828 1327 2010 1348; baseline -0.011 0"><span class='ocrx_word' id='word_1_516' title='bbox 1828 1330 1965 1348; x_wconf 77' lang='lat' dir='ltr'>executurum</span> <span class='ocrx_word' id='word_1_517' title='bbox 1975 1327 2010 1347; x_wconf 70' lang='lat' dir='ltr'>de-</span> 
     </span>
     <span class='ocr_line' id='line_1_103' title="bbox 1829 1359 1920 1384; baseline 0.011 -7"><span class='ocrx_word' id='word_1_518' title='bbox 1829 1359 1920 1384; x_wconf 62' lang='lat' dir='ltr'>putatia.</span> 
     </span>
    </p>
   </div>
  </div>
 </body>
</html>
