2237 3100
252 255 301 282 An.
319 256 346 283 C.
369 254 435 282 ¹567

493 244 559 279 554

447 307 598 340 idoneum
621 317 687 340 csse
709 305 873 350 reperiret,
890 303 1067 337 clausulam
1080 301 1091 323 ¹
1105 311 1197 345 prae-

447 361 576 401 dictam,
600 371 658 404 per
677 358 923 401 resignationem
949 355 1095 388 eamdem
1120 360 1197 388 tunc

447 419 627 453 vacantem,
651 417 679 445 et
701 417 792 444 antea
818 408 1018 454 dispositioni
1048 407 1198 452 apostoli-

448 479 503 501 cae
524 471 714 499 reservatam
729 492 736 502 ,
758 464 880 497 etiamsi
910 463 963 495 illa
989 462 1068 495 alias
1087 462 1198 505 quovis

449 522 554 559 inodo,
580 525 635 552 aut
658 529 696 552 ex
720 517 852 551 alterius
868 516 1103 559 cuiuscumque
1127 526 1199 560 per-

448 585 525 607 sona
554 578 696 611 vacaret,
719 583 794 605 cuni
819 571 881 604 illis
906 571 1014 603 forsan
1044 569 1196 607 annexis,

448 639 484 660 ac
511 627 661 660 omnibus
691 625 816 659 iuribus
841 630 872 658 et
896 623 1098 668 pertinentiis
1122 624 1198 663 suis,

449 681 610 725 praedicto
626 680 686 719 Io.,
709 679 969 723 quibuscumque
987 677 1057 711 aliis
1072 688 1140 711 sese
1160 678 1199 710 ad

449 745 581 767 examen
602 734 803 778 praedictum
830 737 860 765 et
876 743 934 776 per
955 737 1103 765 mutuum
1126 742 1200 765 con-

449 798 581 821 cursum
602 786 736 825 admitti,
758 792 788 819 et
812 785 871 819 sibi
896 786 935 819 de
957 785 1041 819 dicta
1065 785 1200 819 ecclesia

449 841 609 886 provideri
626 840 808 884 petentibus
819 839 946 883 penitus
956 839 1104 879 exclusis,
1120 839 1201 872 intra

451 895 578 939 triginta
594 895 661 928 dies
677 899 845 938 postquam
862 894 964 927 dictae
984 893 1095 926 literae
1112 903 1202 937 prae—

450 954 590 983 sentatae
620 947 750 986 fuerint,
781 947 970 980 auctoritate
995 952 1103 979 nostra
1124 957 1200 979 con-

451 1004 546 1036 ferret
568 1007 598 1035 et
617 1002 803 1045 assignaret,
826 1006 922 1044 prout
943 1000 975 1033 in
991 1000 1083 1033 dictis
1102 999 1203 1033 literis

452 1056 578 1101 plenius
607 1055 801 1089 continetur.
827 1054 984 1094 Quocirca
1013 1052 1202 1086 fraternitati

452 1116 524 1143 tuae
544 1114 600 1143 etc.
625 1109 814 1142 mandamus
829 1114 875 1149 ut,
908 1107 933 1141 si
958 1107 1062 1140 dictus
1082 1107 1203 1151 episco-

451 1175 512 1208 pus
540 1163 685 1196 eamdem
717 1161 887 1195 ecclesiam
913 1161 996 1194 intra
1022 1161 1204 1206 praedictos

453 1217 581 1261 triginta
609 1217 677 1250 dies
706 1216 766 1260 ipsi
804 1216 847 1249 lo.
876 1226 940 1249 non
970 1215 1143 1248 contulerit
1175 1219 1205 1247 ct

452 1270 668 1315 assignaverit,
679 1276 726 1311 tu,
744 1269 807 1302 illis
822 1270 950 1313 elapsis,
964 1273 1133 1313 postquam
1149 1268 1204 1301 tibi

453 1324 629 1358 constiterit
649 1323 735 1368 quod
751 1324 856 1358 dictus
875 1323 927 1363 N„
950 1323 974 1355 si
994 1323 1026 1356 in
1047 1322 1145 1355 sacris
1157 1333 1205 1355 or-

453 1378 581 1411 dinibus
601 1377 794 1411 constitutus
818 1376 928 1417 extitit,
956 1376 1085 1409 aliunde
1116 1386 1205 1409 com-

453 1432 546 1465 mode
555 1432 658 1465 vivere
670 1430 779 1475 possit,
792 1435 825 1463 nt
840 1430 1030 1475 praefertur,
1039 1440 1075 1462 ac
1086 1440 1144 1473 per
1159 1440 1206 1462 so-

453 1488 565 1521 lertem
576 1485 857 1521 examinationem,
870 1490 937 1525 ate,
950 1484 1043 1517 etiam
1056 1484 1207 1518 adhibitis

455 1541 555 1574 tribus
575 1541 621 1573 vel
647 1539 796 1585 pluribus
819 1539 888 1571 aliis
914 1538 1025 1583 probis
1045 1544 1075 1571 et
1096 1539 1207 1583 peritis

452 1594 538 1635 viris,
550 1604 646 1638 quani
658 1594 799 1638 primum
810 1592 1207 1637 faciendam,praedictum

452 1648 496 1681 lo.
528 1648 681 1681 idoneum
710 1658 777 1681 esse
802 1646 981 1691 repereris,
1008 1658 1106 1691 super
1143 1657 1208 1690 quo

455 1708 542 1736 tuam
560 1703 788 1736 conscientiam
810 1712 996 1742 oneramus,
1012 1701 1207 1746 praedictam

456 1756 624 1790 ecclesiam
642 1767 716 1789 cum
737 1755 868 1789 annexis
888 1766 924 1788 ac
946 1755 1070 1788 iuribus
1086 1761 1116 1787 et
1136 1765 1209 1800 per-

457 1805 600 1839 tinentiis
611 1806 801 1849 supradictis
817 1805 1209 1848 eidemlo.,sp·1ibuscum—

456 1867 518 1898 que
534 1855 603 1888 aliis
619 1855 803 1888 huiusmodi
825 1854 1094 1887 concurrentibus
1119 1864 1209 1899 pror-

457 1917 510 1939 sus
537 1905 691 1945 exclusis,
724 1904 806 1937 dicta
837 1903 1026 1936 auctoritate
1063 1903 1209 1935 conferre

457 1961 486 1988 et
507 1955 544 1989 de
563 1955 617 1988 illa
632 1955 728 1987 etiam
743 1952 911 1998 providere
930 1963 1096 1996 procures,
1118 1952 1210 1985 indu-

457 2015 544 2045 cenS,
563 2016 620 2048 per
636 2009 666 2037 te
685 2004 731 2036 vel
749 2003 846 2035 alium
867 2013 921 2035 seu
938 2002 1027 2043 alios,
1045 2003 1150 2046 ipsum
1161 2002 1206 2035 lo.

458 2055 503 2087 vel
525 2059 771 2099 procuratorem
801 2063 896 2085 suum
928 2052 997 2085 eius
1022 2052 1153 2086 nomine
1178 2052 1209 2085 in

458 2103 660 2147 corporalem
701 2102 935 2146 possessionem
979 2101 1133 2146 ecclesiae
1173 2112 1209 2135 ac

458 2163 657 2186 annexorum
674 2151 794 2185 iurium
806 2156 834 2184 et
847 2150 1113 2194 pertinentiarum
1130 2161 1211 2195 prte-

457 2202 629 2241 dictarum,
650 2206 680 2234 et.
700 2200 874 2234 defendens
899 2199 1080 2241 inductum,
1102 2204 1210 2232 amoto

458 2252 570 2285 exinde
596 2250 738 2295 quolibet
765 2249 946 2289 detentore,
968 2260 1004 2282 ac
1024 2249 1144 2282 faciens
1165 2249 1210 2282 illi

458 2303 496 2334 de
517 2300 670 2334 ecclesiae
681 2311 717 2332 ac
733 2309 932 2332 annexorum
943 2299 1132 2332 corumdem
1143 2299 1209 2332 sru-

459 2351 582 2389 «nibus,
607 2349 807 2389 redditibus,
835 2349 1063 2392 proventibus,
1086 2348 1211 2382 iuribus

460 2405 490 2431 et
514 2400 552 2432 de
572 2394 818 2432 obventionibus
842 2397 997 2431 universis
1017 2397 1139 2441 integre
1159 2409 1211 2431 re-

459 2448 626 2491 sponderi3
645 2448 896 2481 contradictores
915 2451 972 2480 etc.
990 2447 1059 2480 Non
1082 2448 1211 2481 obstan-

461 2498 544 2530 tibus
565 2498 715 2530 omnibus
732 2508 814 2540 quae
832 2497 863 2529 in
879 2496 972 2530 dictis
986 2497 1087 2530 literis
1106 2498 1211 2531 volui-

462 2558 533 2581 mus
549 2557 614 2580 non
635 2547 774 2589 obstare,
793 2552 847 2580 aut
867 2546 892 2579 si
910 2557 968 2590 pro
989 2552 1134 2591 tempore
1150 2548 1213 2581 exi-

461 2596 554 2630 stenti
571 2596 721 2641 episcopo
736 2596 773 2630 N.
791 2597 839 2630 vel
850 2595 1014 2640 quibusvis
1031 2596 1110 2638 aliis,
1123 2607 1212 2630 com-

500 2661 509 2686 1
534 2659 594 2695 Leg.
612 2659 680 2687 forte
703 2661 835 2686 ecclesiam
854 2659 891 2695 (n.
913 2659 962 2694 Ti).

1042 247 1222 272 BULLARIUM
1245 245 1396 270 ROMANUM

1238 298 1379 332 muniter
1394 297 1442 330 vel
1457 296 1591 338 divisim,
1612 296 1652 330 ab
1668 296 1850 340 Apostolica
1862 295 1900 328 sit
1911 294 1993 329 Sede

1240 352 1401 387 indultum
1437 351 1524 394 quod
1561 350 1729 390 interdici,
1758 349 1911 394 suspendi
1944 349 1993 382 vel

1240 404 1513 439 excommunicari
1529 414 1594 437 non
1609 403 1710 448 possit
1724 413 1782 446 per
1792 403 1902 436 literas
1918 414 1994 447 apo-

1240 459 1367 492 stolicas
1387 469 1452 491 non
1477 457 1629 491 facientes
1657 457 1785 500 plenam
1812 462 1843 490 et
1863 467 1994 502 expres-

1241 524 1307 546 sam
1339 523 1376 545 ac
1396 513 1434 545 de
1461 512 1558 545 verbo
1583 510 1623 544 ad
1645 511 1780 544 verbum
1805 510 1843 544 de
1868 510 1994 544 indulto

1241 566 1426 599 huiusmodi
1461 565 1670 599 mentionem.
1705 563 1854 598 Ceterum
1885 568 1919 597 tu
1951 569 1996 597 at-

1241 625 1327 653 tente
1352 620 1422 653 istic
1447 618 1689 662 circumspicias
1717 628 1758 651 an
1784 628 1821 651 ex
1841 622 1932 661 parte
1955 618 1993 652 N.

1242 679 1272 707 et
1298 675 1319 707 Ι.
1348 673 1600 718 praedictorum,
1624 672 1828 717 supradictae
1852 671 1996 715 resigna-

1243 727 1320 761 tioni
1340 728 1364 768 Ι,
1384 733 1419 760 ut
1434 728 1537 767 tieret,
1559 725 1774 760 intercesserit
1784 725 1940 759 simoniae
1950 725 1997 758 la-

1243 782 1298 815 bes
1318 787 1372 815 aut
1392 781 1453 814 alia
1475 780 1586 814 illicita
1606 780 1711 825 pactio
1731 780 1780 814 vel
1799 780 1862 813 alia
1882 789 1997 813 corru-

1243 836 1339 880 ptela.
1357 836 1426 868 Dat.
1449 839 1506 869 etc.

1330 890 1365 922 In
1395 889 1509 923 ceteris
1532 898 1607 921 vero
1635 886 1802 921 beneficiis
1826 886 1999 932 praedictis

1244 954 1301 988 per
1321 943 1457 977 similem
1470 942 1720 986 resignationem
1741 941 1942 983 vacantibus,
1964 946 2000 975 ut

1245 1007 1354 1041 supra.
1377 996 1558 1030 Venerabili
1582 995 1828 1039 archiepiscopo
1847 995 1885 1028 N.
1912 995 1999 1028 salu-

1245 1056 1318 1083 tem.
1342 1051 1443 1083 Hodie
1460 1061 1535 1083 cum
1556 1050 1692 1083 dilectus
1713 1048 1800 1082 silius
1824 1049 1873 1089 F„
1895 1059 2000 1094 nuper

1245 1104 1420 1138 canonicus
1436 1105 1468 1137 B.
1478 1131 1485 1145 ‚
1500 1103 1726 1137 canonicatum
1741 1108 1771 1136 et
1782 1102 1999 1146 praebendam

1246 1158 1400 1191 ccclesiae
1436 1158 1485 1198 B„
1517 1167 1598 1201 quos
1628 1162 1704 1190 tunc
1729 1156 1911 1197 obtinebat,
1942 1166 2001 1201 per

1247 1218 1370 1245 certum
1384 1216 1630 1256 procuratorem
1646 1220 1741 1243 suum
1757 1214 1829 1250 ecc„
1842 1214 1998 1254 utsupra,

1247 1265 1448 1298 duxissemus
1467 1264 1711 1304 admittendam,
1723 1262 1898 1297 venerabili
1910 1263 2001 1296 fratri

1247 1324 1355 1352 nostro
1376 1319 1528 1364 episcopo
1552 1319 1588 1352 N.
1613 1329 1671 1362 per
1689 1317 1768 1350 alias
1787 1321 1912 1350 nostras
1931 1317 2002 1351 lite-

1248 1384 1299 1406 ras
1319 1373 1466 1406 dedimus
1486 1373 1519 1406 in
1538 1372 1697 1406 mandatis
1713 1377 1760 1412 ut,
1783 1371 1807 1404 si
1829 1371 1858 1405 ei
1878 1375 2002 1405 consta-

1249 1432 1293 1460 ret
1311 1426 1397 1470 quod
1417 1425 1522 1459 dictus
1547 1426 1596 1467 l‹'.‚
1619 1425 1643 1459 si
1665 1425 1697 1458 in
1719 1424 1818 1458 sacris
1834 1424 2003 1458 ordinibus

1250 1480 1441 1514 constitutus
1461 1485 1554 1520 esset,
1566 1480 1697 1513 aliunde
1709 1479 1878 1512 commode
1898 1478 2002 1512 vivere

1249 1539 1366 1578 posset,
1390 1545 1426 1567 ac
1446 1544 1505 1578 per
1524 1533 1709 1576 diligentem
1731 1532 2001 1567 examinationem

1249 1587 1403 1621 dilectum
1424 1587 1527 1621 filium
1554 1588 1599 1620 10.
1630 1586 1786 1620 clericum
1813 1586 1851 1621 N.
1877 1586 2004 1621 dioece-

1250 1642 1291 1675 sis
1317 1641 1356 1675 ad
1376 1642 1407 1674 id
1427 1641 1580 1675 idoneum
1606 1651 1674 1675 esse
1703 1640 1873 1685 reperiret,
1905 1652 2003 1676 cano-

1250 1696 1391 1729 nicatum
1409 1701 1440 1729 et
1454 1695 1673 1740 praebendam
1690 1695 1863 1739 praefatos,
1881 1706 1940 1740 per
1955 1707 2004 1729 re-

1251 1750 1462 1793 signationem
1491 1750 1636 1783 eamdem
1664 1754 1741 1782 tunc
1769 1754 1938 1791 vacantes,
1975 1756 2005 1785 et

1250 1809 1344 1837 antea
1372 1803 1567 1848 apostolicae
1588 1802 1788 1847 dispositioni
1812 1809 2001 1846 reservatos,

1252 1853 1348 1885 etiam
1374 1853 1398 1885 si
1428 1852 1472 1885 illi
1494 1853 1556 1886 alio
1572 1853 1685 1897 quovis
1714 1852 1810 1886 modo
1830 1857 1886 1886 aut
1905 1864 1941 1887 ex
1961 1855 2006 1888 al-

1251 1902 1351 1935 terins
1363 1902 1599 1946 cuiuscumque
1610 1912 1746 1945 persona
1754 1907 1916 1946 vacarent,
1930 1914 2005 1938 cum

1252 1951 1314 1984 illis
1335 1951 1441 1984 forsan
1469 1950 1611 1991 annexis,
1639 1956 1669 1984 et
1696 1950 1898 1996 plenitudine
1926 1952 2006 1987 iuris

1252 2000 1416 2040 canonici,
1447 2005 1477 2033 et
1508 1999 1658 2034 omnibus
1690 2000 1815 2034 iuribus
1849 2006 1880 2035 et
1905 2001 2005 2046 perti-

1252 2049 1371 2084 nentiis
1391 2050 1468 2090 suis,
1500 2050 1666 2094 praedicto
1694 2050 1754 2091 Io.‚
1773 2050 1858 2084 intra
1877 2051 2006 2095 triginta

1252 2099 1320 2132 dies
1335 2104 1506 2143 postquam
1522 2099 1626 2132 dictae
1646 2099 1759 2133 literae
1770 2099 1942 2143 deputatae
1961 2101 2006 2135 fo-

1252 2154 1336 2189 rent,
1366 2148 1556 2183 auctoritate
1580 2153 1689 2182 nostra
1710 2149 1872 2183 conferret
1903 2154 1935 2183 et
1958 2161 2006 2183 as-

1252 2200 1409 2243 signaret,
1444 2203 1542 2243 prout
1569 2198 1601 2231 in
1630 2199 1721 2233 dictis
1747 2198 1850 2232 literis
1878 2199 2006 2244 plenius

1253 2249 1447 2282 continetur.
1471 2248 1630 2287 Quocirca
1650 2247 1839 2282 fraternitati
1856 2253 1929 2282 tuae
1944 2253 2002 2282 etc.

1254 2298 1444 2331 mandamus
1466 2302 1512 2339 ut,
1526 2297 1551 2331 si
1567 2298 1672 2332 dictus
1686 2298 1858 2342 episcopus
1875 2299 2005 2333 eosdem

1254 2348 1480 2382 canonicatum
1501 2353 1532 2381 et
1551 2348 1769 2392 praebendam
1802 2348 1885 2381 intra
1910 2359 2004 2393 prae-

1253 2397 1353 2430 dictos
1372 2397 1501 2440 triginta
1521 2397 1589 2430 dies
1608 2397 1667 2441 ipsi
1685 2398 1729 2431 Io.
1748 2407 1814 2431 non
1834 2397 2006 2431 contulerit

1254 2452 1284 2480 et
1304 2446 1520 2490 assignaverit,
1537 2451 1581 2487 tu,
1602 2446 1664 2480 illis
1683 2446 1811 2490 elapsis,
1833 2451 2004 2490 postquam

1253 2496 1310 2530 tibi
1331 2495 1507 2529 constiterit
1527 2496 1614 2539 quod
1630 2495 1736 2529 dictus
1750 2495 1798 2535 F.‚
1816 2494 1841 2528 si
1858 2495 1890 2528 in
1905 2495 2005 2529 sacris

1254 2546 1422 2580 ordinibus
1445 2545 1638 2579 constitutus
1667 2545 1725 2587 sit,
1760 2543 1890 2578 aliunde
1915 2555 2004 2579 com-

1254 2597 1348 2630 mode
1366 2596 1471 2630 vivere
1489 2595 1601 2640 possit,
1622 2600 1658 2628 ut
1684 2595 1876 2638 praefertur,
1899 2600 1930 2629 et
1948 2605 2006 2640 per

1291 2661 1301 2686 ¹
1324 2660 1405 2688 Forte
1422 2667 1504 2694 supe-r
1518 2661 1587 2686 dicta
1604 2659 1786 2691 resignatione
1803 2656 1841 2694 (ιι.
1863 2657 1913 2693 ππ).

2006 240 2056 268 An.
2072 238 2104 267 c.
2123 238 2190 268 ¹⁸6⁷

2042 911 2119 935 sextae
2126 928 2132 938 ,
