2237 3100
178 227 227 255 Λῐι,
245 226 274 254 G.
293 225 360 254 ¹568

210 1353 318 1373 Ιίιοιῐιιιιῡ
308 1357 359 1372 osne

185 1388 233 1411 quo
255 1389 280 1402 no
284 1389 296 1402 ιι
322 1387 369 1402 s-er

186 1421 210 1434 vu
199 1418 232 1433 nat
247 1413 313 1433 {Mirmx

186 1447 213 1465 ιιι
230 1445 314 1465 ειιιιςιιιι
338 1443 370 1463 ιι-

186 1476 314 1499 θιηεμιιιιιιιε
322 1480 369 1495 esc

187 1510 209 1527 et
225 1507 371 1526 ιιιὶιιιι-ἰιιιιιιο5

188 1537 371 1565 ῐιιιιιιιιιιῡποηιιῃ

205 2467 374 2495 fficiausulast
351 2468 388 2487 dc-

207 2500 323 2525 rogatorias
355 2504 389 2525 ap-

207 2531 275 2559 pontu

419 216 483 251 7024

375 280 541 312 decretum
561 278 772 323 praedictum,
795 278 832 309 de
862 275 986 309 clericis
1014 284 1122 307 saecu-

376 332 498 365 laribus
526 333 671 375 loquens,
691 331 729 363 ad
763 339 876 362 omncs
903 334 930 361 et
966 327 1121 370 singulos,

377 385 471 418 etiam
497 385 731 427 cuiuscumque
751 381 878 415 Ordinis
904 380 1038 413 clericos
1071 390 1122 413 re—

377 438 505 482 ligiosos
516 438 577 471 sive
589 437 769 475 sseculares,
786 445 873 468 more
890 433 1124 476 religiosorum,

379 492 514 524 viventes
534 491 565 523 in
586 488 760 529 οοιιιιιιιιηι,
781 499 845 521 non
870 488 1041 531 professos,
1067 488 1124 520 ha-

379 556 450 578 ium
479 544 559 577 seiie
583 541 785 575 extendimus
804 546 832 574 et
862 540 1066 584 ampliamus
1089 551 1125 573 ac

380 597 536 640 teligiosis
555 602 585 630 et
605 596 674 629 aliis
690 595 861 639 praedictis
876 606 941 628 non
961 594 1124 639 Ῑιιόιο55ἰ5,

380 652 414 680 ιιι
432 646 471 679 ad
504 656 611 678 sacros
631 645 759 678 ordines
779 643 973 687 promoxeri3
999 653 1126 676 necnon

379 699 528 732 omnihus
547 704 575 731 et
597 698 730 741 singulis
758 697 993 730 xeneiabilihus
1021 696 1127 729 statii-

380 754 439 785 hus
457 751 574 785 nostris
594 750 797 795 patriarchis,
819 750 1070 794 archiepiscopis
1098 755 1126 782 et

380 805 548 849 episcopis,
564 805 697 848 gratiam
719 810 747 837 et
760 804 1023 837 communionem
1040 803 1129 837 Sedis

380 859 581 903 Apostolieac
602 858 806 899 habentibus,
829 863 863 890 ut
895 857 1024 890 ordines
1044 858 1130 901 ipsos

381 912 564 945 huiusmodi
584 911 741 954 religiosis
766 911 910 955 personis
929 911 1128 955 impendere,

381 965 441 998 nisi
473 965 637 998 observata
656 964 758 997 forma
791 964 866 997 dicti
891 964 1022 1003 decreti,
1059 975 1128 1005 nos,

381 1018 495 1051 virtute
525 1024 652 1051 sanctae
685 1017 899 1055 obedientiae,
923 1023 951 1050 et
973 1018 1031 1050 sub
1052 1017 1132 1050 indi-

381 1071 540 1114 gnationis
573 1076 700 1105 nostrae
722 1082 835 1115 poena,
856 1071 1079 1104 interdicimus
1103 1076 1134 1105 et

382 1125 604 1169 prohibemus,
634 1136 670 1159 ac
691 1126 956 1159 contrafacientes
989 1137 1047 1169 per
1076 1136 1132 1158 an-

383 1190 461 1213 num
481 1189 499 1212 a
519 1179 734 1223 praestatione
756 1180 867 1212 talium
888 1179 1038 1213 ordinum
1065 1180 1133 1223 ipso

384 1234 454 1267 iure
474 1233 711 1277 suspendimus.

428 1287 443 1330 ἓ
461 1286 493 1320 4.
525 1288 705 1320 Statuentes
724 1292 755 1321 et
778 1288 988 1321 decernentes
1003 1299 1134 1331 promo-

363 1340 488 1374 t-iones
507 1341 727 1384 quarumlibet
746 1341 968 1384 religiosarum
985 1352 1137 1386 persona-

337 1420 368 1432 ι..
386 1405 459 1427 1um
479 1394 717 1439 praedictarum
733 1396 773 1428 ad
793 1395 921 1428 ordines
936 1396 1134 1436 huiusmodi,

386 1453 497 1481 contra
523 1448 624 1492 ipsius
655 1449 775 1482 decreti
805 1449 933 1482 concilii
961 1448 1137 1482 Tridentini

388 1502 534 1543 sormam,
562 1502 656 1536 etiam
678 1503 816 1536 cuiusvis
836 1503 994 1541 licentiae,
1017 1503 1079 1536 illis
1099 1503 1138 1535 ab

387 1556 569 1600 Apostolica
589 1556 669 1589 Sede
684 1557 731 1589 vel
751 1557 879 1590 illarum
905 1557 1137 1601 superioribus,

389 1609 623 1654 cuiuscumque
643 1610 815 1653 dignitatis,
843 1616 953 1651 status,
976 1611 1093 1654 gradus
1109 1616 1140 1644 et

390 1663 650 1707 prsecmincntiae
663 1664 807 1705 existant,
823 1665 884 1698 etsi
902 1665 1077 1709 pontiticali
1092 1665 1138 1698 di-

391 1718 509 1761 gnitate
524 1719 711 1761 fungantur,
728 1719 776 1751 vel
791 1719 1007 1752 cardinalatus
1017 1720 1140 1753 honore

392 1772 622 1816 praefulgeant,
643 1782 812 1805 concessae
834 1778 1016 1815 praetextu,
1031 1773 1138 1813 saetas,

393 1827 579 1859 executione
596 1826 832 1870 praedictorum
847 1827 997 1860 ordinum
1011 1827 1142 1860 omnino

394 1890 516 1920 carere,
544 1880 713 1923 nullasque
747 1890 879 1923 prorsus
898 1886 928 1913 et
957 1880 1061 1914 irritas
1081 1881 1144 1914 exi-

395 1940 490 1973 stere,
512 1933 621 1977 sieque
641 1938 805 1977 promotas
821 1944 973 1977 personas
990 1935 1021 1967 in
1036 1935 1144 1968 altaris

396 1987 573 2019 ministerio
594 1986 776 2019 ministrare
814 1998 879 2019 nen
912 1997 1017 2030 posse.
1045 1988 1143 2027 Quin-

397 2040 495 2073 immo
520 2040 735 2073 ministrantes
760 2040 943 2084 privilegiis,
969 2042 1144 2086 exemptio-

398 2094 504 2134 nibus,
527 2094 785 2127 immunitatilms
806 2100 833 2127 et
855 2094 924 2127 aliis
943 2095 1052 2136 gratiis
1080 2091 1145 2129 ele-

400 2148 473 2180 rieis
493 2147 653 2180 concessis
673 2147 803 2180 onmino
824 2148 952 2191 privari,
976 2154 1003 2181 et
1021 2150 1146 2192 irregu-

400 2201 533 2234 laritatis
544 2201 686 2245 aliasque
697 2201 728 2233 in
743 2200 826 2234 dicto
838 2201 967 2235 decreto
983 2208 1148 2236 contentas

400 2265 520 2297 poenas
539 2265 577 2287 eo
598 2254 666 2297 ipso
687 2254 865 2295 incurrere,
880 2266 896 2287 a
912 2255 1039 2298 quibuS,
1060 2256 1149 2289 nisia

401 2308 544 2341 Romano
574 2308 728 2341 Pontitice
747 2309 795 2341 vel
815 2308 847 2340 in
868 2308 979 2341 mortis
998 2309 1133 2343 articulo

403 2361 533 2394 minime
553 2362 671 2394 absolvi
696 2362 829 2405 possint

447 2411 500 2453 §o
482 2410 511 2442 Γ.
536 2411 604 2444 Non
625 2411 823 2443 obstantibus
842 2411 1006 2455 quibusvis
1031 2412 1149 2445 eonsti-

403 2459 581 2510 ultionibus
609 2466 639 2493 et
671 2459 926 2493 oldinationibus
954 2460 1148 2504 apostolicis,

405 2519 441 2540 ac
446 2508 540 2550 .‘Jquoi
544 2520 615 2541 umx
620 2509 644 2542 is
659 2510 928 2542 monasteriorum
944 2515 971 2542 et
985 2509 1150 2551 Ordinum,

406 2556 500 2589 etiam
534 2557 714 2592 iuramento
743 2564 773 2591 et
801 2559 1044 2592 confirmatione
1073 2570 1152 2603 apo-

408 2606 517 2639 stoliea
530 2607 577 2638 vel
597 2607 706 2650 quavis
726 2608 874 2641 firmitate
896 2607 957 2641 alia
981 2608 1150 2648 roboratis,

964 221 1143 246 BULLARIUM
1167 221 1317 246 ROMANUM

1165 273 1289 306 statutis
1335 276 1366 304 et
1398 268 1706 308 consuetudinibus;
1741 267 1914 312 privilegiis

1164 336 1306 370 quoquc,
1321 323 1452 357 indultis
1470 327 1502 355 et
1520 321 1633 354 litteris
1646 320 1838 365 apostolicis,
1852 320 1915 353 illis

1166 380 1362 422 illorumque
1388 375 1610 420 superioribus
1630 379 1660 407 et
1680 374 1834 418 personis,
1855 373 1915 408 sub

1166 432 1425 476 ‹pubuscumtpie
1434 429 1601 463 tenoribus
1613 433 1643 461 ct
1657 427 1778 469 formis,
1789 438 1826 461 ae
1841 437 1915 461 eum

1167 482 1342 529 quibusvis‘,
1371 484 1465 517 etiam
1486 481 1916 526 derogatoriarum·der0ga-

1167 539 1269 579 toriis,
1309 538 1443 582 aliisque
1477 534 1722 575 efficacioribus
1763 534 1917 568 efficacis—

1168 593 1267 633 simis,
1304 591 1487 626 restitutivis
1524 595 1554 623 et
1586 589 1722 622 insolitis
1751 588 1916 629 clausulis,

1169 646 1433 689 irritantilnisque
1454 650 1484 678 et
1503 644 1573 677 aliis
1589 642 1737 683 decretis,
1755 642 1787 675 in
1802 652 1920 686 genere

1168 701 1216 733 rel
1238 700 1269 732 in
1287 699 1391 743 speeie
1408 709 1444 731 ae
1460 697 1537 731 alias
1552 696 1808 741 quomodolibet,
1825 695 1919 729 etiam

1170 753 1289 786 iteratis
1318 752 1451 791 vicibus
1477 750 1648 791 concessis,
1675 748 1872 783 consumatis
1892 754 1922 782 et

1171 807 1339 860 inumatis,
1361 806 1479 850 quihus
1498 804 1660 845 omnibus,
1683 803 1779 837 etiam
1794 802 1820 837 si
1835 803 1922 842 alias,

1172 846 1229 904 pio
1246 860 1375 893 ilicium
1392 858 1562 893 sussieienti
1578 856 1796 900 derogatione,
1812 856 1850 889 de
1862 855 1924 889 illis

1172 916 1367 957 illorumque.
1388 913 1460 946 totis
1479 911 1645 945 tenoribus
1664 910 1823 954 specialis,
1850 921 1923 954 spe-

1173 968 1264 1002 citica
1289 973 1319 1001 et
1339 977 1487 1011 expressa
1507 971 1538 999 et
1570 964 1745 1005 individua,
1775 974 1840 997 non
1869 975 1925 997 au-

1172 1028 1236 1055 tem
1258 1032 1315 1066 per
1335 1021 1496 1054 clausulas
1515 1018 1681 1063 generales
1699 1017 1785 1050 idem
1805 1017 1925 1062 impor-

1173 1081 1287 1116 tantes,
1311 1074 1430 1108 mentio
1451 1085 1507 1107 seu
1528 1073 1657 1117 quaevis
1676 1072 1739 1106 alia
1764 1071 1925 1115 expressio

1175 1129 1331 1169 bohemia,
1352 1134 1405 1161 aut
1435 1127 1542 1171 aliqua
1567 1126 1628 1160 alia
1652 1124 1807 1169 exquisita
1823 1125 1928 1159 forma

1175 1183 1294 1216 adhoc
1315 1182 1467 1215 servanda
1496 1182 1589 1221 soret,
1619 1180 1751 1213 illorum
1784 1184 1925 1221 tenores,

1176 1237 1307 1277 formas,
1329 1237 1417 1269 datas
1432 1241 1461 1268 et
1481 1235 1609 1268 decreta
1628 1234 1661 1266 in
1681 1233 1744 1266 illis
1763 1232 1926 1277 imposita,

1177 1302 1213 1324 ae
1240 1290 1265 1322 si
1290 1291 1327 1323 de
1356 1290 1453 1323 verbo
1473 1289 1511 1322 ad
1531 1289 1663 1322 verbum
1689 1287 1925 1328 insererentur,

1178 1344 1401 1388 praesentibus
1421 1354 1480 1388 pro
1501 1342 1697 1376 sufficienter
1716 1340 1875 1385 expressis
1898 1345 1929 1374 et

1179 1398 1304 1431 insertis
1325 1397 1490 1437 habentes,
1512 1396 1575 1429 illis
1595 1396 1673 1429 alias
1689 1395 1721 1428 in
1737 1405 1797 1428 suo
1812 1394 1929 1428 robore

1180 1451 1409 1495 permansuris,
1430 1451 1489 1483 hae
1509 1450 1576 1483 vice
1601 1450 1776 1490 dumtaxat,
1806 1447 1929 1493 specia-

1180 1505 1252 1538 liter
1280 1510 1310 1538 οι
1338 1515 1485 1548 expresse
1516 1504 1727 1547 derogamus,
1751 1503 1930 1547 ceterisque

1180 1559 1350 1592 contrariis
1369 1558 1640 1602 quibuscumque.

1225 1612 1282 1656 §ti
1301 1612 1336 1645 Et
1354 1617 1387 1645 ut
1405 1612 1721 1656 praesenteslitterae
1731 1611 1771 1644 ad
1784 1609 1929 1644 omnium

1181 1667 1327 1699 notitiam
1357 1666 1554 1710 perveniant,
1589 1676 1668 1698 neve
1701 1664 1773 1708 quis
1801 1664 1930 1697 illarum

1182 1720 1361 1764 ignorantia
1395 1719 1538 1753 excusari
1568 1719 1686 1763 possit,
1722 1719 1870 1752 volumus
1901 1724 1932 1752 et

1183 1775 1357 1820 apostolica
1375 1774 1564 1808 auctoritate
1594 1773 1811 1814 decernimus,
1842 1784 1934 1817 prae-

1184 1835 1287 1862 sentes
1306 1829 1427 1862 litteras
1442 1829 1481 1861 ad
1500 1829 1604 1861 valvas
1628 1828 1786 1872 Principis
1805 1832 1934 1872 aposto-

1185 1884 1290 1916 lorum
1305 1883 1344 1915 de
1360 1883 1443 1915 Urbe
1462 1888 1491 1915 et
1507 1880 1935 1926 CancellariaeApostolieae

1185 1948 1221 1970 ac
1242 1936 1274 1969 in
1298 1936 1366 1973 acie
1386 1936 1497 1980 Campi
1517 1936 1630 1969 Florae
1646 1935 1817 1980 publicari,
1840 1939 1871 1968 et
1885 1945 1936 1968 ea—

1186 2001 1257 2023 rum
1270 1990 1415 2033 exempla
1426 1989 1510 2032 affigi
1523 1994 1552 2022 et
1567 1989 1724 2033 imprimi,
1742 1989 1936 2033 illarumque

1187 2044 1352 2087 exemplis,
1374 2043 1468 2076 etiam
1485 2042 1658 2086 impressis,
1683 2053 1781 2076 manu
1801 2042 1938 2076 alicuius

1188 2097 1303 2131 notarii
1325 2097 1445 2141 publici
1462 2102 1489 2129 et
1511 2096 1615 2139 sigillo
1636 2096 1769 2140 praelati
1785 2096 1937 2130 eeclesia-

1189 2151 1258 2184 stici
1278 2152 1325 2184 vel
1350 2151 1419 2184 eius
1439 2150 1547 2183 euriae
1575 2150 1760 2194 obsignatis,
1792 2150 1938 2184 eamdem

1189 2216 1323 2249 prorsus
1344 2204 1438 2238 tidem
1459 2204 1614 2245 adhiberi,
1635 2215 1718 2248 quae
1738 2204 1815 2248 ipsis
1844 2214 1938 2248 prae-

1190 2260 1334 2293 sentibus
1354 2258 1562 2292 adhiberetur
1587 2258 1612 2291 si
1647 2259 1752 2292 serent
1766 2257 1939 2303 [exhibitae

1139 2337 1146 2350 ‚
1189 2314 1237 2347 vel
1262 2318 1419 2347 ostensae.
1436 2312 1522 2346 Nulli
1542 2323 1616 2355 ergo
1637 2317 1693 2345 ete.

1235 2363 1348 2396 Datum
1376 2362 1496 2395 Romae
1516 2362 1600 2405 apud
1623 2361 1775 2395 Sanctum
1790 2360 1938 2401 Petrum,

1191 2422 1275 2445 anno
1323 2411 1554 2445 Inearnationis
1603 2410 1783 2444 dominicae
1835 2408 1940 2443 mille-

1193 2461 1273 2494 simo
1306 2461 1564 2504 quingentesimo
1590 2459 1787 2503 sexagesimo
1808 2463 1938 2499 octavo,

1193 2510 1296 2553 pridie
1322 2510 1394 2543 idus
1418 2509 1569 2550 octobris,
1603 2509 1809 2553 pontificatus
1841 2506 1941 2540 nostri

1193 2570 1277 2593 anno
1297 2570 1343 2592 111.

1208 2613 1268 2643 [lat.
1290 2613 1336 2643 die
1354 2613 1389 2643 14
1408 2612 1536 2644 octobris
1553 2612 1642 2649 1568,
1662 2610 1762 2651 pontif.
1779 2619 1856 2640 anno
1879 2618 1919 2644 ιιι,

1930 213 1979 240 Αιι.
1996 212 2025 239 C.
2044 211 2111 241 {⁸68

1979 1617 2130 1639 Publieatlonis

1946 1648 2033 1671 [ormam
2045 1649 2116 1670 tradit.
