2237 3100
252 283 298 309 An.
317 283 346 309 C.
365 283 430 310 ¹567

277 533 397 553 Prooeniium

257 1823 371 1843 ‹jlvnwmts
390 1823 425 1843 ΥΙΙ

244 1855 372 1876 ruiistitutw.

271 1985 317 2006 lim:
329 1990 347 2007 el
365 1987 411 2006 alia.

271 2142 344 2162 l'aulus
356 2142 381 2162 ΙΙΙ
392 2144 427 2163 de·

244 2177 309 2194 trevit
322 2175 375 2200 qued
386 2181 426 2194 ma-

245 2212 275 2224 ior
291 2212 338 2231 pars
363 2212 428 2226 voca—

245 2237 293 2257 lium
329 2238 425 2264 capituti,

245 2268 320 2295 ubique
352 2275 427 2295 repre-

245 2304 352 2320 -eularenl
362 2304 426 2320 tolum

244 2332 356 2357 capitulum
381 2338 426 2352 cum

244 2364 361 2383 omnimoda
387 2369 425 2389 pe—

244 2396 328 2416 testate:

493 271 507 288 ι,

493 270 555 305 ,)38

541 337 602 367 Pius
622 338 762 373 episcopus
782 345 876 366 servus
895 344 1034 366 servorum
1052 337 1108 369 Dei,

595 393 628 420 ad
642 394 805 428 perpetuam
823 392 864 420 rei
883 392 1051 420 memoriam.

491 473 535 505 Ad
557 471 855 505 immarcescibilem
876 471 955 504 vitae
975 476 1123 504 aeternae
1139 482 1192 504 co-

449 536 571 564 ronam,
602 525 640 557 ad
667 535 763 567 quam
792 524 889 557 sortes
915 524 1031 557 Christi
1057 525 1193 558 athletae

447 589 509 611 non
531 578 680 610 adversus
701 588 829 610 carnem
857 583 885 610 et
904 578 1092 620 sanguinem
1113 589 1193 621 prse-

445 633 568 671 liantes,
591 631 645 664 sed
665 637 777 664 contra
797 631 979 674 spirituales
998 631 1121 676 antiqui
1138 632 1193 666 lio-

444 685 497 717 stis
517 685 674 728 nequitias
694 691 722 717 ct
749 684 845 717 liuius
862 685 974 718 mundi
985 686 1192 719 tenebrarum

444 738 654 782 principatus,
682 738 809 771 assiduo
830 738 904 771 fidei
925 739 1036 783 clypeo
1057 745 1085 772 et
1103 746 1192 773 scuto

444 793 544 824 bonae
565 792 735 825 voluntatis
755 791 880 832 armati,
906 792 1088 835 lumbisque
1110 804 1192 836 prac-

443 846 566 885 rinetis,
584 846 804 885 colluctantes,
819 845 945 879 reiectis
959 846 1148 880 vanitatibus
1164 852 1191 880 et

444 900 612 939 illecebris,
637 899 790 932 indefesse
810 900 961 943 aspirant,
972 906 1003 933 et
1022 911 1086 943 quo
1102 908 1191 944 opta-

443 959 509 985 tum
531 953 627 986 finem
648 953 747 986 tutius
758 960 1007 997 consequantur,
1020 954 1193 998 Religionis

443 1018 560 1047 arcem,
573 1007 658 1040 unde
670 1007 878 1041 inimicorum
899 1008 1082 1049 insultibus,
1097 1009 1191 1042 dante

443 1061 589 1099 Domino,
612 1061 758 1094 securius
776 1062 923 1095 resistere
944 1068 974 1095 et
991 1062 1118 1095 hostilia
1131 1064 1192 1096 tela

444 1116 632 1159 propulsare
657 1121 794 1158 queant,
827 1116 970 1149 animose
999 1117 1188 1156 ascendunt,

443 1169 600 1201 elevantes
617 1169 729 1202 oculos
755 1170 870 1201 mentis
890 1174 1030 1206 nostrae,
1060 1175 1191 1213 paterna

444 1223 559 1266 pietate
575 1227 603 1255 et
618 1222 849 1262 benevolentia,
866 1233 902 1255 ex
914 1223 1014 1255 nostri
1025 1224 1191 1266 pastoralis

444 1276 538 1309 ollicii
561 1275 679 1313 debito,
707 1286 771 1309 non
799 1276 838 1308 ab
868 1287 901 1309 re
928 1277 1044 1319 iugiter
1064 1277 1190 1310 induci-

445 1340 517 1362 mur
528 1336 560 1362 ut
578 1329 752 1373 tranquillo
768 1340 881 1363 eorum
904 1331 1011 1371 statui,
1033 1337 1189 1374 quantum

443 1394 517 1416 cum
528 1383 592 1417 Deo
613 1394 794 1427 possumus,
811 1390 957 1427 prompte
973 1385 1189 1425 consulamus,

443 1443 469 1469 et
494 1436 643 1480 hisquae
671 1444 843 1482 propterea
874 1438 955 1470 facta
985 1449 1052 1471 esse
1077 1438 1189 1481 digno—

442 1496 588 1531 scuntur,
623 1491 821 1524 auctoritatis
841 1497 967 1525 nostrae
1001 1492 1191 1526 adiiciamus

442 1545 643 1586 firmitatem,
675 1545 816 1590 aliasque
844 1546 983 1590 desuper
1009 1552 1190 1591 opportune

444 1598 676 1641 provideamus,
688 1605 795 1643 prout,
810 1610 1020 1643 personarum
1028 1605 1058 1633 et
1069 1605 1190 1644 tempo-

443 1663 513 1685 rum
544 1652 695 1697 qualitate
729 1659 859 1697 pensata
877 1681 884 1695 ,
917 1654 1133 1697 conspicimus
1158 1654 1190 1687 in

442 1707 577 1740 Domino
594 1707 766 1740 salubriter
783 1708 946 1751 expedire.

485 1761 549 1803 31.
579 1761 705 1794 Dudum
731 1761 888 1804 siquidem
910 1761 1011 1795 felicis
1038 1762 1189 1796 recorda-

442 1813 691 1847 tionisClemens
706 1814 789 1858 Papa
810 1814 870 1850 Vll,
890 1815 1116 1858 praedecessor
1131 1827 1189 1849 no-

442 1873 515 1907 ster,
537 1867 594 1899 sibi
618 1878 674 1911 pro
695 1874 783 1911 parte
804 1872 859 1900 etc.
888 1869 909 1900 Ι.

485 1922 499 1961 ,ξ
520 1921 549 1953 2.
573 1921 609 1953 Et
624 1921 748 1959 deinde,
766 1932 824 1964 pro
840 1922 950 1954 eadem
964 1928 1065 1965 parte,
1084 1923 1187 1956 eidem

441 1975 594 2008 Clementi
629 1975 868 2018 praedecessori
907 1975 1001 2008 etiam
1045 1977 1188 2020 exposito

441 2029 525 2072 quod
548 2029 606 2073 ipsi
629 2033 686 2062 etr.
709 2027 735 2061 2.

484 2082 498 2125 g
518 2081 548 2115 3.
573 2083 615 2115 Ac
636 2082 839 2126 postmodum
856 2083 1048 2116 recolendae
1070 2094 1190 2117 memo-

441 2134 505 2168 riae
526 2135 643 2168 Paulus
662 2136 746 2179 Papa
766 2136 814 2175 Ill,
836 2135 982 2169 similiter
1001 2137 1188 2180 praedeces-

441 2202 493 2223 sor
509 2196 626 2229 noster,
636 2190 720 2223 vivae
730 2190 814 2223 vocis
830 2191 974 2231 oraculo,
993 2191 1096 2225 eidem
1112 2192 1190 2225 Pau-

442 2245 471 2277 lo
502 2245 537 2277 lv
559 2245 806 2288 praedecessori,
837 2245 892 2287 qui
922 2245 1016 2277 etiam
1048 2252 1124 2279 tunc
1157 2247 1188 2279 in

442 2294 620 2327 minoribus
636 2294 826 2327 constitutus
841 2294 923 2326 tituli
944 2294 974 2327 S.
999 2295 1074 2328 Sixti
1099 2307 1188 2339 pres-

442 2344 530 2386 byter
549 2343 720 2377 cardinalis
740 2349 819 2383 erat,
847 2354 904 2388 per
931 2345 1080 2377 eumdem
1105 2346 1188 2378 Pau-

442 2392 508 2424 lum
529 2393 566 2425 ΙΙΙ
583 2394 861 2437 praedecessorem
875 2394 969 2433 sacto,
992 2394 1094 2427 eidem
1111 2405 1188 2428 con-

441 2442 618 2484 gregationi
646 2442 844 2475 Clericorum
864 2442 1083 2485 Regularium,
1107 2444 1189 2477 inter

442 2490 515 2529 alia,
537 2491 623 2534 quod
649 2492 751 2524 maior
774 2502 848 2536 pars
867 2491 1053 2524 habentium
1078 2504 1187 2526 vocem

478 2562 486 2587 1
511 2561 660 2593 Omittitur,
680 2563 740 2598 quia
759 2562 820 2589 haec
837 2562 905 2589 bulla
919 2566 958 2589 est
974 2571 1041 2597 quae
1057 2564 1151 2590 citatur
1164 2565 1188 2591 in

441 2605 500 2628 nota
512 2601 544 2627 ad
556 2602 704 2629 columnam
720 2603 861 2630 secundam
874 2604 981 2638 paginae
998 2605 1185 2635 praecedentis.

475 2642 491 2668 2
511 2642 661 2675 Ominum,
682 2644 742 2678 quia
764 2644 818 2678 ipsa
839 2644 908 2670 bulla
926 2647 967 2670 est
981 2643 1059 2670 citata
1081 2644 1105 2671 in
1127 2650 1186 2672 nota

440 2686 570 2717 utsupra,
591 2688 615 2710 et
635 2683 675 2710 illa
693 2684 762 2710 Pauli
780 2684 814 2710 lll
829 2684 990 2711 sufficienter
1011 2684 1100 2711 relata.

1033 278 1210 303 BULLARIUM
1242 278 1391 302 ROMANUM

1995 280 2046 307 Au.
2062 280 2092 307 C.
2111 280 2177 308 1567

1232 331 1264 364 in
1280 330 1432 375 capitulo,
1460 330 1492 363 in
1513 340 1722 374 quocumque
1742 332 1813 365 loco
1833 341 1977 365 eommo-

1234 389 1370 423 raretur,
1402 388 1655 427 repraesentaret
1678 389 1779 418 totum
1799 385 1978 430 capitulum

1233 436 1489 480 congregationis
1531 436 1728 470 Clericorum
1770 438 1977 482 Regularium

1233 489 1432 530 liuiusmodi;
1449 495 1479 523 et
1493 490 1691 534 ubicumque
1702 492 1860 525 vocalium
1876 493 1978 526 maior

1234 555 1307 588 pars
1327 544 1416 583 foret,
1442 554 1569 587 semper
1593 549 1848 587 repraesentaret
1859 546 1980 590 capitu-

1234 599 1300 630 lum
1316 597 1475 640 generale,
1488 603 1517 631 et
1532 597 1665 630 haberet
1675 597 1707 629 in
1723 597 1792 642 ipsa
1808 609 1980 643 congrega—

1234 651 1319 684 tione
1335 650 1533 684 Clericorum
1548 651 1756 695 Regularium
1777 662 1875 696 super
1889 663 1981 696 prae-

1233 705 1353 749 positos
1371 715 1482 737 omnes
1503 710 1532 737 et
1552 705 1735 749 superiores
1754 705 1935 740 sacerdotes
1950 712 1981 740 et

1233 758 1311 791 alios
1322 758 1490 801 professos,
1499 757 1530 790 in
1541 758 1762 802 spiritualibus
1777 765 1808 792 et
1821 765 1980 804 tempora—

1234 812 1326 849 libus,
1357 817 1426 854 post
1446 816 1586 848 sanctam
1615 811 1729 845 Sedent
1750 812 1979 857 Apostolicam‚

1234 865 1284 898 cui
1302 864 1483 898 immediate
1503 864 1767 907 subiiciebantur,
1795 877 1979 910 supremam

1233 917 1485 951 iurisdictionem
1507 924 1537 952 et
1548 923 1749 962 potestatem,
1772 908 1874 954 donec
1894 920 1981 965 capi-

1233 973 1335 1006 tulum
1356 973 1504 1015 generale
1522 972 1708 1006 solemniter
1727 974 1956 1008 celebraretur.

1275 1026 1340 1069 §le
1363 1026 1400 1058 Et
1426 1026 1451 1059 si
1477 1027 1602 1059 vocales
1631 1026 1662 1058 in
1690 1027 1833 1061 ecclesiis
1853 1034 1884 1061 et
1902 1027 1981 1062 locis

1232 1079 1420 1114 eorumdem
1432 1080 1689 1123 congregationis
1708 1081 1917 1124 Regularium
1928 1093 1981 1127 pa·
1997 1114 2103 1134 mmm
2153 1113 2180 1133 aa

1231 1145 1282 1167 res
1302 1144 1438 1167 numero
1460 1134 1575 1174 forent,
1597 1133 1641 1167 ibi
1661 1145 1697 1168 ex
1718 1135 1818 1178 gratia
1835 1141 1866 1169 et
1886 1135 1981 1180 privi-
1997 1129 2178 1180 esquieapa'uium

1232 1188 1313 1231 legio
1335 1188 1567 1231 intelligeretur
1586 1188 1695 1222 adesse
1720 1189 1898 1233 capitulum
1928 1200 1980 1223 re·
1990 1175 2056 1228 ,ἓξὲθι
2065 1175 2181 1236 ,ζῗῗξὲῖἓῗ

1232 1247 1438 1285 praesentans
1466 1243 1626 1285 generale,
1659 1242 1713 1275 ubi
1743 1242 1825 1276 foret
1847 1243 1978 1284 vocalis,

1230 1296 1286 1339 qui
1306 1295 1467 1339 antiquior
1487 1301 1569 1329 esset
1596 1295 1747 1329 omnibus
1767 1296 1837 1330 aliis
1859 1296 1981 1330 vocali-

1230 1349 1302 1389 bus,
1325 1350 1378 1393 qui
1400 1349 1432 1381 in
1451 1349 1530 1382 locis
1550 1349 1800 1393 particularibus
1814 1360 1907 1394 pares
1922 1361 1981 1384 nu-

1231 1413 1320 1435 mero
1341 1404 1455 1435 forent.

1274 1456 1338 1499 ἐξ).
1366 1455 1615 1500 Capitulumque
1626 1455 1813 1490 huiusmodi
1823 1457 1981 1491 haberent
2022 1477 2047 1498 132
2073 1478 2124 1500 ,καὶ
2141 1485 2177 1500 0³-

1230 1509 1443 1554 inpraedictis
1454 1510 1701 1554 congregatione
1709 1510 1910 1544 Clericorum
1920 1511 1980 1545 Re·
1996 1509 2057 1536 ΡΜ
2072 1511 2105 1531 ‘¹¹⁵
2121 1514 2180 1532 ⁰⁵⁸⁶*

1229 1563 1391 1606 gul-arium
1412 1563 1461 1596 ius
1481 1575 1682 1607 supremum;
1705 1570 1736 1597 et
1755 1565 1978 1608 quandocum-
1995 1546 2124 1599 ἒῖἓέῐὲξῗε
2135 1548 2180 1594 ᾞῘ

1229 1628 1304 1661 que,
1328 1616 1358 1649 in
1374 1617 1517 1651 ecclesiis
1533 1623 1564 1651 et
1575 1617 1654 1651 locis
1670 1618 1854 1661 praedictis,
1873 1618 1979 1652 omni·
1995 1603 2179 1662 ἓξῖἷῗῗιῖῗὲιῖςιῖἷ

1229 1672 1289 1704 bus
1314 1671 1439 1704 casibus
1473 1676 1503 1704 et
1535 1671 1778 1705 necessitatibus
1810 1672 1979 1716 providere
1995 1665 2170 1724 2⁵fg¹viffjn¹di3⁶‘⁶

1228 1730 1369 1770 possent3
1392 1729 1422 1757 et
1442 1724 1577 1758 maxime
1609 1725 1854 1769 superveniente
1883 1737 1979 1760 causa

1229 1779 1267 1811 de
1288 1778 1454 1822 superiore
1470 1779 1635 1819 cassando,
1658 1779 1878 1813 transferendo
1895 1780 1978 1813 etde

1230 1843 1310 1865 novo
1332 1833 1482 1873 creando,
1505 1843 1712 1876 quocumque
1728 1833 1858 1866 nomine
1871 1834 1979 1877 appel-

1230 1887 1362 1926 laretur,
1390 1891 1423 1918 ut
1444 1886 1475 1919 in
1495 1886 1717 1931 spiritualibus
1737 1892 1767 1920 et
1795 1887 1979 1931 temporali-

1229 1940 1288 1972 bus
1308 1939 1407 1972 libere
1428 1939 1676 1973 administraret.

1273 1994 1287 2037 ,ξ
1307 1994 1336 2027 6.
1360 1994 1514 2037 Quodque
1536 2000 1663 2037 tempus
1678 2004 1754 2027 suae
1774 1993 1978 2028 administra·
2019 2012 2057 2039 Qui
2076 2014 2178 2040 sapum-

1230 2047 1324 2080 tionis
1344 2058 1408 2079 non
1430 2052 1534 2090 posset
1550 2047 1631 2080 ultra
1653 2058 1774 2080 annum
1795 2048 1975 2091 prorogari,
1992 2048 2111 2100 ζξζωῗᾞὶο
2135 2046 2176 2066 ‘¹¹¹‘

1230 2108 1257 2133 et
1300 2101 1450 2134 omnibus
1484 2100 1741 2145 congregationis
1778 2100 1977 2135 Clericorum

1228 2155 1435 2198 Regularium
1452 2156 1592 2198 gaudere
1613 2155 1798 2200 privilegiis.

1272 2209 1287 2252 ξ
1312 2208 1342 2241 7.
1371 2209 1407 2241 Et
1440 2209 1631 2252 generaliter
1663 2209 1819 2253 quicquid
1847 2214 1978 2254 possent
1992 2228 2175 2257 Praeposnomm.

1230 2262 1400 2306 praepositi
1432 2273 1489 2306 per
1516 2262 1691 2307 privilegia,
1718 2268 1848 2307 possent
1880 2262 1975 2296 etiarn
1991 2266 2039 2313 ξεῖ
2056 2264 2175 2315 ξζῃξξὲᾙ

1229 2328 1341 2351 eorum
1360 2318 1587 2351 locatenentes.
1610 2318 1647 2350 Et
1663 2317 1688 2351 si
1708 2318 1772 2358 ille,
1795 2316 1850 2361 qui
1871 2322 1906 2350 ut
1920 2327 1974 2350 su·
1991 2324 2175 2347 eademessetau—

1229 2370 1337 2415 perior
1353 2371 1612 2412 administrasset,
1634 2371 1666 2404 in
1687 2370 1904 2415 praepositum
1916 2369 1977 2404 eri·
1990 2358 2176 2413 {22¹¹ssssssffissfss.

1228 2431 1367 2468 geretur,
1392 2431 1519 2469 tempus
1543 2436 1607 2469 quo
1630 2426 1697 2459 sine
1725 2425 1817 2458 titulo
1838 2435 1975 2468 praepo-
1990 2418 2177 2476 ξξζῗεῗξξιξζῖ·

1228 2479 1346 2511 siturae
1380 2479 1678 2519 administravisset,
1714 2489 1778 2512 non
1807 2477 1977 2522 impediret
1990 2480 2176 2507 memmium:

1228 2540 1292 2572 quo
1314 2529 1420 2562 minus
1450 2534 1555 2573 posset
1584 2529 1665 2562 sicut
1685 2527 1782 2562 ceteri
1802 2526 1974 2571 praepositi

1228 2589 1330 2621 usque
1350 2579 1388 2611 ad
1413 2578 1588 2612 triennium
1608 2577 1805 2612 confirmari.

1272 2628 1286 2671 ἓ
1306 2627 1337 2661 8.
1360 2628 1403 2661 Ae
1424 2628 1519 2662 etiam
1539 2634 1694 2672 tempore,
1723 2636 1788 2670 quo
1809 2625 1974 2670 continge·
2003 2643 2028 2664 m
2043 2645 2176 2671 mmmm...

1230 2683 1274 2710 ret
1309 2688 1366 2721 per
1392 2677 1518 2722 lapsum
1539 2676 1613 2710 anni
1641 2675 1746 2710 officia
1774 2674 1974 2720 praeposito·
1989 2676 2018 2697 ¹⁵⁸
2036 2675 2171 2703 '³⁶³⁰“b'1‘2

2024 1050 2048 1070 Et
2076 1050 2180 1071 vocalium

1997 1087 2085 1103 numero
2134 1089 2183 1109 pari
