2237 3100
262 235 309 261 An.
328 235 356 262 C.
378 235 444 262 ¹567

287 557 443 579 OrvaMiiiiniffi

260 594 304 607 runi
320 588 339 608 S.
362 588 442 608 Franci-

260 621 310 639 fisci
331 620 356 639 de
378 619 441 639 Paula

260 650 322 670 hahet
372 651 441 670 omnia

261 681 371 706 privilegia
381 680 441 701 Men-

258 711 375 732 direntium.

302 2342 339 2363 Hic
375 2344 436 2364 modo

254 2373 350 2395 Pontifex
382 2375 437 2395 idem

254 2406 360 2430 decernit,
376 2408 397 2426 et
409 2406 438 2425 in>

254 2440 287 2457 ter
346 2436 437 2457 Ordines

254 2467 401 2489 Mendtcantes
430 2484 435 2493 ,

254 2500 317 2519 istum
337 2505 437 2525 compre—

254 2529 317 2550 hendi
333 2529 435 2554 declat-an

458 287 570 327 tendit,
596 287 641 320 sic
661 298 727 327 eos,
740 297 831 330 quos,
851 286 910 318 sub
932 283 1089 326 regularis
1100 283 1208 315 obser-

458 341 581 374 vantiae
613 341 699 383 iugo,
725 340 831 372 divino
860 338 962 371 cultui
989 336 1208 380 emancipatos

458 405 526 428 esse
547 393 723 437 cognoscit,
745 392 874 436 speciali
888 396 1016 424 tenetur
1026 390 1206 435 patrocinio

458 449 638 481 confovere.

501 503 515 543 ξ
536 502 566 534 Δ1.
594 500 715 544 Exponi
732 509 807 533 sane
822 498 916 532 nobis
935 509 1042 541 nuper
1062 498 1205 531 fecerunt

457 555 563 587 dilecti
578 553 635 586 filii
648 554 761 586 fratres
772 552 900 586 Ordinis
910 552 1117 585 Minimorum
1129 551 1206 585 San-

457 609 497 641 cti
518 607 678 641 Francisci
690 608 728 640 de
744 607 854 647 Paula,
871 606 1061 639 iamdudum
1080 612 1207 650 aposto-

456 662 517 694 lica
549 662 739 695 auctoritate
776 660 963 704 approbati,
996 660 1098 703 quod,
1133 660 1207 693 licet

455 715 539 748 inter
562 715 623 748 alia
656 715 702 748 eis
729 725 881 747 concessa
914 713 1080 757 privilegia
1110 719 1140 746 ct
1160 714 1206 746 in-

454 769 554 808 dulta,
578 768 685 801 omnia
713 774 743 801 et
772 768 897 810 singula
922 772 1061 810 quatuor
1088 767 1206 800 Mendi—

454 822 596 856 cantium
616 822 774 856 Ordinum
795 820 960 865 privilegia
985 822 1024 854 ad
1053 821 1205 854 Ordinem

454 876 659 909 Minimorum
680 875 868 909 huiusmodi
890 886 926 908 ac
942 874 1029 907 illius
1047 876 1206 918 professo-

455 941 505 963 res
542 936 572 963 ct
595 931 709 963 domos
746 940 926 973 eorumque
960 929 1112 962 ecclesias
1149 940 1207 973 per

454 984 568 1017 Sedem
598 983 813 1027 Apostolicam
848 989 974 1016 extensa
1005 988 1032 1016 et
1055 983 1205 1027 ampliata

454 1037 587 1076 suerint,
614 1042 644 1070 ct.
664 1042 837 1081 propterea
863 1037 976 1069 fratres
996 1036 1124 1069 Ordinis
1148 1036 1206 1069 hu-

454 1090 604 1130 iusmodi,
619 1091 713 1123 etiam
731 1090 790 1123 sub
805 1089 1054 1123 Mendicantium
1075 1090 1205 1123 nomine

453 1145 687 1188 comprehendi
712 1144 867 1181 debeant,
904 1155 963 1177 nec
986 1155 1083 1187 super
1115 1155 1206 1187 prae-

454 1198 558 1231 missis
572 1209 590 1230 a
605 1208 770 1242 quoquam
789 1198 952 1230 molestari
970 1197 1108 1241 possint:
1130 1209 1204 1230 cum

454 1257 560 1284 tamen
584 1251 681 1294 (sicut
709 1252 822 1284 eadem
857 1251 1012 1295 expositio
1033 1251 1206 1295 subiunge-

452 1305 530 1348 bat),
564 1316 601 1338 ex
631 1316 669 1339 eo
693 1305 781 1349 quod
805 1315 863 1340 nos
884 1315 988 1349 nuper
1014 1305 1046 1338 in
1066 1306 1204 1349 quadam

451 1358 668 1392 declaratione
683 1369 742 1403 per
758 1369 828 1399 nos,
842 1369 940 1402 super
951 1359 1204 1392 Mendicantium

451 1413 587 1445 fratrum
617 1412 803 1453 Ordinibus,
826 1412 922 1445 certis
946 1418 1023 1445 tunc
1048 1413 1205 1456 expressis

450 1466 489 1499 de
510 1466 617 1500 causis
636 1467 728 1507 sacta,
750 1472 878 1511 praeter
910 1467 942 1500 S.
965 1466 1145 1507 Dominici,
1176 1472 1206 1499 et

450 1520 557 1554 Sancti
577 1521 758 1561 Francisei,
791 1532 827 1553 ac
860 1520 1075 1554 Eremitarum
1098 1521 1205 1554 Sancti

450 1575 631 1618 Augustini,
662 1585 791 1608 necnon
819 1574 1066 1608 Carmelitarum
1087 1574 1205 1607 Mendi-

451 1629 593 1661 cantium
614 1629 760 1669 Ordines,
783 1629 879 1662 etiam
900 1629 933 1661 in
954 1628 1016 1661 illis
1036 1629 1068 1661 B.
1090 1629 1204 1662 Mariae

451 1683 623 1716 Servorum
640 1683 737 1716 inseri
753 1683 962 1719 voluerimus,
979 1693 1015 1715 ac
1032 1688 1203 1726 propterea

451 1736 543 1770 facile
571 1748 587 1769 a
609 1737 801 1780 quibusdam
833 1737 972 1769 dubitari
994 1737 1108 1769 merito
1130 1748 1204 1780 pos-

451 1796 497 1823 set
514 1791 613 1834 quod,
641 1791 665 1823 si
692 1790 819 1823 Ordinis
850 1790 1056 1823 Minimorum
1093 1792 1205 1824 l'ratres

450 1844 636 1878 huiusmodi
667 1844 726 1877 sub
752 1844 812 1876 illis
838 1844 1069 1887 conlprehendi
1091 1845 1205 1878 voluis-

450 1909 568 1939 semus,
594 1909 652 1931 nos
672 1897 845 1941 specialem
866 1897 961 1930 etiam
975 1898 1013 1931 de
1034 1898 1096 1931 illis
1117 1910 1204 1932 mcu-

450 1953 571 1986 tionem
607 1952 741 1985 omnino
775 1951 974 1985 fecissemus.
1011 1952 1128 1993 Quare,
1165 1965 1203 1986 ne

447 2008 548 2052 vsuper
575 2005 760 2050 praemissis
785 2016 941 2049 umquam
962 2006 1103 2039 dubitari
1129 2018 1205 2039 con-

451 2061 565 2103 tingat,
586 2059 683 2092 iidem
699 2059 812 2092 fratres
832 2059 925 2092 nobis
940 2060 1107 2094 humiliter
1127 2072 1203 2105 sup-

450 2114 563 2160 plicari
603 2114 749 2147 fecerunt
790 2119 826 2146 ut
857 2113 916 2146 sibi
954 2114 986 2146 in
1020 2115 1204 2157 praemissis

450 2173 633 2212 opportune
654 2166 823 2211 providere
843 2167 882 2199 de
903 2167 1100 2210 benignitate
1125 2180 1203 2212 apo-

450 2222 563 2255 stolica
583 2221 805 2264 dignaremur.

494 2274 559 2319 502.
586 2275 649 2309 Nos
681 2274 882 2308 attendentes
920 2284 974 2308 eos
1003 2275 1096 2318 (cum
1131 2281 1204 2310 actu

451 2329 649 2372 mendicent)
668 2328 798 2362 nonnisi
824 2329 958 2361 honesta
983 2329 1021 2361 de
1042 2340 1138 2363 causa
1173 2331 1204 2363 in

452 2383 699 2416 Mendicantium
734 2382 885 2415 Ordinem
911 2393 979 2415 esse
1013 2383 1202 2427 adscriptos,

451 2443 488 2465 ac
509 2437 679 2476 propterea
707 2442 764 2466 sua
798 2431 964 2476 privilegia
984 2431 1096 2465 illaesa
1126 2444 1204 2466 con-

453 2492 578 2515 servare
597 2482 750 2521 volentes,
773 2491 893 2524 eosque
914 2486 944 2514 et
959 2491 1072 2514 eorum
1093 2494 1205 2526 quem-

452 2531 530 2564 libet
567 2541 584 2563 a
622 2531 786 2574 quibusvis
831 2530 1177 2565 excommunicationis
1195 2560 1202 2573 ,

453 2579 672 2624 suspensionis
691 2585 721 2613 et
746 2579 904 2613 interdicti
941 2579 1076 2624 aliisque
1104 2582 1205 2614 eccle-

454 2629 588 2663 siasticis
617 2629 793 2670 sententiis,
825 2629 971 2664 censuris
986 2634 1017 2663 et
1040 2630 1165 2674 poenis,
1187 2642 1203 2664 a

1051 230 1230 254 BULLARIUM
1254 230 1405 254 ROMANUM

2016 231 2064 258 An.
2083 231 2112 259 C.
2132 230 2198 259 1567

1251 282 1320 314 iure
1340 283 1386 315 vel
1413 283 1452 315 ab
1468 283 1611 323 homine,
1634 284 1744 327 quavis
1764 285 1933 318 occasione
1953 285 2001 318 vel

1250 347 1347 369 causa
1367 336 1457 377 latis,
1489 336 1653 380 siquibus
1680 339 1925 380 quomodolibet.
1958 339 2003 371 in-

1249 389 1356 422 nodati
1378 389 1529 429 existunt,
1552 390 1592 422 ad
1612 390 1763 423 effectum
1784 393 2002 436 praesentium

1249 443 1413 476 dumtaxat
1452 444 1730 487 consequendum,
1769 445 1884 478 harum
1920 446 2001 480 serie

1248 497 1448 530 absolventes
1479 503 1509 530 et
1542 498 1705 531 absolutos
1734 499 1801 531 sore
1821 505 2000 539 censentes;

1249 561 1376 584 necnon
1396 562 1680 596 quarumcumque
1705 552 1810 585 litium
1835 558 1866 586 et
1892 564 2003 587 causa—

1248 615 1320 637 rum
1342 610 1442 638 status
1466 615 1503 638 ac
1524 605 1651 645 merita,
1678 606 1810 638 nomina
1831 611 1862 639 et
1882 617 2001 649 cogno-

1250 659 1336 691 mina
1360 659 1517 699 iudicum,
1539 670 1648 692 coram
1676 659 1798 703 quibus
1828 659 1901 694 illae
1922 670 2001 703 pen-

1248 713 1334 751 dent,
1344 724 1380 745 ac
1393 713 1640 756 collitigantiuni
1650 712 1866 756 aliorumque,
1874 724 2001 747 necnon

1248 777 1534 810 quorumcumque
1568 766 1829 809 privilegiorum,
1861 767 2003 801 indulto-

1248 830 1332 859 rum,
1363 820 1603 863 exemptionum
1631 825 1661 853 et
1681 821 1923 854 immunitatum
1957 821 2003 855 eis

1249 884 1478 906 concessorum
1491 879 1619 907 tenores
1631 874 1867 918 praesentibus,
1881 885 1940 918 pro
1952 885 2002 908 ex-

1250 927 1367 970 pressis
1379 927 1545 967 habentes,
1560 938 1739 970 causasque
1761 928 1947 962 huiusmodi
1963 929 2002 962 ad

1248 992 1306 1014 nos
1318 981 1432 1013 harum
1450 981 1532 1014 serie
1545 981 1747 1022 advocantes,
1761 982 1896 1025 illasque
1911 983 2000 1027 peni—

1247 1039 1298 1067 tus
1309 1040 1339 1067 et,
1350 1035 1480 1067 omuino
1498 1035 1732 1078 extinguentes,
1750 1046 1788 1068 ac
1803 1035 2004 1079 litigantibus

1248 1088 1434 1121 huiusmodi
1464 1094 1659 1132 perpetuum
1689 1099 1787 1132 super
1816 1089 2003 1132 praemissis

1248 1142 1412 1175 silentium
1434 1143 1650 1186 imponentes,
1673 1142 1860 1175 huiusmodi
1881 1143 2003 1187 suppli-

1248 1195 1428 1229 cationibus
1470 1195 1634 1236 inclinati,
1669 1195 1779 1228 omnia
1812 1200 1843 1228 et
1876 1195 2003 1239 singula

1248 1248 1430 1292 privilegia,
1468 1249 1711 1289 immunitates,
1759 1248 2000 1292 exemptiones,

1249 1304 1428 1344 lacultates,
1450 1303 1579 1346 gratias,
1613 1303 1793 1343 libertates,
1827 1302 1952 1336 indulta
1972 1307 2004 1336 et

1247 1357 1326 1389 alias
1345 1357 1480 1399 gratias,
1508 1362 1572 1389 tam
1594 1367 1653 1400 per
1677 1366 1735 1389 nos
1763 1366 1871 1400 nuper
1904 1366 2002 1400 quarn

1247 1421 1472 1453 quoscumque
1497 1410 1660 1443 Romanos
1679 1409 1850 1442 Pontifices
1870 1409 2004 1454 praede-

1248 1475 1391 1498 cessores
1416 1470 1542 1498 nostros
1566 1471 1597 1498 ct
1616 1464 1731 1498 Sedem
1755 1465 1902 1497 eamdem
1923 1474 2003 1507 quo-

1248 1518 1423 1552 modolibet
1452 1518 1708 1551 Mendicannhus
1733 1517 1907 1551 Ordinibus
1927 1528 2002 1551 con-

1248 1583 1336 1606 cessa
1347 1600 1354 1612 ,
1377 1573 1415 1605 ad
1430 1573 1609 1617 praefatum
1622 1571 1829 1605 Minimorum
1849 1571 2000 1606 Ordinem

1247 1627 1285 1659 dc
1306 1638 1387 1660 novo
1408 1627 1612 1660 extendimus
1627 1632 1657 1660 et
1672 1627 1878 1671 ampliamus,
1902 1626 2002 1671 ipsos-

1247 1692 1310 1724 que
1330 1692 1403 1714 vere
1423 1681 1639 1714 Mendicantes
1649 1691 1729 1721 esse,
1753 1686 1784 1713 et
1799 1680 1858 1713 sul)
1879 1680 2000 1714 Mendi-

1248 1736 1390 1768 cantium
1419 1735 1592 1769 Ordinibus
1620 1746 1688 1769 esse
1716 1740 1747 1768 et
1767 1735 2000 1779 comprehendi

1247 1790 1377 1829 debere,
1399 1801 1526 1823 necnon
1547 1790 1655 1823 onmia
1680 1796 1711 1823 et
1728 1790 1853 1833 singula
1873 1790 2000 1825 concilii

1247 1843 1423 1876 Tridentini
1444 1844 1573 1884 decreta
1593 1855 1652 1888 pro
1674 1844 1928 1878 Mendicantibus
1943 1845 2001 1879 Or-

1247 1897 1376 1930 dinibus
1410 1898 1571 1930 declarata
1602 1904 1633 1930 et.
1666 1897 1868 1939 modificata,
1905 1899 2000 1932 ctiam

1247 1962 1306 1996 pro
1322 1952 1440 1985 Ordine
1458 1952 1664 1985 Minimorum
1683 1952 1871 1986 huiusmodi
1892 1951 2000 1987 decla-

1247 2016 1357 2039 ramus
1376 2011 1406 2038 ct
1430 2006 1666 2039 modilicamus.

1291 2062 1305 2103 ,ξ
1324 2060 1355 2093 3.
1378 2060 1567 2101 Districtius,
1588 2061 1620 2093 in
1642 2060 1757 2093 virtute
1774 2066 1902 2095 sanctae
1926 2062 2001 2096 obe-

1247 2114 1397 2154 dientiae,
1410 2125 1447 2147 ac
1458 2114 1528 2147 aliis
1548 2114 1680 2147 arbitrio
1692 2120 1802 2148 nostro
1818 2115 2000 2159 infligendis

1248 2167 1360 2211 poenis
1381 2168 1561 2201 inhibentes
1585 2168 1751 2212 quibusvis
1771 2169 1918 2202 locorum
1949 2181 2000 2203 or·
2014 2173 2052 2199 1»ῑῆ

1247 2221 1380 2255 dinariis
1404 2232 1440 2254 ae
1469 2222 1539 2255 aliis
1564 2222 1844 2265 quibuscumque,
1872 2233 1912 2256 ne
1932 2234 2000 2257 eos-

1247 2275 1319 2308 dem
1331 2277 1443 2310 fratres
1459 2276 1587 2310 Ordinis
1598 2276 1816 2317 Minimorum,
1832 2282 1944 2311 contra
1955 2278 2001 2312 eis

1247 2330 1292 2362 sic
1308 2341 1460 2363 concessa
1471 2330 1647 2374 privilegia,
1664 2332 1848 2372 molestare,
1873 2331 2000 2375 inquie-

1247 2389 1314 2417 tare
1338 2386 1386 2417 vel
1408 2385 1600 2428 perturbare
1624 2385 1764 2419 audeant
1790 2385 1839 2419 vel
1863 2396 1998 2429 praesu-

1247 2439 1347 2466 mant.

1291 2484 1305 2525 ,ξ
1326 2483 1356 2515 4.
1384 2483 1598 2517 Decernentes
1612 2494 1743 2527 quoque
1763 2490 1948 2528 praesentes
1963 2485 1999 2518 li-
2026 2497 2136 2519 clausulas
2147 2505 2195 2526 {³1¹ae-

1248 2538 1330 2566 teras
1363 2534 1430 2566 ullo
1464 2544 1619 2577 umquam
1648 2538 1792 2577 tempore
1820 2533 1860 2566 de
1888 2530 2194 2589 SUbPO-{ss{fj⁴‡¹{‘},⁵pffl⁵fj

1247 2582 1426 2625 wionis-vel
1447 2582 1645 2626 obreptionis
1664 2581 1750 2622 vitio,
1773 2588 1828 2615 aut
1850 2582 1998 2617 intentio—

1247 2632 1297 2664 nis
1330 2637 1458 2666 nostrae
1501 2633 1549 2666 vel
1588 2632 1741 2676 quopiam
1773 2632 1837 2666 alio
1870 2633 1997 2668 defectu

2075 2078 2195 2107 Eorumque

2014 2110 2126 2137 privilegia
2158 2111 2198 2132 ob-
2224 2122 2230 2141 χ

2014 2142 2095 2162 servari
2111 2143 2196 2170 praeci-
