2237 3100
212 260 263 287 An.
280 260 308 287 C.
330 260 391 289 {56l

270 2192 401 2215 Exeeutors·

218 2223 312 2252 deputam

455 249 518 284 11⁶2

412 312 612 356 exemptione
634 312 820 345 huiusmodi
842 312 886 345 uti
908 319 935 344 et
957 310 1097 353 gaudere
1125 307 1162 340 li-

410 365 487 399 bere
515 372 543 399 et
575 365 658 399 lie-ite
689 367 810 399 valeant
833 366 864 398 in
885 365 1036 398 omnibus
1056 369 1083 395 ct
1107 373 1164 406 per

411 419 531 459 onmia,
559 430 595 452 ac-
615 419 640 452 si
656 419 740 463 apud
763 430 835 452 suas
860 417 1010 451 ecclesias
1041 427 1097 449 seu
1132 416 1162 449 in

411 483 521 506 earum
543 473 745 506 dioecesibus
773 472 924 516 praetatis
951 470 1164 515 personaliter

410 526 599 565 residerent,
618 527 649 559 iu
671 526 821 559 munibus
841 532 868 557 et
887 534 944 567 per
964 523 1070 556 onmia
1088 533 1163 556 con-

410 579 554 613 cedimus
574 584 604 611 et
621 579 838 621 indulgemus:
861 578 1044 620 dictamque
1061 586 1163 609 exeni-

409 632 551 676 ptionem
573 638 600 665 et
623 632 843 665 alternativam
865 630 904 663 ad
926 631 1012 674 ipsos
1033 641 1069 662 ac
1088 630 1162 663 uni-

409 697 515 720 versos
544 692 571 719 et
601 686 743 729 singulos
772 685 852 717 alios
871 684 1069 718 venerabiles
1099 684 1162 717 t'ra-

409 746 472 773 tres
492 746 619 772 nostros
639 739 820 784 episcopos,
844 738 1108 782 archiepiscopos
1133 744 1161 770 et

409 793 625 837 patriarchas,
658 793 752 826 etiam
781 792 821 825 ad
841 793 902 825 hoc
928 798 960 824 ut
983 791 1029 824 illi
1050 802 1087 825 ac
1107 802 1162 824 eo-

409 857 480 879 rum
506 846 640 889 singuli,
667 846 723 890 qui
752 846 783 879 in
815 846 901 879 dicto
928 846 1065 879 coneilio
1099 845 1162 878 iam

409 901 515 933 forsan
536 901 574 934 ad
595 911 748 945 praesens
768 899 920 936 resident,
944 905 994 932 aut
1018 900 1057 932 ad
1084 900 1163 932 illud

408 954 439 987 in
473 960 639 998 posterum
671 954 844 995 accedent,
881 954 980 997 qnod,
1007 953 1163 996 quamdiu

409 1008 586 1041 concilium
608 1008 714 1052 ipsum
740 1007 902 1041 duraverit
928 1013 957 1040 et
982 1007 1040 1051 ipsi
1064 1008 1162 1040 inter-

410 1061 540 1103 fuerint,
562 1061 646 1094 dieta
666 1061 850 1094 alternatim
874 1060 1014 1103 gaudere
1028 1060 1161 1104 possint,

409 1119 439 1147 et
458 1115 627 1148 occasione
656 1114 889 1159 episcopalium
917 1125 972 1147 seu
1002 1114 1163 1158 archicpi-

409 1168 588 1211 scopalium
622 1169 669 1201 vel
705 1167 969 1212 patriarchalium
1011 1167 1164 1200 eeclesia-

410 1231 482 1253 rum
503 1226 555 1253 aut
579 1221 849 1253 monasteriorum
871 1221 917 1252 vel
944 1219 1081 1253 aliorum
1108 1221 1164 1253 be-

411 1274 604 1307 neficiorum
639 1274 951 1311 ecclesiasticorum,
982 1285 1055 1306 cum
1086 1285 1165 1307 cura

410 1332 438 1360 et
473 1327 541 1360 sine.
562 1338 651 1368 cuin,
683 1327 899 1361 saecularium
927 1333 954 1360 et
977 1327 1166 1371 quorumvis

409 1380 564 1414 Ordinum
588 1381 795 1424 regularium,
816 1392 898 1424 quae
919 1380 1013 1414 etiam
1036 1392 1070 1413 ev
1097 1381 1166 1424 qui-

410 1435 517 1468 busvis
537 1435 802 1468 concessionibus
821 1440 848 1468 et
872 1435 1166 1478 dispensationibus

410 1488 594 1532 apostolicis
625 1488 657 1521 in
685 1488 814 1521 titulum
837 1494 868 1521 ct.
887 1488 1113 1521 commendam
1129 1500 1165 1522 ac

410 1542 488 1575 alias
508 1542 749 1586 quomodolibet
785 1541 928 1575 obtinent
952 1547 979 1574 et
1002 1542 1032 1574 in
1062 1548 1166 1586 poste-

411 1606 484 1629 rum
503 1595 706 1636 obtinebunt,
735 1606 973 1640 quaecumque,
997 1601 1167 1639 quotcum-

411 1660 475 1694 que
495 1656 523 1683 et
547 1650 797 1693 qualiacumque
830 1649 909 1689 sint,
943 1660 1025 1693 quac
1059 1650 1167 1682 omnia

412 1703 638 1748 praesentibus
662 1714 721 1748 pro
749 1703 906 1746 expressis
938 1703 1049 1736 haberi
1081 1704 1168 1736 volu-

413 1768 497 1797 mus,
519 1757 557 1789 ad
579 1757 774 1790 solutionem
793 1767 1078 1801 quorumcumque
1095 1757 1169 1790 sub-

413 1811 569 1844 sidiorum
609 1821 665 1843 seu
699 1811 898 1844 decimarum
940 1811 1169 1843 collectoribus

414 1876 470 1899 scu
492 1864 784 1898 subcollectoribus
804 1869 855 1897 aut
889 1864 960 1897 aliis
986 1865 1168 1898 executori-

414 1919 473 1952 bus
483 1919 531 1952 vel
541 1917 705 1962 quibusvis
718 1917 789 1950 aliis
807 1918 965 1961 personis,
989 1918 1099 1961 quavis
1115 1929 1170 1951 au-

415 1972 561 2006 ctoritate
589 1972 806 2015 fungentibus,
823 1973 893 2015 cogi
920 1972 1054 2016 possint,
1080 1978 1168 2005 motu

414 2031 445 2059 et.
475 2025 607 2059 seientia
638 2024 796 2058 similibus
827 2025 1027 2058 extendimus
1054 2031 1082 2058 et
1104 2036 1170 2058 am-

416 2080 565 2124 plianius.

460 2134 475 2177 ξ
504 2134 534 2167 5.
567 2134 752 2167 Maudantes
785 2133 941 2166 universis
971 2139 1001 2165 et
1037 2133 1171 2176 singulis

418 2187 563 2233 personis
584 2187 616 2220 in
637 2186 788 2230 dignitate
810 2187 1025 2220 ecclesiastica
1053 2187 1170 2220 consti-

417 2241 493 2274 tutis
530 2246 689 2285 quatenus
710 2240 768 2285 ipsi
788 2241 836 2273 vel
857 2241 921 2273 duo
942 2246 995 2273 aut
1019 2251 1103 2273 unus
1123 2251 1172 2273 eo-

418 2306 504 2336 rum,
527 2305 584 2338 per
604 2305 636 2327 se
656 2294 705 2327 vel
726 2294 825 2327 alium
850 2305 905 2327 seu
927 2294 1022 2330 alios,
1056 2295 1171 2327 saciant

418 2348 608 2382 auctoritate
639 2354 747 2381 nostra
783 2353 968 2391 praesentes
996 2348 1104 2381 literas
1133 2348 1172 2380 ab

418 2401 580 2441 omnibus,
618 2401 656 2434 ad
685 2412 767 2445 quos
787 2406 919 2444 spectat,
949 2401 1173 2433 iuviolabiliter

419 2450 603 2490 ohservari;
643 2450 896 2484 contradictores
931 2461 987 2493 per
1021 2461 1174 2483 censuras

420 2499 651 2533 ecclesiasticas
671 2511 707 2532 ac
733 2499 794 2532 alia
819 2505 1002 2543 opportuna
1023 2499 1102 2532 iuris
1122 2510 1173 2532 rc-

421 2548 544 2589 media,
579 2549 796 2592 appellatione
822 2549 1017 2593 postposita,
1042 2559 1172 2592 compe-

422 2597 550 2631 scendo.

466 2646 481 2690 g
501 2646 531 2681 6.
554 2646 624 2681 Non
644 2645 844 2681 obstantibus
864 2646 1029 2691 quibusvis
1048 2653 1175 2692 aposto-

1006 257 1184 282 mttmntt'M
1208 255 1358 280 ROMANUM
1393 289 1397 296 ι

1977 252 2028 279 An.
2041 252 2071 281 C.
2088 252 2155 282 1⁸61

1204 307 1275 340 licis
1295 316 1421 340 necnon
1448 306 1479 339 in
1501 305 1752 350 provincialibus
1772 311 1803 338 et
1827 304 1961 349 synoda-
1999 308 2158 333 Commotus-

1205 360 1288 392 libus
1309 359 1454 393 conciliis
1474 359 1577 399 editis,
1598 358 1802 402 generalibus
1821 358 1869 391 vel
1886 368 1960 402 spe·
1974 344 2051 368 '⁰⁸⁸²‘

1205 413 1358 453 cialibus,
1389 411 1673 446 constitutionibus
1693 417 1723 445 et
1747 411 1960 445 ordinationi-

1204 466 1279 506 bus;
1309 471 1361 499 ant
1384 466 1409 498 si
1430 465 1550 498 eisdem
1576 465 1805 499 collectoribus
1831 469 1862 498 et
1882 464 1959 498 sub-

1204 520 1433 553 collectoribus
1448 525 1477 552 et
1489 519 1654 563 quibusvis
1673 518 1755 559 aliis,
1779 518 1961 552 communi—

1204 578 1252 605 ter
1270 574 1318 605 vel
1344 572 1480 613 divisim,
1503 573 1542 605 ab
1563 573 1675 606 eadem
1696 573 1732 605 sit
1759 571 1840 605 Sede
1857 572 1961 605 indul-

1204 631 1271 658 tum
1293 626 1379 669 quod
1401 625 1561 666 interdici,
1594 625 1747 669 suspendi
1764 625 1812 658 vel
1834 635 1960 658 excom-

1205 679 1364 712 municari
1386 690 1451 712 uon
1478 679 1601 723 possint
1627 690 1684 724 per
1704 679 1813 712 literas
1833 683 1960 722 aposto-

1204 733 1282 766 licas
1307 743 1370 765 non
1401 732 1552 765 facientes
1573 733 1700 776 plenam
1721 737 1752 766 et
1775 741 1960 776 expressam

1203 797 1241 819 ac
1264 787 1302 819 de
1329 787 1427 820 verbo
1455 787 1493 819 ad
1518 786 1651 820 verbum
1679 787 1718 819 de
1747 785 1872 819 indulto
1897 785 1959 819 hu-

1205 840 1342 874 iusmodi
1365 840 1573 873 mentionem.

1249 894 1314 937 5¹7.
1338 894 1371 927 Et
1402 894 1477 937 quia
1506 894 1634 927 difficile
1662 893 1743 927 soret
1774 898 1961 938 praesentes
2014 911 2159 940 Tun-umpa-

1206 947 1312 980 literas
1336 948 1375 980 ad
1397 947 1538 990 singulas,
1563 947 1594 980 in
1614 946 1733 990 quibus
1752 947 1791 980 de
1816 946 1862 980 eis
1881 946 1961 980 fides
1974 943 2033 965 ⁰¹⁶⁶*
2047 943 2114 969 ¹⁰⁵⁰*

1205 1001 1310 1033 forsan
1333 1001 1476 1034 facienda
1496 1000 1602 1040 suerit,
1626 1000 1696 1033 loca
1713 1000 1849 1041 deferre,
1871 1001 1960 1034 volu-

1206 1064 1278 1086 mus
1314 1060 1341 1087 et
1385 1054 1497 1087 eadem
1532 1053 1722 1087 auctoritate
1755 1053 1961 1087 decernimus

1206 1107 1291 1151 quod
1310 1107 1452 1151 ipsarum
1474 1106 1685 1151 transumptis
1704 1110 1762 1140 etc.

1250 1160 1316 1204 §8.
1343 1161 1428 1194 Nulli
1454 1171 1531 1204 ergo
1561 1160 1695 1194 omnino
1722 1159 1894 1194 hominum
1921 1159 1960 1193 li-

1207 1220 1277 1248 ceat
1297 1219 1354 1247 etc.

1250 1267 1364 1300 Datum
1388 1267 1507 1301 Romae
1534 1267 1620 1312 apud
1636 1268 1667 1301 S.
1696 1268 1846 1308 Petrum,
1877 1277 1961 1301 anno

1207 1322 1440 1355 incarnationis
1460 1322 1641 1355 dominicae
1671 1320 1844 1355 millesimo
1870 1323 1963 1365 quin—

1206 1375 1384 1417 gentesimo
1422 1375 1620 1419 sexagesimo
1654 1375 1780 1420 primo,
1818 1375 1963 1409 kalendis

1208 1428 1325 1469 martii,
1350 1429 1557 1472 pontificatus
1578 1429 1679 1462 nostri
1700 1439 1784 1462 anno
1805 1429 1959 1463 secundo.

1267 1482 1327 1512 Dat.
1347 1483 1393 1513 die
1417 1484 1425 1512 1
1447 1483 1544 1513 martii
1563 1483 1645 1520 ¹56¹,
1662 1482 1766 1522 pontis.
1788 1492 1864 1513 anno
1881 1492 1910 1513 u.

2024 1172 2162 1196 Sanctionem

1975 1204 2089 1232 poenalem
2096 1205 2160 1227 addit.

1265 1603 1417 1647 Sequitur
1438 1603 1601 1637 indultzmz
1625 1603 1707 1648 quod
1735 1604 1771 1637 in
1798 1614 1907 1638 eorum

1395 1657 1506 1689 lilibus
1525 1658 1778 1700 supersedeatur.

1330 1737 1393 1766 Pius
1406 1737 1475 1773 Papa
1492 1737 1535 1770 tv,
1550 1738 1628 1766 motu
1643 1738 1766 1774 proprio,
1781 1739 1834 1767 oto.

1255 1809 1334 1842 Cum
1356 1809 1396 1842 ob
1417 1809 1669 1843 celebrationem
1685 1809 1814 1843 concilii
1832 1821 1890 1854 per
1905 1821 1964 1845 nos

1212 1863 1322 1896 indicti
1353 1869 1500 1907 oporteat
1520 1864 1698 1908 praelatos,
1731 1870 1794 1903 tam
1821 1864 1860 1898 ab
1880 1865 1965 1898 alma

1211 1918 1295 1951 Urbe
1314 1923 1422 1951 nostra
1453 1928 1549 1962 quam
1582 1918 1621 1950 ab
1638 1918 1708 1951 aliis
1725 1918 1890 1952 christiani
1911 1929 1964 1952 or-

1211 1972 1259 2004 bis
1280 1972 1442 2015 partibus,
1471 1972 1510 2004 ad
1542 1972 1700 2005 civitatem
1735 1972 1965 2015 Tridentinam‚

1213 2027 1243 2058 in
1264 2037 1325 2069 qua
1351 2025 1507 2059 indictuni
1529 2025 1599 2065 suit,
1619 2026 1785 2067 accedere,
1809 2031 1840 2060 et
1854 2038 1967 2071 quam-

1214 2079 1323 2123 plures
1343 2090 1455 2113 eorum
1481 2080 1619 2112 habeant
1645 2079 1748 2113 varias
1776 2086 1807 2113 et
1828 2080 1968 2115 diversas

1213 2144 1326 2166 causas
1349 2144 1457 2166 coram
1484 2133 1645 2177 aliquibus
1670 2144 1707 2166 ex
1729 2133 1968 2169 venerabilibus

1214 2187 1366 2219 fratribus
1386 2187 1503 2220 uostris
1529 2192 1656 2220 sanctae
1676 2187 1839 2221 Romanae
1859 2189 1967 2222 Eccle-

1213 2240 1276 2273 siae
1298 2241 1515 2274 cardinalibus
1536 2247 1565 2274 et
1586 2241 1617 2274 in
1638 2241 1798 2274 auditorio
1815 2242 1913 2275 Rotae
1930 2253 1968 2276 ac

1214 2294 1327 2326 inaliis
1347 2300 1474 2328 nostrae
1495 2294 1611 2329 Curiae.
1632 2295 1857 2335 tribunalibus,
1879 2295 1967 2329 ordi-

1214 2347 1312 2380 nariis
1339 2348 1401 2381 sive
1425 2346 1594 2391 delegatis,
1627 2359 1722 2392 quae,
1742 2354 1875 2392 propter
1895 2349 1966 2383 illo-

1215 2412 1286 2433 rum
1308 2402 1498 2441 absentiam,
1516 2402 1648 2445 aliquod
1668 2401 1895 2435 detrimentum
1913 2414 1967 2436 su-

1214 2450 1337 2493 scipere
1359 2456 1499 2493 possent.

1259 2501 1273 2541 ,ξ
1299 2500 1324 2532 l.
1353 2500 1427 2541 Nos,
1458 2500 1601 2533 volentes
1622 2499 1788 2544 providere
1819 2510 1858 2533 nc
1892 2500 1968 2534 dicti
1998 2512 2168 2539 Supersedouur

1216 2549 1349 2592 praelati
1385 2560 1565 2592 eorumque
1601 2548 1773 2587 familiares
1806 2560 1843 2582 ac
1886 2549 1967 2583 aliae
1981 2543 2168 2596 ic'ffsggffllfmpmfd

1215 2608 1372 2641 personae
1394 2598 1478 2631 dieto
1504 2597 1641 2631 concilio
1670 2597 1824 2631 interesse
1844 2598 1966 2632 haben-
1983 2605 2168 2643 concaua-nupsi

1215 2654 1282 2689 tes,
1319 2658 1490 2683 causarum
1524 2647 1711 2682 huiusmodi
1740 2648 1826 2682 curis
1856 2637 2097 2683 dist1*a-'⁰¹¹¹⁹¹¹¹¹'·

2017 1823 2083 1846 cansa
2102 1824 2163 1846 halin

1977 1855 2060 1878 indutu.
