2237 3100
49 239 102 270 An.
118 241 148 269 C.
163 237 232 268 ¹570

291 294 307 338 ἓ
325 292 378 327 33.
406 293 551 338 Denique
572 294 667 328 etiarn
687 295 838 328 volumus
860 300 896 328 ut
916 295 1000 339 ipsa-

82 356 228 384 E¹emr¹0rum
246 359 320 382 rum
332 348 551 392 praesentium
564 349 824 392 exempla,ctiam
833 349 999 393 impressa,

47 388 106 410 Νη
246 401 380 446 capituli
398 402 446 435 vel
467 402 585 446 prioris
604 403 763 446 generalis
787 413 843 436 seu
868 403 1000 436 alterius

244 466 403 500 personae
420 455 453 489 in
474 456 626 500 dignitate
646 455 862 490 ecclesiastica
883 457 999 490 consti-

243 514 331 543 tutae
350 514 408 543 etc.

284 563 371 597 Nulli
392 574 467 606 ergo
489 568 545 597 etc.
570 564 601 597 Si
621 564 695 608 quis
715 568 771 598 etc.

284 618 398 650 Datum
424 617 545 651 Rornae
571 618 657 662 apud
678 618 830 652 Sanctum
848 617 993 658 Petrum,

239 681 325 704 anno
345 670 580 704 Incarnationis
610 671 792 705 dominicae
820 681 939 713 iinixx,
960 682 996 705 111

237 724 391 758 kalendas
414 724 513 766 iunii,
540 725 749 769 pontificatus
778 725 879 759 nostri
909 736 994 759 anno

237 768 363 822 quinto.

291 835 354 866 Dat.
376 834 423 866 die
438 834 477 867 30
491 835 561 866 maii
580 836 668 875 1570,
688 837 791 877 pontif.
809 847 886 868 anno
901 847 930 869 v.

559 986 658 1021 CLXI.

230 1063 416 1098 Declamatio
426 1067 455 1096 et
466 1063 638 1107 ampliatio
648 1064 778 1097 concilii
789 1064 986 1106 Tridentini,

274 1127 345 1160 cap.
368 1127 429 1158 xiv,
442 1127 514 1149 sess.
537 1126 610 1150 xxiv
629 1117 665 1150 de
686 1118 909 1160 prohibitione
924 1119 988 1151 ali-

274 1171 352 1215 quid
371 1171 524 1214 exiyendi
542 1171 591 1203 vel
605 1172 740 1214 petendi
759 1172 796 1204 in
818 1172 988 1206 collatione

274 1224 379 1257 aliave
390 1224 577 1267 provisione
597 1225 824 1267 beneficiorum
843 1226 988 1259 ecclesia-

271 1278 437 1318 sticorum,
459 1277 507 1310 vel
539 1278 582 1311 ad
602 1278 732 1311 illorum
756 1280 986 1322 possessionem

271 1332 468 1366 admissione
482 1331 509 1366 ¹.

316 1413 378 1444 Pius
396 1412 539 1450 episcopus
558 1419 653 1441 servus
673 1419 815 1442 servorum
833 1413 894 1447 Dei,

386 1468 420 1497 ad
438 1467 565 1497 futuram
583 1468 626 1496 rei
648 1463 818 1497 memoriam.

268 1540 391 1575 Durum
413 1539 510 1574 nimis
529 1545 560 1573 et
579 1540 826 1574 incommodum
846 1540 983 1574 arbitra-

61 1611 179 1634 mmffum,
223 1605 310 1636 mur,
337 1594 425 1638 quod
458 1593 670 1627 ecclesiarum
696 1593 848 1635 ministri,
876 1594 909 1626 in
944 1594 982 1627 iis

223 1659 308 1692 quae
327 1648 366 1681 ad
392 1648 540 1693 ipsorum
565 1648 835 1681 sustentationem
861 1660 980 1693 suppe-

223 1701 336 1743 ditant,
349 1701 516 1745 dispendia
528 1701 705 1746 patiantur.
724 1701 893 1741 Quocirca,
906 1713 979 1735 cum

222 1756 306 1789 hanc
326 1756 365 1789 ad
385 1767 467 1798 rem,
494 1756 657 1799 simulque
679 1755 915 1800 prohibendam
941 1756 980 1788 ab

220 1810 363 1844 Ecclesia
395 1811 451 1843 Dei
476 1810 628 1843 avaritiae
648 1810 856 1854 pravitatem,
879 1810 979 1843 editas

220 1864 356 1897 antehac
377 1864 562 1898 sanctiones
582 1864 715 1897 minime
736 1864 811 1896 satis
840 1874 907 1897 esse
928 1864 977 1896 in-

219 1917 414 1961 telligimus,
437 1928 538 1951 norae
559 1917 799 1951 constitutionis
834 1918 978 1952 subsidio

219 1971 368 2015 cogimur
387 1971 569 2016 providere.

263 2025 278 2069 ᾗ
298 2025 329 2058 1.
353 2025 433 2059 Cum
454 2025 565 2070 itaque
590 2025 668 2058 alias
688 2036 726 2057 ex
750 2025 898 2069 plurium
923 2036 976 2059 ee-

87 2096 204 2117 concffium
219 2079 393 2113 elesiarum
415 2078 651 2112 cathedralium
674 2084 704 2112 et
730 2079 975 2122 collegiatarum

20 2127 203 2186 Ξζξξωᾞῗρῗξξ
219 2132 506 2166 constitutionibus
518 2138 571 2165 aut
582 2143 618 2165 ex
630 2143 727 2176 prava
738 2133 975 2166 consuetudine

20 2191 125 2226 nuntiavit
158 2191 206 2217 epi·
219 2185 382 2220 observari
402 2186 638 2229 intelligeretur
671 2192 717 2226 ut,
740 2186 772 2219 in
803 2186 972 2228 electione,

20 2225 206 2274 iiipifmgici'dcii'-
220 2239 493 2284 praesentatione,
511 2239 745 2281 nominatione,
764 2239 973 2280 institutione,

20 2290 59 2306 '¹⁰⁸
80 2287 101 2305 ‘¹
125 2287 204 2306 ΜΝ
220 2293 479 2333 confirmatione,
508 2292 680 2327 collatione
704 2294 753 2326 vel
786 2293 847 2326 alia
867 2294 974 2338 prori-

21 2316 97 2343 nliquid
147 2316 204 2337 reci-

21 2348 205 2401 ssffieigmfgg]
219 2347 309 2381 sione
342 2347 405 2381 sive
440 2347 635 2381 admissione
668 2348 708 2381 ad
738 2347 973 2391 possessionem

21 2410 100 2431 ciorum
124 2411 204 2434 reiice-
217 2402 357 2436 alicuius
377 2402 571 2435 cathedralis
582 2402 970 2444 ecclcsiaevclbeneficii,

21 2444 76 2462 ’ω’
218 2456 470 2490 canonicatuum
491 2461 545 2489 aut
565 2455 825 2500 praebendarum
837 2457 885 2489 vel
901 2467 974 2500 par-

254 2524 266 2550 1
290 2523 331 2550 Ad
345 2522 395 2550 hoc
412 2522 496 2549 videri
509 2526 597 2558 potest
612 2524 691 2550 etiam
708 2523 810 2550 concilii
825 2523 972 2550 Tridentini

217 2575 284 2595 sess.
296 2575 355 2600 xxi,
367 2575 425 2603 cap.
437 2575 456 2603 13
468 2571 494 2595 et
510 2576 574 2594 sess.
588 2576 670 2600 xxiv,
683 2576 740 2603 cap.
756 2568 798 2595 18.
810 2568 865 2594 Alia
877 2568 907 2595 ad
919 2576 973 2595 rna-

218 2613 312 2640 teriam
325 2613 453 2640 simoniae
470 2612 631 2640 beneficialis
646 2612 722 2648 plene
738 2612 852 2640 indicavi
866 2613 892 2639 in
915 2613 971 2640 lulii

217 2657 242 2685 11
260 2658 367 2687 constit.
385 2666 414 2691 v,
435 2659 502 2686 Cum
519 2660 691 2691 tamdivino,
704 2660 769 2685 tom.
787 2665 814 2690 v,
830 2665 889 2693 pag,
907 2658 969 2686 [105.

934 242 1002 267 PIUS
1021 242 1040 265 V
1059 243 1106 266 FP.

1692 235 1756 268 827

1043 300 1107 328 tem
1140 300 1357 340 proventuum
1391 307 1447 330 seu
1482 296 1521 329 ad
1556 297 1801 331 distributiones

1043 349 1259 392 quotidianas,
1275 355 1381 383 certae
1402 350 1604 384 conditiones
1624 362 1681 383 seu
1701 352 1799 385 dedu-

1043 403 1166 437 ctiones
1186 415 1223 436 ex
1249 404 1420 444 fructibus,
1444 405 1634 445 solutiones,
1657 405 1797 448 promis-

1041 455 1148 489 siones
1186 458 1506 502 compensationesve
1544 458 1674 491 illicitae
1690 486 1697 498 ,
1743 464 1797 491 aut

1040 509 1136 542 etiam
1162 521 1244 553 quae
1265 511 1298 544 in
1319 511 1484 555 aliquibus
1509 512 1653 545 ecclesiis
1679 512 1795 546 dicun-

1040 568 1092 596 tur
1130 569 1303 598 turnorum
1343 566 1453 606 lucra,
1493 565 1792 610 interponerentur,

1038 616 1111 649 licet
1132 623 1241 651 sancta
1262 619 1416 663 synodus,
1430 620 1509 653 haee
1531 620 1694 661 detestata,
1706 631 1795 653 man-

1037 671 1157 704 daverit
1185 671 1344 716 episcopis
1369 678 1404 706 ut
1427 684 1654 717 quaecumque
1678 674 1793 708 liuius-

1036 724 1136 766 modi,
1159 736 1242 769 quae
1276 726 1309 758 in
1344 737 1421 759 usus
1449 727 1521 771 pios
1540 738 1605 760 non
1626 733 1792 762 converte-

1036 784 1160 819 rentur,
1184 784 1279 822 atque
1300 779 1465 823 ingressus
1479 791 1546 821 eos,
1565 781 1621 824 qui
1641 782 1793 815 simonia-

1035 842 1090 864 cae
1107 833 1188 865 labis
1201 838 1255 866 aut
1268 834 1416 867 sordidae
1424 835 1563 868 avaritia)
1572 836 1791 879 suspicionem

1033 885 1202 927 haberent,
1229 887 1300 920 fieri
1321 898 1387 920 non
1406 888 1642 931 permitterent,
1666 889 1790 934 ipsique

1033 940 1205 983 diligenter
1224 941 1263 973 de
1284 952 1397 974 eorum
1419 942 1706 977 constitutionibus
1726 944 1789 977 sive

1033 994 1324 1027 consuetudinibus
1344 1005 1442 1039 super
1462 996 1634 1039 praedictis
1667 1008 1788 1041 eogno-

1031 1054 1170 1089 scerent,
1194 1054 1225 1081 et
1249 1048 1312 1081 illis
1333 1053 1469 1090 tantum,
1497 1061 1578 1094 quas
1602 1051 1786 1094 probarent,

1031 1102 1184 1146 exceptis,
1208 1103 1348 1146 reliquas
1369 1108 1403 1135 ut
1424 1114 1536 1146 pravas
1569 1110 1597 1137 et
1620 1105 1787 1139 scandalo—

1030 1167 1079 1189 sas
1113 1156 1285 1189 reiicercnt
1304 1169 1311 1197 ;
1348 1168 1402 1190 eos
1435 1169 1510 1191 vero
1544 1159 1611 1202 qui.
1634 1160 1786 1193 adversus

1030 1210 1206 1253 praedicta,
1233 1211 1345 1254 quavis
1369 1212 1493 1245 ratione
1535 1214 1782 1256 commisissent,

1029 1263 1141 1306 poenis
1157 1270 1269 1298 eontra
1290 1265 1484 1299 simoniacos
1500 1265 1591 1300 editis
1606 1267 1708 1300 teneri
1729 1268 1783 1302 de-

1028 1318 1175 1357 ereverit3
1196 1320 1373 1352 multorum
1392 1325 1500 1352 tamen
1521 1320 1678 1354 indomita
1695 1322 1782 1366 cupi-

1027 1372 1135 1414 ditate,
1155 1379 1219 1406 tam
1240 1373 1403 1416 praedicta
1423 1385 1520 1417 quam
1541 1374 1601 1407 alia
1623 1375 1662 1407 ad
1682 1376 1781 1410 bene-

1027 1426 1137 1460 ficium
1159 1433 1189 1460 et
1210 1428 1418 1460 commodum
1441 1427 1587 1470 ipsorum
1616 1429 1781 1463 ministro-

1026 1491 1098 1513 rum
1120 1481 1212 1520 edita‚
1228 1485 1280 1513 aut
1302 1480 1435 1513 omnino
1452 1487 1715 1523 contemnuntur,
1727 1488 1782 1516 aut

1025 1535 1057 1567 in
1078 1534 1182 1568 varios
1216 1545 1328 1567 sensus
1349 1535 1495 1568 traducta
1515 1546 1687 1579 perperam
1708 1538 1778 1570 elu-

1025 1590 1159 1622 duntur.

1067 1644 1082 1685 ἓ
1102 1643 1132 1676 ’2.
1156 1643 1260 1682 Quare
1286 1653 1356 1683 nos,
1379 1654 1437 1687 pro
1459 1644 1555 1677 divini
1574 1646 1680 1678 cultus
1691 1656 1780 1679 exer-

1024 1697 1111 1738 citio,
1135 1697 1297 1740 simulque
1319 1703 1525 1731 evocatorum
1550 1699 1587 1731 ad
1610 1699 1700 1732 illum
1723 1711 1778 1733 au-

1022 1751 1098 1784 xilio
1124 1752 1253 1796 plenius
1273 1751 1516 1795 evidentiusque
1542 1754 1777 1787 consulendum

1022 1807 1089 1838 soro
1123 1806 1196 1845 rati,
1219 1817 1409 1839 revocamus
1429 1811 1458 1839 et
1479 1807 1647 1840 abolemus
1668 1808 1776 1841 omnia

1022 1865 1053 1892 et
1073 1870 1300 1903 quaecumque
1328 1859 1505 1903 privilegia,
1527 1861 1777 1894 consuetudines

1021 1920 1051 1947 et
1088 1919 1205 1947 statuta
1242 1924 1526 1957 quarumcumque
1566 1915 1775 1948 ecelesiarum

1021 1968 1256 2001 cathedralium
1299 1974 1327 2000 et
1368 1968 1694 2011 1netropolitanarum
1739 1980 1776 2002 ac

1020 2022 1181 2055 maiorum
1212 2032 1339 2055 necnon
1375 2021 1636 2064 collegiatarum,
1680 2023 1774 2056 ctiam

1019 2076 1220 2116 iuramento,
1254 2076 1500 2109 confirmatione
1525 2076 1699 2119 apostoliea
1720 2085 1774 2111 aut

1018 2131 1080 2163 alio
1097 2130 1210 2174 quovis
1224 2130 1383 2174 praesidio
1400 2129 1534 2170 munita,
1558 2141 1593 2162 ac
1615 2131 1774 2164 etiamsu-

1018 2195 1075 2228 pra
1094 2184 1264 2217 hominum
1285 2184 1475 2217 memoriam
1487 2189 1514 2215 et
1532 2184 1719 2227 longissimo
1736 2197 1772 2219 ac

1017 2244 1283 2283 quamocumque
1301 2244 1458 2282 tempore,
1482 2238 1576 2271 etiam
1603 2239 1769 2281 continuo,

1017 2294 1194 2333 observata,
1222 2293 1284 2325 sive
1301 2303 1359 2336 pro
1381 2293 1539 2325 solvendis
1559 2293 1769 2327 ecclesiarum

1015 2348 1063 2380 vel
1083 2348 1302 2390 praelatorum
1325 2347 1450 2386 (lenitis,
1474 2346 1536 2379 sire
1553 2358 1612 2391 pro
1633 2358 1770 2392 suppor-

1016 2401 1120 2434 tandis
1145 2402 1276 2434 illorum
1298 2401 1462 2440 oneribus,
1486 2400 1548 2433 sive
1570 2401 1650 2439 aliis,
1674 2402 1768 2435 etiam

1016 2451 1204 2492 maioribus,
1229 2450 1374 2483 maximis
1390 2455 1417 2483 et
1435 2450 1679 2491 urgentissimis,
1695 2462 1768 2484 eau-

1015 2501 1057 2533 sis
1077 2511 1229 2534 concessa
1250 2506 1280 2534 ct
1300 2500 1490 2544 approbata,
1513 2511 1549 2533 ac
1566 2501 1660 2533 etiam
1683 2503 1767 2535 mul-

1015 2550 1166 2593 tiplicatis
1199 2550 1321 2583 vicibus
1360 2549 1508 2582 innovata
1526 2578 1533 2591 ,
1571 2555 1699 2583 extensa
1738 2556 1765 2584 et

1014 2599 1191 2641 moderata,
1215 2599 1313 2644 quod,
1336 2599 1523 2632 vacantibus
1548 2599 1691 2643 ipsarum
1712 2610 1765 2633 ec-

1013 2649 1184 2684 clesiarum
1223 2648 1432 2693 dignitatibus
1450 2675 1458 2690 ,
1495 2648 1738 2683 canonicatibus
1756 2675 1763 2689 ‚

1817 245 1869 274 An.
1888 247 1917 276 C.
1936 249 2007 278 ¹5⁷0

1827 1655 1864 1677 llic
1881 1657 1978 1680 Pontifex

1793 1689 1854 1709 niodo
1889 1693 1978 1712 revocat

1801 1721 1968 1742 consuetudines

1793 1752 1814 1770 ct
1838 1752 1977 1773 constitutio-

1792 1787 1831 1803 nes
1847 1781 1974 1811 huiusmodt;
