2237 3100
216 228 267 255 An,
286 228 314 255 C.
337 227 401 255 1567

239 1095 323 1115 Sublata
331 1094 395 1115 [nent-

212 1130 254 1147 iate
272 1130 313 1147 etc.

243 1846 339 1873 nep-itan
349 1852 397 1867 exe-

214 1881 322 1904 quiitores,

243 2437 354 2457 tltausutflc
366 2437 400 2458 de<

219 2469 346 2494 rogatorias.

462 218 526 252 640

374 305 376 307 -
416 281 507 324 argui
543 281 589 313 vel
626 279 808 324 impugnari
842 282 894 309 aut
927 275 1084 313 revocari,
1113 285 1163 306 rc-

415 334 550 377 stringi,
583 332 692 366 reduci
730 333 776 364 vel
815 329 943 362 limitari
981 329 1164 361 nullatenus

415 398 520 432 posse;
542 392 572 420 et
596 386 620 418 si
631 397 722 419 secus
742 387 806 423 liat,
829 382 955 426 quoties
976 382 1007 414 id
1028 382 1092 421 sict,
1116 387 1163 414 to-

415 441 471 474 ties
491 441 560 473 illas
581 440 612 471 in
634 438 806 482 pristinum
834 441 950 469 statum
979 435 1161 474 restitutas,

414 500 444 527 et
464 492 606 537 plenarie
621 491 842 533 reintegratus,
861 489 1042 531 validasque
1068 495 1099 522 et
1118 490 1163 521 et'-

413 548 538 587 ticaees,
552 546 647 579 etiam
658 545 791 590 perinde
804 555 841 577 ac
859 543 884 576 si
901 543 1164 576 consistorialiter

413 607 443 634 et
470 600 509 633 de
546 598 777 632 venerabilium
807 598 942 631 fratrum
977 602 1162 629 nostrorum

412 654 514 686 dictae
524 653 677 686 Romanae
692 650 842 684 Ecclesiae
856 650 1069 683 cardinalium
1088 660 1163 682 eon-

412 706 482 739 silio
502 710 533 738 et
553 715 684 738 assensu
712 709 938 743 emanassent,
960 704 1027 735 fore
1045 709 1071 735 et
1095 714 1162 735 esse

409 771 446 793 ac
467 760 603 795 censeri;
620 759 748 802 uimque
769 758 863 791 validi
878 763 1064 790 contractus
1080 757 1163 789 inter

410 824 468 846 nos
488 818 517 846 et
535 812 800 856 congregationes
820 810 978 856 praefatas
999 816 1029 843 et
1048 822 1162 854 quam-

410 867 484 900 libet
506 878 543 900 ex
562 866 607 900 eis
636 866 705 899 initi
731 866 849 898 habere
880 865 1019 900 debere‘,
1055 875 1102 904 ae,
1124 864 1162 897 ad

410 919 585 964 praemissa
601 919 709 953 omnia
730 924 760 952 et
773 919 899 961 singula
916 918 1010 961 plene
1026 918 1163 961 proban-

409 973 502 1013 dum,
536 974 664 1007 easdem
699 978 874 1016 prasentes
904 972 1037 1004 omnino
1074 972 1161 1004 sussi-

410 1037 494 1067 cere,
517 1037 577 1060 nec
597 1027 635 1059 ad
650 1027 679 1059 id
696 1026 828 1059 alterius
846 1024 1045 1069 probationis
1060 1025 1161 1057 admi-

410 1080 555 1114 niculum
591 1080 711 1124 requiri
735 1091 742 1119 ·‚
776 1080 899 1123 sicque,
926 1079 958 1111 in
980 1078 1163 1122 praemissis

410 1133 561 1167 omnibus
586 1139 617 1167 et
636 1133 781 1177 singulis,
799 1144 857 1177 per
870 1143 1095 1177 quoscumque
1112 1132 1161 1165 iu-

410 1188 496 1221 dices
534 1192 565 1220 et
593 1187 856 1224 commissarios,
886 1186 981 1219 etiam
1016 1186 1161 1219 eiusdem

410 1242 572 1274 Romanae
601 1240 762 1273 Ecclesiae
783 1241 974 1280 cardinales,
998 1245 1028 1273 et
1052 1240 1162 1272 Palatii

410 1295 510 1328 nostri
531 1305 701 1327 causarum
724 1293 899 1331 auditores,
920 1304 1046 1326 necnon
1068 1293 1161 1326 cleri-

411 1359 465 1382 cos
485 1349 647 1392 praefatae
678 1348 832 1381 Gamerae
860 1347 1079 1391 praesidentes
1097 1374 1104 1387 ,
1132 1346 1162 1379 in

410 1402 520 1446 quavis
541 1413 637 1435 eausa
657 1408 688 1435 et
712 1402 884 1442 instantia,
914 1402 1038 1435 sublata
1064 1401 1109 1434 eis
1134 1407 1163 1434 et

409 1467 523 1490 eorum
545 1456 678 1489 cuilibet
697 1455 808 1499 quavis
828 1456 922 1489 aliter
938 1455 1101 1488 iudicandi
1118 1455 1162 1488 sa-

410 1511 528 1544 eultate
547 1515 577 1543 et
602 1510 806 1550 auctoritate,
827 1509 963 1543 iudicari
986 1515 1016 1542 et
1036 1510 1163 1543 deliniri

411 1565 541 1604 debere;
559 1575 596 1597 ac
616 1563 743 1596 irritum
764 1569 792 1596 et
818 1564 924 1604 inane,
945 1563 970 1597 si
991 1575 1096 1604 secus,
1113 1575 1164 1597 su-

411 1630 469 1663 per
488 1618 549 1658 his,
572 1630 589 1651 a
609 1629 788 1661 quoquam,
814 1618 925 1662 quavis
959 1618 1161 1655 auctoritate,

412 1674 550 1707 scienter
558 1674 606 1706 vel
617 1673 812 1716 ignoranter,
824 1672 995 1715 contigerit
1003 1672 1163 1711 attentari,

411 1727 628 1761 decernimus.

456 1782 517 1825 55.
541 1782 728 1815 Mandantes
749 1787 919 1825 propterca
940 1781 1064 1814 dilectis
1092 1781 1165 1813 liliis

413 1836 591 1871 camerario
608 1846 644 1869 ae
662 1835 862 1868 thesaurario
882 1835 1023 1878 genmali
1038 1835 1164 1872 nostris,

413 1902 540 1925 necnon
552 1890 646 1924 dictis
665 1889 792 1923 clericis
802 1889 1070 1933 praesii‘lentilnis‚
1086 1901 1166 1933 prze-

413 1945 557 1979 sentibus
580 1949 610 1977 et
637 1943 767 1984 futuris,
799 1943 999 1987 caeterisque
1025 1944 1063 1976 ad
1084 1954 1165 1986 quos

414 2004 536 2043 spectat
551 1998 625 2031 etin
638 1998 782 2030 futurum
799 1997 967 2040 spectabit,
987 2002 1018 2029 ut
1036 1998 1163 2030 easdem

415 2057 598 2098 praesentes
609 2051 641 2085 in
653 2052 785 2094 praefata
795 2050 930 2084 Camera
941 2051 1121 2090 admittant,
1136 2057 1163 2083 et

415 2106 447 2139 in
459 2106 544 2139 illius
554 2105 644 2138 libris
663 2104 801 2137 describi
818 2110 849 2137 ct
860 2104 1023 2147 registrari
1036 2105 1163 2143 tat-iant,

415 2170 451 2193 ae
490 2158 719 2192 inviolabiliter
748 2158 916 2191 observent.
945 2163 975 2191 ct,
1005 2158 1164 2191 observari

416 2213 592 2253 mandent3
615 2212 821 2256 desuperque
850 2216 994 2255 patentes
1027 2212 1134 2245 literas
1156 2240 1163 2253 ,

416 2267 564 2300 mandata
597 2271 628 2299 ct
656 2266 734 2299 alias
758 2265 934 2309 scripturas
967 2271 1167 2309 opportunas

416 2320 586 2364 expediant
610 2325 640 2353 et
660 2319 804 2364 expediri
826 2325 951 2352 curent.

459 2374 474 2417 ἓ
494 2374 524 2406 6.
548 2374 616 2406 Non
637 2373 836 2407 obstantibus
856 2373 957 2406 felicis
973 2374 1166 2407 recordatio-

417 2423 466 2456 nis
490 2423 672 2467 Symmachi
696 2428 727 2456 et
750 2422 840 2455 Pauli
860 2423 884 2455 lI
905 2433 942 2455 ac
972 2423 1059 2455 Pauli
1081 2424 1116 2455 lV
1137 2429 1164 2456 et

416 2472 553 2505 aliorum
580 2472 865 2515 praedecessorum
892 2476 1076 2504 nostrorum
1094 2499 1101 2511 ,
1129 2472 1166 2505 dc

417 2522 512 2555 rebus
531 2521 692 2555 Ecclesiae
704 2532 768 2555 non
785 2521 973 2560 alienandis,
992 2526 1022 2553 et
1036 2521 1167 2564 quibus-

417 2571 463 2604 vis
492 2571 562 2604 aliis
586 2571 769 2614 apostolicis
788 2599 796 2612 ,
830 2582 867 2604 ae
896 2570 929 2603 in
963 2571 1167 2613 generalibus

419 2631 545 2654 necnon
561 2620 812 2665 provincialibus
827 2625 857 2654 et
872 2619 1077 2664 synodalibus
1095 2630 1167 2653 con-

1009 222 1186 246 RULLARIUM
1211 220 1360 244 ROMANt'M

1207 273 1289 305 ciliis
1322 273 1425 312 editis,
1448 274 1653 316 generalibus
1680 275 1727 307 vel
1749 272 1955 318 specialibus,

1207 326 1490 360 constitutionibus
1512 326 1818 367 ctordinationibus;
1832 337 1957 360 necnon

1207 380 1491 423 congregationum
1519 380 1753 424 praedictarum
1779 387 1809 414 et
1830 381 1956 414 illarum

1206 434 1373 475 Ordinuni,
1392 435 1487 467 etiam
1501 434 1695 474 iuramento,
1714 434 1958 467 confirmatione

1206 488 1382 530 apostolica
1402 489 1448 521 vel
1469 486 1581 532 quavis
1600 487 1749 520 firmitate
1775 487 1836 520 alia
1862 488 1957 521 robo-

1206 540 1294 579 ratis,
1318 541 1443 573 statutis
1463 540 1807 580 etconsuettulinilms3
1829 541 1957 584 privile-

1205 594 1264 637 giis
1274 605 1404 638 quoque
1418 600 1448 627 ct
1461 594 1593 627 indultis
1603 605 1638 627 ac
1651 595 1750 627 literis
1761 594 1956 638 apostolicis,

1206 647 1265 679 sul>
1286 648 1548 691 quibuscumque
1575 647 1740 681 tenoribus
1765 653 1796 681 et
1825 648 1956 689 formis,

1205 712 1241 733 ac
1263 712 1336 733 cum
1358 701 1533 744 quibusvis,
1556 701 1651 734 etiam
1680 702 1956 745 derogatoriaruin

1205 754 1416 797 derogatoriis
1444 755 1579 798 aliisque
1605 755 1839 788 efficacioribus
1859 761 1890 788 et
1909 755 1957 788 in-

1205 808 1316 848 solitis,
1329 808 1492 847 clausulis,
1504 809 1768 853 irritantibusque
1783 815 1810 842 et
1822 809 1892 843 aliis
1903 810 1957 843 de-

1206 861 1312 901 cretis,
1336 862 1454 895 eisdem
1472 862 1775 906 congregationibus
1794 864 1841 897 vel
1862 863 1959 897 alicui

1205 925 1241 947 ex
1254 914 1308 954 eis,
1326 926 1504 959 eorumque
1517 916 1732 957 monasteriis,
1752 917 1959 960 prioratibus,

1206 969 1372 1009 nwmbris,
1397 970 1475 1002 locis
1497 975 1526 1003 et
1547 970 1694 1014 personis
1715 971 1960 1014 quomodolibet.

1206 1022 1377 1063 concessis,
1400 1024 1552 1067 quodque
1570 1024 1742 1060 clausulis,
1772 1025 1906 1058 cautelis
1930 1030 1960 1058 et

1205 1075 1342 1109 decretis
1362 1076 1561 1117 huiusmodi,
1585 1078 1769 1111 nullatenus
1793 1083 1848 1111 aut
1877 1089 1959 1112 non-

1205 1128 1266 1161 nisi
1297 1129 1356 1162 sub
1378 1130 1472 1163 certis
1502 1130 1579 1163 inibi
1609 1131 1768 1175 expressis
1801 1132 1897 1165 modo
1930 1137 1961 1165 et

1205 1181 1307 1214 forma
1332 1182 1479 1226 derogari
1502 1184 1623 1228 possit3
1647 1195 1773 1218 necnon
1794 1185 1959 1229 praedesi-

1204 1236 1320 1278 gnatis,
1344 1236 1375 1268 in
1398 1238 1498 1270 forma
1519 1238 1634 1278 brevis,
1647 1238 1759 1279 literis,
1775 1238 1895 1272 anobis
1905 1250 1959 1272 su-

1206 1301 1263 1332 per
1283 1291 1425 1332 praefata
1452 1291 1571 1324 eisdem
1594 1292 1897 1335 congregationibus
1917 1293 1961 1326 sa-

1205 1348 1254 1375 cta
1266 1343 1472 1387 impositione
1483 1346 1651 1385 emanatis,
1666 1345 1785 1389 quibus
1794 1346 1958 1388 omnibns,

1205 1396 1299 1428 etiam
1321 1397 1358 1437 si,
1386 1410 1445 1441 [πο
1466 1398 1596 1431 illorum
1632 1400 1803 1433 sufficienti
1824 1401 1959 1444 deroga-

1207 1450 1309 1489 tione,
1337 1451 1376 1484 dc
1407 1452 1469 1485 illis
1494 1464 1675 1497 eorumque
1700 1454 1773 1487 totis
1795 1455 1961 1488 tenoribus

1206 1503 1365 1547 specialis,
1387 1506 1539 1549 specifica
1560 1513 1750 1551 etexpressa
1770 1509 1891 1542 mentio
1907 1509 1961 1542 ha-

1206 1557 1309 1590 benda
1329 1559 1421 1599 foret,
1445 1571 1558 1593 eorum
1585 1566 1711 1595 tenores
1738 1563 1961 1606 praesentibus

1206 1623 1264 1656 pro
1286 1613 1483 1647 sufficienter
1503 1616 1662 1659 expressis
1687 1617 1840 1650 habentes
1854 1645 1861 1658 ,
1898 1618 1962 1651 illis

1206 1666 1284 1700 alias
1312 1667 1344 1700 in
1374 1679 1432 1701 suo
1466 1670 1582 1703 robore
1619 1672 1839 1714 permansuris
1858 1700 1865 1711 ,
1901 1672 1961 1705 liae

1207 1722 1273 1755 viee
1294 1723 1470 1763 dumtaxat,
1488 1725 1603 1757 harum
1630 1725 1712 1758 serie
1737 1726 1920 1768 specialiter
1931 1731 1962 1760 et.

1208 1788 1356 1821 expresse
1373 1778 1577 1821 derogamus.
1605 1779 1710 1813 Dictas
1730 1791 1804 1814 vero
1825 1782 1960 1825 praede-

1208 1831 1358 1875 signatas,
1379 1832 1408 1864 in
1433 1834 1533 1865 t'orma
1558 1834 1674 1871 brevis,
1698 1833 1805 1867 literas
1821 1862 1828 1875 ,
1855 1837 1962 1879 quoad

1209 1886 1388 1929 praedictas
1408 1887 1673 1929 congregationes
1692 1899 1841 1932 expresse
1870 1901 1961 1924 revo-

1208 1950 1329 1977 camus,
1356 1950 1519 1973 cassamus
1540 1946 1570 1973 et
1590 1943 1798 1976 annullamus
1816 1970 1823 1984 ,
1845 1955 1882 1978 ac
1902 1955 1962 1988 pro

1209 1993 1347 2033 inseetis,
1371 1994 1468 2027 cassis
1487 2001 1518 2027 et.
1542 1995 1641 2028 nullis
1660 1996 1772 2029 haberi
1797 1997 1959 2038 volumuS‚

1209 2047 1408 2091 eaeterisque
1429 2049 1599 2081 contrariis
1615 2050 1888 2095 quibuscumque.

1253 2101 1267 2143 ξ
1288 2101 1318 2134 7.
1342 2102 1495 2135 Volumus
1513 2109 1619 2136 autem
1636 2104 1722 2147 quod
1743 2105 1961 2147 praesentium

1210 2157 1431 2199 transumptis,
1444 2168 1541 2189 manu
1555 2158 1693 2191 alicuius
1709 2158 1826 2192 notarii
1838 2159 1960 2203 publici

1209 2210 1408 2254 subscriptis,
1427 2217 1457 2243 et
1477 2212 1581 2255 sigillo
1602 2212 1739 2246 alicuius
1756 2223 1912 2257 personae
1928 2213 1960 2246 in

1209 2264 1361 2307 dignitate
1382 2265 1596 2299 ecelesiastica
1612 2266 1802 2300 constitutae
1814 2267 1957 2308 munitis,

1209 2319 1319 2351 eadem
1342 2330 1474 2362 prorsus
1492 2320 1582 2360 tides,
1606 2319 1637 2352 in
1664 2320 1785 2353 iudicio
1810 2325 1840 2353 et
1860 2325 1958 2360 extra,

1209 2373 1411 2414 adhibeatur,
1429 2385 1511 2417 quae
1521 2373 1640 2406 eisdem
1654 2374 1961 2416 originalibusadhi—

1209 2426 1351 2467 beretur,
1379 2427 1403 2460 si
1425 2429 1529 2460 t'orent
1548 2427 1707 2460 exhibitae
1727 2428 1774 2460 vel
1800 2433 1956 2462 ostensae.

1253 2477 1366 2509 Datum
1398 2477 1517 2510 Romae
1548 2477 1634 2520 apud
1666 2477 1696 2510 S.
1726 2477 1868 2517 Petrum,
1900 2478 1960 2511 sub

1209 2527 1328 2559 annulo
1349 2526 1530 2567 Piscatoris,
1546 2527 1597 2559 die
1608 2536 1617 2558 t
1629 2525 1958 2568 decembrisMDvan,

1210 2576 1415 2618 pontificatus
1435 2576 1535 2609 nostri
1560 2586 1643 2609 anno
1665 2586 1696 2607 11.

1209 2624 1271 2654 Dat.
1290 2625 1336 2655 die
1360 2625 1373 2654 1
1399 2624 1566 2655 decembris
1589 2624 1675 2660 1557,
1698 2623 1801 2664 pontis.
1823 2633 1899 2654 anno
1929 2633 1958 2656 ii.

1973 219 2020 245 An.
2039 219 2067 245 C⁴
2090 219 2156 246 ¹567

2003 2120 2080 2142 literis
2108 2122 2159 2142 netes

1976 2152 2079 2173 habenda.
