2237 3100
42 261 91 290 An.
108 259 139 288 C.
156 258 224 288 ¹568

924 263 991 287 PIUS
1011 264 1028 287 V
1048 263 1096 286 ΡΙ).

239 309 426 356 principum
457 314 652 353 sanctaeque
684 308 845 341 Romanae
880 307 991 341 Eccle-

237 364 303 398 siae
323 362 592 403 cardinalium,ac
611 363 649 395 de
665 373 778 396 eorum
805 361 939 394 consilio
962 366 993 394 et

239 427 382 458 assensu,
396 417 492 450 0113111
506 416 770 450 consistorialiter
785 415 906 455 habito,
929 420 991 448 tam

240 482 298 515 pro
313 471 515 512 militiarum,
527 470 737 516 hospitalium
753 475 780 503 et
794 470 991 513 Regularum

238 526 426 560 huiusmodi
465 525 669 559 restitutione
703 530 733 558 ct
757 524 989 567 ampliatione,

239 574 340 624 quam'
358 579 437 613 alias
467 579 786 623 quomodocumque,
807 588 843 610 ac
861 577 994 620 quibus-

240 643 380 677 cumque
391 633 560 666 tenoribus
580 636 610 666 et
630 632 752 673 formis,
775 641 902 665 necnon
919 640 992 663 cum

239 686 405 732 quibusvis
421 686 621 727 restitutivis,
643 685 854 725 reservativis,
877 685 994 716 annul-

240 740 355 782 lativis‚
378 739 657 784 derogatoriarum
675 738 886 782 derogatoriis
910 737 995 770 aliis-

240 805 304 839 que
315 794 564 835 efficacioribus,
587 793 820 827 efficacissimis
835 798 866 825 et
883 791 994 824 insoli-

241 848 280 882 tis
289 847 454 888 clausulis,
466 858 593 881 necnon
603 847 806 880 irritantibus
818 851 846 878 ct
861 845 995 877 31115110-

241 901 338 935 cretis
348 901 618 946 quotiescumque
633 900 806 939 concessis,
821 898 994 933 confirma-

241 955 281 989 tis
305 960 336 988 et
365 954 461 988 etiam
493 954 615 988 iteratis
645 953 768 987 vicibus
796 952 933 986 extensis
967 956 997 985 01

241 1007 532 1048 moderatis,etiam
544 1007 570 1041 si
582 1008 615 1041 in
624 1007 668 1040 eis
679 1018 716 1040 ac
729 1006 867 1047 statutis,
877 1005 998 1039 stabili-

241 1062 358 1096 mentis
369 1067 400 1095 01
410 1062 597 1095 fundatione
605 1060 776 1106 praedictis
786 1065 934 1093 caveatur
943 1071 996 1093 ex-

242 1126 351 1161 presse
367 1116 454 1160 quod
468 1126 647 1160 numquam
665 1114 831 1159 praedicta
852 1118 997 1147 revocata

241 1170 290 1204 vel
311 1170 476 1204 moderata
495 1175 550 1203 aut
574 1169 743 1202 immutata
762 1168 994 1211 intelligantur,

242 1224 504 1265 110011115,1111010
515 1222 604 1256 1101111
612 1228 712 1267 parte,
725 1222 914 1265 derogatum
925 1231 998 1254 cen-

243 1282 352 1311 seatur
371 1288 430 1322 per
441 1287 664 1322 quascumque
684 1276 816 1316 litteras,
828 1275 924 1308 ctiam
943 1275 998 1308 de-

244 1331 482 1375 rogatoriarum
503 1330 721 1374 derogatorias
739 1340 776 1362 ac
793 1329 871 1362 alias
891 1329 999 1362 sortio-

243 1395 295 1418 res
317 1390 348 1418 et
373 1385 572 1418 efficaciores
598 1384 760 1417 clausulas
787 1383 819 1416 in
840 1393 872 1416 se
896 1382 999 1415 conti-

244 1444 367 1480 nentes,
395 1438 458 1471 nisi
483 1438 561 1471 dum
586 1444 617 1472 et
644 1437 772 1481 quoties
800 1437 839 1469 de
869 1436 999 1469 illorum

244 1503 282 1526 ac
304 1492 399 1526 etiam
417 1497 580 1526 certarum
605 1491 794 1536 specialium
819 1490 1000 1523 litterarum

246 1547 500 1592 apostolicarum
516 1546 590 1579 inde
606 1546 827 1579 confectarum
838 1555 924 1585 vore,
936 1555 1001 1577 non

246 1606 355 1634 autem
371 1611 430 1646 per
450 1600 610 1634 clausulas
629 1599 798 1643 generales
817 1599 864 1631 vel
880 1598 1001 1642 specia-

247 1655 293 1688 les
313 1654 399 1688 idem
429 1654 651 1698 importantes,
673 1653 793 1686 inserto
814 1657 937 1693 tenore,
966 1663 1001 1685 ac

249 1709 289 1742 de
320 1707 419 1742 simili
444 1707 661 1741 cardinalium
689 1706 837 1747 consilio,
864 1711 895 1739 ct
919 1716 1002 1739 sem-

248 1773 307 1808 per
323 1762 355 1795 in
371 1761 572 1803 huiusmodi,
583 1771 666 1805 quae
678 1760 724 1794 sic
734 1760 860 1802 fierent,
874 1760 912 1793 (10
929 1771 1004 1793 con-

249 1816 322 1850 silio
342 1815 507 1860 praedicto
528 1814 792 1858 derogationibus
814 1819 844 1847 et
859 1815 930 1858 aliis
944 1815 1004 1847 (115-

251 1869 468 1915 positionibus
483 1874 670 1903 censeretur
687 1868 834 1913 apposita
850 1869 1004 1909 clausula,

249 1924 335 1968 quod
367 1929 445 1957 tunc
474 1923 626 1963 demum,
653 1933 713 1955 nec
741 1922 833 1955 aliter
857 1932 916 1954 nec
943 1921 1005 1955 alio

251 1978 347 2012 modo
368 1978 518 2011 effectum
538 1976 726 2014 sortiantur,
746 1986 819 2008 cum
836 1977 1005 2019 magistro-

252 2043 325 2066 rum
346 2038 377 2066 et
402 2036 620 2065 conventuum
647 2030 889 2074 praedictorum
913 2029 952 2062 ad
976 2029 1007 2061 id

252 2086 384 2120 accedat
415 2095 575 2126 assensus3
605 2084 758 2127 quodque
785 2083 1008 2125 derogationes

253 2145 285 2174 et
303 2139 385 2173 aliae
400 2138 629 2184 dispositiones
644 2136 832 2170 huiusmodi
852 2136 945 2169 aliter
966 2137 1008 2169 es-

254 2195 373 2229 fectum
385 2204 450 2228 non
465 2193 616 2235 habeant,
634 2191 696 2225 nisi
708 2190 895 2224 huiusmodi
917 2191 1009 2223 dero-

254 2248 400 2292 gationes
410 2253 440 2281 et
455 2247 537 2281 aliae
558 2246 786 2290 dispositiones
806 2244 1010 2278 consistoria-

255 2302 329 2336 liter
352 2302 466 2344 factae,
488 2307 519 2335 et
530 2311 588 2345 per
599 2300 698 2334 trinas
713 2298 1010 2332 distinctaslittcras

256 2356 407 2390 eumdem
430 2361 577 2390 tenorem
599 2354 813 2393 continentes,
837 2352 939 2384 tribus
960 2352 1009 2384 (11-

257 2410 381 2444 stinctis
400 2409 541 2450 vicibus,
563 2407 725 2451 magistris
748 2411 779 2440 01
802 2406 1012 2439 conventibus

257 2458 431 2505 praedictis
442 2458 562 2492 suerint
573 2457 750 2498 intimatae,
764 2466 943 2498 eorumque
954 2466 1011 2499 pa-

258 2509 337 2543 riter
360 2508 400 2542 ad
428 2508 459 2542 id
486 2517 656 2552 expressus
681 2505 813 2539 accedat
845 2515 1010 2544 assensus3

259 2559 353 2593 aliter
367 2569 442 2592 vero
455 2557 684 2592 sactaeviribus
695 2561 725 2589 et
741 2555 857 2589 effectu
878 2555 1011 2588 omnino

261 2613 401 2649 careant,
422 2619 459 2642 ac
479 2606 623 2649 magistri
661 2611 690 2639 01
718 2610 895 2638 conventus
919 2615 1012 2648 prae-

261 2657 337 2693 dicti
367 2657 406 2691 ad
426 2656 605 2702 parendum
626 2655 690 2688 illis
714 2659 745 2688 et
763 2653 900 2688 decretis
921 2653 1014 2686 desu-

341 2711 419 2742 Bntt,
445 2711 522 2743 Rom.
548 2710 603 2740 Vol.
630 2709 688 2740 VII.
897 2708 936 2737 (10

1032 317 1089 350 per
1114 304 1318 349 processibus
1346 312 1525 345 corumque
1559 300 1784 334 executoribus

1032 365 1063 393 et
1079 357 1366 392 subexecutoribus
1392 367 1429 389 ac
1454 355 1599 399 ipsorum
1626 353 1785 388 mandatis

1034 418 1063 447 ct
1076 412 1310 446 monitionibus
1321 410 1455 443 minime
1470 413 1652 449 teneantur,
1667 407 1720 441 sed
1734 407 1785 440 lit—

1033 473 1175 501 terarum
1196 464 1383 499 huiusmodi
1405 462 1628 497 executionem
1652 461 1785 495 omnino

1034 521 1202 565 impedire,
1217 530 1288 560 nec,
1297 519 1419 553 ratione
1429 516 1629 556 resistentiae,
1641 515 1786 549 censuris

1035 574 1261 608 ecclesiasticis
1274 584 1332 618 per
1352 573 1437 616 ipsos
1447 575 1634 605 executores
1644 570 1693 603 vel
1709 569 1785 602 sub-

1035 633 1221 662 executores
1242 627 1312 660 latis
1338 625 1487 660 innodari
1513 624 1648 668 possint.
1664 623 1787 662 Quibus

1035 682 1198 722 omnibus,
1214 681 1311 714 ctiam
1332 680 1356 712 si
1382 680 1461 713 alias
1480 679 1519 712 (10
1540 678 1585 711 015
1606 687 1787 720 corumque

1037 735 1283 769 totistenoribus
1293 733 1455 778 specialis,
1464 732 1626 776 specifica,
1639 741 1788 775 expressa

1036 795 1066 823 ct
1082 788 1256 829 individua,
1270 799 1307 821 ac
1325 788 1363 821 de
1380 787 1475 820 101110
1498 786 1537 819 ad
1566 785 1787 825 xerbum,non

1036 848 1143 877 autem
1164 853 1222 887 per
1246 842 1407 875 clausulas
1426 840 1592 884 generales
1618 838 1703 872 idem
1727 837 1787 871 im-

1038 902 1200 941 portantes
1211 895 1345 935 mentio,
1355 905 1410 928 seu
1419 894 1549 937 quaevis
1558 893 1619 926 alia
1627 892 1789 937 expressio

1037 951 1196 991 habenda,
1218 955 1273 983 aut
1292 949 1399 992 aliqua
1419 948 1482 981 alia
1502 946 1659 991 exquisita
1686 946 1791 979 forma

1037 1006 1077 1038 ad
1097 1006 1159 1038 hoc
1169 1004 1324 1038 servanda
1339 1003 1432 1042 soret,
1451 999 1788 1041 tenoreshuiusmodi,

1038 1070 1074 1092 ac
1095 1059 1120 1092 si
1141 1059 1179 1091 de
1205 1057 1301 1091 verbo
1330 1057 1369 1090 ad
1400 1056 1533 1089 1011111111
1559 1055 1789 1093 insererentur,

1038 1112 1263 1157 praesentibus
1287 1121 1346 1156 pro
1367 1109 1563 1143 sufficienter
1579 1107 1737 1152 expressis
1761 1112 1793 1140 01

1039 1166 1167 1200 insertis
1186 1166 1353 1206 habentes,
1384 1164 1501 1196 harum
1531 1162 1612 1195 serie
1641 1160 1791 1206 speciali-

1039 1226 1088 1254 ter
1105 1226 1135 1254 et
1158 1229 1306 1264 expresse
1333 1218 1538 1260 derogamus,
1566 1221 1607 1256 et,
1634 1220 1793 1259 quatenus

1040 1276 1190 1310 effectum
1207 1271 1425 1318 praesentium
1442 1268 1673 1314 quoquomodo
1690 1268 1792 1312 impe-

1040 1330 1108 1363 dire
1128 1329 1176 1361 101
1197 1327 1360 1361 retardare
1381 1325 1428 1358 vel
1441 1323 1503 1357 illis
1523 1323 1634 1357 obesse
1651 1326 1791 1366 possent,

1041 1384 1174 1417 omnino
1192 1382 1334 1415 tollimus
1346 1385 1374 1413 01
1391 1379 1597 1421 abrogamus,
1616 1376 1793 1419 ceterisque

1041 1436 1212 1471 contrariis
1231 1434 1504 1480 (piibuscumque.

1085 1493 1100 1535 ξ
1120 1491 1172 1524 tl.
1196 1490 1235 1523 Ut
1255 1493 1362 1522 autem
1382 1490 1569 1531 praesentes
1584 1484 1708 1517 litterae
1728 1493 1795 1516 om-

1042 1545 1138 1578 nibus
1154 1543 1281 1588 plenius
1292 1542 1506 1581 innotescant,
1520 1538 1711 1572 mandamus
1726 1536 1796 1569 illas

1043 1598 1214 1632 inbasiliea
1234 1595 1392 1639 Principis
1412 1593 1633 1638 apostolorum
1653 1591 1692 1624 de
1711 1590 1796 1624 Urbe

1044 1659 1070 1686 et
1084 1653 1115 1686 111
1125 1650 1323 1686 Cancellaria
1340 1647 1525 1693 Apostolica
1540 1656 1668 1680 necnon
1682 1644 1715 1678 in
1728 1643 1797 1678 acie

1043 1706 1154 1750 Campi
1174 1706 1287 1739 Florae
1307 1702 1479 1748 publicari,
1498 1710 1676 1744 earumque
1693 1709 1798 1733 exem-

1044 1763 1098 1806 pla
1118 1762 1156 1794 de
1182 1770 1272 1793 more
1289 1758 1387 1802 affigi,
1412 1763 1442 1790 et
1462 1755 1612 1789 indictae
1632 1753 1796 1788 Cancella-

1045 1816 1112 1849 riae
1131 1815 1227 1855 libro,
1239 1813 1411 1857 quiuterno
1427 1814 1628 1853 nuncupato,
1647 1807 1796 1842 describi.

1090 1869 1104 1912 ξ
1124 1868 1177 1901 102.
1201 1867 1422 1910 Volumusque
1438 1869 1469 1898 ct.
1488 1863 1694 1897 decernimus
1713 1861 1798 1905 ipsa-

1046 1932 1118 1955 rum
1131 1919 1340 1966 prtesentium
1356 1918 1511 1962 exempla,
1525 1916 1619 1950 etiam
1635 1916 1799 1959 impressa,

1047 1987 1211 2020 manuque
1231 1974 1349 2009 notarii
1375 1972 1497 2017 publici
1521 1976 1552 2004 01
1581 1970 1684 2014 sigillo
1706 1980 1800 2013 prae-

1048 2031 1102 2064 lati
1119 2027 1328 2064 ecclesiastici
1345 2033 1397 2061 aut
1411 2027 1498 2060 illius
1509 2025 1618 2059 curiae
1634 2023 1800 2067 obsignata

1049 2085 1195 2119 eamdem
1218 2083 1305 2116 illam
1328 2081 1448 2125 ubique
1469 2080 1616 2113 locorum
1638 2077 1733 2110 fidem
1754 2077 1800 2110 sa-

1050 2139 1146 2179 ciant,
1169 2148 1266 2181 quam
1287 2137 1375 2180 ipsae
1395 2138 1579 2179 praesentes
1600 2133 1755 2172 facerent,
1776 2130 1801 2163 si

1050 2198 1156 2226 essent
1175 2191 1334 2225 exhibitae
1353 2190 1402 2223 vel
1422 2194 1578 2222 ostensae.

1093 2245 1179 2280 Nulli
1205 2256 1280 2289 ergo
1302 2243 1434 2278 omnino
1454 2246 1511 2276 etc.

1799 246 1849 274 Au.
1865 244 1897 274 C.
1915 243 1982 274 ¹568

1836 1488 1910 1510 Forma
1924 1487 1992 1515 publi-

1810 1521 1871 1542 candi
1882 1521 1935 1541 lianc
1945 1525 1996 1540 eon-

1810 1553 1951 1574 stitutionem.

1841 1865 1903 1886 fidon
1925 1869 1997 1886 enm-

1814 1896 1906 1924 plorum.

1094 2302 1209 2334 Datum
1234 2301 1353 2333 Romae
1381 2297 1467 2342 apud
1496 2296 1527 2330 S.
1550 2296 1694 2335 Petrum,
1717 2304 1802 2327 anno
1831 2323 1834 2326 ⁴

1051 2354 1282 2389 Incarnationis
1312 2352 1493 2386 dominicae
1523 2348 1694 2383 millesimo
1710 2348 1803 2393 quin-

1052 2409 1229 2454 gentesimo
1245 2407 1441 2450 sexagesimo
1462 2409 1584 2445 octavo,
1599 2403 1712 2448 quinto
1732 2402 1804 2436 idus

1053 2463 1256 2509 septembris,
1278 2460 1484 2506 pontificatus
1504 2457 1604 2492 nostri
1623 2467 1709 2491 anno
1732 2466 1779 2490 111.

1129 2526 1190 2557 Dat.
1208 2526 1255 2557 die
1277 2526 1294 2556 0
1318 2528 1393 2564 sept.
1414 2523 1500 2560 1508,
1518 2526 1596 2562 pont.
1622 2530 1668 2552 an.
1684 2529 1726 2551 111.
