2237 3100
189 249 242 275 An.
260 249 289 276 C⁴
309 250 375 277 ¹565

272 946 372 965 avocatio

196 982 372 1004 quarumcunlqllfl

188 1013 310 1032 cansarum,
330 1016 333 1021 ·
354 1010 374 1027 ct

189 1039 310 1058 commissio
329 1044 374 1057 ma-

188 1071 253 1094 gistro
278 1072 297 1088 et
322 1074 374 1089 con-

188 1100 259 1131 gemui
304 1099 375 1118 [eimi-

188 1131 257 1149 nandi.

218 2426 315 2448 racanas
326 2433 376 2448 exe-

193 2459 270 2486 quendi
288 2462 379 2480 tenten-

194 2493 234 2510 tias
250 2493 271 2510 et
286 2495 330 2510 rem
346 2491 379 2510 iu—

196 2521 293 2542 dicatam.

432 240 497 276 350

390 315 512 347 pereos
523 303 727 337 obtentorum
747 303 956 347 procedendi;
974 305 1021 337 vel
1038 305 1144 345 etiam,

389 358 413 394 si
435 358 535 400 inagis
551 357 700 401 expedire
720 357 890 397 videbitur,
903 357 1072 397 beneficia,
1091 359 1146 391 do—

389 422 458 444 mos
478 417 505 444 et
534 411 664 454 praedia
690 411 757 453 ipsa
783 411 821 443 ad
847 421 961 443 manus
990 422 1064 444 suas
1088 423 1142 444 seu

389 470 594 507 receptorum
616 463 691 495 dicti
717 462 885 506 hospitalis
905 463 1092 503 reducendi,
1116 470 1144 496 et

389 517 490 549 donec
503 517 562 560 ipsi
578 515 798 549 inobedientes
815 517 1051 549 contumaciam
1068 528 1145 561 pur-

387 571 527 613 gaverint
539 570 587 602 vel
599 569 705 602 debita
725 580 823 601 onera
839 570 1063 612 persolverint,
1082 571 1144 603 sire

389 623 571 656 saeculares
605 628 656 655 aut
680 622 812 654 alterius
831 622 959 655 Ordinis
979 624 1145 665 regulares

387 675 543 708 beneficia
564 675 638 708 dicti
664 675 833 719 hospitalis
853 676 1051 719 possidentes
1075 678 1144 709 lue—

388 729 462 769 rint,
486 739 545 772 pro
567 740 624 761 suo
651 728 783 761 arbitrio
804 729 976 770 retinendi,
999 731 1145 763 illorum-

387 793 450 825 que
481 782 618 823 fruetus,
642 781 786 814 redditus
797 787 827 814 et
838 787 1012 825 proventus
1032 793 1144 816 arren—

387 835 483 868 dandi
502 841 530 868 et
553 835 764 878 percipiendi.

432 888 510 931 5622.
522 889 653 922 Necnon
665 899 777 922 causas
785 888 976 932 praedictas,
988 900 1144 923 acomnes

389 947 417 975 et
439 941 581 984 singulas
601 942 672 975 lites
692 948 721 975 et
741 942 890 985 querelas
904 969 911 982 ,
942 942 1004 975 sive
1026 943 1057 975 in
1083 943 1144 976 Ro-

390 1005 483 1028 mana
498 995 605 1034 Curia,
623 1000 687 1027 tam
700 995 731 1027 in
744 995 904 1028 auditorio
920 1001 1030 1029 nostro
1046 1007 1143 1039 quam

389 1060 448 1092 per
468 1049 724 1090 commissiones,
748 1049 811 1082 sive
832 1055 920 1082 extra
940 1060 1023 1090 eam,
1047 1061 1145 1094 super

389 1102 552 1145 quibusvis
569 1102 645 1135 dicti
665 1102 833 1145 hospitalis
848 1102 1013 1135 beneficiis
1032 1114 1068 1136 ac
1089 1104 1145 1136 bo-

389 1154 441 1186 nis
459 1160 487 1187 et
505 1154 774 1198 pecuniisaerarii
786 1160 814 1187 et
832 1155 967 1188 fratrum
989 1166 1145 1198 quorum-

389 1218 541 1250 cumque,
577 1218 632 1240 seu
667 1218 765 1250 super
798 1208 976 1240 eorundem
1007 1209 1164 1244 delictis.³

388 1259 482 1292 etiam
505 1260 529 1292 si
551 1271 587 1293 ex
607 1260 739 1293 adverso
756 1261 854 1304 aliqui
871 1261 981 1294 clerici
999 1263 1143 1295 saecula-

388 1323 438 1345 res
458 1313 505 1345 vet
538 1313 703 1355 regulares
737 1318 791 1345 aut
819 1313 893 1345 laici
920 1313 1092 1353 extiterint,
1116 1320 1143 1347 et

387 1365 486 1398 active
503 1377 559 1398 seu
577 1366 712 1409 passive,
730 1365 808 1398 alias
824 1366 910 1398 iuxta
926 1367 1062 1399 sormam
1082 1373 1143 1400 sta—

387 1418 629 1451 liilimentorum
651 1424 680 1451 et
700 1419 942 1463 privilegiorum
963 1420 1144 1463 praedicto-

388 1482 474 1512 rum,
497 1472 529 1504 in
545 1471 639 1504 dietis
659 1472 764 1504 causis
784 1472 1040 1515 quomodolibet,
1063 1479 1090 1505 et
1114 1473 1145 1505 in

389 1536 594 1569 quacumque
619 1525 769 1558 instantia
797 1525 1038 1566 intervenerint,
1068 1526 1145 1559 liac-

390 1583 482 1611 tenus
508 1584 621 1619 motas,
653 1578 685 1610 in
706 1578 824 1622 quibus
855 1583 962 1611 tamen
983 1589 1046 1611 non
1068 1589 1145 1611 con-

390 1632 517 1664 clusum
538 1631 588 1672 sit,
600 1636 628 1664 et
651 1631 682 1664 in
698 1632 844 1664 futurum
856 1631 968 1675 quovis
981 1637 1144 1675 praetextu

391 1684 573 1725 movendas,
598 1684 630 1716 in
651 1684 815 1727 quibusvis
832 1684 991 1717 instantiis
1005 1685 1146 1728 penden-

390 1743 447 1777 tes,
471 1748 607 1780 quarum
630 1742 729 1770 status
749 1743 780 1770 et.
800 1737 914 1770 merita
935 1738 1030 1770 etiam
1052 1749 1145 1781 prae—

390 1790 533 1823 sentibus
553 1790 665 1823 haberi
681 1791 830 1823 volumus
845 1802 904 1834 pro
922 1791 1089 1834 expressis,
1107 1792 1145 1823 ad

389 1854 447 1876 nos
467 1843 673 1884 advocamus,
695 1855 731 1876 ac
762 1844 832 1875 illas
852 1844 972 1876 eisdem
994 1844 1146 1887 magistro

390 1903 418 1929 et
438 1897 619 1933 conventui,
638 1908 762 1941 percos
777 1898 824 1929 vel
845 1898 884 1929 ab
904 1897 950 1929 eis
966 1898 1145 1940 deputatos,

391 1950 477 1983 iuxta
506 1951 641 1983 formam
671 1951 832 1983 dictorum
854 1951 1145 1983 stabilimentorum

391 2010 417 2036 et
441 2004 652 2037 laudabilium
672 2003 944 2037 consuetudinum
969 2004 1142 2047 praedicto-

390 2068 474 2097 rum,
494 2058 526 2090 in
539 2064 622 2090 statu
643 2053 756 2091 debito¹
778 2058 1023 2090 reassumendas
1045 2063 1071 2090 et
1095 2058 1148 2091 de-

391 2112 543 2145 cidendas
568 2112 822 2151 committimus;
849 2123 981 2155 eosque,
1007 2123 1145 2155 quorum

391 2166 548 2206 intererit,
580 2166 710 2206 citandi,
734 2172 765 2198 et,
788 2166 914 2209 quoties
934 2176 1017 2209 opus
1036 2166 1145 2202 fuerit,

390 2218 575 2262 inhibendis,
602 2218 697 2251 etiam
727 2218 786 2251 sub
816 2218 961 2251 censuris
982 2224 1011 2251 et
1036 2219 1148 2263 poenis

392 2272 629 2312 ecclesiasticis,
639 2277 701 2304 tam
711 2272 743 2304 in
755 2271 849 2304 Curia
858 2272 1033 2315 praedicta,
1051 2284 1147 2315 quam

392 2330 479 2358 extra
499 2336 583 2365 eam,
605 2325 790 2358 facultatem
811 2326 1030 2358 concedimus.

437 2378 451 2421 ξ
471 2378 524 2411 63.
538 2379 669 2412 Necnon
688 2379 818 2412 illorum
836 2379 1009 2412 sententias
1034 2384 1062 2411 et
1081 2390 1147 2411 rem

394 2426 567 2460 iudicatam
601 2438 660 2471 per
697 2427 838 2470 priorem
878 2427 1033 2460 ecclesiae
1072 2427 1149 2459 dicti

395 2481 580 2516 conventus,
603 2476 699 2508 etiam
724 2477 784 2509 sub
809 2476 954 2509 censuris
981 2482 1009 2509 et
1037 2476 1150 2520 poenis

395 2524 639 2565 ecelesiasticis,
663 2530 773 2557 contra
790 2525 1032 2565 condemnatos,
1055 2525 1149 2557 etiam

396 2574 427 2606 in
457 2573 552 2606 Curia
581 2573 760 2617 praedicta,
790 2580 854 2606 tam
891 2574 1021 2607 realiter
1053 2584 1150 2616 quam

396 2621 620 2666 personaliter,
641 2622 755 2666 exequi
776 2622 979 2664 mandamus,
1002 2622 1044 2654 ita
1065 2621 1151 2665 quod

986 252 1166 276 BULLARIUM
1190 251 1341 275 ROMANUM

1957 248 2007 274 An.
2029 247 2058 275 C.
2073 245 2140 275 ¹565

1186 303 1260 337 alibi
1294 313 1391 347 quam
1418 301 1451 335 in
1476 301 1560 334 dicto
1581 301 1742 345 hospitali,
1774 307 1829 334 aut
1854 307 1942 334 extra

1186 357 1265 389 illud
1277 367 1314 389 ex
1324 355 1467 397 magistri
1476 359 1505 387 et
1518 360 1693 387 conventus
1700 354 1940 394 commissione,

1187 410 1272 442 iuxta
1289 409 1503 441 stabilimenta
1523 413 1552 441 et
1574 419 1652 441 usus
1668 408 1867 448 huiusmodi,
1891 419 1943 441 co-

1185 463 1294 505 gnosci
1317 467 1346 494 et
1367 461 1532 495 terminari
1550 467 1722 504 nequeant.

1229 516 1243 559 ἓ
1264 515 1316 549 64.
1340 515 1402 547 Nec
1424 526 1441 547 a
1462 514 1627 548 sententiis
1647 525 1705 558 per
1724 514 1847 548 iudices
1867 514 1942 547 dicti
1981 520 2143 557 ΑιινεῑΙ-ξξουε·

1186 568 1353 612 hospitalis
1387 578 1446 611 pro
1479 573 1626 611 tempore
1660 567 1742 608 latis,
1774 567 1813 600 ad
1842 567 1941 600 alium
1958 552 2142 608 fegffgffflmdssi

1185 632 1281 663 quam
1298 621 1489 663 magistrum
1506 626 1535 653 et
1553 626 1746 653 conventum
1762 620 1943 664 praedictos
1957 612 1983 664 ἒξ·
2001 613 2143 669 effige'jfflm

1185 685 1239 707 seu
1262 674 1386 707 iudices
1418 674 1458 706 ab
1487 674 1533 706 eis
1566 674 1745 717 deputatos,
1775 674 1807 706 in
1832 674 1943 717 quavis
1957 678 1978 710 οξ
1994 674 2094 695 ’ΜΜᾱ
2106 675 2145 695 ⁰³·

1957 705 2043 732 pitulum
2056 711 2145 732 genera-

1185 726 1347 767 instantia;
1376 737 1481 770 neque
1507 737 1524 759 a
1552 726 1716 759 sententiis
1748 737 1807 770 per
1835 727 1941 770 ipsum
1957 736 1976 756 te
1993 735 2144 772 tartaronum

1185 781 1374 823 magistrum
1395 786 1424 814 et
1445 780 1617 813 consilium
1637 780 1720 820 latis,
1757 780 1820 813 alio
1844 791 1941 823 quam
1956 767 2144 819 ssffi'ssssffffihu'

1184 835 1224 867 ad
1252 835 1358 877 ipsum
1391 834 1542 877 generale
1576 834 1768 877 capitulum,
1796 834 1859 867 sive
1884 845 1943 878 per

1185 888 1464 932 ipsiusliospitalis
1480 888 1594 920 fratres
1614 888 1677 921 sive
1693 898 1751 931 per
1767 888 1853 932 ipsos
1869 888 1943 921 sub-

1184 941 1266 974 ditos
1295 946 1324 974 et
1340 941 1490 974 vassallos
1517 940 1761 983 quomodolibet
1785 941 1943 984 appellari

1184 994 1300 1038 possit:
1332 993 1513 1037 quinimmo
1545 993 1590 1026 illi
1616 1003 1718 1036 usque
1746 993 1785 1025 ad
1812 993 1940 1026 tertiam

1189 1048 1379 1080 sententiam
1400 1048 1433 1080 in
1454 1047 1567 1080 eodem
1589 1051 1748 1080 conventu
1765 1047 1942 1090 procedere

1185 1106 1368 1134 teneantur.

1230 1155 1244 1197 >Q
1264 1154 1317 1187 65.
1340 1155 1375 1187 Et
1398 1153 1546 1187 similiter
1573 1153 1657 1196 quod
1680 1163 1792 1185 omnes
1817 1157 1943 1186 senten·
1990 1159 2142 1194 Expedntpnes

1185 1208 1246 1240 tiae
1267 1219 1325 1251 per
1340 1207 1468 1241 eosdem
1486 1207 1675 1249 magistrum
1697 1212 1725 1239 et
1748 1212 1941 1239 conventum
1956 1190 2142 1247 31².⁹¹ii2f{÷¹s‘iii⁸¹{i

1184 1261 1278 1301 latae,
1307 1271 1420 1293 omnes
1445 1260 1520 1293 item
1549 1259 1792 1292 commissiones
1813 1265 1841 1292 et
1863 1259 1941 1292 cita·
1956 1254 2074 1274 ⁶⁰¹¹V⁶¹¹¹¹¹⁵
2090 1257 2143 1272 ⁶¹²·

1971 1286 2046 1304 uantur
2061 1283 2098 1303 abs
2114 1288 2141 1304 uo

1185 1313 1306 1349 tiones,
1334 1313 1523 1346 collationes
1544 1318 1574 1345 et
1594 1312 1701 1345 omnia
1725 1312 1864 1356 denique
1886 1324 1941 1346 eo·
1957 1291 2045 1335 3¹⁵⁰¹¹³¹¹⁵
2072 1290 2142 1335 '³⁰2¹'-

1185 1367 1333 1399 rumdem
1351 1366 1507 1409 rescripta
1527 1365 1565 1398 ad
1586 1375 1698 1398 omnes
1718 1376 1794 1398 suae
1815 1366 1943 1399 iurisdi-
1956 1348 2142 1404 :illioquiriupaeiili

1186 1420 1283 1452 ctioni
1313 1420 1457 1452 subditos
1469 1431 1505 1452 ae
1527 1419 1670 1462 reliquos
1689 1419 1784 1451 etiam
1800 1430 1941 1463 quorum
1957 1409 2047 1435 ⁹⁰⁵⁵³¹¹¹'

1185 1473 1329 1505 intererit
1361 1484 1486 1513 causas,
1504 1473 1575 1505 lites
1596 1483 1649 1505 seu
1664 1473 1812 1516 querelas
1833 1483 1942 1505 eoram

1186 1526 1262 1570 ipsis
1273 1526 1474 1570 pertractari,
1489 1526 1608 1559 directe
1621 1526 1747 1570 exequi,
1766 1531 1793 1559 et
1812 1537 1829 1558 a
1845 1526 1943 1559 nullis

1185 1580 1333 1612 locorum
1356 1586 1382 1612 et
1411 1586 1570 1613 terrarum
1596 1579 1747 1620 dominis,
1769 1579 1863 1612 etiam
1884 1580 1942 1612 dn-

1186 1632 1245 1665 cali
1266 1638 1318 1665 aut
1333 1633 1431 1675 regali
1448 1633 1600 1675 dignitate
1612 1633 1820 1676 fulgentibus,
1835 1633 1942 1677 aliqua

1186 1686 1309 1719 ratione
1339 1686 1541 1730 expectandi·
1566 1697 1753 1725 consensus,
1789 1697 1845 1719 seu
1880 1686 1941 1719 alio

1186 1739 1297 1782 quovis
1314 1739 1459 1782 quaesito
1479 1740 1599 1776 colore,
1620 1739 1651 1771 in
1669 1739 1858 1772 eorumdem
1872 1749 1943 1771 exe-

1187 1792 1315 1825 cutione
1346 1792 1494 1835 impediri
1522 1792 1656 1835 possint,
1684 1797 1806 1825 servato
1835 1797 1942 1825 tamen

1186 1845 1218 1878 in
1239 1846 1284 1878 eis
1305 1845 1499 1889 exequendis
1523 1845 1613 1877 datae
1634 1845 1758 1878 ordine.
1786 1846 1830 1878 Ita
1855 1846 1942 1889 quod

1187 1910 1300 1931 eorum
1322 1899 1433 1931 ultima
1462 1898 1574 1942 primis
1594 1898 1745 1930 anteferri
1767 1904 1939 1941 nequeant.

1231 1952 1245 1995 ξ
1265 1953 1319 1985 66.
1343 1953 1385 1985 Ac
1406 1953 1492 1995 quod
1513 1956 1624 1984 contra
1645 1951 1781 1984 clericos
1801 1952 1943 1984 saecula·
1982 1958 2079 1994 racana-¹
2093 1963 2142 1986 pro-

1188 2016 1238 2038 res
1264 2016 1318 2037 seu
1347 2005 1464 2040 laicos,
1487 2005 1665 2048 prioratus,
1690 2005 1939 2048 praeceptorias,
1956 1991 2048 2042 {1⁰02ssss
2063 1992 2142 2041 ῘῘΞῈ

1188 2060 1300 2091 domos
1327 2064 1354 2090 et
1377 2059 1437 2090 alia
1458 2057 1615 2090 honeticia
1636 2057 1803 2100 hospitalis
1827 2057 1941 2090 liuius·
1956 2053 1996 2073 ¹5⁰⁵
2019 2053 2142 2072 “mmm

1956 2083 2002 2103 loca
2009 2086 2030 2103 et
2038 2083 2092 2103 hona
2101 2083 2143 2103 dic-

1188 2111 1273 2143 modi
1285 2116 1493 2154 occupantes.
1504 2122 1560 2144 seu
1571 2111 1615 2143 illi
1625 2116 1680 2143 aut
1691 2111 1761 2143 eius
1775 2110 1941 2144 communi
1955 2117 1992 2166 ἑέῐ
2004 2113 2144 2165 Ῑξὶἵιῐῑᾝῖῐὲξὶ

1188 2164 1312 2197 aerario
1343 2176 1398 2197 seu
1420 2165 1571 2197 fratribus
1586 2192 1593 2205 ‚
1615 2164 1785 2197 occasione
1805 2174 1941 2208 respon-
1956 2179 1988 2196 10⁵
2004 2177 2141 2211 aerianos„-

1189 2218 1315 2251 sionum
1346 2228 1550 2258 annuarum,
1572 2216 1753 2250 vacantium
1767 2243 1775 2256 ,
1798 2210 1941 2249 mortua-
1955 2213 2016 2264 {22¹1
2048 2212 2142 2258 ”22³3ss

1189 2272 1326 2312 riorum,
1345 2276 1546 2311 annatarum,
1560 2270 1793 2315 passagiorum,
1816 2280 1941 2302 arrera-
2091 2269 2141 2289 (ΠΨ

1189 2325 1316 2367 giorum
1340 2336 1395 2357 seu
1417 2324 1494 2357 alias
1511 2323 1753 2367 quomodolibet
1775 2322 1938 2363 debentes,

1190 2377 1253 2410 sive
1274 2383 1366 2419 agant
1390 2376 1452 2409 sive
1474 2377 1717 2416 conveniantur,
1736 2381 1766 2408 et
1785 2375 1817 2408 in
1833 2375 1943 2419 quavis

1190 2426 1338 2458 instantia
1366 2426 1404 2458 ad
1426 2436 1556 2458 causam
1580 2425 1720 2464 veniant,
1743 2423 1894 2467 magister
1914 2429 1945 2456 et

1191 2480 1366 2507 conventus
1383 2474 1525 2517 praefati,
1538 2474 1633 2507 modo
1650 2479 1679 2506 et
1695 2473 1809 2512 forma,
1827 2471 1945 2515 quibus

1191 2529 1303 2556 contra
1319 2524 1419 2567 ipsius
1431 2523 1598 2567 hospitalis
1607 2523 1720 2555 fratres
1731 2520 1862 2565 procedi
1871 2532 1944 2554 con-

1191 2573 1340 2613 sueverit,
1363 2572 1463 2604 libere
1488 2571 1675 2616 procedere,
1698 2576 1728 2603 et
1747 2581 1802 2603 eos
1823 2570 1945 2613 priora—

1192 2621 1288 2661 tibus,
1311 2620 1552 2665 praeceptoriis,
1574 2620 1723 2653 domibus
1743 2625 1771 2652 et
1797 2619 1867 2652 aliis
1885 2619 1943 2653 be—

1955 2274 2032 2295 person
2042 2275 2058 2289 is

1955 2300 2047 2321 Ordinis.
