2237 3100
14 272 64 298 An.
83 271 112 298 C.
128 268 196 299 {570

52 1245 200 1273 Quascumque

18 1278 116 1299 licentias
141 1277 201 1296 desu-

17 1315 54 1337 per
77 1309 135 1329 data·
157 1309 204 1332 iri-t-

18 1346 55 1369 ‘²¹²3

890 271 958 296 PIUS
982 272 1000 295 V
1024 273 1071 296 PP.

1654 263 1718 295 809

210 323 349 357 nasteria
369 324 408 357 ab
429 324 657 368 episcoporum
675 330 704 358 et
721 324 962 358 ordinariorum
1006 325 1062 357 das
1093 325 1281 367 nulliusque
1302 324 1430 357 roboris
1450 335 1486 357 ac
1509 325 1663 357 momenti
1685 326 1763 363 sore,

211 377 431 410 iurisdictione
466 383 613 421 exempta
647 389 714 412 esse
742 379 961 422 reperiantur,

210 431 338 474 cognita
359 436 389 464 et
410 442 560 475 expresse
581 432 612 464 in
633 432 760 476 scriptis
786 433 965 476 approbata

211 484 263 525 sit,
285 496 303 517 a
324 486 526 518 monasteriis
546 487 696 529 praefatis
717 486 816 525 exire,
835 487 889 518 sed
907 496 965 518 ne«-

213 538 245 570 in
270 538 444 581 praedictis
469 539 598 572 casibus
623 545 710 573 extra
742 539 806 576 illa,
843 539 902 572 nisi
928 540 965 571 ad

213 592 433 625 necessarium
467 599 596 636 tempus
624 598 707 625 stare
742 594 853 631 licere;
876 592 968 625 aliter

213 650 320 678 autem
355 656 452 688 quam
474 652 509 679 ut
534 648 715 689 praelertur
748 646 965 687 egredientes,

213 709 270 731 seu
290 698 455 732 licentiam
489 700 627 733 exeundi
659 700 969 743 quomodo‹·umque

213 752 440 793 concedentes,
464 763 591 786 necnon
612 753 813 791 comitantes,
837 764 873 786 ac
899 753 969 785 illa-

215 815 286 837 rum
312 805 539 849 receptatrices
572 817 739 850 personas,
776 807 839 840 sive
875 806 971 839 laicas

214 864 269 892 aut
284 859 464 892 saeculares
475 860 522 892 vel
536 860 758 900 ecclesiastic,
778 860 971 902 consangui-

215 922 290 945 neas
313 913 361 945 vel
382 923 458 953 non,
476 904 821 946 excommunicationis
842 913 973 946 maioris

215 965 285 998 lati-e
295 966 593 1000 sententitevinculo
604 967 708 1000 statim
718 978 755 1000 eo
764 968 843 1011 ipso,
852 968 973 1011 absque

215 1018 323 1063 aliqua
330 1019 560 1062 declaratione,
572 1021 754 1061 subiacere,
766 1032 783 1054 a
798 1032 875 1064 quo,
890 1031 973 1065 prte-

217 1078 265 1106 ter
298 1084 397 1116 quam
431 1084 449 1106 a
474 1074 620 1107 Romano
655 1075 824 1114 Pontitiee,
848 1074 906 1107 nisi
942 1074 974 1106 in

216 1125 329 1160 mortis
353 1127 504 1167 articulo,
528 1128 650 1161 absolvi
672 1135 846 1172 nequeant.

259 1179 330 1223 §a
366 1180 404 1213 Et
436 1181 571 1226 insuper
605 1188 669 1215 tam
699 1194 842 1226 egressas
877 1193 974 1226 quam

216 1232 437 1276 praesidentes
450 1239 481 1267 et
491 1235 572 1268 alios
587 1236 773 1279 superiores
792 1237 974 1279 praedictos,

217 1285 262 1318 eis
282 1286 445 1320 licentiam
468 1289 655 1322 huiusmodi
682 1291 909 1330 concedentes,
929 1291 976 1323 di—

216 1341 403 1385 gnitatibus,
435 1343 551 1376 officiis
576 1349 606 1377 et
639 1344 976 1377 administrationibus

216 1408 275 1442 per
294 1408 348 1430 eas
367 1402 398 1430 et
418 1407 473 1430 eos
493 1403 571 1431 tunc
596 1398 735 1431 obtentis
755 1398 930 1441 privamus:
947 1404 978 1432 et

218 1451 290 1484 illas
314 1456 345 1484 et
365 1451 438 1484 illos
458 1451 497 1484 ad
518 1452 649 1485 obtenta
670 1457 700 1485 et
721 1452 783 1484 alia
805 1452 836 1485 in
868 1458 976 1496 poste—

217 1515 292 1538 rum
321 1505 498 1539 obtinenda
519 1505 699 1547 inhabiles,
723 1517 851 1540 necnon
879 1507 978 1541 licen-

219 1558 279 1592 tias
299 1563 329 1591 et
344 1559 513 1592 facultates
533 1570 590 1593 scu
611 1559 737 1593 indulta
758 1565 788 1593 et
808 1560 978 1604 privilegia

218 1612 356 1645 exeundi
377 1623 395 1645 a
415 1613 621 1646 monasteriis
641 1618 672 1647 et
686 1620 775 1647 extra
792 1614 846 1647 illa
859 1615 976 1655 standi,

222 1676 240 1698 a
259 1666 353 1700 nobis
374 1677 431 1700 seu
464 1667 528 1701 alio
548 1667 695 1701 Romano
710 1668 867 1702 Pontifice
884 1680 978 1712 prae-

220 1719 390 1753 decessore
424 1726 535 1754 nostro
576 1732 613 1754 ac
645 1721 737 1755 Sedis
775 1722 979 1765 Apostolieae

219 1773 342 1807 nuntiis
358 1778 389 1807 et
408 1774 532 1817 legatis,
553 1774 651 1808 ctiam
672 1775 712 1808 de
727 1775 838 1815 latere,
858 1788 894 1809 ac
911 1787 979 1808 ina-

221 1826 290 1860 iore
310 1827 560 1871 poenitentiario
574 1834 629 1862 aut
645 1829 804 1862 Ordinum
820 1830 980 1873 predicto-

222 1891 295 1913 rum
312 1881 654 1925 superioribusaliisve
665 1884 825 1927 personis,
840 1884 980 1927 subqui-

222 1933 426 1979 buscurnque
453 1937 621 1970 tenoribus
641 1942 671 1970 et
697 1937 821 1977 formis,
845 1949 881 1970 ae
907 1949 981 1970 euin

222 1988 390 2030 quibusvis
403 1989 600 2031 restitutivis,
613 1991 856 2035 praeservativis,
867 1991 982 2024 inentis

223 2043 419 2083 attestantis,
435 2044 531 2077 etiam
549 2055 663 2077 novam
685 2045 819 2088 gratiani
834 2051 862 2078 et
876 2046 981 2078 datam

223 2097 494 2137 concedentibus,
517 2098 622 2142 aliisq.
640 2099 877 2132 efficacioribus
893 2105 923 2131 et
940 2100 983 2132 es-

224 2149 424 2183 sicacissimis
441 2162 478 2184 ac
491 2152 627 2184 insolitis
641 2152 806 2191 clausulis,
828 2152 982 2185 irritanti-

224 2203 350 2247 busque
380 2210 411 2237 et
425 2205 495 2237 aliis
521 2205 670 2244 decretis,
694 2206 725 2238 in
746 2217 863 2248 genere
882 2206 929 2239 vel
951 2206 982 2239 in

225 2258 345 2301 specie,
368 2258 465 2291 etiam
484 2265 573 2291 motu
608 2259 741 2303 proprio
771 2265 801 2292 et.
835 2271 870 2291 ex
898 2266 983 2293 «ferta

225 2311 369 2351 scientia,
388 2313 493 2355 deque
513 2313 708 2356 apostolieae
730 2313 894 2356 potestatis
916 2314 982 2357 ple-

226 2365 386 2405 nitudine,
409 2365 505 2399 ctiam
527 2366 746 2409 imperatoris,
769 2377 895 2409 regum,
926 2368 984 2400 du-

226 2430 301 2452 cum
320 2424 350 2452 et
365 2419 504 2452 aliorum
518 2419 703 2463 principum
713 2430 838 2453 necnon
852 2421 882 2453 S.
898 2421 934 2454 R.
947 2421 980 2454 E.

227 2468 442 2501 cardinalium
468 2468 586 2501 intuitu
608 2474 637 2501 et
657 2469 930 2512 contemplatione
948 2482 983 2503 ac

227 2519 390 2559 instantia,
412 2518 559 2562 vel-alias
579 2518 825 2561 quomodolibet
852 2530 983 2553 eonces-

226 2583 260 2606 sa
289 2572 385 2616 (quae.
416 2579 550 2612 prorsus
583 2567 780 2610 abolemus),
806 2580 841 2601 ae
863 2569 984 2602 litteras

228 2622 369 2665 desuper
388 2621 549 2653 confectas
573 2624 604 2651 et
628 2619 841 2662 imposterum
867 2628 983 2650 conce-

229 2670 351 2704 dendas
376 2675 406 2702 et
426 2668 657 2708 conficiendas,
680 2667 786 2701 nullas
819 2672 847 2700 et
871 2666 983 2700 invali-

309 2723 383 2754 Bull.
398 2722 477 2754 Rom.
497 2722 552 2753 Vol.
575 2721 631 2752 VII.
810 2720 866 2750 '102

1007 390 1066 411 nec
1083 379 1153 411 illas
1171 378 1364 411 habentibus
1378 384 1407 412 et
1423 378 1583 411 habituris
1596 378 1765 421 suffragari

1008 443 1113 476 posse,
1136 438 1166 465 et
1192 432 1234 465 ita
1255 443 1313 475 per
1332 442 1559 476 quoscumque
1581 432 1705 464 iudices
1738 438 1766 465 et

1009 486 1260 527 commissarios,
1283 486 1394 528 quavis
1415 485 1606 519 auctoritate
1631 486 1768 527 fungen-

1009 544 1067 578 tes,
1100 539 1225 572 sublata
1259 540 1304 572 eis
1325 546 1353 572 et
1375 550 1489 573 eorum
1515 539 1649 572 cuilibet
1677 539 1771 572 aliter

1011 593 1177 626 iudicandi
1214 599 1240 627 et
1280 594 1515 638 interpretandi
1552 594 1705 627 facultate
1741 600 1772 626 et

1011 647 1214 687 auctoritate,
1250 648 1387 680 iudicari
1409 653 1439 680 et
1466 647 1596 680 diffiniri
1632 647 1770 683 debere;

1013 698 1139 731 irritum
1167 711 1298 743 quoque
1326 707 1352 733 et
1377 701 1470 733 inane
1497 700 1653 743 quicquid
1680 710 1774 733 secus

1012 763 1110 795 super
1130 753 1179 785 his
1200 764 1217 785 a
1233 764 1411 797 quoquam,
1435 754 1545 798 quavis
1567 755 1771 794 anctoritate,

1014 806 1151 839 scienter
1172 808 1219 839 vel
1240 807 1439 850 ignoranter,
1468 808 1637 851 contigerit
1669 813 1773 840 atten-

1015 860 1086 895 tari,
1110 860 1331 894 dceerninms.

1060 914 1074 954 ,ξ
1100 913 1131 946 st.
1169 915 1354 948 Mandantes
1379 915 1538 948 universis
1576 921 1606 948 et
1640 915 1775 958 singulis

1015 967 1253 1001 venerabilibus
1273 968 1426 1001 fratribus
1441 969 1557 1002 nostris
1570 969 1773 1012 patriarchis,

1017 1021 1220 1064 primatibus,
1257 1022 1524 1066 archiepiscopis,
1556 1022 1717 1066 episcopis
1747 1028 1774 1056 et

1016 1074 1087 1107 aliis
1108 1075 1255 1108 locorum
1268 1076 1455 1116 ordinariis,
1471 1077 1503 1109 in
1517 1076 1631 1109 virtute
1648 1082 1776 1109 sanctae

1017 1128 1221 1161 obedientiae
1262 1135 1292 1162 et
1326 1130 1386 1162 suh
1425 1129 1639 1163 obtestatione
1677 1130 1775 1163 divini

1017 1182 1130 1215 iudicii
1172 1189 1202 1215 et
1242 1183 1506 1217 interminatione
1541 1183 1778 1217 maledictionis

1018 1241 1178 1277 aeternae,
1197 1243 1368 1280 quatenus,
1391 1249 1450 1282 per
1474 1249 1506 1271 se
1530 1238 1579 1271 vel
1599 1238 1700 1271 alium
1722 1248 1778 1271 seu

1018 1289 1109 1329 alios,
1135 1295 1299 1332 presentes
1324 1291 1447 1324 litteras
1477 1291 1509 1323 in
1541 1291 1723 1324 civitatibus
1749 1297 1779 1323 et

1019 1342 1223 1376 dioecesibus
1244 1344 1387 1388 propriis
1408 1344 1553 1388 quolibet
1573 1356 1658 1377 anno
1674 1344 1779 1389 publi-

1020 1402 1104 1437 cent,
1129 1397 1303 1441 omniaque
1325 1398 1358 1430 in
1379 1398 1441 1430 illis
1461 1404 1623 1439 contenta,
1651 1409 1779 1433 necnon

1021 1452 1201 1493 {investitum
1218 1451 1387 1484 decretum
1409 1451 1510 1496 ipsius
1530 1452 1672 1494 concilii,
1691 1454 1780 1497 quod

1021 1504 1131 1548 incipit
1151 1505 1319 1547 Bonifaric'
1335 1505 1430 1547 VIII,
1445 1506 1617 1549 diligenter
1633 1512 1663 1541 et,
1679 1507 1780 1541 invio-

1020 1560 1171 1600 labiliter,
1199 1559 1258 1593 sub
1280 1560 1425 1593 censuris
1446 1561 1672 1595 ecclesiasticis
1692 1562 1781 1596 aliis-

1020 1624 1083 1657 que
1104 1613 1255 1657 praesatis
1276 1613 1401 1657 poenis,
1424 1620 1455 1647 et
1474 1614 1507 1647 in
1519 1616 1634 1649 eodem
1650 1616 1781 1650 decreto

1022 1667 1191 1707 contentis,
1219 1667 1390 1700 observent
1413 1673 1444 1701 et
1468 1668 1631 1702 observari
1665 1670 1783 1703 faciant

1022 1727 1051 1755 et
1074 1727 1268 1765 procurent,
1292 1721 1547 1755 contradictores
1571 1723 1733 1766 quoslibet
1753 1730 1784 1757 et

1023 1776 1160 1809 rebelles
1184 1787 1221 1809 ac
1239 1776 1424 1820 praemissis
1440 1788 1505 1810 non
1526 1783 1676 1819 parentes
1687 1778 1783 1811 etiam

1023 1829 1094 1862 aliis
1128 1830 1254 1873 poenis,
1281 1831 1472 1863 auctoritate
1494 1837 1615 1871 nostra,
1638 1833 1783 1876 appella·-

1024 1884 1111 1916 tione
1132 1885 1321 1927 postposita,
1359 1887 1619 1929 compescendo3
1641 1898 1781 1926 necnon,

1025 1938 1174 1979 legitimis
1195 1949 1294 1981 super
1315 1939 1364 1971 his
1381 1939 1539 1972 habendis
1555 1941 1686 1973 serratis
1706 1951 1783 1983 pro-

1025 1992 1180 2031 cessibus,
1201 2003 1322 2036 poenas
1347 1993 1433 2037 ipsas
1454 1993 1549 2026 etiam
1568 1993 1688 2027 iteratis
1708 1994 1784 2027 vici-

1025 2045 1084 2077 bus
1104 2047 1320 2088 aggravando,
1343 2046 1552 2080 interdictum
1588 2047 1783 2081 ecclesiasti-

1026 2113 1100 2135 cum
1122 2105 1329 2147 apponendo,
1353 2104 1500 2138 invocato
1526 2105 1621 2138 etiam
1642 2106 1681 2138 ad
1707 2106 1781 2145 hoc,

1026 2156 1051 2188 si
1072 2167 1153 2200 opus
1175 2157 1281 2197 t'uerit,
1304 2158 1424 2190 auxilio
1446 2158 1571 2191 brachii
1595 2158 1780 2192 saecularis.

1070 2212 1084 2251 ,ξ
1105 2210 1135 2243 5.
1170 2211 1238 2243 Non
1273 2211 1472 2245 obstantibus
1511 2212 1706 2255 praemissis,
1747 2223 1784 2245 ac

1026 2259 1313 2293 constitutionibus
1364 2267 1395 2294 et
1441 2260 1702 2293 ordinationibus
1750 2271 1783 2293 a-

1027 2313 1191 2355 postolicis
1225 2313 1395 2347 contrariis
1425 2313 1698 2356 quibuscumque3
1729 2318 1785 2346 aut

1027 2366 1051 2399 si
1072 2367 1247 2411 aliquibus,
1271 2367 1490 2400 [ommuniter
1509 2367 1557 2399 vel
1579 2367 1718 2407 divisim,
1745 2367 1784 2400 ab

1027 2422 1139 2454 eadem
1165 2423 1202 2454 sit
1224 2423 1306 2455 Sede
1328 2422 1490 2454 indultum
1511 2422 1599 2464 quod
1620 2421 1783 2462 interdici,

1027 2472 1179 2514 suspendi
1215 2472 1261 2504 rel
1288 2470 1564 2504 excommunicari
1581 2481 1646 2504 non
1662 2471 1786 2514 possint

1027 2530 1085 2563 per
1104 2520 1226 2553 litteras
1245 2520 1438 2564 apostolicas
1458 2530 1523 2552 non
1543 2519 1696 2553 facientes
1716 2520 1785 2563 ple—

1026 2579 1101 2601 nam
1126 2576 1153 2602 et
1176 2581 1359 2613 expressam
1375 2581 1411 2602 ac
1428 2570 1467 2602 de
1483 2569 1579 2602 verbo
1599 2569 1785 2602 adverbum

1027 2619 1066 2651 de
1091 2618 1218 2652 indulto
1249 2618 1437 2652 huiusmodi
1459 2618 1670 2652 mentionem.
1709 2617 1787 2650 Aliis

1026 2669 1212 2713 apostolicis
1231 2667 1515 2702 constitutionibus
1539 2674 1569 2702 et
1589 2667 1728 2710 iuribus,
1747 2667 1788 2701 de

1783 283 1831 309 An.
1849 280 1877 307 C.
1897 278 1965 304 1570

1837 920 1974 941 Praesuhhus

1791 954 1873 973 mandat
1889 956 1909 973 ut
1922 953 1974 973 hatu-

1791 986 1940 1005 constitution,
1955 988 1977 1005 et

1790 1016 1898 1037 decretum
1929 1022 1975 1036 cou-

1791 1047 1833 1067 rihi
1857 1047 1974 1068 Tridentini

1791 1079 1899 1104 publicent
1924 1085 1975 1105 quo-

1792 1110 1843 1130 hhet
1859 1116 1922 1136 nuncu

1874 2223 1984 2243 Contraria

1800 2253 1864 2279 lulll1;
