2237 3100
56 279 106 306 Αη.
123 279 153 306 C.
175 278 240 306 1567

85 765 200 785 Confirmat
210 763 245 785 hic

61 796 157 817 Pontifex
175 797 244 816 const.

61 828 205 854 praedecessor
213 832 245 846 um

61 861 80 879 et
93 858 188 880 derectus
200 863 247 885 sup-

61 889 114 916 ptet.

98 2264 123 2286 Et
138 2269 163 2286 ex
187 2265 257 2286 causis

73 2296 106 2317 hie
128 2297 235 2323 expressis

943 278 1011 303 PIUS
1031 278 1049 301 V
1068 278 1116 302 1³1¹.

257 335 396 373 ctorum‚
419 333 520 366 semel
535 338 659 367 tantum
680 339 733 367 aut
750 335 788 367 de
808 343 846 367 xv
863 334 895 366 in
906 342 945 366 xv
958 342 1013 365 66-

257 394 316 417 nos
328 385 569 427 solvendorum,
587 388 744 431 obligatos
753 394 808 421 aut
822 387 901 420 alios
914 397 1012 429 quos-

257 449 398 481 cumque
417 439 575 474 benesieia
590 442 820 482 ecclesiastica,
843 441 964 483 absque
975 451 1012 473 eo

257 492 345 535 quod
365 498 511 534 annatas,
534 495 720 528 communia
749 501 779 527 et
812 494 1013 538 quindennia

258 545 421 589 praedicta
451 548 628 589 solvissent,
658 560 718 593 pro
744 554 890 592 tempore
912 549 1013 591 possi-

258 598 381 641 dentes,
400 600 503 634 editae
513 607 543 634 et
555 602 655 636 factae
667 613 726 646 per
737 613 795 635 nos
806 602 1012 640 innoventur,

258 653 481 696 approbentur
505 660 536 688 et
556 656 803 689 confirmentur.

303 706 368 750 §CL
400 707 464 741 Nos
492 708 591 751 igitur
614 709 817 752 singularum
846 709 1015 742 literarum

260 765 290 793 et
310 760 484 794 cuiuslibet
508 767 615 796 motus
644 763 768 807 proprii
798 774 816 796 a
843 763 1016 806 praedictis

260 813 413 847 Romanis
423 815 634 848 Pontificibus
645 815 950 859 praedecessoribus
960 826 1018 848 no-

261 867 345 907 stris,
364 873 399 900 ut
419 869 613 911 praefertur,
636 880 733 913 quam
755 869 851 902 etiam
877 869 983 902 forsan
1000 880 1017 902 a

261 920 354 953 nobis
374 921 531 955 hactenus
555 922 695 956 emanati
715 922 857 955 veriores
878 928 1016 961 tenores,

262 985 299 1007 ac
319 974 345 1008 si
370 974 409 1007 (16
429 975 526 1008 verbo
547 976 587 1008 ad
606 976 739 1008 verbum
761 975 813 1008 1116
838 975 948 1008 inserti
969 986 1017 1008 es—

263 1032 414 1072 sent,pr0
424 1029 519 1072 plene
551 1029 790 1062 etsufficienter
809 1029 968 1072 expressis
989 1035 1017 1062 61

262 1080 391 1114 insertis
406 1081 518 1115 haberi
533 1082 688 1122 volentes,
710 1081 781 1115 illas
793 1089 821 1115 et
835 1082 922 1122 illos,
940 1093 1018 1115 nee—

263 1145 328 1168 non
349 1135 458 1168 omnia
478 1140 509 1168 et
523 1146 752 1179 quaecumque
768 1146 826 1179 per
841 1146 1018 1179 quoscum-

264 1199 327 1232 que
348 1188 483 1229 iudices,
511 1194 700 1222 executores
720 1194 751 1222 et.
780 1189 1020 1223 commissarios

264 1241 297 1274 in
318 1241 381 1275 illis
400 1242 581 1286 deputatos,
602 1248 631 1275 et
653 1243 692 1276 ab
713 1242 759 1275 eis
779 1242 1017 1286 subdelegatos,

265 1306 301 1328 ac
321 1296 401 1329 alios
421 1296 595 1336 ministros,
616 1296 649 1329 in
670 1296 855 1340 praemissis
885 1302 912 1329 et
935 1298 1021 1330 eirca

266 1359 314 1389 ea,
332 1349 579 1392 quomodolibet
602 1354 691 1392 gesta
720 1355 749 1382 et
777 1355 910 1383 executa
930 1361 1021 1394 repe-

266 1402 407 1444 riuntur,
430 1414 467 1437 ac
487 1403 562 1437 inde
582 1409 693 1437 secuta
714 1414 960 1448 quaecumque,
985 1416 1022 1438 ex

267 1461 355 1490 certa
374 1455 508 1490 scientia
528 1467 566 1490 ac
582 1457 621 1490 de
646 1457 842 1501 apostolicae
858 1458 1023 1502 potestatis

267 1510 480 1554 plenitudine,
495 1511 716 1555 approbamus
728 1516 758 1544 et
774 1511 1020 1552 confirmamus,

266 1575 303 1598 ac
314 1569 383 1598 rata
394 1569 423 1598 et
439 1570 530 1608 grata
546 1565 717 1605 habemus,
731 1575 861 1598 necnon
873 1565 935 1598 illis
952 1576 1023 1609 per-

268 1622 384 1661 petuae
411 1623 442 1651 et
469 1617 700 1661 irrefragabilis
729 1618 892 1651 firmitatis
921 1619 1025 1652 robur

267 1671 455 1713 adiiciinus,
485 1672 605 1715 illaque
634 1672 827 1705 inconcusse
859 1672 1024 1706 observari

268 1726 388 1759 debere
403 1726 610 1760 decernimus
625 1731 657 1760 61
672 1726 877 1760 declaramus
894 1737 1024 1760 omnes-

269 1790 333 1823 que
357 1784 389 1812 et
408 1779 562 1823 singulos,
583 1785 647 1813 tam
679 1780 760 1813 iuris
780 1790 878 1824 quam
900 1780 974 1813 sacti
996 1785 1026 1813 et

269 1832 512 1866 solemnitatum
533 1834 642 1866 forsan
667 1833 861 1866 emissarum
889 1838 920 1866 61
946 1833 1025 1866 61165

270 1896 497 1929 quoscumque
517 1885 675 1927 desectus,
691 1886 717 1919 si
729 1886 784 1929 qui
806 1887 913 1919 forsan
930 1886 1025 1919 inter-

269 1939 415 1972 venerint
439 1939 472 1972 16
488 1939 620 1980 eisdem,
641 1946 673 1973 et
691 1939 748 1983 qui
768 1939 951 1972 necessario
972 1951 1025 1972 ex-

270 1992 367 2035 primi
392 1992 560 2034 deberent,
591 1998 695 2033 motu,
725 1993 858 2026 scientia
884 1998 914 2025 61
935 1998 1026 2037 pote-

270 2046 358 2078 statis
387 2046 590 2090 plenitudine
625 2046 785 2079 similibus
815 2047 1024 2090 supplemus,

270 2099 407 2144 illasque
428 2105 459 2134 et
478 2099 544 2141 illa,
567 2106 728 2144 quatenus
748 2111 832 2144 opus
858 2101 909 2141 sit,
932 2100 1026 2133 inno-

270 2163 393 2186 vamus.

315 2208 331 2251 5
350 2207 382 2241 3.
409 2207 447 2240 Et
469 2206 603 2250 insuper
627 2207 795 2250 quoniam,
818 2207 902 2240 sicut
932 2207 1027 2240 etiam

271 2260 365 2294 nobis
385 2260 537 2301 innotuit,
559 2271 577 2293 a
597 2259 763 2293 nonnullis
780 2259 918 2293 nimium
936 2271 1027 2293 seru-

273 2314 396 2359 pulosis
444 2319 475 2347 61
512 2314 686 2358 plusquam
730 2318 878 2356 oporteat
915 2323 1027 2356 sapere

272 2367 542 2402 contendentibus
555 2367 732 2400 haesitatur
768 2377 808 2399 an
823 2367 1028 2407 monasteria,

271 2432 414 2466 quorum
434 2422 570 2461 fructus,
604 2425 662 2454 etc.
695 2420 727 2454 in
759 2420 850 2453 libris
875 2421 1028 2454 Gamerae

272 2470 476 2515 Apostolicae
506 2470 601 2503 taxati
638 2469 866 2513 reperiuntur,
901 2480 1028 2502 necnon

272 2520 437 2564 prioratus
461 2519 651 2562 quorumvis
683 2518 842 2552 Ordinum
868 2518 1029 2561 regularia

273 2574 304 2602 et
324 2570 502 2612 regulares,
539 2574 712 2611 ceteraque
744 2567 903 2601 beneficia
927 2568 1029 2601 eccle-

274 2618 413 2659 siastica,
449 2628 659 2663 quocumque
685 2617 779 2650 titulo
818 2622 1026 2660 nuncupata,

275 2677 417 2711 quorum
434 2667 570 2708 fructus,
590 2666 735 2701 redditus
750 2671 781 2700 et
799 2670 975 2710 proventus
996 2666 1029 2700 in

1702 268 1766 303 599

1054 331 1297 365 distributiones
1325 330 1529 375 quotidianas
1556 337 1808 371 convertuntur,

1055 386 1114 418 sub
1135 385 1236 419 literis
1255 384 1345 418 Pauli
1366 379 1499 418 secundi
1520 391 1548 417 et
1571 385 1709 417 aliorum
1727 395 1810 428 pree-

1055 440 1262 472 decessorum
1279 438 1465 471 huiusmodi
1478 438 1809 481 comprehendantur.

1101 492 1166 536 §la
1198 493 1270 531 Nos,
1296 492 1537 525 considerantes
1567 492 1654 534 quod
1677 497 1810 524 annata-

1056 556 1147 585 rum,
1188 543 1411 579 communium
1448 550 1478 578 ct
1515 545 1654 578 aliorum
1691 545 1811 578 iuriam

1057 598 1298 641 praedictorum
1324 598 1458 639 exactio,
1495 599 1526 631 in
1555 598 1810 642 recognitionem

1058 651 1248 684 universalis
1272 652 1407 684 dominii
1436 652 1631 692 introducta,
1657 657 1704 685 est
1727 652 1810 685 anti-

1057 704 1225 747 quissima,
1247 705 1593 749 quindenniorumque
1611 716 1689 738 usus
1709 710 1739 738 et
1759 716 1811 738 so-

1057 757 1138 789 lutio
1159 757 1230 790 ideo
1247 758 1406 791 adinventi
1422 764 1506 798 sunt,
1526 769 1566 791 ne
1583 759 1717 791 Gamera
1733 770 1813 802 prae-

1058 810 1152 847 dicta,
1174 822 1211 843 ex
1237 812 1522 852 monasteriorum,
1554 812 1757 855 prioratuum
1783 818 1813 846 et,

1059 864 1198 897 aliorum
1241 865 1476 898 beneficiorum
1520 865 1812 899 ecclesiasticorum

1060 918 1249 958 unionibus,
1272 929 1354 962 quae
1372 919 1511 962 amplius
1530 930 1643 952 vacare
1664 929 1728 952 non
1744 930 1813 963 spe-

1060 972 1228 1011 rabantur,
1247 971 1475 1005 detrimentum
1491 972 1622 1015 aliquod
1636 977 1812 1016 pateretur.

1061 1025 1210 1057 Volentes
1229 1025 1382 1058 Gamerae
1405 1031 1534 1058 nostrae
1555 1026 1757 1070 apostolicae
1778 1038 1815 1060 ac

1060 1079 1293 1111 venerabilium
1320 1080 1455 1111 fratrum
1481 1085 1666 1112 nostrorum
1688 1085 1816 1114 sanctae

1061 1132 1225 1165 Romanae
1246 1132 1408 1165 Ecclesiae
1429 1132 1656 1173 cardinalium,
1688 1143 1815 1166 necnon

1063 1185 1256 1218 dilectorum
1282 1185 1427 1218 filiorum
1448 1185 1613 1218 Romanae
1632 1186 1747 1219 Curiae
1767 1188 1816 1219 of-

1064 1239 1218 1271 ficialium
1235 1238 1498 1282 participantium
1515 1238 1586 1271 iura
1597 1250 1814 1283 praeservare,

1064 1292 1261 1336 illorumque
1303 1291 1504 1324 indemnitati
1548 1293 1718 1345 cpnsulere
1732 1320 1739 1333 ‚
1778 1294 1817 1327 ad

1065 1356 1161 1379 omne
1194 1345 1349 1383 dubium,
1370 1356 1534 1389 omneque
1566 1346 1751 1390 disputandi
1788 1352 1816 1380 61

1065 1399 1246 1443 excipiendi
1266 1399 1471 1433 occasionem
1501 1400 1698 1441 tollendum,
1728 1406 1818 1434 motu

1065 1453 1162 1486 simili
1182 1457 1255 1495 616,
1283 1453 1393 1486 omnia
1412 1457 1443 1486 et
1463 1452 1589 1496 singula
1610 1454 1816 1495 monasteria,

1067 1513 1129 1540 tam
1147 1507 1326 1539 saecularia
1346 1517 1444 1550 quam
1459 1506 1648 1550 quorumvis
1663 1507 1818 1540 Ordinum

1066 1560 1240 1603 regularia,
1272 1560 1450 1593 dummodo
1480 1560 1512 1593 in
1540 1560 1630 1593 libris
1660 1560 1819 1594 eiusmodi

1066 1615 1218 1649 Gamerae
1238 1619 1343 1647 taxata
1363 1613 1581 1658 reperiantur;
1603 1614 1728 1658 reliqua
1745 1625 1820 1648 vero

1067 1668 1272 1708 monasteria,
1285 1667 1459 1711 prioratus,
1473 1668 1726 1712 praeposituras,
1741 1679 1822 1712 prze-

1067 1722 1244 1766 positatus,
1280 1727 1344 1755 tam
1378 1722 1574 1762 saeculares,
1609 1733 1707 1766 quam
1742 1732 1822 1765 quo-

1067 1775 1187 1809 rumvis
1197 1775 1355 1809 Ordinum
1375 1776 1554 1818 regulares,
1576 1785 1705 1809 necnon
1720 1775 1823 1819 digni-

1068 1834 1158 1869 tates,
1186 1834 1389 1871 personatus,
1416 1829 1722 1869 administrationes,
1750 1830 1821 1862 ossi·

1069 1883 1117 1916 cia
1141 1889 1172 1915 et
1199 1883 1260 1916 alia
1281 1893 1509 1926 quaecumque
1536 1883 1695 1916 beneficia
1720 1883 1822 1916 eccle-

1069 1937 1215 1977 siastica,
1252 1936 1347 1970 etiam
1378 1937 1403 1969 si
1436 1936 1599 1969 manualia
1625 1942 1656 1969 61
1683 1936 1723 1969 (16
1751 1936 1821 1970 iure

1070 1995 1259 2035 patronatus
1275 1989 1422 2030 existant,
1442 2000 1583 2033 quorum
1605 1990 1742 2031 fructus,
1761 1995 1818 2023 etc.

1069 2054 1230 2077 summam
1249 2043 1503 2086 vigintiquatuor
1527 2044 1720 2077 ducatorum
1750 2044 1821 2077 auri

1069 2097 1108 2130 de
1128 2096 1262 2130 Gamera
1281 2108 1326 2130 se.
1355 2107 1404 2130 co.
1428 2102 1506 2130 aest.
1539 2097 1680 2130 valorem
1700 2107 1821 2130 annum

1070 2150 1239 2192 excedunt,
1273 2162 1290 2184 a
1319 2161 1529 2195 quocumque
1562 2155 1708 2195 tempore
1729 2150 1820 2190 citra,

1070 2203 1165 2237 etiam
1186 2209 1259 2238 ante
1279 2204 1382 2238 felicis
1398 2204 1632 2238 recordationis
1650 2205 1822 2238 Martinum

1070 2258 1188 2302 Papam
1209 2259 1360 2302 quintum
1376 2258 1523 2291 similiter
1539 2258 1822 2302 praedecessorem

1070 2317 1229 2353 nostrum,
1257 2318 1288 2345 ct
1315 2323 1374 2356 per
1399 2323 1458 2345 nos
1487 2317 1518 2345 et
1546 2322 1749 2346 successores
1763 2323 1823 2346 no-

1071 2371 1152 2399 stros
1171 2366 1434 2410 quibuscumque
1453 2366 1705 2406 cathedralibus,
1728 2366 1823 2400 etiam

1070 2419 1329 2464 metropolitanis
1351 2430 1407 2453 seu
1438 2418 1627 2461 collegiatis,
1658 2419 1823 2459 ecclesiis,

1070 2473 1125 2500 aut
1146 2468 1378 2513 capitularibus
1398 2467 1530 2508 mensis,
1554 2467 1650 2500 etiam
1670 2478 1729 2512 pro
1745 2479 1826 2512 quo-

1070 2517 1198 2550 tidianis
1218 2517 1513 2557 distributionibus,
1536 2522 1591 2550 aut
1611 2517 1682 2550 aliis
1702 2517 1825 2558 usibus,

1070 2576 1198 2600 necnon
1218 2567 1374 2610 collegiis,
1398 2565 1671 2607 universitatibus,
1693 2577 1827 2610 congre-

1070 2615 1266 2658 gationibus,
1289 2615 1478 2660 quorumvis
1491 2615 1647 2648 Ordinum
1665 2620 1825 2649 monaste-

1070 2665 1149 2707 riis,
1171 2665 1323 2700 domibus
1340 2692 1348 2707 ,
1375 2665 1591 2710 hospitalibus
1604 2691 1612 2706 ,
1639 2664 1769 2699 fabricis
1788 2675 1825 2699 ac

1826 277 1875 304 An.
1892 277 1920 304 C.
1939 275 2007 303 ¹567

1854 501 1952 521 nectunt
1988 506 2011 522 6ἶ

1828 534 1876 552 tiam
1894 533 1949 558 quod
1966 538 2011 552 mo-

1827 564 1922 584 nasteria
1957 569 2012 589 quo-

1828 601 1872 615 rum
1888 594 1969 615 tructus
1990 595 2011 614 in

1829 625 1887 645 libris
1911 625 2011 645 Gamerae

1828 657 1902 682 Apost.
1947 657 2011 676 taxati

1827 687 1962 713 reperiuntur
1991 690 2013 707 et

1828 723 1962 745 qumi-umque
1977 718 2013 738 be-

1827 750 1905 770 neficia
1935 754 2013 776 perpe-

1828 783 1863 800 tuo
1876 781 1933 800 unita
1943 781 1968 800 de
1981 785 2015 800 ce-

1830 814 1876 832 tero
1889 817 1930 831 nou
1941 816 2014 831 vacan-

1828 845 1868 869 tia,
1886 843 2015 870 quindenum

1829 878 1850 895 et
1887 874 1928 894 atta
1969 875 2013 894 iura

1828 905 1913 926 solvere
1936 908 2015 926 tenen—

1832 939 1872 957 tut·-
