2237 3100
247 278 295 304 An.
314 278 341 305 C.
361 279 429 306 1562

267 1345 382 1367 Exordium,

256 1881 371 1903 Pontifices
380 1885 428 1901 con-

242 1915 355 1934 cesserunt
397 1912 429 1931 di-

242 1945 310 1965 versis
341 1943 427 1964 Ordini-

242 1977 281 1997 bus
299 1977 324 1996 de
344 1975 428 1996 haeresi

242 2009 320 2035 inquiri
330 2013 372 2028 non
382 2013 429 2034 pos—

243 2045 266 2060 se
275 2040 315 2059 nisi
334 2045 372 2066 per
390 2044 428 2059 eo-

242 2076 287 2092 rum
297 2070 427 2097 superiores.

494 267 552 300 176

443 340 539 373 quam
561 336 660 371 extra,
682 341 764 374 quae
784 330 1006 373 praesentibus
1025 328 1193 362 adhibere-

444 389 507 423 tur,
530 383 556 415 si
576 384 735 417 exhibitae
755 384 802 417 vel
823 390 967 417 ostensae
988 383 1116 417 fuerint.

596 437 715 478 Placet,
738 442 826 469 motu
846 437 990 481 proprio.
1014 438 1037 470 Ι.

486 490 600 523 Datum
622 491 740 523 Rornae
761 491 847 534 apud
867 491 1019 523 Sanctum
1045 491 1191 531 Petrum,

443 543 656 576 decimosexto
682 544 832 576 kalendas
856 544 976 586 aprilis,
997 555 1081 577 anno
1101 555 1146 577 111.

482 602 542 631 Dat.
561 602 607 632 die
627 603 660 631 17
679 602 774 631 martii
792 601 997 639 Δ1562,ροηιῆΐ.
1016 612 1092 632 anno
1110 612 1151 633 111.

780 792 839 824 LX.

440 867 629 900 Iurisdictio
644 867 875 911 inquisitorrmz
892 868 1071 901 haereticae
1083 870 1194 911 pravi-

486 921 564 953 tatis
580 920 774 963 procedendi
792 925 906 954 contra
925 932 1132 966 qitoscumque
1148 934 1193 955 rc-

483 974 610 1017 ,satiares
629 978 659 1006 et
674 975 837 1017 reli'yiosos
857 976 1071 1017 quoquomodo
1088 977 1192 1018 privi-

484 1027 617 1069 leyiutos
640 1031 669 1059 et
688 1031 860 1070 ememptos,
883 1028 919 1060 (Ie
944 1028 1069 1060 haeresi
1087 1030 1194 1072 eulpa-

484 1080 576 1120 biles,
602 1080 772 1113 dummodo
797 1091 905 1113 eorum
927 1082 1105 1123 superiores
1130 1094 1193 1115 nou

481 1133 711 1175 praevenerint
736 1133 762 1165 ¹.

485 1213 547 1241 Pius
567 1213 637 1248 Papa
655 1213 703 1245 IV.
724 1214 757 1241 ad
774 1213 899 1242 futuram
918 1214 960 1242 rei
979 1215 1148 1243 memoriam.

484 1284 622 1318 Pastoris
642 1285 764 1318 aeterni
784 1285 1025 1328 vices,s1ne1*itis
1051 1286 1122 1319 licet
1144 1287 1194 1319 in-

440 1337 686 1378 sufficientibus,
708 1343 856 1381 gerentes
880 1339 913 1371 in
933 1340 1038 1380 terris,
1053 1339 1096 1373 sic
1116 1340 1194 1383 vigi-

440 1391 556 1424 lantiae
586 1398 715 1426 nostrae
745 1392 995 1426 sollicitudinem
1018 1393 1104 1427 circa
1123 1405 1197 1427 oves

440 1456 537 1478 curae
567 1451 694 1479 nostrae
733 1445 838 1479 divina
866 1446 1073 1490 dispositione
1109 1460 1197 1482 corn-

441 1500 554 1533 missas
588 1510 738 1533 exercere
773 1501 959 1541 studemus,
982 1512 1021 1535 ne
1056 1502 1129 1536 illae
1158 1503 1197 1536 ab

441 1553 514 1586 ovili
535 1564 613 1594 suo,
637 1558 723 1587 extra
759 1553 846 1598 quod
881 1554 985 1588 salvus
1014 1566 1109 1589 nemo
1130 1568 1197 1590 esse

442 1611 558 1650 potest,
580 1607 779 1648 aberrantes,
802 1607 833 1640 in
855 1609 1009 1652 luporum
1029 1610 1197 1654 rapacium

441 1660 573 1694 insidias
605 1661 671 1694 ullo
702 1661 798 1695 modo
818 1662 961 1695 incidere
982 1664 1123 1705 valeant,
1144 1664 1199 1697 secl

442 1715 525 1748 intra
545 1717 654 1749 caulas
674 1715 780 1749 debite
801 1716 978 1750 custoditae
994 1717 1032 1750 ad
1049 1719 1200 1752 coelestia

444 1780 563 1813 pascua
583 1770 719 1804 feliciter
739 1770 907 1814 pervenire
928 1771 1062 1814 possint.

488 1824 503 1867 ἓ
524 1824 552 1857 1.
582 1824 692 1869 Nuper
712 1824 871 1868 siquidem
893 1826 1096 1870 accepimns,
1117 1837 1198 1860 non-

444 1878 551 1911 nullos
565 1878 728 1911 Romanos
744 1879 916 1912 Pontifices
936 1880 1200 1923 praedecessores

444 1937 588 1972 nostros,
613 1932 767 1965 anteactis
797 1932 1017 1977 temporibus,
1040 1944 1076 1966 ex
1097 1936 1201 1969 causis

445 1990 522 2018 tunc
542 1986 712 2030 expressis,
735 1986 868 2020 diversis
890 1986 1080 2027 Ordinibus,
1104 1989 1199 2022 etiam

445 2039 716 2079 Mendicantibus,
739 2040 824 2083 quod
847 2045 960 2073 contra
994 2051 1107 2074 eorum
1142 2043 1201 2076 fra-

445 2097 509 2125 tres
521 2098 551 2125 et
562 2093 739 2136 religiosos,
755 2094 787 2126 in
803 2093 1064 2137 quibuscumque
1082 2097 1198 2135 causis,

445 2146 540 2178 etiam
561 2147 715 2187 haeresis,
738 2147 798 2179 nisi
820 2158 878 2192 per
899 2148 1090 2181 eorumdem
1112 2149 1201 2182 Ordi-

446 2210 522 2232 num
552 2200 736 2244 superiores
756 2206 786 2233 et
810 2201 985 2245 praelatos,
1006 2201 1126 2246 inquiri
1148 2209 1202 2236 ant

446 2253 577 2295 procedi
599 2265 731 2298 quoquo
753 2255 849 2287 modo
872 2265 935 2288 non
957 2256 1097 2298 possint,
1120 2256 1202 2289 inter

446 2307 508 2339 alia
529 2307 706 2351 privilegia,
722 2320 779 2352 per
791 2319 864 2341 suas
880 2308 989 2342 literas
1005 2310 1201 2343 concessisse

447 2366 478 2393 et
506 2371 565 2393 nos
594 2361 674 2394 sorte
701 2361 771 2394 illas
791 2362 1012 2402 confirmasse,
1031 2374 1201 2406 supercre-

448 2419 555 2447 scente
582 2419 689 2447 autem
715 2414 870 2459 temporis
893 2420 923 2448 et
942 2415 1113 2449 hominum
1134 2428 1201 2450 ina—

447 2462 526 2503 litia,
548 2464 608 2495 hac
629 2468 737 2496 nostra
757 2464 960 2507 potissimum
981 2470 1082 2497 aetate
1103 2466 1200 2509 (quod

487 2534 496 2558 ί
520 2533 589 2559 Haec
615 2532 681 2559 bulla
703 2534 727 2559 in
753 2534 882 2560 Mainardi
912 2534 1026 2561 editione
1055 2536 1094 2562 bis
1115 2537 1202 2570 pini-lo

447 2579 532 2613 posita
549 2578 660 2604 liabetur
677 2579 727 2605 snb
745 2581 863 2606 numeris
883 2588 919 2606 Lx
939 2584 962 2607 et
991 2589 1107 2608 cxxx-in.
1136 2583 1202 2609 Cum

447 2622 518 2649 nulla
536 2623 701 2649 rationabilis
721 2631 813 2650 caussa
840 2624 950 2651 huiusce
971 2626 1135 2660 repetitionis
1155 2635 1202 2661 ap-

448 2671 551 2705 pareat,
568 2669 679 2697 alteram
695 2669 843 2698 omittimus
863 2669 900 2707 (n.
923 2670 971 2708 r).
1206 2667 1210 2669 ’

1040 275 1218 299 BULLARIUM
1242 275 1392 300 ROMANUM

2004 276 2053 301 An.
2071 274 2100 301 C.
2120 274 2187 302 ¹562
2224 286 2233 309 ,ξ

1236 338 1311 360 sane
1332 328 1478 361 dolenter
1504 327 1697 371 referimus),
1712 327 1744 361 in
1755 338 1832 370 agro
1853 338 1988 371 evange·
2227 325 2234 335 ‘

1236 380 1290 413 lici
1310 381 1551 414 Patrisfainilias
1566 381 1703 420 zizania,
1727 381 1822 413 etiam
1843 380 1926 414 inter
1941 381 1988 414 di-

1237 438 1304 466 ctos
1324 434 1437 466 fratres
1457 439 1487 466 et
1507 433 1674 476 religiosos
1693 433 1725 466 in
1742 438 1865 467 tantum
1883 434 1992 478 pullu-

1237 487 1330 526 lasse,
1361 497 1545 530 messesque
1565 486 1672 520 tritico
1690 492 1889 520 rarescentes
1909 488 1989 520 adeo

1236 540 1383 583 polluere
1402 540 1546 573 videmus
1559 566 1566 579 ‚
1589 544 1624 572 ut
1642 540 1832 584 vulpeculae
1866 541 1928 573 iam
1957 541 1989 574 in

1236 599 1347 637 aperto
1373 593 1496 625 vineam
1516 592 1643 625 Domini
1664 592 1811 626 demoliri
1832 593 1987 627 nitantur.

1280 649 1294 689 ς’
1315 646 1346 678 2.
1379 646 1482 685 Quare
1516 656 1592 687 nos,
1615 657 1673 690 pro
1694 646 1862 690 pastoralis
1883 647 1990 681 officio
2030 660 2071 682 sei
2086 661 2120 682 inc
2138 661 2192 683 rou-

1236 699 1328 732 nobis
1360 699 1511 732 divinitus
1545 699 1656 732 crediti
1689 699 1809 739 debito,
1831 692 2064 744 quantum²⁵¹⁰¹’
2080 693 2105 713 δ’]
2127 694 2191 714 ΜΟ·

2003 729 2047 745 rem
2063 724 2111 745 ndei
2131 724 2191 746 unli-

1236 764 1309 785 cnm
1331 753 1394 785 Deo
1416 764 1607 796 possumus,
1630 759 1813 797 opportuna
1842 754 1875 786 in
1895 765 1989 798 prae·
2004 756 2190 807 :g'rffisgffiffi

1237 806 1339 839 missis
1360 807 1502 840 remedia
1514 806 1667 839 adhihere
1682 808 1836 848 volentes,
1854 812 1889 840 ut
1908 818 1990 850 quos
2003 817 2124 838 facultatem
2155 819 2189 838 aaz

1236 860 1290 893 Dei
1325 870 1415 892 arnor
1450 871 1468 892 a
1502 860 1585 892 malo
1610 871 1675 893 non
1700 865 1842 901 revocat,
1865 871 1989 905 poenae
2003 849 2192 906 ξζῖζῖἶζῃᾷοᾞζῗ

1236 914 1347 946 salleni
1378 913 1514 946 formido
1545 925 1561 946 a
1588 913 1805 956 delinquendo
1833 914 1987 955 retraham
2004 910 2192 962 ζζξζῑιῐξιζξξζ·

1237 973 1263 1000 et
1286 972 1456 1010 propterca
1473 967 1713 1000 considerantes
1728 968 1815 1010 quod
1835 967 1861 1000 si
1881 967 1989 1001 dilecti
2004 974 2058 998 ⁹20⁵,
2078 972 2189 1008 dumm⁰510

1237 1020 1293 1052 lilii
1314 1020 1520 1063 inquisitores
1540 1019 1722 1053 haereticae
1738 1020 1911 1064 pravitatis,
1925 1025 1989 1054 tam
2004 1009 2192 1063 ἳὲζωιῗοιῗυῗῖἳὲ.

1236 1074 1402 1115 generales
1422 1084 1519 1117 quam
1541 1073 1662 1117 ubique
1682 1074 1830 1106 locorum
1846 1074 1990 1118 deputati
2004 1069 2111 1087 '‘menn‘'

1238 1126 1460 1171 particulares,
1475 1127 1507 1159 in
1524 1126 1628 1160 causis
1643 1126 1785 1160 haeresis
1805 1127 1991 1161 huiusmodi

1238 1186 1349 1213 contra
1364 1191 1588 1224 quoscumque
1618 1179 1807 1223 quorumvis
1821 1179 1990 1222 Ordinum,

1238 1234 1332 1267 etiam
1354 1233 1599 1277 quomodolibet
1614 1239 1838 1278 exemptorum
1859 1239 1890 1267 et
1909 1234 1994 1268 Men-

1238 1287 1426 1327 dicantiuin,
1450 1288 1562 1320 fratres
1586 1287 1783 1331 professores
1812 1292 1843 1321 et
1866 1287 1994 1331 religio-

1238 1351 1301 1381 sos,
1323 1341 1597 1384 quandocumque
1618 1351 1732 1373 causas
1752 1340 1837 1385 ipsas
1851 1341 1993 1375 haeresis

1239 1393 1278 1425 ab
1298 1394 1343 1427 eis
1364 1394 1508 1427 inchoari
1535 1393 1720 1437 contigerit,
1743 1394 1921 1437 procedere
1940 1405 1992 1428 va-

1239 1448 1354 1488 lerent,
1378 1448 1522 1492 profecto
1543 1448 1574 1481 id
1594 1447 1625 1480 in
1652 1458 1716 1481 non
1740 1448 1900 1481 modicam
1918 1448 1993 1483 fidei

1240 1501 1416 1535 catholicae
1437 1502 1565 1535 cederet
1590 1502 1781 1543 utilitatem,
1804 1513 1878 1535 cum
1899 1513 1993 1547 prae-

1240 1554 1349 1587 sertim
1378 1567 1415 1589 ex
1444 1556 1505 1589 hoc
1531 1556 1716 1599 superiores
1736 1559 1766 1589 et
1785 1556 1920 1601 praelati
1935 1556 1993 1590 Or-

1240 1608 1352 1641 (linum
1383 1610 1624 1653 praedictorum
1639 1636 1646 1650 ,
1672 1610 1755 1643 sicut
1778 1610 1995 1645 verisimiliter

1242 1663 1439 1697 credendum
1474 1670 1519 1698 est
1534 1692 1541 1705 ,
1576 1665 1616 1697 ad
1645 1664 1789 1698 subditos
1822 1675 1913 1706 suos,
1935 1666 1995 1699 suh

1242 1718 1376 1761 probata
1399 1719 1575 1763 Religionis
1608 1729 1741 1759 norma,
1768 1718 1994 1762 continendos,

1243 1778 1557 1817 transgressoresqne
1588 1773 1702 1806 debitis
1731 1773 1844 1817 poenis
1864 1784 1995 1818 compe-

1243 1826 1390 1867 scendos,
1404 1828 1496 1861 facile
1517 1827 1608 1861 reddi
1625 1827 1747 1871 possint
1762 1826 1992 1870 diligentiores.

1243 1880 1379 1921 Idcirco,
1398 1887 1487 1915 motu
1509 1881 1641 1925 proprio
1657 1886 1687 1914 et
1708 1892 1744 1914 ex
1765 1885 1851 1914 certa
1864 1880 1997 1916 scientia

1243 1946 1279 1968 ac.
1306 1940 1430 1968 matura
1460 1935 1691 1969 deliberatione
1711 1941 1836 1976 nostra,
1857 1936 1918 1969 hac
1937 1946 1996 1970 no-

1244 1994 1306 2021 stra
1336 1989 1472 2022 firmiter
1505 1989 1641 2022 valitura
1666 1989 1912 2030 constitutione,
1938 2001 1996 2023 au-

1244 2042 1390 2076 ctoritate
1424 2043 1610 2087 apostolica,
1633 2049 1745 2076 tenore
1762 2043 1995 2087 praesen-tium,

1244 2096 1426 2137 statuimus,
1449 2096 1637 2129 ordinamus
1669 2102 1765 2140 atque
1793 2096 1998 2132 decernimus

1243 2149 1329 2193 quod
1350 2149 1389 2182 de
1409 2156 1529 2190 cetero,
1547 2150 1579 2182 in
1596 2150 1746 2183 omnibns
1762 2150 1927 2187 christiani
1947 2161 1998 2184 or-

1244 2203 1292 2235 bis
1312 2203 1472 2247 partibus,
1495 2203 1701 2247 inquisitores
1724 2203 1906 2238 haereticae
1927 2216 1998 2249 pra-

1244 2257 1367 2298 vitatis,
1392 2262 1455 2290 tam
1476 2258 1642 2301 generales
1662 2268 1758 2300 quam
1781 2258 1815 2291 in
1835 2258 1999 2302 quibusvis

1244 2311 1438 2354 provinciis,
1462 2311 1661 2353 civitatibus,
1685 2311 1829 2355 oppidis,
1856 2313 1949 2345 terris
1969 2319 2000 2347 et

1244 2364 1323 2397 locis
1356 2376 1415 2408 pro
1443 2370 1588 2409 tempore
1609 2364 1752 2409 deputati
1772 2364 1998 2409 particulares,

1245 2423 1357 2451 contra
1382 2429 1605 2462 quoscumque
1634 2419 1766 2458 fratres,
1801 2418 1999 2462 professores

1245 2473 1271 2499 et
1304 2467 1469 2510 religiosos
1502 2467 1658 2502 Ordinnm
1680 2467 1939 2511 praedictorum,
1962 2480 1999 2503 ac

1245 2516 1340 2549 etiam
1371 2523 1483 2550 contra
1517 2527 1740 2560 quoscumque
1770 2516 1882 2560 quovis
1902 2518 1998 2552 modo

1247 2565 1463 2608 privilegiatos
1483 2571 1513 2598 et
1533 2570 1707 2609 exemptos,
1725 2565 1763 2597 de
1780 2565 1922 2600 haeresis
1938 2567 1999 2600 cri-

1246 2613 1331 2646 mine
1352 2614 1596 2657 quomodolibet
1620 2619 1785 2658 suspectos
1811 2620 1866 2647 aut
1886 2616 1996 2660 culpa-

1220 2662 1342 2718 ¹biles,
1364 2663 1539 2699 dummodo
1570 2663 1610 2697 ab
1639 2663 1829 2698 eorumdem
1861 2664 1997 2700 fratrum
