2237 3100
202 246 250 271 An.
268 245 297 271 C.
318 245 385 272 1568

222 1531 319 1552 Declarat
331 1536 380 1552 seu·

197 1568 241 1583 sum
257 1562 381 1588 praeceden-

197 1595 249 1614 tium
255 1599 338 1614 suarum
350 1594 381 1613 lit-

198 1628 299 1650 terarum,
329 1630 380 1651 quas

197 1655 305 1676 enunciat.

445 236 509 271 662

400 299 484 332 dinis
495 298 823 333 praemonstratensis
835 297 895 329 sub
907 296 1029 337 Regula
1043 295 1150 328 Sancti

400 353 583 396 Augustini,
597 362 737 396 quorum
749 352 864 383 fratres
882 349 973 381 valde
995 348 1150 382 dissolute
1171 374 1173 399 ἒ

399 405 513 445 vivere,
537 411 567 438 et
586 416 651 438 non
672 415 778 448 parva,
803 409 865 435 tam
886 402 918 434 in
935 402 1040 445 capite
1053 413 1150 444 quam

398 458 429 490 in
456 458 620 497 membris,
638 467 736 500 super
755 466 869 489 eorum
898 455 1023 487 vivendi
1055 455 1151 488 modo
1171 456 1173 479 t

397 511 627 544 reformatione
663 510 808 551 indigere
846 508 1122 552 dignoscebantur
1143 520 1150 547 3

396 564 549 606 quodque
569 564 603 595 in
628 563 714 596 dicto
732 562 850 596 Ordine
883 562 1011 595 nullum
1037 572 1151 595 mona-

397 617 531 649 sterium
553 617 590 649 de
611 615 816 650 Observantia
838 615 1076 659 reperiebatur,
1098 626 1152 647 vo-
1172 645 1174 648 ,

397 669 517 702 luimus
550 681 587 702 ac
607 669 832 702 mandavimus
852 680 910 712 per
929 669 1008 703 alias
1029 675 1153 703 nostras

397 723 427 754 in
445 722 549 755 forma
568 722 673 755 brevis
693 723 827 762 litteras,
842 723 930 766 quod
942 723 1018 756 dicti
1041 724 1154 756 fratres

396 775 729 809 Praemonstratenses
756 777 794 808 ad
823 776 1056 809 ot·›servantiani
1090 778 1152 809 sra-
1174 782 1175 785 ’

395 834 480 861 trum
502 829 533 861 S.
557 829 742 874 Hieronymi
755 831 793 862 de
810 830 1029 868 Observantia,
1043 831 1073 863 iu
1091 831 1152 863 cis·
1174 838 1175 851 ¹

396 882 467 914 dem
494 882 723 925 Hispaniarum
756 884 862 926 regnis
892 884 1151 924 consistentium,

396 934 518 979 pariter
542 935 601 968 sub
626 936 710 969 dicta
731 936 853 979 Regula
871 937 1153 978 sanctiatis-tustini

397 988 617 1029 militantium,
630 999 688 1032 per
696 989 897 1023 venerabiles
908 990 1021 1022 fratres
1033 990 1154 1023 archic-
1174 1016 1175 1029 ,

396 1041 548 1085 piscopos
581 1047 612 1074 et
633 1043 805 1086 episcopos
826 1043 857 1075 in
878 1054 1018 1086 quorum
1045 1043 1153 1076 civita·
1174 1057 1175 1063 ¹

395 1095 481 1127 tibus
515 1101 544 1128 et
570 1091 774 1128 dioecesibus
795 1097 991 1130 monasteria
1026 1097 1154 1129 Ordinis

395 1148 720 1182 Praemonstratensis
759 1150 946 1183 huiusmodi
968 1161 1035 1183 esse
1075 1155 1176 1184 con-¹

394 1202 543 1244 tingeret,
572 1213 751 1247 eorumque
776 1203 911 1237 vicarios
936 1210 966 1237 et
987 1204 1150 1242 officiales,
1175 1213 1176 1235 t

394 1255 546 1288 adhibitis
566 1266 675 1289 secum
697 1256 826 1289 duobus
847 1257 957 1300 probis
985 1263 1014 1290 et
1032 1257 1155 1291 idoneis

395 1308 570 1351 Religionis
590 1308 692 1352 ipsius
712 1309 839 1342 Ordinis
855 1310 885 1343 S.
911 1310 1098 1355 Hieronymi
1116 1312 1154 1344 de
1175 1333 1176 1340 η

395 1361 615 1401 Observantia,
633 1363 881 1400 reducerentur,
902 1370 995 1407 prout
1009 1364 1040 1396 in
1062 1365 1155 1397 dictis

395 1414 509 1447 litteris
530 1415 657 1459 plenius
678 1416 875 1449 continetur.

440 1467 506 1510 §.2
529 1468 609 1501 Cum
630 1474 737 1501 autem
760 1469 875 1502 mentis
909 1475 939 1502 et
968 1470 1156 1504 intentionis

396 1532 432 1554 ac
449 1521 625 1554 voluntatis
645 1528 774 1554 nostrae
796 1533 925 1565 semper
954 1524 1050 1556 suerit
1071 1530 1099 1557 ct
1117 1524 1156 1557 sit

397 1575 484 1618 quod
494 1574 1155 1610 dictifratresPraemonstratensesdebite

397 1628 628 1668 reformentur,
652 1633 682 1661 et
706 1629 745 1661 ad
766 1630 949 1671 regularem
961 1630 1010 1663 sui
1027 1630 1156 1663 Ordinis
1176 1629 1177 1649 l

397 1681 646 1721 observantiam,
667 1692 731 1714 non
761 1688 868 1715 autem
901 1683 932 1716 S.
970 1684 1155 1727 Hieronymi

399 1735 437 1768 de
463 1734 669 1768 Observantia
689 1735 876 1767 huiusmodi
891 1763 898 1775 ,
922 1741 955 1768 ut
981 1748 1079 1780 snpra
1101 1749 1154 1769 ex-

399 1799 546 1832 pressum
569 1794 627 1828 est,
646 1800 705 1832 per
729 1789 858 1821 eosdem
885 1789 1000 1822 fratres
1021 1791 1051 1823 S.
1081 1791 1154 1823 Hie-

398 1842 525 1886 ronymi
544 1842 744 1875 reducantur
758 1869 764 1881 ,
779 1842 818 1874 ad
830 1854 990 1886 auresque
1016 1851 1152 1885 nostras,

399 1905 462 1928 non
475 1895 543 1928 sine
565 1895 710 1928 molestia
725 1901 845 1935 nostra„
870 1897 1053 1939 pervenerit.
1069 1899 1156 1941 quod

399 1947 475 1981 dicti
487 1949 600 1981 fratres
612 1949 642 1982 S.
657 1948 854 1992 Hieronymi,
865 1950 924 1982 sub
933 1957 1098 1993 praetextu
1108 1962 1156 1984 re-

399 2001 540 2034 ducendi
555 2002 685 2035 eosdem
699 2004 813 2035 fratres
832 2003 1156 2038 Praemonstratenses

399 2055 438 2088 ad
462 2055 711 2096 observantiam,
740 2067 771 2089 se
797 2057 829 2089 in
856 2059 1062 2090 monasteriis
1097 2060 1157 2091 liu-

399 2109 538 2142 iusmodi
572 2109 738 2142 intrudere
772 2110 840 2143 ausi
862 2110 991 2143 fuerunt
1009 2139 1016 2151 ,
1047 2118 1075 2144 et
1097 2112 1154 2144 sibi

400 2162 439 2194 ab
459 2161 505 2194 eis
525 2163 740 2196 obedientiam
762 2165 916 2207 praestari
930 2164 1047 2203 facere,
1061 2172 1089 2198 ct
1103 2166 1155 2198 illa

401 2226 473 2248 curn
496 2226 610 2248 eorum
625 2216 720 2249 bonis
735 2227 811 2248 suae
827 2216 986 2259 Religioni
1003 2218 1155 2261 incorpo-
1176 2229 1178 2252 ῑ

400 2269 464 2301 rari
485 2269 672 2310 intendant,
695 2270 832 2313 illosque
854 2270 998 2302 habitum
1026 2271 1055 2303 S.
1080 2272 1154 2304 Hie-

400 2322 525 2366 ronymi
545 2323 710 2366 suscipere
730 2323 853 2363 volunt,
872 2334 954 2365 quae
970 2331 1153 2368 propterea,

399 2375 486 2418 quod
498 2386 514 2407 a
531 2376 696 2409 nonnullis
708 2377 860 2409 fratribus
874 2376 1156 2411 Praemonstraten-
1176 2391 1177 2412 t

401 2423 490 2456 sibus
501 2431 645 2457 recusata
661 2426 802 2461 suerunt.
820 2425 893 2458 licet
904 2431 939 2457 ut
955 2427 994 2457 ab
1005 2425 1157 2458 eisrel'or-
1176 2451 1177 2454 ,

402 2478 533 2505 mentur
566 2474 708 2506 contenti
730 2473 877 2514 existant,
901 2484 956 2507 eos
975 2475 1008 2506 in
1029 2476 1156 2507 tetcrri-
1176 2484 1178 2509 1

404 2531 473 2554 mos
484 2532 630 2556 carceres
648 2523 872 2562 coniecerunt,
895 2529 925 2556 et
940 2533 1053 2556 eorum
1072 2524 1156 2557 bona

997 242 1177 267 BULLARIUM
1201 242 1353 266 ROMANUM

403 2577 606 2614 occuparunt
622 2577 650 2604 et
663 2578 873 2615 usurparunt:
901 2572 1033 2615 quidam
1050 2578 1155 2605 autc-m

401 2618 517 2653 fratres
552 2620 898 2662 praemonstratenses,
920 2622 1154 2665 perterrefacti,

1966 241 2015 267 An.
2032 241 2061 268 C.
2084 240 2152 268 {568

1193 293 1232 326 iis
1265 305 1348 337 quae
1369 293 1408 326 ab
1438 293 1515 337 ipsis
1535 293 1688 327 fratribus
1707 294 1739 327 S.
1762 293 1949 337 Hieronymi

1194 347 1344 379 mandata
1364 352 1439 380 sunt
1459 347 1667 389 acquiescere
1689 347 1792 380 coacti
1805 347 1945 380 fuerunt.

1237 400 1252 443 ἓ
1272 399 1302 432 3.
1327 400 1431 438 Quare
1452 411 1510 433 nos
1534 401 1687 440 volentes,
1708 401 1795 433 iuxta
1809 407 1949 435 mentem
2021 409 2150 432 nefor-nano

1194 459 1223 486 et
1263 453 1475 486 intentionem
1517 459 1548 486 et
1576 454 1774 486 voluntatem
1805 461 1949 487 nostram
1966 441 2156 493 ξ’,ᾞᾞῗιιῗιῖἓ

1194 506 1405 550 praedictam,
1437 507 1469 538 in
1496 506 1679 549 praemissis
1708 508 1950 550 quamprimum
1967 503 2153 528 '‘³⁰¹³''·⁰*’⁵“'³¹¹·

1968 536 2016 554 tiam
2039 533 2060 554 S.
2081 534 2113 554 Au
2129 540 2154 554 u-

1195 565 1378 604 opportune
1399 560 1581 603 providere,
1599 559 1657 592 tibi
1674 571 1732 604 per
1752 567 1949 604 praesentes,
1968 565 2017 585 ⁵¹⁵⁰*
2030 570 2071 586 ”⁰¹¹
2083 539 2153 585 “mim

1195 615 1227 647 in
1247 615 1363 648 virtute
1384 621 1513 647 sanctae
1533 615 1747 656 obedientiae,
1782 618 1953 652 committi-
1968 599 2024 646 iiiiii
2036 596 2156 662 ,obtsrixiiiiii

1195 681 1267 702 mus
1279 675 1309 701 et
1321 669 1513 702 mandamus
1533 675 1693 712 quatenus
1711 671 1815 704 statim
1832 671 1952 706 eisdem
1969 656 2040 708 Ξῗῗηῗῃ
2074 655 2152 677 n'm'

1195 724 1342 756 locorum
1365 723 1538 756 ordinariis
1572 735 1752 767 eorumque
1776 725 1904 759 vicariis
1924 731 1956 759 et

1195 777 1389 810 officialibus
1410 788 1446 810 ac
1465 778 1619 811 fratribus
1639 779 1670 812 S.
1698 779 1885 825 Hieronymi
1915 781 1955 814 ad

1196 832 1257 864 lioc
1277 831 1440 871 adhibitis,
1462 832 1653 865 auctoritate
1673 839 1794 875 nostra,
1822 835 1955 868 mandes

1195 896 1231 917 ac
1248 885 1391 917 districte
1412 886 1583 929 praecipias
1605 890 1640 918 ut
1655 887 1860 921 solummodo
1883 899 1954 922 eos-

1196 938 1269 971 dem
1286 938 1399 971 t'ratres
1417 939 1752 973 Praemonstratenses
1774 951 1954 987 eorumque

1197 991 1403 1031 monasteria,
1421 998 1483 1024 tam
1501 992 1532 1025 in
1555 993 1658 1035 capite
1688 1004 1785 1036 quam
1804 993 1838 1027 in‘
1854 1006 1954 1029 mem-

1195 1044 1261 1077 bris
1298 1045 1425 1078 visitent
1443 1072 1450 1085 ‚
1492 1045 1688 1087 reforment,
1727 1048 1892 1091 corrigant
1925 1054 1955 1082 et

1196 1098 1380 1135 emendent,
1403 1110 1439 1131 ac
1456 1099 1495 1131 ad
1512 1100 1694 1142 regularem
1719 1101 1954 1135 observantiam

1197 1151 1244 1183 sui
1269 1151 1396 1184 Ordinis
1409 1152 1747 1193 Praemonstratensis,
1766 1165 1831 1188 non
1847 1160 1955 1188 autem

1196 1204 1226 1237 S.
1251 1204 1436 1248 Hieronymi
1459 1206 1616 1248 praedicti
1633 1207 1763 1240 realiter
1779 1213 1896 1241 etcum
1908 1209 1955 1242 ef-

1198 1258 1281 1290 fectu
1302 1258 1459 1291 reducant
1506 1264 1602 1303 atque
1628 1266 1812 1304 reponant,
1850 1261 1954 1295 delin-

1196 1316 1332 1354 quentes
1341 1317 1486 1355 repertos
1496 1312 1582 1345 iuxta
1593 1313 1765 1347 canonicas
1775 1315 1956 1348 sanctiones

1175 1397 1176 1403 ἵ
1196 1370 1226 1395 ct
1247 1364 1407 1407 regularia
1430 1376 1543 1397 eorum
1557 1365 1701 1399 instituta
1713 1367 1860 1409 puniant,
1873 1379 1955 1411 quos

1196 1427 1270 1449 vero
1296 1418 1533 1459 incorrigibiles
1559 1429 1627 1452 esse
1658 1421 1863 1463 repererint,
1895 1421 1955 1454 suh

1197 1470 1259 1502 fida
1281 1470 1426 1503 custodia
1444 1471 1547 1503 teneri
1568 1477 1695 1511 curent,
1708 1472 1786 1505 etde
1804 1473 1956 1507 omnibus

1197 1533 1255 1555 uos
1275 1523 1447 1565 diligenter
1467 1525 1624 1557 certiores
1644 1526 1763 1558 saciant
1777 1553 1788 1566 ,
1818 1532 1853 1559 ut
1875 1526 1955 1570 quid

1197 1577 1337 1620 desuper
1362 1578 1523 1619 agendum
1563 1578 1659 1610 suerit
1699 1579 1745 1612 eis
1778 1579 1954 1622 significari

1198 1631 1370 1673 possimus.

1243 1684 1256 1727 ξ
1277 1684 1308 1716 4.
1322 1685 1355 1716 ln
1373 1685 1592 1725 caeterisvero,
1606 1696 1688 1728 quae
1701 1686 1738 1718 ad
1758 1687 1953 1720 monasteria
1994 1694 2054 1730 Quot}
2074 1695 2150 1730 tratre?

1198 1743 1226 1769 ct
1252 1738 1365 1771 fratres
1399 1739 1731 1772 Praemonstratenses
1764 1739 1951 1774 huiusmodi
1967 1724 2152 1777 {tuoffiffissi'fii'ii

1198 1791 1372 1834 pertinent,
1396 1804 1427 1825 se
1449 1793 1633 1825 mittatenus
1654 1792 1867 1827 intromittere
1896 1805 1953 1827 au·
1968 1793 2020 1814 ‘¹⁰³⁰
2040 1787 2065 1807 ²¹⁴¹
2086 1786 2153 1807 ΡΜ·

1977 1820 2148 1838 mensu-aienses

1198 1844 1305 1883 deant,
1328 1845 1381 1877 sed
1404 1845 1475 1877 illos
1499 1846 1531 1878 in
1557 1857 1614 1878 suo
1635 1846 1754 1879 Ordine
1780 1854 1810 1880 et
1839 1847 1952 1880 habitu
1967 1848 2078 1881 13⁹¹¹¹¹¹²¹³²
2094 1849 2153 1873 ΜΘ·

1846 1899 1851 1905 ,
1967 1880 2153 1900 reresedeheant.

1198 1898 1506 1931 Praemonstratensi
1524 1910 1725 1943 suorumque
1744 1911 1952 1944 superiorum

1198 1950 1382 1983 ohedientia
1403 1952 1462 1984 sul)
1476 1952 1618 1993 regulari
1630 1953 1833 1986 observantia
1848 1953 1953 1987 vivere

1198 2004 1385 2047 permittant
1402 2031 1408 2045 ,
1433 2016 1491 2037 ncc
1512 2006 1672 2047 generalis
1693 2011 1723 2038 et
1743 2006 1856 2039 fratres
1876 2007 1953 2040 dicti

1198 2058 1228 2090 S.
1243 2057 1429 2102 Hieronymi
1442 2069 1473 2091 sc
1486 2058 1517 2090 in
1534 2059 1626 2092 dictis
1639 2059 1842 2093 monasteriis
1856 2060 1952 2094 Prae-

1198 2111 1498 2148 monstratensibus,
1515 2112 1628 2155 quovis
1640 2118 1954 2157 praetextuautquae-

1197 2164 1256 2196 sito
1278 2165 1396 2203 colore,
1418 2164 1593 2205 intrudere,
1608 2176 1713 2208 neque
1735 2177 1846 2199 eorum
1867 2167 1953 2200 bona

1198 2218 1429 2260 quoquomodo
1450 2229 1611 2262 occupare
1629 2225 1682 2252 aut
1709 2220 1769 2252 sibi
1792 2231 1952 2264 usurpare

1198 2277 1417 2314 praesumant,
1440 2272 1624 2316 pariterque
1649 2278 1831 2307 carceratos
1858 2284 1951 2317 prae-

1198 2323 1299 2356 dictos
1315 2325 1419 2357 statim
1440 2327 1601 2365 relaxent;
1629 2332 1659 2359 et
1679 2327 1704 2360 si
1731 2326 1809 2370 quid
1828 2327 1949 2366 forsan,

1198 2383 1310 2410 contra
1331 2384 1484 2419 mentem,
1509 2379 1718 2412 intentionem
1748 2391 1785 2413 ac
1803 2380 1952 2413 volunta-

1199 2432 1260 2459 tem
1277 2433 1419 2459 nostram
1436 2428 1634 2469 liuiusn‘iodi,
1657 2440 1674 2461 a
1694 2429 1887 2472 supradictis
1901 2429 1947 2461 fa-

1199 2480 1296 2510 rtum,
1317 2481 1506 2509 attentatum
1528 2483 1556 2509 et
1583 2477 1770 2510 innovatum
1794 2478 1952 2510 hactenus

1198 2524 1303 2563 fuerit,
1324 2525 1354 2557 id
1376 2535 1471 2557 omne
1492 2525 1523 2557 in
1544 2525 1717 2569 pristinum
1750 2531 1780 2558 et
1804 2536 1892 2564 eum,
1918 2525 1951 2558 in

1198 2583 1263 2614 quo
1275 2579 1367 2605 antea
1379 2579 1458 2613 crat,
1473 2579 1601 2614 statum,
1615 2580 1829 2617 praeterquam
1844 2574 1951 2617 quoad

1199 2632 1235 2653 ea
1254 2633 1336 2664 quae
1357 2622 1619 2655 reformationem
1640 2622 1741 2666 ipsam
1759 2649 1767 2663 ,
1798 2627 1834 2656 ut
1860 2633 1952 2666 prae-
