2237 3100
40 283 92 312 An.
112 283 222 311 01:568

63 1362 163 1387 provisos
175 1370 221 1390 pos-

37 1398 134 1418 sessione
155 1397 222 1423 priva-

38 1431 79 1454 tos,
99 1434 123 1449 ac
139 1428 186 1448 indo
202 1433 222 1447 a-

40 1462 107 1480 mutos
118 1459 221 1484 declarat,

66 1795 110 1821 Non
119 1801 223 1821 dimitten-

40 1831 96 1852 tibus
143 1838 223 1858 poenas

41 1864 136 1889 imponit;

927 279 995 303 rius
1019 279 1037 303 v
1061 272 1109 302 1⁹1⁵.

1673 258 1736 301 669
1793 272 1843 300 An.
1864 273 1894 300 c.
1912 269 1979 300 1568

238 343 365 367 necnon
385 333 660 374 consideratione,
682 332 819 373 intuitu,
842 338 987 366 conteni-
1030 330 1319 364 ministrationibus
1352 336 1383 363 et
1413 329 1528 364 officiis
1553 329 1627 362 dieti
1653 328 1781 363 Ordinis

237 387 378 431 platione
407 388 455 420 vel
489 387 527 420 ad
557 387 738 420 instantiam
770 386 985 431 imperatoris,

237 451 370 483 regum,
407 441 526 474 ducum
562 442 766 484 aliorumque
788 441 984 485 principum,

236 494 317 527 facta
337 500 368 528 et
392 506 562 533 concessa,
587 494 848 538 ‹puluiscumspie
869 506 986 527 conee—

236 552 287 590 pta
310 548 456 581 formulis
472 560 521 589 ac,
549 548 642 581 etiam
666 548 851 581 restitutivis
865 575 872 587 ‚
893 559 986 592 prac-

236 602 396 634 servativis
411 629 418 642 ,
462 602 739 646 derogatoriarum
777 601 988 644 derogator-iis

235 655 371 699 aliisque
391 656 637 695 efficacimibus,
655 655 883 689 efficacissimis
899 661 929 688 et
943 656 987 688 in—

235 709 353 749 solitis,
376 710 541 749 clausulis,
577 720 703 743 necnon
720 710 781 741 vim
804 714 988 742 contractus=

235 761 463 796 inducentibus
496 769 525 796 et
559 763 629 795 aliis
662 763 800 796 decretis
834 763 964 796 suffulta
978 791 985 803 ,

235 826 375 859 quorum
397 817 543 850 omnium
557 823 683 850 tenores
699 816 923 860 praesentibus
933 817 988 849 ha-

233 869 303 902 beri
323 871 473 904 volumus
497 882 556 915 pro
578 871 747 915 expressis,
774 871 857 903 dicta
877 876 987 904 aucto-

234 923 326 957 ritate
347 925 534 969 apostoliea,
553 930 663 958 tenore
684 925 901 969 praesentium
918 934 987 967 spe-

234 978 356 1011 cialiter
376 983 406 1011 et
426 989 572 1023 expresse
593 989 793 1019 revocamus,
815 983 845 1011 et
858 983 987 1022 aposto-

234 1032 313 1065 licas
329 1043 366 1066 ac
383 1043 606 1076 quascumque
627 1033 704 1065 alias
724 1032 846 1066 litteras
861 1043 987 1065 necnon

235 1097 406 1130 processus
417 1087 544 1120 habitos
552 1098 609 1131 per
617 1088 744 1121 easdem
754 1093 784 1120 et
794 1086 867 1119 inde
880 1092 989 1119 secuta

235 1151 460 1183 quaecumque
477 1152 640 1174 cassamus
665 1146 695 1173 et
710 1142 929 1179 annullan‘ms,
952 1151 988 1173 ae

234 1195 384 1227 volumus
410 1195 464 1227 illa
489 1195 597 1228 omnia
624 1195 706 1228 vires
723 1200 753 1228 et
777 1195 926 1228 effectum
949 1195 988 1227 de

235 1253 352 1281 caetero
371 1259 437 1282 non
456 1249 588 1282 habere.

280 1303 295 1346 ἓ
315 1302 367 1335 102.
391 1302 427 1335 Et,
444 1303 656 1337 nihilominus
672 1313 784 1337 omnes
797 1309 827 1336 et
846 1304 989 1346 singulos

235 1356 360 1400 priores
371 1362 401 1390 et
421 1363 563 1390 caeteros
581 1360 703 1399 tratres,
725 1358 797 1390 illos
817 1364 847 1390 et
867 1358 919 1390 illa
937 1358 991 1390 ob-

237 1410 373 1444 tinentes
397 1412 591 1455 praedictos,
614 1423 650 1445 ac
671 1423 725 1446 eos
758 1412 813 1454 qui
845 1412 988 1456 profiteri

235 1465 389 1507 volentes,
408 1471 444 1499 ut
464 1467 655 1511 praefertur⁷
672 1471 876 1510 receperunt,
894 1466 990 1499 etiam

236 1525 538 1564 quantumcumque
558 1520 744 1564 longissimo
760 1525 905 1564 tempore
919 1531 992 1565 pos-

236 1585 387 1617 sessores,
410 1575 531 1609 eisdem
552 1576 703 1609 omnibus
724 1586 761 1609 ex
782 1586 868 1608 nunc
884 1575 989 1619 priva-

237 1639 309 1662 mus
324 1634 354 1662 et
370 1629 409 1663 ab
425 1629 556 1663 illorum
577 1629 779 1673 possessione
793 1640 990 1669 amovemus,

236 1687 424 1728 amotosque
444 1683 691 1717 denunciamus.

282 1737 297 1780 g
317 1736 370 1770 13.
405 1735 557 1771 Iubemus
590 1748 721 1782 quoque
755 1738 921 1781 generales
954 1748 990 1770 a‹·

237 1790 316 1825 alios
349 1791 497 1835 priores,
520 1792 824 1832 commendatarios,
853 1791 991 1824 admini-

238 1850 390 1879 stratores
414 1851 444 1879 et
474 1852 615 1879 rectores
649 1845 831 1890 praedictos
856 1845 887 1878 in
918 1846 990 1881 uni-

237 1909 364 1932 versum
399 1904 429 1932 et
459 1899 666 1943 singulatim,
690 1905 724 1932 ut
749 1898 990 1943 quamprimum

240 1958 425 1996 praesentes
440 1953 502 1986 illis
522 1954 686 1987 intimatae
709 1953 839 1993 fuerint,
860 1964 925 1986 non
942 1965 992 1986 ex-

239 2012 364 2051 pectata
383 2007 445 2040 alia
463 2018 481 2040 a
503 2008 596 2040 nobis
626 2007 766 2041 iussione
791 2012 846 2040 aut
878 2008 993 2040 mentis

240 2060 456 2095 declaratione
471 2088 478 2102 ,
500 2062 539 2094 ab
568 2061 755 2095 omnimoda
788 2062 992 2094 administra-

241 2113 328 2148 tione
348 2114 538 2156 abstineant,
565 2126 600 2148 ac
622 2115 855 2159 possessionem
881 2116 993 2149 huius-

241 2169 329 2202 modi
352 2179 498 2209 vacuam,
521 2169 656 2202 liberam
679 2174 709 2203 et
729 2170 910 2213 expeditam
926 2181 994 2203 rea-

242 2222 315 2256 liter
334 2223 506 2263 dimittant,
533 2223 638 2267 deque
659 2223 811 2257 omnibus
831 2230 861 2257 et
882 2224 993 2267 singu-

242 2276 281 2309 lis
304 2277 396 2310 bonis
416 2277 610 2317 mobilibus,
632 2288 759 2310 necnon
779 2277 939 2311 fructibus
965 2284 995 2311 et

242 2331 339 2364 rebus
358 2331 398 2365 ab
418 2332 463 2365 eis
483 2332 655 2376 perceptis,
677 2332 771 2365 etiam
794 2332 827 2364 in
847 2333 994 2376 pecuniis

243 2390 502 2432 consistentibus,
526 2390 625 2434 priori
645 2391 787 2433 generali
807 2402 844 2424 ac
859 2391 995 2425 visitato-

242 2448 332 2482 ribus
351 2449 507 2482 rationem
530 2450 686 2489 reddant,
709 2445 832 2493 reliqua
853 2460 926 2483 vero
946 2450 994 2484 lo·-

242 2507 288 2540 cis
308 2507 374 2540 suis
393 2507 526 2540 omnino
538 2507 699 2547 dimittere
709 2507 855 2540 debeant.
868 2507 959 2546 Quod
970 2508 994 2541 si

242 2562 359 2599 horum
380 2566 549 2610 quisquam
564 2576 656 2598 secus
673 2566 905 2609 quoquomodo
917 2577 994 2599 con-

243 2624 412 2665 tenderint,
429 2624 519 2657 illum
536 2625 630 2657 talem
653 2623 995 2657 excommunicationis

243 2683 399 2716 sententia
420 2683 624 2722 innodamus,
644 2694 680 2715 ac
701 2682 920 2725 dignitatibus,
943 2682 995 2716 ad-

1030 390 1186 429 perpetuo
1212 385 1381 427 indignum
1401 384 1607 417 decernimus
1627 388 1674 416 eo·
1696 383 1777 427 ipso.

1073 440 1087 481 ᾗ
1108 439 1161 471 Μ.
1184 439 1246 483 Ipsi
1267 444 1373 471 tamen
1398 438 1443 471 sic
1473 437 1680 478 dimittentes,
1705 437 1780 469 titu-
1824 440 1978 493 ⁰⁵32¹¹¹ff2²³1¹³¹¹⁵

1030 492 1096 524 lum
1113 519 1120 532 ,
1142 503 1261 525 nomen
1286 498 1316 525 et
1336 492 1424 534 signa
1457 491 1566 525 omnia
1598 490 1715 535 prioris
1740 490 1782 523 ita
1797 476 1873 525 2:222„
1905 479 1979 525 itu'tii'f

1031 546 1201 586 retineant,
1225 553 1259 579 ut
1279 546 1384 589 quoad
1420 546 1555 579 vixerint
1587 551 1617 578 et
1651 545 1683 577 in
1708 544 1781 577 uni-
1797 536 1979 592 {ffifflsslcciiiiiiess

1031 604 1092 632 tate
1114 600 1188 633 tidei
1209 605 1303 642 atque
1320 600 1501 633 obedientia
1521 598 1782 632 etobservatione
1798 600 1980 625 ‘1¹¹⁰²²¹¹¹²*‘¹³V³⁰

1031 653 1247 695 praesentium
1271 654 1464 696 perstiterint
1482 680 1489 694 ,
1512 664 1571 686 nee
1591 653 1779 696 quicquam,
1797 636 1867 695 liiii,
1882 635 1980 688 Ρέἒιιζῖιῖθ

1030 708 1117 749 quod
1139 717 1193 740 eos
1219 708 1333 740 merito
1365 708 1476 740 reddat
1503 707 1662 750 indignos,
1680 706 1781 739 admi-
1798 695 1829 718 '¹¹³

1030 759 1140 800 serint,
1159 771 1269 794 vocem
1283 768 1314 794 et
1338 761 1527 804 suffragium
1544 761 1643 795 active
1664 766 1694 793 et
1714 771 1783 803 pas-

1030 814 1092 847 sive
1107 841 1114 855 ,
1141 815 1236 847 etiam
1263 815 1368 858 quoad
1394 815 1586 849 electionem
1601 815 1677 848 dicti
1695 814 1782 858 prio-

1031 868 1073 901 ris
1093 869 1252 909 generalis
1272 869 1424 909 habenae
1444 874 1474 902 et
1499 874 1561 902 tam
1584 869 1615 901 in
1636 869 1783 913 proximo

1029 933 1126 966 quam
1149 922 1178 955 in
1202 924 1337 957 caeteris
1353 923 1505 967 deinceps
1526 923 1674 967 capitulis
1685 933 1782 966 gene-

1030 975 1163 1015 ralibus,
1194 977 1233 1009 ad
1260 988 1369 1009 euram
1405 983 1436 1009 et
1466 977 1609 1020 regimen
1645 977 1782 1010 alioruin

1031 1029 1233 1072 prioratiuuu
1255 1035 1285 1063 et
1300 1031 1509 1074 hospitalium
1528 1036 1781 1070 commutentur,

1030 1084 1085 1116 sed
1111 1085 1242 1117 annales
1270 1085 1446 1125 dumtaxat,
1474 1084 1522 1117 uti
1548 1084 1782 1129 praescriptum

1030 1141 1088 1177 est,
1106 1137 1181 1180 eligi
1198 1138 1333 1181 possint,

1070 1190 1085 1232 ,ξ
1105 1191 1157 1224 15.
1177 1191 1359 1232 Caeterum,
1382 1202 1417 1225 ex
1435 1191 1473 1224 iis
1492 1202 1574 1235 quae
1589 1203 1648 1235 pro
1663 1192 1784 1225 salubri
1825 1199 1983 1236 morisim-ne-

1031 1244 1134 1278 dictae,
1152 1245 1326 1289 Religionis
1347 1251 1428 1279 statu
1451 1251 1480 1279 et
1501 1245 1585 1279 felici
1606 1246 1784 1280 directione
1799 1231 1984 1284 {ffi}{„50⁰ss¹}¹fii¹r¹i

1031 1298 1151 1342 alioqui
1187 1300 1330 1333 instituta
1358 1300 1529 1343 hucusque
1562 1301 1782 1344 reperiuntur,
1799 1296 1982 1352 {2n222122'fflgssss'}

1031 1364 1179 1397 quaeque
1200 1365 1259 1387 nee
1278 1354 1500 1397 praesentibus
1521 1354 1681 1387 contraria
1697 1360 1782 1395 sunt,
1800 1358 1849 1383 ‘¹131
1863 1357 1929 1383 iubet,

1032 1418 1091 1441 nee
1113 1407 1246 1440 illorum
1281 1408 1432 1441 effectum
1460 1408 1615 1451 impedire
1638 1414 1783 1451 possunt,

1033 1461 1111 1494 nihil
1133 1463 1266 1496 omnino
1287 1463 1456 1496 detrahere
1470 1489 1478 1503 ,
1499 1463 1553 1496 sed
1574 1463 1627 1495 illa
1652 1463 1785 1495 omnino

1033 1516 1166 1549 humota
1187 1516 1354 1557 eustodiri3
1377 1527 1501 1558 rursus,
1522 1527 1559 1549 ea
1579 1527 1661 1560 quae
1681 1517 1719 1549 ad
1736 1515 1785 1561 ipa

1033 1570 1099 1603 sius
1111 1570 1252 1614 [legulae
1268 1571 1544 1605 conservationem
1562 1563 1658 1615 atque
1674 1571 1784 1605 aediti-

1033 1625 1193 1658 cationum
1208 1626 1262 1658 ‘vel
1282 1626 1391 1659 deesse
1420 1627 1467 1659 vel
1501 1626 1612 1659 obesse
1636 1631 1783 1669 possunt,

1034 1680 1193 1723 praesenti
1221 1679 1335 1723 pagina
1355 1680 1507 1723 supplere
1535 1680 1583 1713 vel
1613 1680 1785 1713 emendare

1035 1734 1246 1776 intendentes,
1263 1745 1298 1767 ae
1308 1734 1402 1768 etiam
1413 1735 1615 1767 inhaerentes
1624 1734 1786 1779 praedietis

1034 1788 1222 1829 lnnoeeiitii‚
1233 1788 1404 1822 Clementis
1415 1794 1445 1822 et.
1454 1789 1543 1822 Pauli
1559 1786 1784 1833 praedecesso-

1035 1853 1105 1874 rum
1127 1842 1261 1884 litteris,
1289 1854 1427 1886 quarum
1442 1843 1640 1885 singularum
1659 1848 1787 1876 tenores

1035 1896 1247 1939 praesentibus
1259 1897 1370 1930 haberi
1387 1897 1536 1930 volumus
1548 1908 1607 1940 pro
1619 1897 1785 1939 expressis,

1035 1955 1142 1991 motu,
1165 1950 1297 1984 seientia
1331 1957 1361 1984 et
1390 1950 1553 1994 potestatis
1588 1951 1786 1993 plenitudine

1035 2004 1193 2047 similibus
1227 2004 1397 2038 statuimus
1418 2010 1448 2037 et
1477 2004 1664 2037 ordinamus
1684 2005 1783 2048 quod,

1037 2058 1151 2091 futuris
1187 2059 1385 2102 temporibus
1410 2058 1442 2091 in
1468 2063 1674 2103 perpetuum,
1698 2059 1787 2102 prior

1035 2112 1194 2153 generalis
1209 2112 1420 2146 dictiOrdinis
1435 2112 1600 2145 triennalis
1609 2112 1784 2153 dumtaxat,

1035 2177 1072 2199 ac
1093 2166 1186 2200 tertio
1205 2178 1335 2211 quoque
1355 2177 1440 2200 anno
1461 2166 1493 2199 in
1518 2165 1659 2210 capitulo
1690 2177 1786 2209 gene-

1036 2220 1093 2253 rali
1128 2220 1260 2264 singulis
1298 2221 1444 2254 trienniis
1476 2218 1669 2254 celebrando
1686 2246 1694 2260 ‚
1730 2230 1788 2264 per

1036 2274 1187 2318 suffragia
1207 2281 1340 2316 secreta,
1359 2275 1445 2308 iuxta
1467 2274 1594 2308 concilii
1610 2273 1787 2307 Tridentini

1035 2328 1290 2372 dispositionem,
1313 2335 1344 2363 et,
1367 2328 1445 2361 alias
1469 2329 1646 2362 secundum
1667 2327 1788 2362 litteras

1030 2382 1213 2415 innocentii
1245 2382 1501 2427 praedecessoris
1534 2381 1730 2423 huiusmodi,
1757 2387 1788 2415 et

1037 2436 1197 2479 regularia
1229 2437 1306 2470 dicti
1339 2435 1465 2469 Ordinis
1504 2435 1647 2468 instituta
1676 2436 1785 2469 lauda—

1036 2485 1181 2529 bilesque
1202 2485 1450 2519 consuetiulines
1464 2484 1612 2527 eligatur,
1629 2484 1671 2517 ita
1686 2485 1785 2529 quod,

1037 2545 1171 2568 excurso
1193 2534 1346 2579 praedicti
1381 2533 1510 2566 triennii
1543 2533 1658 2577 spatio,
1681 2533 1786 2577 ipsum

1036 2584 1179 2617 officium
1220 2590 1358 2627 nequeat
1398 2583 1441 2616 illi
1483 2583 1634 2628 deinceps
1672 2594 1787 2628 proro-

1036 2644 1116 2676 gari.
1286 2653 1287 2657 =

1081 2682 1095 2725 ξ
1116 2682 1169 2716 ltj.
1194 2682 1231 2716 Ut
1248 2693 1321 2716 vero
1341 2681 1511 2716 uniformis
1527 2681 1558 2715 in
1574 2681 1659 2716 dicto
1672 2681 1788 2716 Ordine
