2237 3100
25 265 75 301 Ah.
91 273 119 300 c.
136 269 207 298 1555

48 1875 113 1896 Causa
127 1877 205 1898 consti-

23 1908 117 1929 tutionis.

42 2507 158 2531 lui-isdieiio
170 2511 204 2536 (de

23 2545 62 2568 qim
71 2541 91 2560 in
103 2541 202 2568 rubrica),

885 255 953 279 PIUS
976 255 1006 278 tv
1030 252 1077 277 PP.

221 319 324 351 forma
356 315 395 348 ad
427 314 489 347 hoc
523 312 675 345 servanda
710 311 807 349 foret,
843 314 971 341 tenores

219 367 422 409 huiusmodi,
445 378 482 401 ac
506 367 531 400 si
556 367 594 399 de
614 366 710 399 verbo
744 364 783 397 ad
816 363 968 401 verbum,

220 424 300 458 nihil
321 422 450 467 penitus
469 421 586 454 omisso
611 425 642 453 et
667 420 768 452 forma
788 417 821 450 in
841 416 886 449 eis
905 420 969 448 tra-

219 479 285 512 dita
300 477 477 515 observata,
490 474 600 508 inserti
612 474 728 512 forent,
748 469 970 516 praesentibus

221 542 278 576 pro
299 530 455 575 expressis
480 528 652 565 habentes,
675 526 738 559 illis
762 525 839 557 alias
860 524 890 556 in
911 533 970 555 suo

219 585 336 618 robore
356 582 594 628 permansuris,
616 582 676 614 hac
696 580 763 613 vice
784 579 967 617 dumtaxat,

219 638 403 682 specialiter
431 642 462 670 et
486 646 634 679 expresse.
655 634 865 676 derogamus,
888 636 970 664 cete-

219 693 328 736 risque
361 690 531 725 contrariis
564 689 837 733 quibuseumque.
864 686 926 718 Aut
946 684 970 716 si

219 746 392 791 aliquibus,
407 744 625 778 communiter
644 743 691 775 vel
712 741 848 778 divisim,
865 740 904 772 ab
921 749 970 771 ea-

219 801 292 834 dem
313 800 352 833 sit
380 799 461 833 Sede
491 799 652 831 indultum
685 795 772 839 quod
802 793 969 833 interdici,

219 854 372 898 suspendi
391 854 440 887 vel
460 849 734 886 excommunicari
759 859 824 882 non
850 846 973 892 possint

220 919 278 953 per
297 907 406 941 literas
425 906 619 951 apostolicas
644 915 709 938 non
730 903 882 937 facientes
901 902 970 945 ple-

220 972 294 995 nam
328 967 359 995 et
387 971 570 1005 expressam
604 970 640 992 ac
665 958 704 991 de
723 957 820 990 verbo
841 956 880 988 ad
901 966 971 988 ver-

219 1016 297 1049 bum
317 1015 356 1048 de
377 1015 502 1048 indulto
523 1012 709 1046 huiusmodi
731 1010 941 1044 mentionem.

261 1069 377 1102 Datum
397 1068 517 1101 Romae
538 1066 625 1111 apud
645 1066 798 1099 Sanctum
819 1064 968 1101 Petrum,

220 1123 279 1157 sub
299 1122 420 1155 annulo
440 1120 622 1159 Piscatoris,
639 1120 691 1153 die
706 1117 972 1163 vigesimaquinta

220 1176 423 1222 septembris,
447 1174 617 1208 millesimo
637 1173 897 1217 quingentesimo
922 1182 971 1204 se-

220 1229 492 1275 xagesimotertio,
504 1227 710 1274 pontificatus
722 1226 821 1260 nostri
833 1236 918 1259 anno
928 1235 968 1258 lv.

234 1289 294 1320 Dat.
313 1290 360 1320 die
378 1288 416 1319 25
429 1287 606 1328 septembris
624 1287 709 1324 1563,
728 1286 831 1326 pontif.
854 1295 901 1315 an.
921 1293 958 1314 ιν.

515 1471 669 1506 LXXXVI.

218 1551 405 1586 Iurisdictio
425 1549 605 1583 cardinalis
628 1549 817 1592 protectoris
841 1552 870 1581 et
890 1547 974 1581 iudi-

264 1606 308 1638 cis
328 1615 501 1639 causarum
519 1603 690 1647 hospitalis
706 1607 735 1636 et
754 1601 926 1635 Societatis
936 1599 970 1635 S.
993 1614 994 1649 j

262 1658 458 1702 Hieronymi
476 1658 684 1700 Illyricorum
708 1657 745 1689 de
773 1656 864 1689 Urbe.

337 1740 399 1769 PIus
413 1741 485 1776 Papa
503 1739 545 1772 IV.
565 1740 644 1767 motu
660 1738 783 1774 proprio,
800 1738 854 1766 etc.

263 1813 354 1855 Cum,
376 1812 458 1847 sicut
477 1811 676 1855 accepimus,
698 1810 856 1854 hospitale
876 1810 973 1854 Illyri-

219 1878 333 1903 corum
362 1867 393 1902 S.
421 1866 606 1910 Hieronymi
628 1876 730 1911 prope
750 1863 908 1909 Ripettam
934 1864 972 1898 de

218 1922 314 1963 Urbe,
335 1922 376 1956 ob
399 1921 471 1955 lites
496 1926 526 1955 et
553 1919 770 1964 quaestiones,
792 1918 910 1963 quibus
934 1919 973 1952 ad

219 1976 341 2010 diversa
362 1975 456 2010 Urbis
475 1974 647 2009 tribunalia
660 2000 667 2014 ‚
695 1973 864 2007 occasione
885 1974 972 2007 loca-

218 2030 355 2071 tionum,
378 2030 556 2072 censuuml‚
578 2027 802 2068 donationum,
825 2027 972 2060 haeredi·
991 2020 993 2065 ἰ

218 2089 318 2117 tatum
344 2090 375 2117 et
402 2084 582 2128 legatorum
613 2088 640 2116 et
669 2082 867 2115 diversarum
894 2068 993 2138 alia-i

218 2148 293 2171 rum
313 2148 423 2171 rerum
444 2137 601 2178 eiusdem,
632 2141 697 2169 tam
728 2135 853 2179 agendo
873 2145 971 2179 quam
991 2142 993 2167 i

219 2192 440 2232 defendendo,
477 2190 594 2234 iugiter
621 2190 815 2234 implicitum
846 2190 969 2231 existit,
991 2186 993 2226 Ι

218 2245 458 2290 quamplurima
492 2245 609 2278 damna
629 2249 660 2277 et
691 2244 898 2277 incommoda
919 2256 972 2288 pa-

218 2300 328 2342 tiatur,
351 2311 388 2333 ac
410 2299 575 2344 impensae
595 2297 670 2339 litis,
688 2298 829 2331 valorem
851 2298 909 2339 rei,
932 2299 971 2332 de

218 2365 281 2398 qua
294 2365 331 2388 ex
350 2359 497 2398 tempore
513 2352 630 2395 agitur,
653 2362 887 2395 saepenumero
899 2363 972 2386 exu-

217 2408 317 2448 peret.

262 2453 277 2497 5
296 2453 328 2486 1.
351 2452 425 2492 Nos,
448 2451 606 2495 hospitale
628 2450 746 2495 ipsum,
761 2450 792 2483 in
808 2461 872 2494 quo
893 2451 970 2496 piis-

218 2501 298 2535 sima
307 2501 470 2535 charitatis
480 2506 510 2533 et
526 2499 764 2533 misericordiae
780 2510 878 2543 opera
894 2511 972 2544 pau-

220 2551 351 2595 peribus
370 2550 485 2584 Christi
498 2549 652 2583 continuo
665 2548 807 2593 impendi
827 2554 972 2592 spectan-

219 2605 290 2640 tur,
321 2600 359 2633 ab
380 2598 567 2633 huiusmodi
594 2597 787 2642 dispendiis,
814 2606 970 2643 quantum

220 2659 402 2697 possumus,
426 2648 591 2682 sublevare
606 2649 759 2689 volentes,
783 2654 872 2682 motu
894 2661 970 2694 pro-

300 2702 374 2736 Ball,
395 2702 473 2735 Rom.
495 2702 550 2734 Vol.
572 2702 629 2733 VII.
815 2702 853 2733 33

1652 235 1714 269 ⁶257

1012 305 1081 350 prio
1098 308 1128 337 et
1147 314 1183 336 ex
1200 305 1286 335 certa
1304 304 1412 333 nostra
1430 298 1561 332 scientia
1581 308 1618 331 ac
1638 298 1677 331 de
1688 308 1763 342 apo-

1012 358 1142 392 stolicae
1162 354 1326 400 potestatis
1352 352 1554 398 plenitudine
1568 379 1576 393 ,
1597 363 1709 385 omnes
1734 357 1764 384 et

1012 412 1153 455 singulas
1168 420 1291 448 causas,
1304 408 1386 440 inter
1397 406 1519 439 dictum
1532 405 1688 450 hospitale
1700 405 1763 437 sive

1012 466 1145 498 dilectos
1166 463 1248 497 filios
1268 461 1417 495 custodes
1438 459 1643 499 ctofficiales,
1658 470 1693 491 ac
1706 458 1764 491 mi-

1012 519 1129 551 nistros
1163 515 1323 550 societatis
1359 514 1502 547 eiusdem
1540 512 1705 556 hospitalis
1734 517 1764 545 et

1012 582 1235 615 quascumque
1255 569 1348 609 alias,
1371 567 1465 601 etiam
1478 567 1671 607 saeculares,
1689 577 1762 610 per—

1013 636 1117 665 sonas,
1138 624 1358 658 universitates
1368 633 1403 654 ac
1416 622 1495 659 loca,
1508 631 1616 653 coram
1629 620 1763 653 Sanctae

1012 679 1174 711 Romanae
1201 677 1361 711 Ecclesiae
1387 674 1583 713 camerario,
1610 678 1760 717 regente,

1013 732 1213 776 praesidente
1238 744 1275 765 ac
1299 730 1426 764 clericis
1445 730 1597 763 Gamerae
1628 729 1762 772 Aposto-

1012 786 1103 827 licae,
1124 797 1251 819 necnon
1271 785 1401 825 vicario,
1424 785 1639 827 gubernatore
1664 788 1694 815 et
1714 794 1763 815 se-

1012 845 1124 873 natore
1152 840 1256 879 Urbis,
1280 839 1430 881 illiusque
1447 838 1551 882 primo
1577 843 1606 870 et
1622 837 1764 870 secundo

1013 894 1262 933 collateralibus,
1277 904 1313 926 ac
1324 891 1577 936 appellationum
1593 902 1764 924 causarum

1012 947 1126 980 Curiae
1146 947 1293 992 Capitolii
1315 947 1457 980 eiusdem
1479 945 1572 978 Urbis
1582 946 1762 990 capitaneo,

1013 1012 1139 1034 necnon
1161 1002 1313 1044 magistro
1334 1005 1517 1039 stratarum,
1538 999 1671 1042 aliisque
1692 999 1764 1044 qui-

1013 1055 1216 1099 buscumque
1242 1053 1404 1087 iudicibus
1428 1052 1600 1086 ordinariis
1624 1058 1654 1085 et
1678 1053 1764 1086 dele-

1012 1108 1104 1153 gatis,
1136 1109 1230 1142 etiam
1261 1118 1433 1141 causarum
1461 1106 1572 1140 Palatii
1592 1106 1765 1149 Apostolici

1013 1162 1214 1196 auditoribus
1230 1167 1260 1196 et
1271 1161 1415 1195 eiusdem
1427 1161 1590 1194 Romanae
1604 1160 1766 1193 Ecclesiae

1014 1216 1252 1257 cardinalibus,
1275 1226 1363 1250 nunc
1391 1219 1421 1248 et
1440 1225 1498 1259 pro
1523 1219 1669 1258 tempore
1686 1225 1764 1257 pen-

1014 1271 1138 1311 dentes,
1152 1281 1251 1315 super
1266 1269 1526 1314 quibuscumque
1542 1268 1766 1309 locationibus,

1012 1324 1262 1365 venditionibus,
1284 1323 1524 1363 donationibus,
1545 1322 1767 1366 legatis,fidei-

1015 1378 1205 1419 commissis,
1221 1377 1432 1418 testamentis,
1446 1376 1702 1418 executionibus,
1715 1388 1766 1411 re-

1014 1432 1248 1473 vocationibus,
1259 1432 1363 1472 bonis,
1374 1431 1483 1471 rebus
1492 1429 1618 1465 iuribus
1625 1436 1656 1465 et
1666 1431 1766 1465 actio-

1014 1486 1123 1528 nibus,
1146 1486 1304 1530 hospitale
1325 1490 1355 1519 et
1379 1484 1577 1526 societatem,
1600 1485 1766 1528 officiales,

1013 1540 1078 1575 litis
1099 1546 1264 1574 consortes
1274 1546 1304 1574 et
1323 1539 1403 1573 alios
1422 1540 1593 1584 praefatos,
1615 1545 1679 1573 tam
1692 1551 1767 1574 con-

1015 1594 1148 1628 iunctim
1161 1605 1258 1638 quam
1275 1594 1412 1636 divisim,
1425 1604 1461 1627 ac
1473 1600 1537 1627 tarn
1553 1596 1651 1628 active
1669 1606 1767 1638 quam

1014 1650 1137 1695 passive
1149 1649 1433 1690 concernentibus,
1455 1660 1492 1682 ac
1508 1648 1547 1681 ad
1567 1649 1725 1693 hospitale
1737 1655 1768 1683 et

1015 1704 1200 1737 societatem
1227 1704 1411 1737 huiusmodi
1433 1703 1677 1747 quomodolibet
1698 1715 1767 1747 spe-

992 1750 1186 1797 ‘mantibus
1213 1759 1245 1791 in
1266 1768 1472 1802 quacumque
1500 1758 1658 1797 instantia,
1684 1758 1769 1791 inter

1014 1812 1086 1845 illos
1110 1823 1235 1845 necnon
1256 1813 1316 1845 alia
1332 1824 1433 1855 aeque
1450 1813 1495 1845 vel
1510 1813 1609 1856 magis
1623 1813 1765 1855 pialoca,

1015 1866 1236 1900 universitates
1253 1872 1281 1899 et
1304 1867 1437 1909 collegia
1449 1867 1688 1909 quomodolibet
1705 1867 1768 1911 pri-

1013 1920 1170 1963 vilegiata,
1190 1933 1227 1954 ac
1247 1921 1368 1960 viduas,
1392 1922 1532 1965 pupillos
1557 1926 1585 1953 et
1607 1921 1684 1953 alias
1698 1933 1766 1964 per-

1015 1985 1120 2015 sonas,
1143 1976 1238 2008 etiam
1260 1981 1434 2019 exemptas,
1459 1974 1685 2018 pendentibus.
1709 1987 1766 2008 cu-

1014 2029 1207 2073 iuscumque
1227 2029 1401 2073 qualitatis,
1425 2035 1533 2069 status,
1559 2029 1686 2070 gradus,
1713 2041 1765 2062 or-

1014 2082 1097 2116 dinis
1124 2084 1171 2117 vel
1193 2083 1387 2117 conditionis
1413 2089 1444 2116 et
1464 2089 1597 2115 naturae
1619 2083 1763 2123 existant,

1014 2137 1109 2171 etiam
1131 2137 1315 2181 praemissis
1334 2138 1491 2182 expressis
1512 2137 1660 2177 maiores,
1684 2148 1765 2181 quo-

1013 2202 1085 2224 rum
1107 2191 1254 2225 omnium
1283 2197 1399 2224 statum
1421 2197 1451 2224 et
1471 2191 1601 2231 merita,
1624 2202 1660 2224 ac
1686 2191 1767 2224 iudi-

1014 2255 1088 2278 cum
1109 2250 1140 2278 et
1160 2244 1405 2288 collitigantium
1433 2244 1565 2277 nomina
1585 2249 1615 2277 et
1644 2255 1764 2288 cogno-

1014 2299 1100 2332 mina
1125 2305 1156 2333 et
1188 2299 1358 2343 qualitates
1386 2304 1576 2343 ceteraque,
1606 2298 1699 2332 etiam
1727 2299 1766 2332 de

1012 2353 1200 2387 necessitate
1221 2353 1438 2398 exprimenda,
1460 2352 1682 2397 praesentibus
1706 2353 1764 2386 ha-

1012 2407 1081 2441 beri
1107 2408 1257 2442 volumus
1284 2418 1342 2452 pro
1372 2407 1548 2452 expressis,
1574 2406 1606 2439 in
1632 2412 1714 2440 statu
1736 2412 1763 2440 et

1011 2456 1178 2497 terminis,
1205 2456 1237 2490 in
1266 2456 1385 2501 quibus
1414 2455 1640 2500 reperiuntur,
1670 2456 1764 2489 dum-

1012 2507 1108 2540 modo
1129 2509 1303 2540 instructae
1324 2517 1388 2540 non
1409 2506 1482 2547 sint,
1500 2506 1615 2539 harum
1634 2505 1715 2538 serie
1726 2505 1765 2538 ad

1013 2567 1071 2589 nos
1100 2561 1285 2595 avocantes,
1318 2555 1473 2588 dilectum
1494 2555 1596 2589 filium
1617 2560 1762 2588 nostrum

1013 2605 1220 2647 Rodulphum
1232 2604 1337 2644 Pium,
1365 2604 1553 2650 episcopum
1570 2603 1760 2643 Ostiensem,

1012 2665 1048 2688 ac
1060 2655 1194 2689 Sanctae
1202 2654 1365 2688 Romanae
1377 2653 1538 2689 Ecclesiae
1549 2653 1761 2688 cardinalium

1778 247 1826 274 An.
1844 248 1872 275 C.
1893 248 1961 294 156}
