2237 3100
86 297 135 324 An.
153 296 182 324 C.
200 296 267 326 1560

94 888 132 910 Hic
138 891 207 910 autem
214 889 266 910 Pon·

81 919 131 940 tifex
141 920 177 940 illa
187 920 266 940 confir-

80 954 122 972 mat
137 954 159 972 et
174 951 199 972 de
210 956 265 972 novo

81 983 186 1008 concedn,

957 287 1025 314 PIUS
1049 288 1081 313 IV
1103 287 1152 313 PP.

283 346 358 381 ficio
386 355 405 380 a
424 343 672 390 quampluribus
696 343 850 378 Romanis
877 342 1038 376 Pontifici-

282 401 343 434 bus
358 399 663 445 praedecessoribus
678 398 797 432 nostris
817 408 969 432 concessa
984 398 1038 430 ha-

281 454 413 488 buerint
437 460 467 487 et
484 453 634 493 habeant,
653 464 690 487 ac
711 453 743 486 in
759 452 890 485 illorum
910 463 1037 497 posses-

283 510 372 543 sione
393 507 529 553 pacifica
549 512 579 541 et
595 501 721 551 quieta,
734 518 837 551 usque
853 507 891 539 ad
910 512 1038 550 tempus

282 562 384 596 felicis
404 561 639 595 recordationis
649 561 739 594 Pauli
760 561 863 604 Papae
879 559 925 600 IV,
942 570 1036 603 prae-

281 616 459 650 decessoris
478 616 591 656 nostri,
610 615 676 659 qui,
689 626 724 648 cx
738 614 832 648 certis
848 613 952 647 causis
972 613 1039 647 ani-

281 680 370 703 mum
384 680 478 702 suum
490 668 704 710 moventibus,
723 668 753 701 id
775 668 924 712 expedire
935 672 1034 707 ratus,

280 723 335 756 illa
364 722 509 756 limitavit
535 733 591 756 seu
607 722 772 767 suspendit
789 727 844 755 aut
864 721 1034 761 revocavit,

281 776 453 810 extiterint.

325 830 340 873 ἓ
355 830 386 863 2.
409 830 500 863 Nunc
516 840 604 870 vero,
619 829 824 874 experientia,
836 840 946 863 rerum
967 840 1036 863 om-

280 883 370 916 nium
396 884 558 927 magistra,
579 884 731 923 docente,
744 883 909 927 privilegia
929 894 965 916 ex
985 894 1036 916 ra-

280 937 490 971 tionabilibus
511 938 616 971 causis
637 947 807 977 concessa,
831 948 867 969 ac
888 937 1037 981 publicae

281 991 500 1024 commoditati
530 990 621 1023 utilia
645 991 712 1024 sore
738 990 984 1034 comperientes,
1007 996 1038 1023 et.

280 1049 452 1089 propterea
468 1044 657 1077 eorumdem
674 1043 961 1087 praedecessorum
983 1054 1038 1076 no-

280 1103 421 1131 strorum
441 1097 580 1141 vestigiis
601 1097 821 1136 inhaerentes,
849 1103 938 1130 motu
960 1107 1036 1141 pro-

279 1151 369 1195 prio,
390 1161 455 1184 non
476 1151 514 1183 ad
539 1150 676 1183 alicuius
701 1149 897 1189 instantiam,
925 1150 979 1184 sed
1000 1160 1037 1183 ex

280 1209 367 1237 certa
382 1209 489 1238 nostra
510 1202 654 1242 scientia,
667 1213 704 1236 ac
718 1203 756 1236 de
772 1203 968 1247 apostolicae
980 1214 1036 1247 po-

278 1257 399 1290 testatis
418 1256 629 1301 plenitudine,
644 1255 871 1290 limitationem
888 1267 944 1290 seu
964 1267 1035 1290 sus-

279 1310 466 1353 pensionem
500 1314 556 1342 aut
587 1308 824 1342 revoc-ationem
851 1310 1034 1354 privilegio-

278 1373 350 1396 rum
379 1362 576 1402 huiusmodi,
601 1373 659 1406 per
688 1363 869 1407 praefatum
897 1364 1033 1397 Paulum

277 1416 557 1460 praedecessorem
571 1443 578 1457 ,
600 1421 636 1449 ut
656 1417 893 1462 praemittitur,
920 1418 1034 1458 factas,

275 1469 392 1503 harum
409 1470 490 1503 serie
507 1475 706 1511 revocantes,
729 1470 837 1503 omnia
858 1476 889 1504 et
909 1471 1035 1515 singula

276 1523 456 1567 privilegia,
479 1523 637 1557 moderno
662 1528 693 1556 et
718 1534 776 1567 pro
796 1529 943 1568 tempore
968 1525 1034 1558 exi-

276 1576 434 1610 stentibus
458 1576 602 1610 eiusdem
634 1576 664 1610 S.
692 1577 729 1610 R.
757 1577 791 1610 E.
830 1578 1032 1618 camerariiS,

276 1640 457 1674 eorumque
475 1630 708 1664 camerariatus
724 1630 830 1664 officio
847 1631 1034 1665 huiusmodi

276 1694 334 1727 per
343 1694 569 1728 quoscumque
581 1684 744 1718 Romanos
754 1684 928 1718 Pontifices
943 1696 1035 1730 prae—

276 1737 461 1771 decessores
481 1743 609 1771 nostros
633 1748 797 1778 concessa,
825 1750 971 1782 quorum.
986 1744 1033 1772 te-

276 1802 373 1825 nores
388 1792 611 1836 praesentibus
626 1803 684 1836 pro
695 1792 893 1825 sufficienter
904 1804 1032 1836 expres-

278 1844 320 1878 sis
335 1856 372 1878 ac
388 1845 426 1878 de
446 1845 543 1879 verbo
559 1845 598 1878 ad
617 1845 751 1878 verbum
773 1845 901 1879 insertis
921 1847 1032 1879 haberi

276 1899 450 1940 volumus,
481 1900 673 1932 auctoritate
698 1899 890 1943 apostolica,
923 1904 1033 1934 tenore

276 1954 513 1996 praesentium,
536 1953 567 1984 in
594 1952 745 1986 omuibus
770 1958 800 1985 et
823 1963 882 1995 per
906 1953 1030 1993 omnia,

277 2011 374 2049 prout
385 2012 458 2039 ante
468 2006 704 2047 limitationem,
715 2007 960 2050 suspensionem
978 2013 1033 2040 aut

276 2060 512 2094 revocationem
530 2060 620 2093 Pauli
641 2061 899 2104 praedecessoris
918 2060 1032 2094 liuius-

277 2112 363 2145 modi
385 2118 487 2153 erant,
510 2114 756 2154 confirmamus,
774 2114 1033 2158 approbamuset

276 2165 477 2200 innovamus.
516 2167 553 2200 Et
583 2167 806 2207 nihilominus,
835 2168 953 2211 potiori
974 2179 1032 2213 pro

277 2220 414 2260 cautela,
436 2225 596 2264 quatenus
612 2231 693 2264 opus
713 2221 763 2261 sit,
782 2232 817 2254 ea
833 2221 941 2255 omnia
961 2232 1032 2255 mo-

276 2273 377 2307 derno
398 2280 429 2307 et
453 2285 512 2319 pro
536 2280 683 2318 tempore
705 2275 912 2309 existentibus
932 2275 1033 2320 ipsius

275 2326 307 2360 S.
338 2327 374 2361 R.
403 2328 437 2361 E.
467 2327 653 2361 camerariis
682 2339 862 2371 eorumque
887 2339 1031 2363 camera-

274 2381 376 2415 riatus
393 2382 499 2416 officio
519 2382 706 2416 huiusmodi
724 2382 762 2416 de
783 2393 863 2416 novo
885 2384 1033 2417 concedi-

275 2447 359 2470 mus.

320 2482 383 2525 §3
406 2480 476 2515 Non
501 2480 702 2515 obstantibus
727 2481 892 2526 quibusvis
913 2481 1031 2517 consti-

75 2530 456 2591 „ffl‘bussfflffistufionibus
482 2537 513 2565 et
542 2530 798 2565 ordinationibus
827 2532 1029 2577 apostolicis,

275 2579 371 2613 etiam
390 2591 448 2624 per
462 2581 643 2624 praefatum
659 2581 796 2614 Paulum
807 2581 1033 2625 praedecesso—

275 2639 355 2671 rem,
372 2630 467 2663 etiam
488 2629 596 2675 quoad
611 2629 818 2663 hebraeorum
827 2629 1032 2664 vivendimo-

1079 340 1315 383 concedendas,
1333 351 1369 375 ac
1381 340 1459 375 alias
1476 340 1833 384 quomodolibeteditis,

1079 396 1209 440 quibus,
1228 395 1358 428 illarum
1376 401 1516 436 tenores,
1535 406 1572 428 ac
1589 395 1614 427 si
1635 394 1674 427 de
1689 395 1785 427 verbo
1798 395 1837 427 ad

1078 450 1224 491 verbum,
1248 449 1329 482 nihil
1346 449 1474 493 penitus
1490 448 1622 488 omisso,
1637 454 1665 481 et
1682 448 1784 481 forma
1806 448 1837 480 in

1079 503 1141 537 illis
1160 503 1276 537 tradita
1296 503 1428 537 omnino
1454 508 1576 536 servata
1602 508 1699 543 esset,
1727 502 1837 535 inserti

1080 558 1194 599 forent,
1218 557 1442 602 praesentibus
1462 567 1521 600 pro
1542 556 1699 601 expressis
1714 556 1837 589 haben-

1079 616 1138 652 tes,
1165 612 1271 656 quoad
1296 612 1490 656 praemissa,
1518 617 1607 644 motu
1633 610 1741 650 simili,
1764 621 1836 654 spe-

1079 664 1203 698 cialiter
1219 671 1247 699 et
1269 676 1417 710 expresse
1437 665 1642 708 derogamus,
1657 664 1837 708 ceterisque

1080 719 1250 753 contrariis
1270 719 1544 764 quibuscumque.

1124 773 1138 815 ξ
1158 773 1188 805 4.
1212 773 1297 806 Nulli
1323 785 1399 817 ergo
1416 774 1548 807 omnino
1560 773 1729 806 hominum
1743 772 1837 807 liceat
1878 785 1963 807 Sanctio
1984 792 2036 814 poe-

1851 816 1912 836 natis.

1079 824 1163 858 hanc
1180 826 1329 869 paginam
1342 832 1470 860 nostrae
1480 827 1702 867 revocationis,
1725 827 1838 860 volun-

1079 878 1163 917 tatis,
1182 878 1447 919 confirmationis,
1464 879 1718 924 approbationis,
1741 880 1836 914 inno-

1078 931 1230 973 vationis,
1259 933 1476 966 concessionis
1497 939 1527 966 et
1546 933 1762 977 derogationis
1786 934 1836 967 in-

1079 985 1231 1028 fringere,
1253 986 1301 1019 vel
1318 986 1345 1019 ei
1367 997 1447 1019 ausu
1469 986 1640 1021 temerario
1661 987 1833 1021 contraire.

1079 1037 1110 1071 Si
1125 1038 1197 1082 quis
1207 1044 1314 1072 autem
1327 1039 1389 1073 hoe
1400 1045 1555 1073 attentare
1574 1040 1835 1084 praesumpserit,

1078 1090 1332 1134 indignationem
1362 1092 1593 1136 omnipotentis
1617 1093 1673 1126 Dei
1698 1104 1735 1126 ac
1758 1093 1835 1127 bea-

1077 1149 1186 1177 torum
1202 1145 1287 1178 Petri
1304 1151 1335 1179 et
1355 1145 1445 1179 Pauli
1466 1147 1688 1190 apostolorum
1706 1146 1775 1180 eius
1803 1158 1836 1180 se

1078 1198 1201 1231 noverit
1222 1198 1446 1232 incursurum.

1121 1251 1236 1285 Datum
1262 1252 1382 1286 Romae
1407 1253 1494 1298 apud
1515 1253 1668 1287 Sanctum
1689 1253 1833 1294 Petrum,

1077 1315 1161 1337 anno
1192 1306 1424 1339 lncarnationis
1454 1306 1634 1340 dominicae
1664 1306 1835 1340 millesimo

1077 1357 1336 1402 quingentesimo
1356 1359 1565 1402 sexagesimo,
1588 1359 1693 1394 idibus
1703 1370 1834 1394 novem-

1077 1411 1154 1452 bris,
1178 1412 1386 1456 pontificatus
1406 1413 1507 1446 nostri
1525 1423 1609 1446 anno
1626 1424 1646 1447 1.

1138 1469 1200 1500 Dat.
1220 1471 1266 1500 die
1283 1471 1321 1500 1'3
1340 1481 1405 1501 nov.
1430 1471 1516 1509 1560,
1533 1471 1635 1512 pontif.
1654 1480 1729 1501 anno
1747 1480 1764 1501 1.

1408 1676 1497 1709 XXV.

1078 1750 1200 1784 Contra
1217 1756 1401 1795 puqnantes
1428 1753 1461 1785 in
1484 1752 1587 1785 duello
1612 1756 1641 1786 et
1665 1753 1747 1786 illud
1765 1753 1834 1786 ubi-

1120 1815 1178 1848 que
1200 1806 1347 1848 yentz’um
1368 1806 1609 1849 permittentes,
1636 1810 1831 1850 spectantes,

1120 1859 1344 1903 complicesque
1369 1863 1426 1892 etc.
1451 1858 1476 1892 1.

1162 1939 1224 1968 Pius
1243 1940 1386 1976 episcopus
1407 1947 1502 1970 servus
1522 1948 1663 1970 servorum
1682 1941 1738 1974 Dei.

1225 1995 1259 2022 ad
1274 1995 1436 2029 perpetuam
1456 1995 1497 2023 rei
1515 1995 1685 2023 memoriam.

1119 2065 1161 2097 Ea
1177 2075 1260 2109 quae
1276 2076 1294 2098 a
1314 2065 1619 2109 praedecessoribus
1636 2065 1753 2099 nostris
1768 2066 1831 2099 Ro-

1074 2118 1178 2151 manis
1202 2118 1430 2159 Pontificibus,
1453 2119 1662 2152 suadentibus
1682 2119 1832 2162 legitimis

1075 2172 1190 2213 causis,
1212 2178 1415 2214 emanarunt,
1432 2173 1569 2206 libenter
1590 2174 1832 2217 approbationis

1074 2232 1104 2259 et
1120 2226 1334 2260 innovationis
1344 2227 1524 2260 munimine
1540 2227 1728 2267 solidamus,
1743 2232 1831 2261 uteo

1075 2280 1200 2313 firmius
1209 2281 1329 2314 illibata
1342 2282 1528 2325 perdurent,
1541 2293 1605 2325 quo
1617 2281 1744 2325 saepius
1762 2282 1832 2315 sue-

1073 2334 1138 2367 rint
1157 2334 1334 2380 apostolica
1350 2332 1539 2369 auctoritate
1556 2335 1692 2376 munita,
1712 2335 1832 2379 illaque

1074 2388 1112 2422 de
1124 2400 1205 2422 novo
1219 2389 1389 2422 statuimus
1406 2395 1436 2423 et
1451 2389 1656 2434 ampliamus,
1675 2395 1771 2434 prout
1785 2400 1833 2423 ra-

1111 2467 1121 2492 1
1142 2466 1295 2493 Duellorum
1314 2474 1391 2493 usum
1410 2467 1496 2493 vetuit
1513 2466 1537 2493 in
1554 2467 1630 2495 Statu
1647 2467 1832 2495 Ecclesiastico

1075 2510 1156 2537 lulius
1174 2511 1196 2538 11
1214 2512 1238 2538 in
1258 2519 1306 2538 sua
1331 2512 1523 2539 constitutione
1543 2520 1612 2539 xxrv
1625 2532 1631 2543 ,
1660 2514 1744 2545 Reyss,
1766 2516 1831 2539 tom.

1074 2564 1102 2587 v,
1122 2564 1178 2591 pag.
1192 2557 1254 2589 117113
1268 2562 1293 2583 et
1303 2556 1398 2584 deinde
1409 2558 1528 2584 LeoXin
1543 2557 1731 2585 constitutione
1742 2565 1831 2590 xxxv,

1074 2601 1157 2634 Quam
1176 2603 1245 2632 Deo,
1266 2601 1373 2634 ibidem,
1394 2610 1453 2636 pag.
1475 2601 1541 2634 7273
1560 2610 1658 2637 easque
1677 2602 1832 2637 simpliciter

1073 2645 1244 2674 confirmavit
1258 2646 1380 2675 Clemens
1396 2647 1455 2680 vlt,
1472 2650 1498 2674 et
1515 2647 1573 2675 ideo
1592 2647 1650 2674 eius
1666 2646 1761 2674 bullam
1780 2654 1832 2674 non

274 2677 365 2719 dum,
385 2684 415 2714 et
443 2677 629 2713 tolerantias
650 2679 770 2713 eisdem
801 2679 939 2714 hebraeis
967 2690 1050 2714 non*
1074 2691 1160 2725 posui.

1748 276 1791 312 83
1850 285 1902 314 An.
1920 285 1949 314 c.
1965 286 2036 315 1560

1874 2078 1992 2100 Exordium.
