<?xml version="1.0" encoding="UTF-8"?>
<!DOCTYPE html PUBLIC "-//W3C//DTD XHTML 1.0 Transitional//EN"
    "http://www.w3.org/TR/xhtml1/DTD/xhtml1-transitional.dtd">
<html xmlns="http://www.w3.org/1999/xhtml" xml:lang="en" lang="en">
 <head>
  <title>
</title>
<meta http-equiv="Content-Type" content="text/html;charset=utf-8" />
  <meta name='ocr-system' content='tesseract 3.04.00' />
  <meta name='ocr-capabilities' content='ocr_page ocr_carea ocr_par ocr_line ocrx_word'/>
</head>
<body>
  <div class='ocr_page' id='page_1' title='image "./bullarumdiplomat07cath/bullarumdiplomat07cath_0498.png"; bbox 0 0 2237 3100; ppageno 0'>
   <div class='ocr_carea' id='block_1_1' title="bbox 174 279 353 307">
    <p class='ocr_par' dir='ltr' id='par_1_1' title="bbox 174 279 353 307">
     <span class='ocr_line' id='line_1_1' title="bbox 174 279 353 307; baseline -0.006 0"><span class='ocrx_word' id='word_1_1' title='bbox 174 282 222 307; x_wconf 79' lang='lat' dir='ltr'>An.</span> <span class='ocrx_word' id='word_1_2' title='bbox 243 279 273 307; x_wconf 93' lang='lat' dir='ltr'>C.</span> <span class='ocrx_word' id='word_1_3' title='bbox 286 279 353 307; x_wconf 71' lang='lat'>¹566</span> 
     </span>
    </p>
   </div>
   <div class='ocr_carea' id='block_1_2' title="bbox 169 501 354 644">
    <p class='ocr_par' dir='ltr' id='par_1_2' title="bbox 169 501 354 644">
     <span class='ocr_line' id='line_1_2' title="bbox 183 501 354 521; baseline -0.006 0"><span class='ocrx_word' id='word_1_4' title='bbox 183 501 285 521; x_wconf 47' lang='lat' dir='ltr'>,tls-ninius</span> <span class='ocrx_word' id='word_1_5' title='bbox 301 504 354 520; x_wconf 66' lang='lat' dir='ltr'>tari-</span> 
     </span>
     <span class='ocr_line' id='line_1_3' title="bbox 179 531 354 557; baseline -0.006 -6"><span class='ocrx_word' id='word_1_6' title='bbox 179 538 189 551; x_wconf 75' lang='lat' dir='ltr'>e</span> <span class='ocrx_word' id='word_1_7' title='bbox 215 531 248 551; x_wconf 63' lang='lat' dir='ltr'>iel</span> <span class='ocrx_word' id='word_1_8' title='bbox 264 536 354 557; x_wconf 68' lang='lat' dir='ltr'>expres-</span> 
     </span>
     <span class='ocr_line' id='line_1_4' title="bbox 169 562 352 587; baseline -0.011 -5"><span class='ocrx_word' id='word_1_9' title='bbox 169 569 191 582; x_wconf 67' lang='lat' dir='ltr'>se</span> <span class='ocrx_word' id='word_1_10' title='bbox 221 562 352 587; x_wconf 72' lang='lat' dir='ltr'>Religionem</span> 
     </span>
     <span class='ocr_line' id='line_1_5' title="bbox 170 593 352 620; baseline -0.016 -7"><span class='ocrx_word' id='word_1_11' title='bbox 170 593 279 620; x_wconf 74' lang='lat' dir='ltr'>professae</span> <span class='ocrx_word' id='word_1_12' title='bbox 295 593 352 612; x_wconf 67' lang='lat' dir='ltr'>clau-</span> 
     </span>
     <span class='ocr_line' id='line_1_6' title="bbox 169 626 351 644; baseline -0.005 -1"><span class='ocrx_word' id='word_1_13' title='bbox 169 630 237 644; x_wconf 68' lang='lat' dir='ltr'>suram</span> <span class='ocrx_word' id='word_1_14' title='bbox 257 626 351 644; x_wconf 70' lang='lat' dir='ltr'>sertem.</span> 
     </span>
    </p>
   </div>
   <div class='ocr_carea' id='block_1_3' title="bbox 166 2097 351 2179">
    <p class='ocr_par' dir='ltr' id='par_1_3' title="bbox 166 2097 351 2179">
     <span class='ocr_line' id='line_1_7' title="bbox 199 2097 351 2118; baseline 0 -1"><span class='ocrx_word' id='word_1_15' title='bbox 199 2097 351 2118; x_wconf 74' lang='lat' dir='ltr'>inobedientes</span> 
     </span>
     <span class='ocr_line' id='line_1_8' title="bbox 166 2134 351 2155; baseline 0.005 -8"><span class='ocrx_word' id='word_1_16' title='bbox 166 2134 280 2148; x_wconf 68' lang='lat' dir='ltr'>rnen-ean.</span> <span class='ocrx_word' id='word_1_17' title='bbox 313 2134 351 2155; x_wconf 83' lang='lat' dir='ltr'>per</span> 
     </span>
     <span class='ocr_line' id='line_1_9' title="bbox 166 2160 290 2179; baseline 0 0"><span class='ocrx_word' id='word_1_18' title='bbox 166 2160 290 2179; x_wconf 62' lang='lat' dir='ltr'>oidinarios,</span> 
     </span>
    </p>
   </div>
   <div class='ocr_carea' id='block_1_4' title="bbox 413 271 477 304">
    <p class='ocr_par' dir='ltr' id='par_1_4' title="bbox 413 271 477 304">
     <span class='ocr_line' id='line_1_10' title="bbox 413 271 477 304; baseline 0.016 -1"><span class='ocrx_word' id='word_1_19' title='bbox 413 271 477 304; x_wconf 77' lang='lat'>448</span> 
     </span>
    </p>
   </div>
   <div class='ocr_carea' id='block_1_5' title="bbox 362 330 1120 2396">
    <p class='ocr_par' dir='ltr' id='par_1_5' title="bbox 368 330 1120 430">
     <span class='ocr_line' id='line_1_11' title="bbox 368 330 1120 377; baseline -0.004 -12"><span class='ocrx_word' id='word_1_20' title='bbox 368 332 584 376; x_wconf 83' lang='lat' dir='ltr'>impartimur,</span> <span class='ocrx_word' id='word_1_21' title='bbox 609 339 702 377; x_wconf 84' lang='lat' dir='ltr'>prout</span> <span class='ocrx_word' id='word_1_22' title='bbox 725 332 756 364; x_wconf 91' lang='lat' dir='ltr'>id</span> <span class='ocrx_word' id='word_1_23' title='bbox 771 332 802 364; x_wconf 88' lang='lat' dir='ltr'>in</span> <span class='ocrx_word' id='word_1_24' title='bbox 824 331 961 364; x_wconf 86' lang='lat' dir='ltr'>Domino</span> <span class='ocrx_word' id='word_1_25' title='bbox 982 330 1120 363; x_wconf 82' lang='lat' dir='ltr'>salubri-</span> 
     </span>
     <span class='ocr_line' id='line_1_12' title="bbox 370 385 834 430; baseline -0.002 -12"><span class='ocrx_word' id='word_1_26' title='bbox 370 391 417 418; x_wconf 88' lang='lat' dir='ltr'>ter</span> <span class='ocrx_word' id='word_1_27' title='bbox 437 385 587 430; x_wconf 85' lang='lat' dir='ltr'>expedire</span> <span class='ocrx_word' id='word_1_28' title='bbox 604 385 834 429; x_wconf 71' lang='lat' dir='ltr'>conspicimus.</span> 
     </span>
    </p>

    <p class='ocr_par' dir='ltr' id='par_1_6' title="bbox 362 437 1120 2018">
     <span class='ocr_line' id='line_1_13' title="bbox 412 437 1120 482; baseline -0.004 -10"><span class='ocrx_word' id='word_1_29' title='bbox 412 439 427 482; x_wconf 59' lang='grc' dir='ltr'><strong>ἓ</strong></span> <span class='ocrx_word' id='word_1_30' title='bbox 446 439 477 472; x_wconf 75' lang='lat' dir='ltr'>l.</span> <span class='ocrx_word' id='word_1_31' title='bbox 500 439 565 472; x_wconf 87' lang='lat' dir='ltr'>Hac</span> <span class='ocrx_word' id='word_1_32' title='bbox 589 438 686 481; x_wconf 74' lang='lat' dir='ltr'>igitur</span> <span class='ocrx_word' id='word_1_33' title='bbox 710 443 866 481; x_wconf 85' lang='lat' dir='ltr'>perpetuo</span> <span class='ocrx_word' id='word_1_34' title='bbox 884 437 1017 470; x_wconf 71' lang='lat' dir='ltr'>valitura</span> <span class='ocrx_word' id='word_1_35' title='bbox 1043 447 1120 469; x_wconf 84' lang='lat' dir='ltr'>eon-</span> 
     </span>
     <span class='ocr_line' id='line_1_14' title="bbox 368 490 1120 532; baseline -0.004 -7"><span class='ocrx_word' id='word_1_36' title='bbox 368 492 542 532; x_wconf 90' lang='lat' dir='ltr'>stitutione,</span> <span class='ocrx_word' id='word_1_37' title='bbox 566 491 768 524; x_wconf 71' lang='lat' dir='ltr'>inhaerentes</span> <span class='ocrx_word' id='word_1_38' title='bbox 784 491 879 523; x_wconf 86' lang='lat' dir='ltr'>etiam</span> <span class='ocrx_word' id='word_1_39' title='bbox 900 490 1120 523; x_wconf 81' lang='lat' dir='ltr'>constitutioni</span> 
     </span>
     <span class='ocr_line' id='line_1_15' title="bbox 368 543 1118 586; baseline -0.004 -8"><span class='ocrx_word' id='word_1_40' title='bbox 368 545 468 578; x_wconf 88' lang='lat' dir='ltr'>felicis</span> <span class='ocrx_word' id='word_1_41' title='bbox 493 543 724 578; x_wconf 86' lang='lat' dir='ltr'>recordationis</span> <span class='ocrx_word' id='word_1_42' title='bbox 744 543 896 576; x_wconf 83' lang='lat' dir='ltr'>Bonifacii</span> <span class='ocrx_word' id='word_1_43' title='bbox 917 543 1020 586; x_wconf 87' lang='lat' dir='ltr'>Papae</span> <span class='ocrx_word' id='word_1_44' title='bbox 1043 543 1118 583; x_wconf 76' lang='lat' dir='ltr'>VIII,</span> 
     </span>
     <span class='ocr_line' id='line_1_16' title="bbox 369 596 1120 641; baseline -0.001 -10"><span class='ocrx_word' id='word_1_45' title='bbox 369 597 625 641; x_wconf 75' lang='lat' dir='ltr'>praedecessoris</span> <span class='ocrx_word' id='word_1_46' title='bbox 653 596 765 637; x_wconf 86' lang='lat' dir='ltr'>nostri,</span> <span class='ocrx_word' id='word_1_47' title='bbox 796 607 878 640; x_wconf 85' lang='lat' dir='ltr'>quae</span> <span class='ocrx_word' id='word_1_48' title='bbox 909 596 1020 640; x_wconf 80' lang='lat' dir='ltr'>incipit</span> <span class='ocrx_word' id='word_1_49' title='bbox 1058 597 1120 630; x_wconf 75' lang='lat' dir='ltr'>Pe-</span> 
     </span>
     <span class='ocr_line' id='line_1_17' title="bbox 368 650 1118 689; baseline 0 -6"><span class='ocrx_word' id='word_1_50' title='bbox 368 651 513 689; x_wconf 74' lang='lat' dir='ltr'>riculose,</span> <span class='ocrx_word' id='word_1_51' title='bbox 545 656 574 683; x_wconf 88' lang='lat' dir='ltr'>et</span> <span class='ocrx_word' id='word_1_52' title='bbox 608 650 744 683; x_wconf 82' lang='lat' dir='ltr'>decretis</span> <span class='ocrx_word' id='word_1_53' title='bbox 782 650 909 683; x_wconf 79' lang='lat' dir='ltr'>concilii</span> <span class='ocrx_word' id='word_1_54' title='bbox 943 650 1118 684; x_wconf 73' lang='lat' dir='ltr'>Tridentini</span> 
     </span>
     <span class='ocr_line' id='line_1_18' title="bbox 367 703 1119 747; baseline 0 -11"><span class='ocrx_word' id='word_1_55' title='bbox 367 715 464 747; x_wconf 88' lang='lat' dir='ltr'>super</span> <span class='ocrx_word' id='word_1_56' title='bbox 484 705 635 737; x_wconf 75' lang='lat' dir='ltr'>clausura</span> <span class='ocrx_word' id='word_1_57' title='bbox 656 703 844 736; x_wconf 85' lang='lat' dir='ltr'>monialium</span> <span class='ocrx_word' id='word_1_58' title='bbox 875 703 977 743; x_wconf 88' lang='lat' dir='ltr'>editis,</span> <span class='ocrx_word' id='word_1_59' title='bbox 1008 709 1119 737; x_wconf 86' lang='lat' dir='ltr'>aucto-</span> 
     </span>
     <span class='ocr_line' id='line_1_19' title="bbox 366 757 1118 801; baseline 0 -11"><span class='ocrx_word' id='word_1_60' title='bbox 366 757 458 789; x_wconf 84' lang='lat' dir='ltr'>ritate</span> <span class='ocrx_word' id='word_1_61' title='bbox 478 757 664 801; x_wconf 88' lang='lat' dir='ltr'>apostolica,</span> <span class='ocrx_word' id='word_1_62' title='bbox 677 763 788 790; x_wconf 85' lang='lat' dir='ltr'>tenore</span> <span class='ocrx_word' id='word_1_63' title='bbox 804 757 1034 801; x_wconf 87' lang='lat' dir='ltr'>praesentium,</span> <span class='ocrx_word' id='word_1_64' title='bbox 1056 764 1118 790; x_wconf 85' lang='lat' dir='ltr'>sta-</span> 
     </span>
     <span class='ocr_line' id='line_1_20' title="bbox 366 810 1118 855; baseline 0.001 -13"><span class='ocrx_word' id='word_1_65' title='bbox 366 810 486 843; x_wconf 90' lang='lat' dir='ltr'>tuimus</span> <span class='ocrx_word' id='word_1_66' title='bbox 511 816 606 855; x_wconf 89' lang='lat' dir='ltr'>atque</span> <span class='ocrx_word' id='word_1_67' title='bbox 636 816 794 855; x_wconf 91' lang='lat' dir='ltr'>perpetuo</span> <span class='ocrx_word' id='word_1_68' title='bbox 815 810 1021 844; x_wconf 82' lang='lat' dir='ltr'>decernimus</span> <span class='ocrx_word' id='word_1_69' title='bbox 1044 811 1118 844; x_wconf 91' lang='lat' dir='ltr'>uni-</span> 
     </span>
     <span class='ocr_line' id='line_1_21' title="bbox 365 864 1118 907; baseline 0.001 -12"><span class='ocrx_word' id='word_1_70' title='bbox 365 873 470 896; x_wconf 82' lang='lat' dir='ltr'>versas</span> <span class='ocrx_word' id='word_1_71' title='bbox 499 869 527 897; x_wconf 89' lang='lat' dir='ltr'>et</span> <span class='ocrx_word' id='word_1_72' title='bbox 559 864 701 907; x_wconf 74' lang='lat' dir='ltr'>singulas</span> <span class='ocrx_word' id='word_1_73' title='bbox 725 864 902 903; x_wconf 73' lang='lat' dir='ltr'>moniales,</span> <span class='ocrx_word' id='word_1_74' title='bbox 934 869 1118 907; x_wconf 72' lang='lat' dir='ltr'>praesentes</span> 
     </span>
     <span class='ocr_line' id='line_1_22' title="bbox 363 916 1115 960; baseline 0 -11"><span class='ocrx_word' id='word_1_75' title='bbox 363 921 459 960; x_wconf 85' lang='lat' dir='ltr'>atque</span> <span class='ocrx_word' id='word_1_76' title='bbox 488 916 623 957; x_wconf 83' lang='lat' dir='ltr'>futuras,</span> <span class='ocrx_word' id='word_1_77' title='bbox 658 917 893 960; x_wconf 85' lang='lat' dir='ltr'>cuiuscumque</span> <span class='ocrx_word' id='word_1_78' title='bbox 928 917 1115 959; x_wconf 67' lang='lat' dir='ltr'>Religionis,</span> 
     </span>
     <span class='ocr_line' id='line_1_23' title="bbox 363 968 1117 1015; baseline 0 -12"><span class='ocrx_word' id='word_1_79' title='bbox 363 968 491 1003; x_wconf 88' lang='lat' dir='ltr'>Ordinis</span> <span class='ocrx_word' id='word_1_80' title='bbox 510 971 558 1003; x_wconf 81' lang='lat' dir='ltr'>vel</span> <span class='ocrx_word' id='word_1_81' title='bbox 579 970 780 1011; x_wconf 75' lang='lat' dir='ltr'>militiarum,</span> <span class='ocrx_word' id='word_1_82' title='bbox 808 971 902 1003; x_wconf 88' lang='lat' dir='ltr'>etiam</span> <span class='ocrx_word' id='word_1_83' title='bbox 934 970 1117 1015; x_wconf 74' lang='lat' dir='ltr'>Hierosoly-</span> 
     </span>
     <span class='ocr_line' id='line_1_24' title="bbox 364 1023 1117 1068; baseline 0 -12"><span class='ocrx_word' id='word_1_84' title='bbox 364 1023 488 1064; x_wconf 87' lang='lat' dir='ltr'>mitani,</span> <span class='ocrx_word' id='word_1_85' title='bbox 511 1024 585 1064; x_wconf 86' lang='lat' dir='ltr'>sint,</span> <span class='ocrx_word' id='word_1_86' title='bbox 616 1035 699 1067; x_wconf 88' lang='lat' dir='ltr'>quae</span> <span class='ocrx_word' id='word_1_87' title='bbox 725 1024 772 1057; x_wconf 75' lang='lat' dir='ltr'>vel</span> <span class='ocrx_word' id='word_1_88' title='bbox 793 1024 855 1057; x_wconf 86' lang='lat' dir='ltr'>iam</span> <span class='ocrx_word' id='word_1_89' title='bbox 877 1030 1024 1068; x_wconf 78' lang='lat' dir='ltr'>receptae</span> <span class='ocrx_word' id='word_1_90' title='bbox 1042 1024 1117 1062; x_wconf 83' lang='lat' dir='ltr'>sint,</span> 
     </span>
     <span class='ocr_line' id='line_1_25' title="bbox 363 1077 1118 1121; baseline 0.003 -12"><span class='ocrx_word' id='word_1_91' title='bbox 363 1077 410 1110; x_wconf 84' lang='lat' dir='ltr'>vel</span> <span class='ocrx_word' id='word_1_92' title='bbox 426 1077 458 1110; x_wconf 90' lang='lat' dir='ltr'>in</span> <span class='ocrx_word' id='word_1_93' title='bbox 479 1083 644 1121; x_wconf 90' lang='lat' dir='ltr'>posterum</span> <span class='ocrx_word' id='word_1_94' title='bbox 671 1078 701 1110; x_wconf 90' lang='lat' dir='ltr'>iu</span> <span class='ocrx_word' id='word_1_95' title='bbox 729 1077 895 1121; x_wconf 76' lang='lat' dir='ltr'>quibusvis</span> <span class='ocrx_word' id='word_1_96' title='bbox 915 1079 1118 1111; x_wconf 85' lang='lat' dir='ltr'>monasteriis</span> 
     </span>
     <span class='ocr_line' id='line_1_26' title="bbox 363 1130 1117 1175; baseline 0.003 -12"><span class='ocrx_word' id='word_1_97' title='bbox 363 1130 425 1164; x_wconf 75' lang='lat' dir='ltr'>sive</span> <span class='ocrx_word' id='word_1_98' title='bbox 446 1130 596 1164; x_wconf 76' lang='lat' dir='ltr'>domibus</span> <span class='ocrx_word' id='word_1_99' title='bbox 617 1130 826 1175; x_wconf 80' lang='lat' dir='ltr'>recipientur,</span> <span class='ocrx_word' id='word_1_100' title='bbox 840 1137 866 1164; x_wconf 87' lang='lat' dir='ltr'>et</span> <span class='ocrx_word' id='word_1_101' title='bbox 886 1131 979 1164; x_wconf 86' lang='lat' dir='ltr'>tacite</span> <span class='ocrx_word' id='word_1_102' title='bbox 997 1132 1043 1164; x_wconf 79' lang='lat' dir='ltr'>rel</span> <span class='ocrx_word' id='word_1_103' title='bbox 1065 1144 1117 1165; x_wconf 79' lang='lat' dir='ltr'>ex-</span> 
     </span>
     <span class='ocr_line' id='line_1_27' title="bbox 363 1184 1118 1228; baseline 0.001 -11"><span class='ocrx_word' id='word_1_104' title='bbox 363 1194 471 1227; x_wconf 79' lang='lat' dir='ltr'>presse</span> <span class='ocrx_word' id='word_1_105' title='bbox 480 1184 679 1228; x_wconf 84' lang='lat' dir='ltr'>Religionem</span> <span class='ocrx_word' id='word_1_106' title='bbox 697 1185 870 1228; x_wconf 80' lang='lat' dir='ltr'>professae,</span> <span class='ocrx_word' id='word_1_107' title='bbox 889 1185 984 1218; x_wconf 88' lang='lat' dir='ltr'>etiam</span> <span class='ocrx_word' id='word_1_108' title='bbox 1001 1186 1025 1218; x_wconf 87' lang='lat' dir='ltr'>si</span> <span class='ocrx_word' id='word_1_109' title='bbox 1043 1196 1118 1219; x_wconf 88' lang='lat' dir='ltr'>con-</span> 
     </span>
     <span class='ocr_line' id='line_1_28' title="bbox 362 1238 1117 1282; baseline 0.001 -12"><span class='ocrx_word' id='word_1_110' title='bbox 362 1248 470 1271; x_wconf 75' lang='lat' dir='ltr'>versae</span> <span class='ocrx_word' id='word_1_111' title='bbox 498 1242 551 1270; x_wconf 90' lang='lat' dir='ltr'>aut</span> <span class='ocrx_word' id='word_1_112' title='bbox 582 1248 790 1282; x_wconf 88' lang='lat' dir='ltr'>quocumque</span> <span class='ocrx_word' id='word_1_113' title='bbox 816 1238 879 1271; x_wconf 89' lang='lat' dir='ltr'>alio</span> <span class='ocrx_word' id='word_1_114' title='bbox 908 1239 1039 1271; x_wconf 89' lang='lat' dir='ltr'>nomine</span> <span class='ocrx_word' id='word_1_115' title='bbox 1060 1249 1117 1282; x_wconf 90' lang='lat' dir='ltr'>ap-</span> 
     </span>
     <span class='ocr_line' id='line_1_29' title="bbox 363 1291 1117 1334; baseline 0.004 -11"><span class='ocrx_word' id='word_1_116' title='bbox 363 1291 535 1334; x_wconf 79' lang='lat' dir='ltr'>pellentur,</span> <span class='ocrx_word' id='word_1_117' title='bbox 566 1291 662 1324; x_wconf 87' lang='lat' dir='ltr'>etiam</span> <span class='ocrx_word' id='word_1_118' title='bbox 687 1291 711 1325; x_wconf 86' lang='lat' dir='ltr'>si</span> <span class='ocrx_word' id='word_1_119' title='bbox 733 1302 769 1324; x_wconf 82' lang='lat' dir='ltr'>ex</span> <span class='ocrx_word' id='word_1_120' title='bbox 795 1291 946 1325; x_wconf 89' lang='lat' dir='ltr'>institutis</span> <span class='ocrx_word' id='word_1_121' title='bbox 966 1293 1014 1325; x_wconf 77' lang='lat' dir='ltr'>vel</span> <span class='ocrx_word' id='word_1_122' title='bbox 1043 1292 1117 1326; x_wconf 85' lang='lat' dir='ltr'>sun-</span> 
     </span>
     <span class='ocr_line' id='line_1_30' title="bbox 363 1343 1116 1387; baseline 0.004 -11"><span class='ocrx_word' id='word_1_123' title='bbox 363 1343 547 1377; x_wconf 89' lang='lat' dir='ltr'>dationibus</span> <span class='ocrx_word' id='word_1_124' title='bbox 567 1354 678 1377; x_wconf 85' lang='lat' dir='ltr'>earum</span> <span class='ocrx_word' id='word_1_125' title='bbox 708 1345 850 1387; x_wconf 80' lang='lat' dir='ltr'>Regulae</span> <span class='ocrx_word' id='word_1_126' title='bbox 870 1346 909 1378; x_wconf 90' lang='lat' dir='ltr'>ad</span> <span class='ocrx_word' id='word_1_127' title='bbox 933 1347 1116 1379; x_wconf 76' lang='lat' dir='ltr'>clausuram</span> 
     </span>
     <span class='ocr_line' id='line_1_31' title="bbox 363 1398 1116 1441; baseline 0.003 -12"><span class='ocrx_word' id='word_1_128' title='bbox 363 1407 427 1435; x_wconf 85' lang='lat' dir='ltr'>non</span> <span class='ocrx_word' id='word_1_129' title='bbox 456 1402 643 1437; x_wconf 88' lang='lat' dir='ltr'>teneantur,</span> <span class='ocrx_word' id='word_1_130' title='bbox 680 1408 740 1431; x_wconf 91' lang='lat' dir='ltr'>nec</span> <span class='ocrx_word' id='word_1_131' title='bbox 773 1408 916 1441; x_wconf 88' lang='lat' dir='ltr'>unquam</span> <span class='ocrx_word' id='word_1_132' title='bbox 947 1398 978 1431; x_wconf 92' lang='lat' dir='ltr'>in</span> <span class='ocrx_word' id='word_1_133' title='bbox 1006 1410 1116 1432; x_wconf 83' lang='lat' dir='ltr'>earum</span> 
     </span>
     <span class='ocr_line' id='line_1_32' title="bbox 363 1451 1117 1490; baseline 0.003 -7"><span class='ocrx_word' id='word_1_134' title='bbox 363 1451 566 1484; x_wconf 87' lang='lat' dir='ltr'>monasteriis</span> <span class='ocrx_word' id='word_1_135' title='bbox 593 1461 648 1484; x_wconf 87' lang='lat' dir='ltr'>seu</span> <span class='ocrx_word' id='word_1_136' title='bbox 678 1451 843 1490; x_wconf 79' lang='lat' dir='ltr'>domibus,</span> <span class='ocrx_word' id='word_1_137' title='bbox 873 1452 968 1484; x_wconf 88' lang='lat' dir='ltr'>etiam</span> <span class='ocrx_word' id='word_1_138' title='bbox 997 1452 1036 1484; x_wconf 84' lang='lat' dir='ltr'>ab</span> <span class='ocrx_word' id='word_1_139' title='bbox 1057 1453 1117 1485; x_wconf 90' lang='lat' dir='ltr'>im-</span> 
     </span>
     <span class='ocr_line' id='line_1_33' title="bbox 363 1504 1117 1548; baseline 0.003 -12"><span class='ocrx_word' id='word_1_140' title='bbox 363 1504 565 1537; x_wconf 85' lang='lat' dir='ltr'>memorabili</span> <span class='ocrx_word' id='word_1_141' title='bbox 586 1511 744 1548; x_wconf 88' lang='lat' dir='ltr'>tempore,</span> <span class='ocrx_word' id='word_1_142' title='bbox 768 1515 803 1537; x_wconf 90' lang='lat' dir='ltr'>ea</span> <span class='ocrx_word' id='word_1_143' title='bbox 825 1511 945 1538; x_wconf 77' lang='lat' dir='ltr'>serrata</span> <span class='ocrx_word' id='word_1_144' title='bbox 962 1515 1026 1538; x_wconf 90' lang='lat' dir='ltr'>non</span> <span class='ocrx_word' id='word_1_145' title='bbox 1048 1505 1117 1538; x_wconf 87' lang='lat' dir='ltr'>sue-</span> 
     </span>
     <span class='ocr_line' id='line_1_34' title="bbox 363 1557 1117 1601; baseline 0.003 -11"><span class='ocrx_word' id='word_1_146' title='bbox 363 1557 416 1598; x_wconf 85' lang='lat' dir='ltr'>rit,</span> <span class='ocrx_word' id='word_1_147' title='bbox 439 1557 498 1590; x_wconf 89' lang='lat' dir='ltr'>sub</span> <span class='ocrx_word' id='word_1_148' title='bbox 515 1563 671 1601; x_wconf 86' lang='lat' dir='ltr'>perpetua</span> <span class='ocrx_word' id='word_1_149' title='bbox 692 1557 722 1590; x_wconf 92' lang='lat' dir='ltr'>in</span> <span class='ocrx_word' id='word_1_150' title='bbox 751 1557 816 1590; x_wconf 79' lang='lat' dir='ltr'>suis</span> <span class='ocrx_word' id='word_1_151' title='bbox 837 1558 1040 1592; x_wconf 87' lang='lat' dir='ltr'>monasteriis</span> <span class='ocrx_word' id='word_1_152' title='bbox 1061 1570 1117 1592; x_wconf 85' lang='lat' dir='ltr'>seu</span> 
     </span>
     <span class='ocr_line' id='line_1_35' title="bbox 363 1611 1117 1655; baseline 0.003 -11"><span class='ocrx_word' id='word_1_153' title='bbox 363 1611 513 1645; x_wconf 79' lang='lat' dir='ltr'>domibus</span> <span class='ocrx_word' id='word_1_154' title='bbox 555 1611 672 1644; x_wconf 86' lang='lat' dir='ltr'>debere</span> <span class='ocrx_word' id='word_1_155' title='bbox 707 1611 746 1645; x_wconf 91' lang='lat' dir='ltr'>de</span> <span class='ocrx_word' id='word_1_156' title='bbox 784 1618 893 1645; x_wconf 78' lang='lat' dir='ltr'>cetero</span> <span class='ocrx_word' id='word_1_157' title='bbox 927 1623 1117 1655; x_wconf 88' lang='lat' dir='ltr'>permanere</span> 
     </span>
     <span class='ocr_line' id='line_1_36' title="bbox 363 1665 1117 1704; baseline 0.001 -6"><span class='ocrx_word' id='word_1_158' title='bbox 363 1665 526 1704; x_wconf 83' lang='lat' dir='ltr'>clausura,</span> <span class='ocrx_word' id='word_1_159' title='bbox 562 1665 647 1697; x_wconf 78' lang='lat' dir='ltr'>iuxta</span> <span class='ocrx_word' id='word_1_160' title='bbox 677 1665 813 1698; x_wconf 88' lang='lat' dir='ltr'>formam</span> <span class='ocrx_word' id='word_1_161' title='bbox 836 1665 939 1699; x_wconf 88' lang='lat' dir='ltr'>dictae</span> <span class='ocrx_word' id='word_1_162' title='bbox 961 1667 1117 1700; x_wconf 78' lang='lat' dir='ltr'>constitu-</span> 
     </span>
     <span class='ocr_line' id='line_1_37' title="bbox 362 1718 1117 1753; baseline 0.001 -2"><span class='ocrx_word' id='word_1_163' title='bbox 362 1718 458 1751; x_wconf 85' lang='lat' dir='ltr'>tionis</span> <span class='ocrx_word' id='word_1_164' title='bbox 477 1718 578 1751; x_wconf 87' lang='lat' dir='ltr'>selicis</span> <span class='ocrx_word' id='word_1_165' title='bbox 604 1718 838 1751; x_wconf 87' lang='lat' dir='ltr'>recordationis</span> <span class='ocrx_word' id='word_1_166' title='bbox 871 1719 1025 1752; x_wconf 84' lang='lat' dir='ltr'>Bonifacii</span> <span class='ocrx_word' id='word_1_167' title='bbox 1059 1720 1117 1753; x_wconf 85' lang='lat' dir='ltr'>Pa-</span> 
     </span>
     <span class='ocr_line' id='line_1_38' title="bbox 364 1771 1117 1817; baseline 0.004 -13"><span class='ocrx_word' id='word_1_168' title='bbox 364 1781 423 1815; x_wconf 86' lang='lat' dir='ltr'>pae</span> <span class='ocrx_word' id='word_1_169' title='bbox 443 1771 518 1811; x_wconf 86' lang='lat' dir='ltr'>VIII,</span> <span class='ocrx_word' id='word_1_170' title='bbox 541 1771 796 1814; x_wconf 78' lang='lat' dir='ltr'>praedecessoris</span> <span class='ocrx_word' id='word_1_171' title='bbox 820 1772 933 1813; x_wconf 79' lang='lat' dir='ltr'>nostri,</span> <span class='ocrx_word' id='word_1_172' title='bbox 965 1784 1047 1817; x_wconf 88' lang='lat' dir='ltr'>quae</span> <span class='ocrx_word' id='word_1_173' title='bbox 1068 1774 1117 1806; x_wconf 89' lang='lat' dir='ltr'>in-</span> 
     </span>
     <span class='ocr_line' id='line_1_39' title="bbox 365 1824 1118 1868; baseline 0.003 -10"><span class='ocrx_word' id='word_1_174' title='bbox 365 1824 441 1868; x_wconf 81' lang='lat' dir='ltr'>cipit</span> <span class='ocrx_word' id='word_1_175' title='bbox 479 1825 674 1864; x_wconf 74' lang='lat' dir='ltr'>Perz&#39;culoso,</span> <span class='ocrx_word' id='word_1_176' title='bbox 705 1825 736 1857; x_wconf 88' lang='lat' dir='ltr'>in</span> <span class='ocrx_word' id='word_1_177' title='bbox 762 1835 852 1858; x_wconf 80' lang='lat' dir='ltr'>sacro</span> <span class='ocrx_word' id='word_1_178' title='bbox 878 1826 1015 1859; x_wconf 80' lang='lat' dir='ltr'>concilio</span> <span class='ocrx_word' id='word_1_179' title='bbox 1050 1827 1118 1860; x_wconf 90' lang='lat' dir='ltr'>Tri-</span> 
     </span>
     <span class='ocr_line' id='line_1_40' title="bbox 365 1877 1118 1922; baseline 0.004 -12"><span class='ocrx_word' id='word_1_180' title='bbox 365 1877 498 1911; x_wconf 90' lang='lat' dir='ltr'>dentino</span> <span class='ocrx_word' id='word_1_181' title='bbox 509 1877 733 1922; x_wconf 82' lang='lat' dir='ltr'>approbatam,</span> <span class='ocrx_word' id='word_1_182' title='bbox 747 1883 777 1911; x_wconf 88' lang='lat' dir='ltr'>et</span> <span class='ocrx_word' id='word_1_183' title='bbox 793 1879 982 1912; x_wconf 80' lang='lat' dir='ltr'>innovamus</span> <span class='ocrx_word' id='word_1_184' title='bbox 1003 1881 1035 1912; x_wconf 91' lang='lat' dir='ltr'>in</span> <span class='ocrx_word' id='word_1_185' title='bbox 1051 1891 1118 1913; x_wconf 91' lang='lat' dir='ltr'>om-</span> 
     </span>
     <span class='ocr_line' id='line_1_41' title="bbox 365 1931 1118 1975; baseline 0.005 -12"><span class='ocrx_word' id='word_1_186' title='bbox 365 1931 461 1964; x_wconf 90' lang='lat' dir='ltr'>nibus</span> <span class='ocrx_word' id='word_1_187' title='bbox 488 1936 515 1964; x_wconf 89' lang='lat' dir='ltr'>et</span> <span class='ocrx_word' id='word_1_188' title='bbox 547 1942 606 1975; x_wconf 86' lang='lat' dir='ltr'>per</span> <span class='ocrx_word' id='word_1_189' title='bbox 633 1931 758 1971; x_wconf 89' lang='lat' dir='ltr'>omnia,</span> <span class='ocrx_word' id='word_1_190' title='bbox 793 1942 828 1963; x_wconf 79' lang='lat' dir='ltr'>ae</span> <span class='ocrx_word' id='word_1_191' title='bbox 855 1931 941 1965; x_wconf 89' lang='lat' dir='ltr'>illam</span> <span class='ocrx_word' id='word_1_192' title='bbox 977 1934 1118 1967; x_wconf 75' lang='lat' dir='ltr'>districte</span> 
     </span>
     <span class='ocr_line' id='line_1_42' title="bbox 365 1984 753 2018; baseline -0.003 -1"><span class='ocrx_word' id='word_1_193' title='bbox 365 1984 527 2018; x_wconf 80' lang='lat' dir='ltr'>observari</span> <span class='ocrx_word' id='word_1_194' title='bbox 551 1985 753 2018; x_wconf 85' lang='lat' dir='ltr'>mandamus.</span> 
     </span>
    </p>

    <p class='ocr_par' dir='ltr' id='par_1_7' title="bbox 365 2033 1120 2396">
     <span class='ocr_line' id='line_1_43' title="bbox 410 2033 1119 2082; baseline 0.006 -12"><span class='ocrx_word' id='word_1_195' title='bbox 410 2038 424 2079; x_wconf 60' lang='grc' dir='ltr'>ξ</span> <span class='ocrx_word' id='word_1_196' title='bbox 445 2038 475 2071; x_wconf 77' lang='lat'>2.</span> <span class='ocrx_word' id='word_1_197' title='bbox 507 2038 597 2077; x_wconf 86' lang='lat' dir='ltr'>Quod</span> <span class='ocrx_word' id='word_1_198' title='bbox 626 2033 650 2071; x_wconf 89' lang='lat' dir='ltr'>si</span> <span class='ocrx_word' id='word_1_199' title='bbox 675 2038 802 2082; x_wconf 85' lang='lat' dir='ltr'>aliquae</span> <span class='ocrx_word' id='word_1_200' title='bbox 837 2040 992 2073; x_wconf 84' lang='lat' dir='ltr'>moniales</span> <span class='ocrx_word' id='word_1_201' title='bbox 1013 2042 1119 2074; x_wconf 79' lang='lat' dir='ltr'>forsan</span> 
     </span>
     <span class='ocr_line' id='line_1_44' title="bbox 366 2091 1118 2136; baseline 0.004 -12"><span class='ocrx_word' id='word_1_202' title='bbox 366 2091 580 2135; x_wconf 81' lang='lat' dir='ltr'>reperiantur,</span> <span class='ocrx_word' id='word_1_203' title='bbox 614 2103 696 2136; x_wconf 87' lang='lat' dir='ltr'>quac</span> <span class='ocrx_word' id='word_1_204' title='bbox 716 2120 722 2133; x_wconf 94' lang='lat'>,</span> <span class='ocrx_word' id='word_1_205' title='bbox 746 2093 999 2134; x_wconf 87' lang='lat' dir='ltr'>consuetudine,</span> <span class='ocrx_word' id='word_1_206' title='bbox 1023 2095 1118 2128; x_wconf 86' lang='lat' dir='ltr'>etiam</span> 
     </span>
     <span class='ocr_line' id='line_1_45' title="bbox 366 2145 1119 2186; baseline 0.007 -9"><span class='ocrx_word' id='word_1_207' title='bbox 366 2145 629 2186; x_wconf 85' lang='lat' dir='ltr'>immemorabili,</span> <span class='ocrx_word' id='word_1_208' title='bbox 642 2151 695 2178; x_wconf 89' lang='lat' dir='ltr'>aut</span> <span class='ocrx_word' id='word_1_209' title='bbox 708 2145 853 2179; x_wconf 86' lang='lat' dir='ltr'>instituto</span> <span class='ocrx_word' id='word_1_210' title='bbox 864 2147 913 2179; x_wconf 74' lang='lat' dir='ltr'>vel</span> <span class='ocrx_word' id='word_1_211' title='bbox 932 2147 1119 2182; x_wconf 83' lang='lat' dir='ltr'>fundatione</span> 
     </span>
     <span class='ocr_line' id='line_1_46' title="bbox 366 2199 1119 2241; baseline 0.005 -10"><span class='ocrx_word' id='word_1_212' title='bbox 366 2199 506 2241; x_wconf 81' lang='lat' dir='ltr'>Regulae</span> <span class='ocrx_word' id='word_1_213' title='bbox 527 2209 603 2232; x_wconf 89' lang='lat' dir='ltr'>suae</span> <span class='ocrx_word' id='word_1_214' title='bbox 614 2199 725 2239; x_wconf 86' lang='lat' dir='ltr'>fretae,</span> <span class='ocrx_word' id='word_1_215' title='bbox 739 2199 848 2232; x_wconf 87' lang='lat' dir='ltr'>animo</span> <span class='ocrx_word' id='word_1_216' title='bbox 869 2200 1026 2234; x_wconf 79' lang='lat' dir='ltr'>obstinato</span> <span class='ocrx_word' id='word_1_217' title='bbox 1044 2202 1119 2236; x_wconf 85' lang='lat' dir='ltr'>huic</span> 
     </span>
     <span class='ocr_line' id='line_1_47' title="bbox 366 2251 1118 2296; baseline 0.005 -12"><span class='ocrx_word' id='word_1_218' title='bbox 366 2252 536 2284; x_wconf 84' lang='lat' dir='ltr'>clausurae</span> <span class='ocrx_word' id='word_1_219' title='bbox 554 2251 713 2292; x_wconf 84' lang='lat' dir='ltr'>resistant,</span> <span class='ocrx_word' id='word_1_220' title='bbox 736 2258 790 2285; x_wconf 89' lang='lat' dir='ltr'>aut</span> <span class='ocrx_word' id='word_1_221' title='bbox 811 2255 1042 2296; x_wconf 87' lang='lat' dir='ltr'>quoquomodo</span> <span class='ocrx_word' id='word_1_222' title='bbox 1068 2265 1118 2288; x_wconf 89' lang='lat' dir='ltr'>re-</span> 
     </span>
     <span class='ocr_line' id='line_1_48' title="bbox 366 2305 1120 2350; baseline 0.005 -13"><span class='ocrx_word' id='word_1_223' title='bbox 366 2305 542 2345; x_wconf 81' lang='lat' dir='ltr'>luctentur,</span> <span class='ocrx_word' id='word_1_224' title='bbox 569 2305 735 2346; x_wconf 78' lang='lat' dir='ltr'>ordinarii,</span> <span class='ocrx_word' id='word_1_225' title='bbox 761 2317 825 2339; x_wconf 84' lang='lat' dir='ltr'>una</span> <span class='ocrx_word' id='word_1_226' title='bbox 848 2317 922 2339; x_wconf 87' lang='lat' dir='ltr'>cum</span> <span class='ocrx_word' id='word_1_227' title='bbox 944 2308 1120 2350; x_wconf 85' lang='lat' dir='ltr'>superiori-</span> 
     </span>
     <span class='ocr_line' id='line_1_49' title="bbox 365 2358 1119 2396; baseline 0.005 -6"><span class='ocrx_word' id='word_1_228' title='bbox 365 2358 427 2391; x_wconf 89' lang='lat' dir='ltr'>bus</span> <span class='ocrx_word' id='word_1_229' title='bbox 447 2368 575 2396; x_wconf 86' lang='lat' dir='ltr'>earum,</span> <span class='ocrx_word' id='word_1_230' title='bbox 604 2359 755 2392; x_wconf 87' lang='lat' dir='ltr'>omnibus</span> <span class='ocrx_word' id='word_1_231' title='bbox 776 2359 855 2392; x_wconf 90' lang='lat' dir='ltr'>iuris</span> <span class='ocrx_word' id='word_1_232' title='bbox 875 2365 903 2393; x_wconf 86' lang='lat' dir='ltr'>et</span> <span class='ocrx_word' id='word_1_233' title='bbox 924 2360 996 2393; x_wconf 87' lang='lat' dir='ltr'>facti</span> <span class='ocrx_word' id='word_1_234' title='bbox 1018 2372 1119 2395; x_wconf 87' lang='lat' dir='ltr'>reme-</span> 
     </span>
    </p>
   </div>
   <div class='ocr_carea' id='block_1_6' title="bbox 366 2411 1119 2697">
    <p class='ocr_par' dir='ltr' id='par_1_8' title="bbox 366 2411 1119 2589">
     <span class='ocr_line' id='line_1_50' title="bbox 367 2411 1119 2456; baseline 0.007 -13"><span class='ocrx_word' id='word_1_235' title='bbox 367 2411 427 2444; x_wconf 88' lang='lat' dir='ltr'>diis</span> <span class='ocrx_word' id='word_1_236' title='bbox 447 2412 642 2455; x_wconf 88' lang='lat' dir='ltr'>compellant</span> <span class='ocrx_word' id='word_1_237' title='bbox 658 2412 785 2445; x_wconf 83' lang='lat' dir='ltr'>easdem</span> <span class='ocrx_word' id='word_1_238' title='bbox 802 2418 967 2456; x_wconf 83' lang='lat' dir='ltr'>tamquam</span> <span class='ocrx_word' id='word_1_239' title='bbox 983 2414 1119 2448; x_wconf 82' lang='lat' dir='ltr'>rebelles</span> 
     </span>
     <span class='ocr_line' id='line_1_51' title="bbox 367 2458 1118 2504; baseline 0.005 -13"><span class='ocrx_word' id='word_1_240' title='bbox 367 2464 397 2491; x_wconf 91' lang='lat' dir='ltr'>et</span> <span class='ocrx_word' id='word_1_241' title='bbox 417 2458 652 2502; x_wconf 77' lang='lat' dir='ltr'>incorrigibiles</span> <span class='ocrx_word' id='word_1_242' title='bbox 678 2461 717 2492; x_wconf 85' lang='lat' dir='ltr'>ad</span> <span class='ocrx_word' id='word_1_243' title='bbox 742 2461 888 2504; x_wconf 87' lang='lat' dir='ltr'>praecise</span> <span class='ocrx_word' id='word_1_244' title='bbox 912 2461 1118 2495; x_wconf 88' lang='lat' dir='ltr'>subeundum</span> 
     </span>
     <span class='ocr_line' id='line_1_52' title="bbox 366 2507 1118 2553; baseline 0.007 -14"><span class='ocrx_word' id='word_1_245' title='bbox 366 2507 484 2540; x_wconf 85' lang='lat' dir='ltr'>dictam</span> <span class='ocrx_word' id='word_1_246' title='bbox 519 2508 720 2548; x_wconf 81' lang='lat' dir='ltr'>clausuram,</span> <span class='ocrx_word' id='word_1_247' title='bbox 754 2515 913 2553; x_wconf 89' lang='lat' dir='ltr'>perpetuo</span> <span class='ocrx_word' id='word_1_248' title='bbox 947 2510 1118 2544; x_wconf 79' lang='lat' dir='ltr'>observan-</span> 
     </span>
     <span class='ocr_line' id='line_1_53' title="bbox 367 2556 452 2589; baseline -0.012 0"><span class='ocrx_word' id='word_1_249' title='bbox 367 2556 452 2589; x_wconf 85' lang='lat' dir='ltr'>dam.</span> 
     </span>
    </p>

    <p class='ocr_par' dir='ltr' id='par_1_9' title="bbox 366 2604 1119 2697">
     <span class='ocr_line' id='line_1_54' title="bbox 410 2604 1119 2652; baseline 0.007 -15"><span class='ocrx_word' id='word_1_250' title='bbox 410 2605 425 2648; x_wconf 60' lang='grc' dir='ltr'><strong>ἓ</strong></span> <span class='ocrx_word' id='word_1_251' title='bbox 444 2604 476 2638; x_wconf 83' lang='lat'>3.</span> <span class='ocrx_word' id='word_1_252' title='bbox 499 2605 648 2638; x_wconf 85' lang='lat' dir='ltr'>Mulieres</span> <span class='ocrx_word' id='word_1_253' title='bbox 668 2616 810 2650; x_wconf 87' lang='lat' dir='ltr'>quoque,</span> <span class='ocrx_word' id='word_1_254' title='bbox 834 2618 917 2652; x_wconf 85' lang='lat' dir='ltr'>quae</span> <span class='ocrx_word' id='word_1_255' title='bbox 944 2608 1119 2642; x_wconf 85' lang='lat' dir='ltr'>Tertiariae</span> 
     </span>
     <span class='ocr_line' id='line_1_55' title="bbox 366 2653 1118 2697; baseline 0.008 -12"><span class='ocrx_word' id='word_1_256' title='bbox 366 2662 422 2686; x_wconf 86' lang='lat' dir='ltr'>seu</span> <span class='ocrx_word' id='word_1_257' title='bbox 449 2653 488 2686; x_wconf 88' lang='lat' dir='ltr'>de</span> <span class='ocrx_word' id='word_1_258' title='bbox 512 2653 710 2688; x_wconf 78' lang='lat' dir='ltr'>poenitentia</span> <span class='ocrx_word' id='word_1_259' title='bbox 731 2655 895 2697; x_wconf 88' lang='lat' dir='ltr'>dicuntur,</span> <span class='ocrx_word' id='word_1_260' title='bbox 928 2657 1118 2691; x_wconf 86' lang='lat' dir='ltr'>cuiuscum-</span> 
     </span>
    </p>
   </div>
   <div class='ocr_carea' id='block_1_7' title="bbox 965 278 1320 303">
    <p class='ocr_par' dir='ltr' id='par_1_10' title="bbox 965 278 1320 303">
     <span class='ocr_line' id='line_1_56' title="bbox 965 278 1320 303; baseline -0.003 0"><span class='ocrx_word' id='word_1_261' title='bbox 965 278 1144 303; x_wconf 76' lang='lat' dir='ltr'>BULLARIUM</span> <span class='ocrx_word' id='word_1_262' title='bbox 1169 278 1320 302; x_wconf 74' lang='lat' dir='ltr'>ROMANUM</span> 
     </span>
    </p>
   </div>
   <div class='ocr_carea' id='block_1_8' title="bbox 1932 276 2118 307">
    <p class='ocr_par' dir='ltr' id='par_1_11' title="bbox 1932 276 2118 307">
     <span class='ocr_line' id='line_1_57' title="bbox 1932 276 2118 307; baseline 0 -1"><span class='ocrx_word' id='word_1_263' title='bbox 1932 281 1979 306; x_wconf 82' lang='lat' dir='ltr'>An.</span> <span class='ocrx_word' id='word_1_264' title='bbox 1998 280 2028 307; x_wconf 88' lang='lat' dir='ltr'>C.</span> <span class='ocrx_word' id='word_1_265' title='bbox 2046 276 2118 307; x_wconf 72' lang='lat'><strong>1566</strong></span> 
     </span>
    </p>
   </div>
   <div class='ocr_carea' id='block_1_9' title="bbox 1161 331 2121 430">
    <p class='ocr_par' dir='ltr' id='par_1_12' title="bbox 1161 331 2121 430">
     <span class='ocr_line' id='line_1_58' title="bbox 1161 331 2121 375; baseline 0.001 -13"><span class='ocrx_word' id='word_1_266' title='bbox 1161 340 1224 372; x_wconf 89' lang='lat' dir='ltr'>que</span> <span class='ocrx_word' id='word_1_267' title='bbox 1246 331 1365 363; x_wconf 86' lang='lat' dir='ltr'>fuerint</span> <span class='ocrx_word' id='word_1_268' title='bbox 1389 331 1525 370; x_wconf 83' lang='lat' dir='ltr'>Ordinis,</span> <span class='ocrx_word' id='word_1_269' title='bbox 1543 332 1574 364; x_wconf 91' lang='lat' dir='ltr'>in</span> <span class='ocrx_word' id='word_1_270' title='bbox 1598 333 1847 375; x_wconf 74' lang='lat' dir='ltr'>congregatione</span> <span class='ocrx_word' id='word_1_271' title='bbox 1867 332 1912 365; x_wconf 80' lang='lat' dir='ltr'>vi-</span> <span class='ocrx_word' id='word_1_272' title='bbox 1966 342 2121 368; x_wconf 71' lang='lat' dir='ltr'>‘re1·uariae,si</span> 
     </span>
     <span class='ocr_line' id='line_1_59' title="bbox 1162 375 2118 430; baseline 0.003 -15"><span class='ocrx_word' id='word_1_273' title='bbox 1162 388 1281 423; x_wconf 81' lang='lat' dir='ltr'>ventes,</span> <span class='ocrx_word' id='word_1_274' title='bbox 1305 384 1329 415; x_wconf 84' lang='lat' dir='ltr'>si</span> <span class='ocrx_word' id='word_1_275' title='bbox 1346 389 1376 416; x_wconf 85' lang='lat' dir='ltr'>et</span> <span class='ocrx_word' id='word_1_276' title='bbox 1391 383 1479 427; x_wconf 84' lang='lat' dir='ltr'>ipsae</span> <span class='ocrx_word' id='word_1_277' title='bbox 1498 384 1661 427; x_wconf 81' lang='lat' dir='ltr'>professae</span> <span class='ocrx_word' id='word_1_278' title='bbox 1673 385 1805 425; x_wconf 87' lang='lat' dir='ltr'>fuerint,</span> <span class='ocrx_word' id='word_1_279' title='bbox 1828 385 1870 418; x_wconf 88' lang='lat' dir='ltr'>ita</span> <span class='ocrx_word' id='word_1_280' title='bbox 1881 390 1916 418; x_wconf 88' lang='lat' dir='ltr'>ut</span> <span class='ocrx_word' id='word_1_281' title='bbox 1931 375 2118 430; x_wconf 51' lang='grc' dir='ltr'>ἶᾞῖῌζῖξζζῖἳῗ</span> 
     </span>
    </p>
   </div>
   <div class='ocr_carea' id='block_1_10' title="bbox 1163 435 2116 491">
    <p class='ocr_par' dir='ltr' id='par_1_13' title="bbox 1163 435 2116 491">
     <span class='ocr_line' id='line_1_60' title="bbox 1163 435 2116 491; baseline 0.003 -22"><span class='ocrx_word' id='word_1_282' title='bbox 1163 436 1306 469; x_wconf 86' lang='lat' dir='ltr'>solemne</span> <span class='ocrx_word' id='word_1_283' title='bbox 1331 442 1440 468; x_wconf 81' lang='lat' dir='ltr'>votum</span> <span class='ocrx_word' id='word_1_284' title='bbox 1465 436 1642 477; x_wconf 86' lang='lat' dir='ltr'>emiserint,</span> <span class='ocrx_word' id='word_1_285' title='bbox 1671 438 1710 470; x_wconf 88' lang='lat' dir='ltr'>ad</span> <span class='ocrx_word' id='word_1_286' title='bbox 1731 439 1915 471; x_wconf 85' lang='lat' dir='ltr'>clausuram</span> <span class='ocrx_word' id='word_1_287' title='bbox 1931 435 2116 491; x_wconf 46' lang='grc' dir='ltr'>ῖζὲῗζξζῧξξζζζ</span> 
     </span>
    </p>
   </div>
   <div class='ocr_carea' id='block_1_11' title="bbox 1160 489 2118 1123">
    <p class='ocr_par' dir='ltr' id='par_1_14' title="bbox 1160 489 2118 962">
     <span class='ocr_line' id='line_1_61' title="bbox 1163 489 2118 535; baseline 0.005 -14"><span class='ocrx_word' id='word_1_288' title='bbox 1163 489 1318 532; x_wconf 87' lang='lat' dir='ltr'>praecise,</span> <span class='ocrx_word' id='word_1_289' title='bbox 1335 494 1369 521; x_wconf 90' lang='lat' dir='ltr'>ut</span> <span class='ocrx_word' id='word_1_290' title='bbox 1394 489 1620 532; x_wconf 88' lang='lat' dir='ltr'>praemittitur,</span> <span class='ocrx_word' id='word_1_291' title='bbox 1633 496 1664 523; x_wconf 92' lang='lat' dir='ltr'>et</span> <span class='ocrx_word' id='word_1_292' title='bbox 1678 491 1765 535; x_wconf 88' lang='lat' dir='ltr'>ipsae</span> <span class='ocrx_word' id='word_1_293' title='bbox 1787 497 1916 525; x_wconf 87' lang='lat' dir='ltr'>tenean-</span> <span class='ocrx_word' id='word_1_294' title='bbox 1930 504 1970 526; x_wconf 70' lang='lat' dir='ltr'>per</span> <span class='ocrx_word' id='word_1_295' title='bbox 1999 498 2118 519; x_wconf 70' lang='lat' dir='ltr'>ordinarios</span> 
     </span>
     <span class='ocr_line' id='line_1_62' title="bbox 1161 530 2116 585; baseline 0.007 -11"><span class='ocrx_word' id='word_1_296' title='bbox 1161 548 1231 581; x_wconf 87' lang='lat' dir='ltr'>tur;</span> <span class='ocrx_word' id='word_1_297' title='bbox 1253 542 1340 585; x_wconf 89' lang='lat' dir='ltr'>quod</span> <span class='ocrx_word' id='word_1_298' title='bbox 1361 542 1385 575; x_wconf 88' lang='lat' dir='ltr'>si</span> <span class='ocrx_word' id='word_1_299' title='bbox 1406 547 1514 575; x_wconf 81' lang='lat' dir='ltr'>votum</span> <span class='ocrx_word' id='word_1_300' title='bbox 1542 543 1685 577; x_wconf 86' lang='lat' dir='ltr'>solemne</span> <span class='ocrx_word' id='word_1_301' title='bbox 1714 546 1779 577; x_wconf 75' lang='lat' dir='ltr'>nen</span> <span class='ocrx_word' id='word_1_302' title='bbox 1799 545 1914 578; x_wconf 87' lang='lat' dir='ltr'>emise-</span> <span class='ocrx_word' id='word_1_303' title='bbox 1931 530 2116 581; x_wconf 37' lang='lat' dir='ltr'>{flaaeiiffiifflm</span> 
     </span>
     <span class='ocr_line' id='line_1_63' title="bbox 1162 595 1915 641; baseline 0.004 -13"><span class='ocrx_word' id='word_1_304' title='bbox 1162 596 1238 635; x_wconf 84' lang='lat' dir='ltr'>rint,</span> <span class='ocrx_word' id='word_1_305' title='bbox 1262 595 1427 635; x_wconf 86' lang='lat' dir='ltr'>ordinarii,</span> <span class='ocrx_word' id='word_1_306' title='bbox 1447 606 1509 628; x_wconf 87' lang='lat' dir='ltr'>una</span> <span class='ocrx_word' id='word_1_307' title='bbox 1527 607 1601 630; x_wconf 85' lang='lat' dir='ltr'>cum</span> <span class='ocrx_word' id='word_1_308' title='bbox 1622 597 1845 641; x_wconf 85' lang='lat' dir='ltr'>superioribus</span> <span class='ocrx_word' id='word_1_309' title='bbox 1861 608 1915 631; x_wconf 88' lang='lat' dir='ltr'>ea-</span> 
     </span>
     <span class='ocr_line' id='line_1_64' title="bbox 1162 650 1916 692; baseline 0.005 -12"><span class='ocrx_word' id='word_1_310' title='bbox 1162 659 1247 687; x_wconf 89' lang='lat' dir='ltr'>rum,</span> <span class='ocrx_word' id='word_1_311' title='bbox 1285 650 1454 682; x_wconf 86' lang='lat' dir='ltr'>hortentur</span> <span class='ocrx_word' id='word_1_312' title='bbox 1479 655 1509 682; x_wconf 88' lang='lat' dir='ltr'>et</span> <span class='ocrx_word' id='word_1_313' title='bbox 1538 650 1734 692; x_wconf 80' lang='lat' dir='ltr'>persuadere</span> <span class='ocrx_word' id='word_1_314' title='bbox 1768 652 1916 685; x_wconf 88' lang='lat' dir='ltr'>studeant</span> 
     </span>
     <span class='ocr_line' id='line_1_65' title="bbox 1162 702 1916 748; baseline 0.005 -14"><span class='ocrx_word' id='word_1_315' title='bbox 1162 707 1194 734; x_wconf 91' lang='lat' dir='ltr'>ut</span> <span class='ocrx_word' id='word_1_316' title='bbox 1218 702 1296 735; x_wconf 89' lang='lat' dir='ltr'>illud</span> <span class='ocrx_word' id='word_1_317' title='bbox 1317 702 1460 735; x_wconf 88' lang='lat' dir='ltr'>emittant</span> <span class='ocrx_word' id='word_1_318' title='bbox 1483 708 1510 735; x_wconf 87' lang='lat' dir='ltr'>et</span> <span class='ocrx_word' id='word_1_319' title='bbox 1534 703 1759 746; x_wconf 85' lang='lat' dir='ltr'>profiteantur,</span> <span class='ocrx_word' id='word_1_320' title='bbox 1777 715 1826 745; x_wconf 88' lang='lat' dir='ltr'>ac,</span> <span class='ocrx_word' id='word_1_321' title='bbox 1845 710 1916 748; x_wconf 87' lang='lat' dir='ltr'>post</span> 
     </span>
     <span class='ocr_line' id='line_1_66' title="bbox 1161 755 1914 799; baseline 0.007 -12"><span class='ocrx_word' id='word_1_322' title='bbox 1161 755 1367 788; x_wconf 83' lang='lat' dir='ltr'>emissi0nem</span> <span class='ocrx_word' id='word_1_323' title='bbox 1384 760 1412 789; x_wconf 90' lang='lat' dir='ltr'>et</span> <span class='ocrx_word' id='word_1_324' title='bbox 1429 756 1675 799; x_wconf 81' lang='lat' dir='ltr'>professionem,</span> <span class='ocrx_word' id='word_1_325' title='bbox 1698 758 1802 791; x_wconf 88' lang='lat' dir='ltr'>eidem</span> <span class='ocrx_word' id='word_1_326' title='bbox 1824 759 1914 792; x_wconf 88' lang='lat' dir='ltr'>clau-</span> 
     </span>
     <span class='ocr_line' id='line_1_67' title="bbox 1161 809 1909 854; baseline 0.005 -13"><span class='ocrx_word' id='word_1_327' title='bbox 1161 819 1255 841; x_wconf 87' lang='lat' dir='ltr'>surae</span> <span class='ocrx_word' id='word_1_328' title='bbox 1276 820 1308 841; x_wconf 88' lang='lat' dir='ltr'>se</span> <span class='ocrx_word' id='word_1_329' title='bbox 1329 809 1512 850; x_wconf 73' lang='lat' dir='ltr'>subiiciantJ,</span> <span class='ocrx_word' id='word_1_330' title='bbox 1529 810 1617 854; x_wconf 90' lang='lat' dir='ltr'>quod</span> <span class='ocrx_word' id='word_1_331' title='bbox 1633 810 1657 842; x_wconf 82' lang='lat' dir='ltr'>si</span> <span class='ocrx_word' id='word_1_332' title='bbox 1678 812 1909 853; x_wconf 78' lang='lat' dir='ltr'>recusaverint,</span> 
     </span>
     <span class='ocr_line' id='line_1_68' title="bbox 1161 862 1914 906; baseline 0.005 -11"><span class='ocrx_word' id='word_1_333' title='bbox 1161 868 1191 895; x_wconf 89' lang='lat' dir='ltr'>et</span> <span class='ocrx_word' id='word_1_334' title='bbox 1215 862 1341 906; x_wconf 86' lang='lat' dir='ltr'>aliquae</span> <span class='ocrx_word' id='word_1_335' title='bbox 1364 874 1401 896; x_wconf 75' lang='lat' dir='ltr'>cx</span> <span class='ocrx_word' id='word_1_336' title='bbox 1425 864 1471 896; x_wconf 82' lang='lat' dir='ltr'>eis</span> <span class='ocrx_word' id='word_1_337' title='bbox 1500 863 1645 897; x_wconf 81' lang='lat' dir='ltr'>inventae</span> <span class='ocrx_word' id='word_1_338' title='bbox 1674 865 1794 898; x_wconf 84' lang='lat' dir='ltr'>fuerint</span> <span class='ocrx_word' id='word_1_339' title='bbox 1822 876 1914 899; x_wconf 85' lang='lat' dir='ltr'>scan-</span> 
     </span>
     <span class='ocr_line' id='line_1_69' title="bbox 1160 916 1832 962; baseline 0.006 -14"><span class='ocrx_word' id='word_1_340' title='bbox 1160 916 1268 949; x_wconf 86' lang='lat' dir='ltr'>dalose</span> <span class='ocrx_word' id='word_1_341' title='bbox 1288 916 1403 957; x_wconf 76' lang='lat' dir='ltr'>vivere,</span> <span class='ocrx_word' id='word_1_342' title='bbox 1425 917 1622 950; x_wconf 78' lang='lat' dir='ltr'>severissime</span> <span class='ocrx_word' id='word_1_343' title='bbox 1642 918 1832 962; x_wconf 89' lang='lat' dir='ltr'>puniantur.</span> 
     </span>
    </p>

    <p class='ocr_par' dir='ltr' id='par_1_15' title="bbox 1160 969 2118 1123">
     <span class='ocr_line' id='line_1_70' title="bbox 1205 969 2117 1016; baseline 0.005 -15"><span class='ocrx_word' id='word_1_344' title='bbox 1205 969 1219 1011; x_wconf 62' lang='grc' dir='ltr'><strong>ξ</strong></span> <span class='ocrx_word' id='word_1_345' title='bbox 1238 969 1270 1001; x_wconf 71' lang='grc'>4.</span> <span class='ocrx_word' id='word_1_346' title='bbox 1293 969 1532 1002; x_wconf 86' lang='lat' dir='ltr'>Ceterisautcm</span> <span class='ocrx_word' id='word_1_347' title='bbox 1553 970 1714 1011; x_wconf 88' lang='lat' dir='ltr'>omnibus,</span> <span class='ocrx_word' id='word_1_348' title='bbox 1731 971 1775 1004; x_wconf 86' lang='lat' dir='ltr'>sic</span> <span class='ocrx_word' id='word_1_349' title='bbox 1794 971 1916 1015; x_wconf 88' lang='lat' dir='ltr'>absque</span> <span class='ocrx_word' id='word_1_350' title='bbox 1943 1012 1947 1016; x_wconf 93' lang='lat'>.</span> <span class='ocrx_word' id='word_1_351' title='bbox 1971 979 1995 1000; x_wconf 79' lang='lat' dir='ltr'>Et</span> <span class='ocrx_word' id='word_1_352' title='bbox 2017 979 2117 1001; x_wconf 73' lang='lat' dir='ltr'>volentes</span> 
     </span>
     <span class='ocr_line' id='line_1_71' title="bbox 1161 1010 2118 1070; baseline 0.006 -16"><span class='ocrx_word' id='word_1_353' title='bbox 1161 1022 1331 1056; x_wconf 84' lang='lat' dir='ltr'>emissione</span> <span class='ocrx_word' id='word_1_354' title='bbox 1361 1023 1567 1066; x_wconf 82' lang='lat' dir='ltr'>professionis</span> <span class='ocrx_word' id='word_1_355' title='bbox 1587 1029 1615 1056; x_wconf 86' lang='lat' dir='ltr'>et</span> <span class='ocrx_word' id='word_1_356' title='bbox 1638 1024 1787 1058; x_wconf 84' lang='lat' dir='ltr'>clausura</span> <span class='ocrx_word' id='word_1_357' title='bbox 1811 1025 1915 1059; x_wconf 88' lang='lat' dir='ltr'>vivere</span> <span class='ocrx_word' id='word_1_358' title='bbox 1931 1010 2118 1070; x_wconf 49' lang='lat' dir='ltr'>{inepwissssffi}</span> 
     </span>
     <span class='ocr_line' id='line_1_72' title="bbox 1160 1074 2117 1123; baseline 0.005 -14"><span class='ocrx_word' id='word_1_359' title='bbox 1160 1076 1293 1110; x_wconf 88' lang='lat' dir='ltr'>omnino</span> <span class='ocrx_word' id='word_1_360' title='bbox 1322 1077 1514 1116; x_wconf 74' lang='lat' dir='ltr'>volentibus,</span> <span class='ocrx_word' id='word_1_361' title='bbox 1537 1077 1761 1111; x_wconf 89' lang='lat' dir='ltr'>interdicimus</span> <span class='ocrx_word' id='word_1_362' title='bbox 1788 1083 1820 1112; x_wconf 84' lang='lat' dir='ltr'>et</span> <span class='ocrx_word' id='word_1_363' title='bbox 1839 1090 1915 1123; x_wconf 87' lang='lat' dir='ltr'>per·</span> <span class='ocrx_word' id='word_1_364' title='bbox 1930 1074 2012 1098; x_wconf 50' lang='lat' dir='ltr'>‘ww&#39;</span> <span class='ocrx_word' id='word_1_365' title='bbox 2028 1079 2071 1094; x_wconf 81' lang='lat'>&#39;²⁰¹¹</span> <span class='ocrx_word' id='word_1_366' title='bbox 2085 1079 2117 1095; x_wconf 52' lang='grc' dir='ltr'>’θ’</span> 
     </span>
    </p>
   </div>
   <div class='ocr_carea' id='block_1_12' title="bbox 1159 1106 2116 1716">
    <p class='ocr_par' dir='ltr' id='par_1_16' title="bbox 1159 1106 2116 1591">
     <span class='ocr_line' id='line_1_73' title="bbox 1160 1106 2113 1174; baseline 0.005 -12"><span class='ocrx_word' id='word_1_367' title='bbox 1160 1135 1258 1173; x_wconf 78' lang='lat' dir='ltr'>petuo</span> <span class='ocrx_word' id='word_1_368' title='bbox 1286 1130 1497 1174; x_wconf 87' lang='lat' dir='ltr'>prohibemus</span> <span class='ocrx_word' id='word_1_369' title='bbox 1517 1141 1556 1163; x_wconf 90' lang='lat' dir='ltr'>ne</span> <span class='ocrx_word' id='word_1_370' title='bbox 1582 1131 1613 1163; x_wconf 91' lang='lat' dir='ltr'>in</span> <span class='ocrx_word' id='word_1_371' title='bbox 1644 1132 1789 1165; x_wconf 88' lang='lat' dir='ltr'>futurum</span> <span class='ocrx_word' id='word_1_372' title='bbox 1814 1132 1914 1166; x_wconf 87' lang='lat' dir='ltr'>ullam</span> <span class='ocrx_word' id='word_1_373' title='bbox 1930 1106 2113 1162; x_wconf 47' lang='lat' dir='ltr'>lei-tffinffiigonae</span> 
     </span>
     <span class='ocr_line' id='line_1_74' title="bbox 1160 1171 2116 1230; baseline 0.002 -15"><span class='ocrx_word' id='word_1_374' title='bbox 1160 1183 1254 1215; x_wconf 89' lang='lat' dir='ltr'>aliam</span> <span class='ocrx_word' id='word_1_375' title='bbox 1281 1194 1414 1227; x_wconf 90' lang='lat' dir='ltr'>prorsus</span> <span class='ocrx_word' id='word_1_376' title='bbox 1435 1184 1466 1216; x_wconf 88' lang='lat' dir='ltr'>in</span> <span class='ocrx_word' id='word_1_377' title='bbox 1483 1195 1577 1217; x_wconf 88' lang='lat' dir='ltr'>suum</span> <span class='ocrx_word' id='word_1_378' title='bbox 1595 1184 1760 1226; x_wconf 85' lang='lat' dir='ltr'>Ordinem,</span> <span class='ocrx_word' id='word_1_379' title='bbox 1778 1185 1917 1230; x_wconf 47' lang='lat' dir='ltr'>Religio&lt;</span> <span class='ocrx_word' id='word_1_380' title='bbox 1930 1171 2116 1218; x_wconf 30' lang='lat' dir='ltr'>:foi-Qum&amp;-</span> 
     </span>
     <span class='ocr_line' id='line_1_75' title="bbox 1161 1231 1919 1282; baseline 0.005 -14"><span class='ocrx_word' id='word_1_381' title='bbox 1161 1247 1233 1269; x_wconf 88' lang='lat' dir='ltr'>nem</span> <span class='ocrx_word' id='word_1_382' title='bbox 1255 1237 1604 1281; x_wconf 62' lang='lat' dir='ltr'>congregationemque</span> <span class='ocrx_word' id='word_1_383' title='bbox 1627 1238 1794 1282; x_wconf 84' lang='lat' dir='ltr'>recipiant.</span> <span class='ocrx_word' id='word_1_384' title='bbox 1823 1231 1919 1278; x_wconf 73' lang='lat' dir='ltr'>Quod&#39;</span> 
     </span>
     <span class='ocr_line' id='line_1_76' title="bbox 1160 1290 1915 1337; baseline 0.005 -16"><span class='ocrx_word' id='word_1_385' title='bbox 1160 1290 1183 1321; x_wconf 86' lang='lat' dir='ltr'>si</span> <span class='ocrx_word' id='word_1_386' title='bbox 1206 1296 1317 1323; x_wconf 87' lang='lat' dir='ltr'>contra</span> <span class='ocrx_word' id='word_1_387' title='bbox 1339 1291 1524 1334; x_wconf 82' lang='lat' dir='ltr'>huiusmodi</span> <span class='ocrx_word' id='word_1_388' title='bbox 1545 1291 1627 1324; x_wconf 87' lang='lat' dir='ltr'>hanc</span> <span class='ocrx_word' id='word_1_389' title='bbox 1644 1297 1785 1325; x_wconf 88' lang='lat' dir='ltr'>nostram</span> <span class='ocrx_word' id='word_1_390' title='bbox 1807 1292 1915 1337; x_wconf 87' lang='lat' dir='ltr'>prohi-</span> 
     </span>
     <span class='ocr_line' id='line_1_77' title="bbox 1160 1343 1912 1390; baseline 0.005 -15"><span class='ocrx_word' id='word_1_391' title='bbox 1160 1343 1313 1377; x_wconf 87' lang='lat' dir='ltr'>bitionem</span> <span class='ocrx_word' id='word_1_392' title='bbox 1335 1350 1362 1376; x_wconf 83' lang='lat' dir='ltr'>et</span> <span class='ocrx_word' id='word_1_393' title='bbox 1385 1344 1551 1377; x_wconf 83' lang='lat' dir='ltr'>decretum</span> <span class='ocrx_word' id='word_1_394' title='bbox 1568 1345 1692 1388; x_wconf 88' lang='lat' dir='ltr'>aliquas</span> <span class='ocrx_word' id='word_1_395' title='bbox 1717 1345 1912 1390; x_wconf 77' lang='lat' dir='ltr'>receperint,</span> 
     </span>
     <span class='ocr_line' id='line_1_78' title="bbox 1160 1397 1914 1433; baseline 0.005 -5"><span class='ocrx_word' id='word_1_396' title='bbox 1160 1407 1212 1429; x_wconf 76' lang='lat' dir='ltr'>eas</span> <span class='ocrx_word' id='word_1_397' title='bbox 1245 1397 1284 1429; x_wconf 81' lang='lat' dir='ltr'>ad</span> <span class='ocrx_word' id='word_1_398' title='bbox 1314 1398 1358 1429; x_wconf 86' lang='lat' dir='ltr'>sic</span> <span class='ocrx_word' id='word_1_399' title='bbox 1390 1398 1559 1431; x_wconf 75' lang='lat' dir='ltr'>vivendum</span> <span class='ocrx_word' id='word_1_400' title='bbox 1589 1399 1722 1432; x_wconf 91' lang='lat' dir='ltr'>omnino</span> <span class='ocrx_word' id='word_1_401' title='bbox 1756 1398 1914 1433; x_wconf 88' lang='lat' dir='ltr'>inhabiles</span> 
     </span>
     <span class='ocr_line' id='line_1_79' title="bbox 1160 1450 1917 1496; baseline 0.004 -13"><span class='ocrx_word' id='word_1_402' title='bbox 1160 1450 1335 1489; x_wconf 82' lang='lat' dir='ltr'>reddimus,</span> <span class='ocrx_word' id='word_1_403' title='bbox 1356 1462 1393 1483; x_wconf 87' lang='lat' dir='ltr'>ac</span> <span class='ocrx_word' id='word_1_404' title='bbox 1413 1451 1542 1484; x_wconf 89' lang='lat' dir='ltr'>illarum</span> <span class='ocrx_word' id='word_1_405' title='bbox 1563 1451 1723 1495; x_wconf 86' lang='lat' dir='ltr'>quaslibet</span> <span class='ocrx_word' id='word_1_406' title='bbox 1742 1452 1917 1496; x_wconf 87' lang='lat' dir='ltr'>professio-</span> 
     </span>
     <span class='ocr_line' id='line_1_80' title="bbox 1159 1504 1914 1548; baseline 0.005 -12"><span class='ocrx_word' id='word_1_407' title='bbox 1159 1514 1217 1536; x_wconf 87' lang='lat' dir='ltr'>nes</span> <span class='ocrx_word' id='word_1_408' title='bbox 1236 1510 1264 1537; x_wconf 90' lang='lat' dir='ltr'>et</span> <span class='ocrx_word' id='word_1_409' title='bbox 1288 1504 1487 1548; x_wconf 81' lang='lat' dir='ltr'>receptiones</span> <span class='ocrx_word' id='word_1_410' title='bbox 1517 1504 1623 1537; x_wconf 86' lang='lat' dir='ltr'>irritas</span> <span class='ocrx_word' id='word_1_411' title='bbox 1650 1505 1785 1539; x_wconf 86' lang='lat' dir='ltr'>facimus</span> <span class='ocrx_word' id='word_1_412' title='bbox 1805 1511 1836 1539; x_wconf 87' lang='lat' dir='ltr'>et</span> <span class='ocrx_word' id='word_1_413' title='bbox 1856 1517 1914 1540; x_wconf 88' lang='lat' dir='ltr'>an-</span> 
     </span>
     <span class='ocr_line' id='line_1_81' title="bbox 1160 1558 1334 1591; baseline 0 -1"><span class='ocrx_word' id='word_1_414' title='bbox 1160 1558 1334 1591; x_wconf 88' lang='lat' dir='ltr'>nullamus.</span> 
     </span>
    </p>

    <p class='ocr_par' dir='ltr' id='par_1_17' title="bbox 1160 1611 2116 1716">
     <span class='ocr_line' id='line_1_82' title="bbox 1205 1611 2115 1654; baseline 0.004 -10"><span class='ocrx_word' id='word_1_415' title='bbox 1205 1612 1219 1654; x_wconf 61' lang='grc' dir='ltr'><strong><em>ξ</em></strong></span> <span class='ocrx_word' id='word_1_416' title='bbox 1243 1611 1274 1645; x_wconf 85' lang='lat'>5.</span> <span class='ocrx_word' id='word_1_417' title='bbox 1297 1611 1411 1651; x_wconf 88' lang='lat' dir='ltr'>Porro,</span> <span class='ocrx_word' id='word_1_418' title='bbox 1435 1622 1474 1644; x_wconf 88' lang='lat' dir='ltr'>ne</span> <span class='ocrx_word' id='word_1_419' title='bbox 1491 1612 1647 1645; x_wconf 86' lang='lat' dir='ltr'>moniales</span> <span class='ocrx_word' id='word_1_420' title='bbox 1667 1613 1715 1646; x_wconf 71' lang='lat' dir='ltr'>vel</span> <span class='ocrx_word' id='word_1_421' title='bbox 1739 1612 1914 1647; x_wconf 80' lang='lat' dir='ltr'>TertIariae</span> <span class='ocrx_word' id='word_1_422' title='bbox 1960 1626 2115 1654; x_wconf 69' lang='lat' dir='ltr'>Eleemosynae</span> 
     </span>
     <span class='ocr_line' id='line_1_83' title="bbox 1160 1657 2116 1716; baseline 0.004 -19"><span class='ocrx_word' id='word_1_423' title='bbox 1160 1665 1353 1709; x_wconf 83' lang='lat' dir='ltr'>praedictae,</span> <span class='ocrx_word' id='word_1_424' title='bbox 1378 1670 1511 1709; x_wconf 88' lang='lat' dir='ltr'>propter</span> <span class='ocrx_word' id='word_1_425' title='bbox 1526 1665 1609 1699; x_wconf 57' lang='lat' dir='ltr'>ham:</span> <span class='ocrx_word' id='word_1_426' title='bbox 1629 1666 1826 1707; x_wconf 88' lang='lat' dir='ltr'>clausuram,</span> <span class='ocrx_word' id='word_1_427' title='bbox 1858 1667 1914 1700; x_wconf 92' lang='lat' dir='ltr'>de·</span> <span class='ocrx_word' id='word_1_428' title='bbox 1929 1657 2116 1716; x_wconf 50' lang='grc' dir='ltr'>ξ’,ζῆἰὲᾞῗζῖιᾞζζ</span> 
     </span>
    </p>
   </div>
   <div class='ocr_carea' id='block_1_13' title="bbox 1160 1718 2116 1779">
    <p class='ocr_par' dir='ltr' id='par_1_18' title="bbox 1160 1718 2116 1779">
     <span class='ocr_line' id='line_1_84' title="bbox 1160 1718 2116 1779; baseline 0.004 -29"><span class='ocrx_word' id='word_1_429' title='bbox 1160 1718 1348 1751; x_wconf 73' lang='lat' dir='ltr'>trimentui‘n</span> <span class='ocrx_word' id='word_1_430' title='bbox 1373 1724 1428 1751; x_wconf 88' lang='lat' dir='ltr'>aut</span> <span class='ocrx_word' id='word_1_431' title='bbox 1452 1718 1697 1752; x_wconf 89' lang='lat' dir='ltr'>incommodum</span> <span class='ocrx_word' id='word_1_432' title='bbox 1726 1719 1856 1763; x_wconf 91' lang='lat' dir='ltr'>aliquod</span> <span class='ocrx_word' id='word_1_433' title='bbox 1882 1720 1914 1753; x_wconf 92' lang='lat' dir='ltr'>in</span> <span class='ocrx_word' id='word_1_434' title='bbox 1929 1722 2116 1779; x_wconf 50' lang='lat' dir='ltr'>ssgssvssssjgsegg</span> 
     </span>
    </p>
   </div>
   <div class='ocr_carea' id='block_1_14' title="bbox 1160 1772 2115 2649">
    <p class='ocr_par' dir='ltr' id='par_1_19' title="bbox 1160 1772 2115 2649">
     <span class='ocr_line' id='line_1_85' title="bbox 1160 1772 2114 1818; baseline -0.002 -13"><span class='ocrx_word' id='word_1_435' title='bbox 1160 1782 1271 1805; x_wconf 88' lang='lat' dir='ltr'>earum</span> <span class='ocrx_word' id='word_1_436' title='bbox 1297 1772 1552 1813; x_wconf 86' lang='lat' dir='ltr'>necessitatibus,</span> <span class='ocrx_word' id='word_1_437' title='bbox 1583 1772 1721 1805; x_wconf 83' lang='lat' dir='ltr'>maxime</span> <span class='ocrx_word' id='word_1_438' title='bbox 1751 1772 1783 1805; x_wconf 94' lang='lat' dir='ltr'>in</span> <span class='ocrx_word' id='word_1_439' title='bbox 1814 1773 1914 1817; x_wconf 88' lang='lat' dir='ltr'>perti·</span> <span class='ocrx_word' id='word_1_440' title='bbox 1930 1783 2051 1804; x_wconf 68' lang='lat' dir='ltr'>habitantes</span> <span class='ocrx_word' id='word_1_441' title='bbox 2067 1789 2114 1818; x_wconf 58' lang='grc' dir='ltr'>μο-</span> 
     </span>
     <span class='ocr_line' id='line_1_86' title="bbox 1160 1817 2115 1867; baseline 0.004 -14"><span class='ocrx_word' id='word_1_442' title='bbox 1160 1821 1311 1854; x_wconf 89' lang='lat' dir='ltr'>nentibus</span> <span class='ocrx_word' id='word_1_443' title='bbox 1326 1821 1365 1854; x_wconf 87' lang='lat' dir='ltr'>ad</span> <span class='ocrx_word' id='word_1_444' title='bbox 1382 1821 1509 1855; x_wconf 85' lang='lat' dir='ltr'>illarum</span> <span class='ocrx_word' id='word_1_445' title='bbox 1525 1821 1655 1859; x_wconf 75' lang='lat' dir='ltr'>rictum,</span> <span class='ocrx_word' id='word_1_446' title='bbox 1673 1822 1849 1865; x_wconf 88' lang='lat' dir='ltr'>patiantur,</span> <span class='ocrx_word' id='word_1_447' title='bbox 1861 1823 1915 1856; x_wconf 87' lang='lat' dir='ltr'>sed</span> <span class='ocrx_word' id='word_1_448' title='bbox 1930 1817 2115 1867; x_wconf 56' lang='grc' dir='ltr'>ξζξωᾞξξζῗξζζζζ</span> 
     </span>
     <span class='ocr_line' id='line_1_87' title="bbox 1161 1871 1964 1914; baseline 0.002 -11"><span class='ocrx_word' id='word_1_449' title='bbox 1161 1875 1195 1903; x_wconf 92' lang='lat' dir='ltr'>ut</span> <span class='ocrx_word' id='word_1_450' title='bbox 1218 1871 1263 1904; x_wconf 90' lang='lat' dir='ltr'>eis</span> <span class='ocrx_word' id='word_1_451' title='bbox 1288 1876 1471 1914; x_wconf 87' lang='lat' dir='ltr'>opportune</span> <span class='ocrx_word' id='word_1_452' title='bbox 1492 1871 1692 1911; x_wconf 88' lang='lat' dir='ltr'>consulatur,</span> <span class='ocrx_word' id='word_1_453' title='bbox 1724 1872 1915 1906; x_wconf 86' lang='lat' dir='ltr'>auctoritate</span> <span class='ocrx_word' id='word_1_454' title='bbox 1931 1883 1964 1898; x_wconf 67' lang='lat'>¹²-</span> 
     </span>
     <span class='ocr_line' id='line_1_88' title="bbox 1160 1918 1914 1963; baseline 0.003 -11"><span class='ocrx_word' id='word_1_455' title='bbox 1160 1919 1337 1963; x_wconf 87' lang='lat' dir='ltr'>apostolica</span> <span class='ocrx_word' id='word_1_456' title='bbox 1372 1920 1511 1962; x_wconf 87' lang='lat' dir='ltr'>praefata</span> <span class='ocrx_word' id='word_1_457' title='bbox 1545 1918 1728 1960; x_wconf 83' lang='lat' dir='ltr'>statuimus,</span> <span class='ocrx_word' id='word_1_458' title='bbox 1766 1919 1914 1953; x_wconf 88' lang='lat' dir='ltr'>decerni-</span> 
     </span>
     <span class='ocr_line' id='line_1_89' title="bbox 1161 1968 1916 2012; baseline 0.004 -12"><span class='ocrx_word' id='word_1_459' title='bbox 1161 1978 1243 2008; x_wconf 86' lang='lat' dir='ltr'>mus,</span> <span class='ocrx_word' id='word_1_460' title='bbox 1263 1968 1481 2011; x_wconf 86' lang='lat' dir='ltr'>praecipimus</span> <span class='ocrx_word' id='word_1_461' title='bbox 1502 1972 1597 2012; x_wconf 87' lang='lat' dir='ltr'>atque</span> <span class='ocrx_word' id='word_1_462' title='bbox 1618 1968 1810 2002; x_wconf 88' lang='lat' dir='ltr'>mandamus</span> <span class='ocrx_word' id='word_1_463' title='bbox 1830 1969 1916 2003; x_wconf 90' lang='lat' dir='ltr'>ordi-</span> 
     </span>
     <span class='ocr_line' id='line_1_90' title="bbox 1161 2016 1917 2060; baseline 0.004 -11"><span class='ocrx_word' id='word_1_464' title='bbox 1161 2016 1258 2049; x_wconf 86' lang='lat' dir='ltr'>nariis</span> <span class='ocrx_word' id='word_1_465' title='bbox 1279 2022 1309 2049; x_wconf 88' lang='lat' dir='ltr'>et.</span> <span class='ocrx_word' id='word_1_466' title='bbox 1338 2016 1561 2060; x_wconf 86' lang='lat' dir='ltr'>superioribus</span> <span class='ocrx_word' id='word_1_467' title='bbox 1586 2027 1711 2057; x_wconf 89' lang='lat' dir='ltr'>earum,</span> <span class='ocrx_word' id='word_1_468' title='bbox 1743 2022 1777 2050; x_wconf 91' lang='lat' dir='ltr'>ut</span> <span class='ocrx_word' id='word_1_469' title='bbox 1802 2024 1917 2052; x_wconf 89' lang='lat' dir='ltr'>curent</span> 
     </span>
     <span class='ocr_line' id='line_1_91' title="bbox 1161 2065 1917 2110; baseline 0.005 -12"><span class='ocrx_word' id='word_1_470' title='bbox 1161 2065 1269 2108; x_wconf 70' lang='lat' dir='ltr'>colligi</span> <span class='ocrx_word' id='word_1_471' title='bbox 1285 2065 1430 2099; x_wconf 85' lang='lat' dir='ltr'>fidelium</span> <span class='ocrx_word' id='word_1_472' title='bbox 1447 2066 1667 2109; x_wconf 66' lang='lat' dir='ltr'>eleemosynas</span> <span class='ocrx_word' id='word_1_473' title='bbox 1678 2077 1737 2110; x_wconf 90' lang='lat' dir='ltr'>per</span> <span class='ocrx_word' id='word_1_474' title='bbox 1748 2077 1917 2102; x_wconf 86' lang='lat' dir='ltr'>conversas</span> 
     </span>
     <span class='ocr_line' id='line_1_92' title="bbox 1160 2114 1916 2160; baseline 0.005 -13"><span class='ocrx_word' id='word_1_475' title='bbox 1160 2125 1243 2157; x_wconf 90' lang='lat' dir='ltr'>quae</span> <span class='ocrx_word' id='word_1_476' title='bbox 1264 2125 1328 2147; x_wconf 87' lang='lat' dir='ltr'>non</span> <span class='ocrx_word' id='word_1_477' title='bbox 1349 2114 1409 2147; x_wconf 88' lang='lat' dir='ltr'>sint</span> <span class='ocrx_word' id='word_1_478' title='bbox 1436 2114 1610 2157; x_wconf 68' lang='lat' dir='ltr'>professae,</span> <span class='ocrx_word' id='word_1_479' title='bbox 1633 2116 1680 2148; x_wconf 83' lang='lat' dir='ltr'>vel</span> <span class='ocrx_word' id='word_1_480' title='bbox 1707 2116 1731 2148; x_wconf 87' lang='lat' dir='ltr'>si</span> <span class='ocrx_word' id='word_1_481' title='bbox 1754 2116 1916 2160; x_wconf 84' lang='lat' dir='ltr'>professae</span> 
     </span>
     <span class='ocr_line' id='line_1_93' title="bbox 1160 2163 1918 2208; baseline 0.005 -13"><span class='ocrx_word' id='word_1_482' title='bbox 1160 2163 1291 2201; x_wconf 85' lang='lat' dir='ltr'>fuerint,</span> <span class='ocrx_word' id='word_1_483' title='bbox 1315 2163 1375 2196; x_wconf 84' lang='lat' dir='ltr'>sint</span> <span class='ocrx_word' id='word_1_484' title='bbox 1398 2168 1504 2195; x_wconf 90' lang='lat' dir='ltr'>tamen</span> <span class='ocrx_word' id='word_1_485' title='bbox 1524 2163 1636 2196; x_wconf 85' lang='lat' dir='ltr'>aetatis</span> <span class='ocrx_word' id='word_1_486' title='bbox 1661 2174 1822 2198; x_wconf 89' lang='lat' dir='ltr'>annorum</span> <span class='ocrx_word' id='word_1_487' title='bbox 1839 2176 1918 2208; x_wconf 87' lang='lat' dir='ltr'>qua-</span> 
     </span>
     <span class='ocr_line' id='line_1_94' title="bbox 1160 2212 1916 2257; baseline 0.005 -12"><span class='ocrx_word' id='word_1_488' title='bbox 1160 2213 1319 2256; x_wconf 73' lang='lat' dir='ltr'>draginta,</span> <span class='ocrx_word' id='word_1_489' title='bbox 1352 2218 1382 2246; x_wconf 89' lang='lat' dir='ltr'>et</span> <span class='ocrx_word' id='word_1_490' title='bbox 1410 2212 1442 2245; x_wconf 92' lang='lat' dir='ltr'>in</span> <span class='ocrx_word' id='word_1_491' title='bbox 1463 2212 1614 2246; x_wconf 87' lang='lat' dir='ltr'>domibus</span> <span class='ocrx_word' id='word_1_492' title='bbox 1635 2213 1916 2257; x_wconf 79' lang='lat' dir='ltr'>contiguis,-extra</span> 
     </span>
     <span class='ocr_line' id='line_1_95' title="bbox 1161 2262 1915 2305; baseline 0.005 -12"><span class='ocrx_word' id='word_1_493' title='bbox 1161 2267 1267 2295; x_wconf 85' lang='lat' dir='ltr'>tamen</span> <span class='ocrx_word' id='word_1_494' title='bbox 1293 2262 1537 2302; x_wconf 88' lang='lat' dir='ltr'>monasterium,</span> <span class='ocrx_word' id='word_1_495' title='bbox 1568 2262 1695 2305; x_wconf 81' lang='lat' dir='ltr'>degant,</span> <span class='ocrx_word' id='word_1_496' title='bbox 1723 2268 1754 2296; x_wconf 90' lang='lat' dir='ltr'>et</span> <span class='ocrx_word' id='word_1_497' title='bbox 1772 2274 1838 2297; x_wconf 90' lang='lat' dir='ltr'>non</span> <span class='ocrx_word' id='word_1_498' title='bbox 1865 2264 1915 2297; x_wconf 91' lang='lat' dir='ltr'>in-</span> 
     </span>
     <span class='ocr_line' id='line_1_96' title="bbox 1160 2311 1915 2354; baseline 0.003 -11"><span class='ocrx_word' id='word_1_499' title='bbox 1160 2311 1348 2353; x_wconf 83' lang='lat' dir='ltr'>grediantur</span> <span class='ocrx_word' id='word_1_500' title='bbox 1364 2311 1548 2344; x_wconf 90' lang='lat' dir='ltr'>clausuram</span> <span class='ocrx_word' id='word_1_501' title='bbox 1564 2311 1700 2344; x_wconf 90' lang='lat' dir='ltr'>aliarum</span> <span class='ocrx_word' id='word_1_502' title='bbox 1714 2311 1915 2354; x_wconf 87' lang='lat' dir='ltr'>monialium,</span> 
     </span>
     <span class='ocr_line' id='line_1_97' title="bbox 1160 2359 1915 2394; baseline 0.003 -2"><span class='ocrx_word' id='word_1_503' title='bbox 1160 2359 1220 2393; x_wconf 90' lang='lat' dir='ltr'>nisi</span> <span class='ocrx_word' id='word_1_504' title='bbox 1238 2360 1270 2392; x_wconf 92' lang='lat' dir='ltr'>in</span> <span class='ocrx_word' id='word_1_505' title='bbox 1292 2360 1418 2393; x_wconf 87' lang='lat' dir='ltr'>casibus</span> <span class='ocrx_word' id='word_1_506' title='bbox 1438 2370 1475 2393; x_wconf 80' lang='lat' dir='ltr'>ex</span> <span class='ocrx_word' id='word_1_507' title='bbox 1495 2370 1608 2393; x_wconf 88' lang='lat' dir='ltr'>earum</span> <span class='ocrx_word' id='word_1_508' title='bbox 1630 2360 1915 2394; x_wconf 82' lang='lat' dir='ltr'>constitutionibus</span> 
     </span>
     <span class='ocr_line' id='line_1_98' title="bbox 1161 2409 1914 2453; baseline 0.001 -11"><span class='ocrx_word' id='word_1_509' title='bbox 1161 2409 1337 2453; x_wconf 89' lang='lat' dir='ltr'>permissis,</span> <span class='ocrx_word' id='word_1_510' title='bbox 1360 2414 1387 2442; x_wconf 89' lang='lat' dir='ltr'>et</span> <span class='ocrx_word' id='word_1_511' title='bbox 1401 2409 1439 2442; x_wconf 88' lang='lat' dir='ltr'>de</span> <span class='ocrx_word' id='word_1_512' title='bbox 1452 2419 1565 2442; x_wconf 87' lang='lat' dir='ltr'>earum</span> <span class='ocrx_word' id='word_1_513' title='bbox 1580 2409 1732 2442; x_wconf 88' lang='lat' dir='ltr'>domibus</span> <span class='ocrx_word' id='word_1_514' title='bbox 1747 2409 1833 2443; x_wconf 81' lang='lat' dir='ltr'>exire</span> <span class='ocrx_word' id='word_1_515' title='bbox 1848 2420 1914 2443; x_wconf 89' lang='lat' dir='ltr'>non</span> 
     </span>
     <span class='ocr_line' id='line_1_99' title="bbox 1161 2458 1914 2502; baseline 0 -11"><span class='ocrx_word' id='word_1_516' title='bbox 1161 2458 1282 2501; x_wconf 90' lang='lat' dir='ltr'>possint</span> <span class='ocrx_word' id='word_1_517' title='bbox 1301 2469 1359 2502; x_wconf 92' lang='lat' dir='ltr'>pro</span> <span class='ocrx_word' id='word_1_518' title='bbox 1383 2458 1570 2491; x_wconf 87' lang='lat' dir='ltr'>huiusmodi</span> <span class='ocrx_word' id='word_1_519' title='bbox 1584 2458 1803 2500; x_wconf 72' lang='lat' dir='ltr'>eleemosynis</span> <span class='ocrx_word' id='word_1_520' title='bbox 1822 2458 1914 2491; x_wconf 88' lang='lat' dir='ltr'>colli-</span> 
     </span>
     <span class='ocr_line' id='line_1_100' title="bbox 1160 2507 1915 2550; baseline 0.001 -10"><span class='ocrx_word' id='word_1_521' title='bbox 1160 2507 1282 2550; x_wconf 82' lang='lat' dir='ltr'>gendis,</span> <span class='ocrx_word' id='word_1_522' title='bbox 1307 2507 1366 2541; x_wconf 88' lang='lat' dir='ltr'>nisi</span> <span class='ocrx_word' id='word_1_523' title='bbox 1382 2507 1421 2540; x_wconf 86' lang='lat' dir='ltr'>de</span> <span class='ocrx_word' id='word_1_524' title='bbox 1438 2507 1567 2541; x_wconf 87' lang='lat' dir='ltr'>licentia</span> <span class='ocrx_word' id='word_1_525' title='bbox 1578 2507 1733 2540; x_wconf 85' lang='lat' dir='ltr'>ordinarii</span> <span class='ocrx_word' id='word_1_526' title='bbox 1743 2507 1791 2540; x_wconf 80' lang='lat' dir='ltr'>vel</span> <span class='ocrx_word' id='word_1_527' title='bbox 1803 2518 1915 2541; x_wconf 88' lang='lat' dir='ltr'>earum</span> 
     </span>
     <span class='ocr_line' id='line_1_101' title="bbox 1160 2556 1379 2600; baseline 0 -11"><span class='ocrx_word' id='word_1_528' title='bbox 1160 2556 1379 2600; x_wconf 88' lang='lat' dir='ltr'>superiorum.</span> 
     </span>
     <span class='ocr_line' id='line_1_102' title="bbox 1203 2604 1913 2649; baseline 0 -10"><span class='ocrx_word' id='word_1_529' title='bbox 1203 2605 1263 2649; x_wconf 55' lang='lat' dir='ltr'>§ti</span> <span class='ocrx_word' id='word_1_530' title='bbox 1289 2605 1326 2638; x_wconf 90' lang='lat' dir='ltr'>Et</span> <span class='ocrx_word' id='word_1_531' title='bbox 1337 2605 1489 2639; x_wconf 86' lang='lat' dir='ltr'>decreto1</span> <span class='ocrx_word' id='word_1_532' title='bbox 1510 2605 1619 2638; x_wconf 84' lang='lat' dir='ltr'>nullae</span> <span class='ocrx_word' id='word_1_533' title='bbox 1639 2604 1719 2637; x_wconf 89' lang='lat' dir='ltr'>aliae</span> <span class='ocrx_word' id='word_1_534' title='bbox 1741 2614 1913 2639; x_wconf 86' lang='lat' dir='ltr'>conversae</span> 
     </span>
    </p>
   </div>
   <div class='ocr_carea' id='block_1_15' title="bbox 1198 2666 1626 2702">
    <p class='ocr_par' dir='ltr' id='par_1_20' title="bbox 1198 2666 1626 2702">
     <span class='ocr_line' id='line_1_103' title="bbox 1198 2666 1626 2702; baseline -0.002 -9"><span class='ocrx_word' id='word_1_535' title='bbox 1198 2668 1207 2693; x_wconf 87' lang='lat' dir='ltr'>l</span> <span class='ocrx_word' id='word_1_536' title='bbox 1226 2666 1350 2702; x_wconf 80' lang='lat' dir='ltr'>Legimus</span> <span class='ocrx_word' id='word_1_537' title='bbox 1369 2669 1399 2694; x_wconf 79' lang='lat' dir='ltr'>de</span> <span class='ocrx_word' id='word_1_538' title='bbox 1418 2670 1505 2694; x_wconf 76' lang='lat' dir='ltr'>cetero</span> <span class='ocrx_word' id='word_1_539' title='bbox 1519 2666 1557 2701; x_wconf 80' lang='lat' dir='ltr'>(n.</span> <span class='ocrx_word' id='word_1_540' title='bbox 1577 2666 1626 2702; x_wconf 84' lang='lat' dir='ltr'>T.).</span> 
     </span>
    </p>
   </div>
   <div class='ocr_carea' id='block_1_16' title="bbox 2228 985 2237 1258">
    <p class='ocr_par' dir='ltr' id='par_1_21' title="bbox 2228 985 2237 1258">
     <span class='ocr_line' id='line_1_104' title="bbox 2228 985 2237 1258; textangle 90"><span class='ocrx_word' id='word_1_541' title='bbox 2232 1194 2237 1258; x_wconf 44' lang='grc' dir='ltr'>,ΛΔ</span> <span class='ocrx_word' id='word_1_542' title='bbox 2230 1128 2237 1184; x_wconf 41' lang='grc' dir='ltr'>ΛΑ*</span> <span class='ocrx_word' id='word_1_543' title='bbox 2232 1054 2237 1122; x_wconf 49' lang='grc' dir='ltr'>Α--.</span> <span class='ocrx_word' id='word_1_544' title='bbox 2228 1018 2237 1048; x_wconf 32' lang='lat'>&lt;2⁴</span> <span class='ocrx_word' id='word_1_545' title='bbox 2235 995 2237 1004; x_wconf 32' lang='lat' dir='ltr'>a</span> <span class='ocrx_word' id='word_1_546' title='bbox 2235 985 2237 989; x_wconf 82' lang='lat'>.</span> 
     </span>
    </p>
   </div>
  </div>
 </body>
</html>
