2237 3100
197 205 247 232 An.
266 205 294 233 C.
317 205 384 233 {560

204 1012 241 1034 nic
247 1015 308 1035 modo
317 1014 370 1035 Pon-

183 1043 233 1066 tifex
242 1046 309 1067 dictas
316 1053 368 1067 con-

182 1078 293 1099 cessiones
317 1084 368 1099 cou-

182 1108 257 1135 flrmat;

443 194 485 228 72

397 260 518 289 tractus
537 266 594 290 seu
614 255 718 300 quasi,
739 257 787 288 vel
807 256 853 289 rei
880 256 918 289 de
952 267 1015 299 qua
1035 266 1146 298 agere-

396 314 461 351 tur,
484 310 681 354 ubicumque
701 310 959 343 committeretur
978 309 1143 349 delictum,

395 362 531 397 iniretur
550 368 735 397 contractus
761 367 816 395 aut
838 373 888 395 res
908 362 975 405 ipsa
996 362 1147 395 consiste-

394 421 460 457 ret,
483 416 573 449 nullo
598 416 693 449 etiam
719 416 862 459 quaesito
890 415 986 448 modo
1011 420 1067 447 aut
1092 426 1145 448 co-

393 470 475 510 lore,
498 470 672 510 conveniri,
689 475 745 502 aut
766 480 878 502 eorum
896 479 1023 501 necnon
1045 470 1146 502 eccle-

393 522 468 563 siae,
491 522 760 556 confraternitatis
780 528 810 555 et
835 522 1002 566 hospitalis
1022 522 1146 566 praedi-

393 582 519 610 ctorum
548 577 675 620 negotia
690 603 697 616 ,
720 576 957 609 controversiae
977 582 1008 609 et
1028 588 1144 611 causae

392 631 593 675 pertractari,
612 629 763 673 cognosci
785 635 838 675 aut
859 630 987 663 definiri
1000 637 1142 674 possent,

390 684 501 718 eadem
531 684 721 717 auctoritate
750 684 925 727 apostolica
955 684 1140 728 deputavit,

389 738 497 772 statuit
512 744 543 771 et
557 737 725 778 ordinavit,
740 742 837 781 prout
848 742 912 771 tam
924 738 957 771 in
972 739 1142 772 Alexandri

387 802 484 835 quarn
514 790 628 824 Leonis
657 791 944 834 praedecessorum
974 791 1074 825 literis
1091 793 1142 826 de-

387 855 484 888 super
509 844 663 878 confectis
688 844 858 888 praedictis
886 845 1013 889 plenius
1038 846 1141 879 conti-

385 902 492 931 netur.

428 951 443 995 ἓ
459 950 511 984 13.
530 950 610 984 Cum
627 956 746 991 autem,
766 950 848 984 sicut
864 952 1041 984 confratres
1062 964 1139 985 con-

384 1004 592 1038 fraternitatis
617 1006 723 1039 Sancti
749 1005 849 1038 Roehi
874 1005 1061 1039 huiusmodi
1081 1017 1138 1039 no-

382 1059 431 1092 bis
451 1070 557 1103 nuper
577 1059 693 1104 exponi
715 1060 873 1100 fecerunt,
901 1059 1037 1093 ecclesia
1057 1061 1137 1104 ipsa,

383 1113 421 1146 ad
441 1113 497 1146 Dei
517 1114 659 1155 laudem,
672 1113 790 1157 expiis,
808 1118 872 1146 tam
890 1114 1051 1147 dictorum
1065 1125 1140 1147 eon-

382 1168 518 1200 fratrum
551 1179 649 1211 quam
684 1168 821 1201 aliorum
858 1167 1136 1209 christifidelium,

381 1221 592 1266 eleemosynis
618 1226 802 1255 constructa
827 1226 858 1254 et
882 1221 1048 1254 aedificata
1069 1223 1137 1256 fne-

380 1275 432 1315 rit‚
453 1275 526 1308 etin
547 1286 582 1308 ea
603 1275 709 1308 divina
729 1275 835 1308 officia
857 1275 1079 1315 celebrentur,
1101 1288 1138 1309 ac

380 1329 503 1362 diversa
523 1328 667 1362 caritatis
688 1339 786 1373 opera
811 1335 1034 1370 exerceantur,
1057 1330 1138 1374 ipsa-

379 1393 442 1427 que
467 1382 604 1416 ecclesia
629 1393 687 1426 per
712 1382 842 1415 eosdem
869 1383 1046 1416 confratres
1071 1384 1137 1417 lau-

379 1435 527 1469 dabiliter
553 1440 684 1479 regatur
711 1441 738 1468 et
766 1435 984 1478 gubernetur,
1012 1436 1137 1482 ipsique

378 1490 510 1534 cupiant
533 1500 645 1523 eorum
672 1491 968 1524 confraternitatem
1002 1503 1038 1525 ac
1067 1503 1136 1525 om-

378 1544 431 1577 nia
451 1543 637 1588 privilegia,
661 1544 894 1588 indulgentias,
918 1546 1137 1590 exemptiones

378 1602 409 1631 et
433 1597 557 1631 indulta
578 1598 623 1632 eis
644 1609 797 1632 concessa
818 1599 973 1643 praefata,
986 1612 1045 1645 pro
1063 1601 1135 1635 illo-

378 1663 451 1685 rum
483 1652 689 1685 subsistentia
720 1652 877 1695 firmiori,
905 1658 935 1686 et
964 1661 999 1687 ut
1022 1655 1083 1698 ipsi
1104 1655 1136 1688 in

377 1705 565 1739 huiusmodi
605 1705 665 1749 piis
699 1706 853 1750 operibus
887 1708 1073 1741 exercendis
1097 1710 1135 1742 (le

376 1759 462 1793 hono
479 1760 511 1792 in
528 1759 644 1793 melius
664 1770 869 1804 perseverare
886 1761 1022 1803 valeant,
1040 1762 1134 1795 etiam

377 1824 435 1856 per
462 1824 520 1847 nos
548 1814 723 1857 approbari
748 1818 779 1847 et
803 1815 987 1848 confirmari
1009 1827 1045 1849 ac
1070 1828 1136 1849 ani—

378 1866 489 1911 pliari3
511 1878 582 1907 nos,
605 1866 845 1900 considerantes
865 1869 1030 1913 copiosam
1046 1871 1136 1904 Sedis

378 1917 539 1960 praefatae
572 1917 815 1959 benignitatem,
851 1919 962 1951 salutis
983 1920 1136 1963 operibus

377 1976 506 2009 semper
526 1965 694 2005 intentam,
707 1966 745 1998 ad
765 1966 819 1999 illa
840 1968 1016 2012 praecipue
1035 1974 1135 2002 atten-

377 2016 472 2055 dere,
499 2026 557 2059 per
583 2026 665 2059 quac
699 2015 817 2059 singuli
847 2016 1072 2051 christifideles
1096 2019 1134 2051 ad

378 2065 566 2098 huiusmodi
587 2064 699 2098 salutis
723 2070 754 2097 et
773 2065 835 2098 alia
855 2077 954 2109 opera
975 2067 1027 2111 pia
1048 2079 1134 2101 exer-

378 2114 480 2146 cenda
501 2113 627 2147 facilius
648 2114 834 2155 invitentur,
849 2116 920 2148 etin
932 2122 1044 2150 eotam
1056 2117 1106 2161 pia
1124 2118 1131 2145 l

377 2163 545 2196 devotione
566 2169 809 2205 conserventur,
824 2175 861 2197 ac
876 2164 1061 2208 diligentius
1076 2166 1135 2200 eis-

377 2212 450 2244 dem
484 2211 598 2245 divinis
628 2212 742 2245 officiis
775 2213 888 2246 intenti
913 2214 1059 2255 existant,
1082 2227 1134 2249 eo-

377 2272 516 2305 rumque
537 2262 619 2302 loca,
642 2262 705 2295 Deo
728 2263 878 2307 propitio,
898 2264 1073 2308 suscipiant
1090 2265 1135 2298 in-

378 2316 557 2351 crementa,
578 2311 767 2345 eorumdem
793 2312 992 2347 confratrum
1013 2315 1135 2358 suppli-

379 2359 560 2393 cationibus
584 2360 615 2393 in
639 2361 700 2393 hac
720 2367 812 2405 parte
832 2361 988 2403 inclinati,
1009 2365 1134 2397 confra-

379 2408 560 2442 ternitatem
591 2409 699 2443 Sancti
728 2410 828 2443 Rochi
853 2411 893 2444 de
914 2412 997 2445 Urbe
1018 2413 1132 2447 huius-

378 2457 465 2490 modi
498 2468 535 2490 ac
569 2457 656 2491 illius
689 2458 875 2503 privilegia,
897 2460 1128 2504 indulgentias,

378 2506 474 2539 etiam
494 2507 654 2550 plenarias
668 2534 675 2547 ‚
698 2509 917 2552 exemptiones
937 2515 967 2543 et
989 2510 1129 2552 indulta,

995 202 1173 227 BULLARIUM
1197 201 1348 225 ROMANUM

1189 264 1263 286 nem
1293 265 1328 287 ae
1363 254 1503 298 desuper
1532 254 1693 287 confectas
1722 254 1893 287 Alexandri
1915 260 1946 287 et

1189 306 1303 340 Leonis
1336 307 1596 351 praedecessoris
1622 307 1731 341 literas
1756 307 1943 341 huiusmodi

1188 372 1236 401 ac,
1260 366 1356 405 prout
1375 361 1430 394 illa
1450 366 1668 402 concernunt,
1691 362 1800 395 onmia
1825 367 1856 395 et
1876 362 1942 394 sin—

1188 415 1263 457 gula
1282 415 1314 448 in
1340 414 1385 447 eis
1401 419 1551 448 contenta
1572 420 1601 448 et
1621 415 1694 448 inde
1714 420 1824 449 secuta
1843 426 1943 459 quae-

1188 479 1338 511 cumque,
1354 468 1530 512 apostolica
1551 468 1739 502 anctoritate
1760 468 1924 513 praedicta
1936 496 1943 509 ‚

1188 528 1299 555 tenore
1324 522 1788 567 praesentium,approbamus
1813 528 1844 555 et
1864 534 1942 556 con—

1188 575 1374 617 firmamus,
1411 576 1538 620 illisque
1572 581 1747 620 perpetuae
1783 576 1943 610 firmitatis

1187 629 1287 662 robur
1321 629 1510 670 adiicimus,
1533 640 1569 662 ac
1591 640 1703 663 omnes
1731 634 1762 663 et
1797 629 1942 673 singulos

1185 689 1249 716 tam
1272 683 1350 716 iuris
1370 694 1467 727 quam
1494 683 1566 716 facti
1583 684 1738 725 defectus,
1761 684 1786 716 si
1807 683 1863 728 qui
1878 685 1942 717 for-

1185 748 1240 769 san
1261 737 1489 770 intervenerint
1509 736 1541 769 in
1562 736 1694 779 eisdem,
1717 739 1919 782 supplemus.

1229 791 1243 833 ξ
1269 790 1315 823 lli.
1337 791 1466 823 l'ecnon
1495 789 1661 831 ecclesiae,
1687 791 1939 825 confraternitati

1185 844 1334 888 illiusque
1369 843 1586 877 confratribus
1622 844 1772 888 praefatis
1805 850 1835 878 et
1869 845 1939 879 aliis

1183 899 1326 931 eiusdem
1353 898 1508 931 ecclesiae
1530 904 1560 931 et
1589 898 1675 931 illius
1702 899 1864 933 bonorum
1885 900 1939 933 ad-

1184 952 1466 993 ministratoribus,
1489 952 1779 995 gubernatoribus,
1802 953 1938 987 rectori-

1182 1005 1253 1045 bus,
1272 1006 1470 1045 oeconomis,
1485 1005 1695 1049 cappellanis,
1713 1005 1937 1049 familiaribus,

1183 1058 1337 1092 ministris
1357 1070 1393 1092 ac
1410 1059 1479 1092 aliis
1500 1059 1647 1103 personis
1668 1059 1706 1092 de
1727 1059 1838 1093 eadem
1860 1071 1938 1094 con-

1183 1111 1380 1145 fraternitate
1400 1123 1487 1145 nunc
1509 1117 1539 1145 et
1559 1123 1618 1156 pro
1634 1116 1781 1157 tempore
1802 1113 1939 1147 existen-

1181 1165 1266 1199 tibus
1281 1192 1288 1206 ,
1316 1177 1372 1199 seu
1402 1166 1543 1210 aliquam
1570 1177 1683 1199 curam
1705 1166 1743 1199 de
1765 1167 1941 1201 confrater-

1182 1219 1292 1259 nitate,
1316 1220 1532 1252 confratribus
1557 1225 1587 1252 et
1612 1219 1748 1253 ecclesia
1768 1221 1937 1264 praefatis,

1181 1278 1211 1305 et
1237 1272 1323 1305 illius
1339 1273 1615 1306 manutentionem
1637 1273 1842 1315 habentibus,
1865 1286 1940 1308 nec-

1182 1337 1245 1359 non
1268 1326 1415 1370 personis
1436 1326 1514 1359 inibi
1535 1337 1593 1370 pro
1615 1331 1761 1370 tempore
1782 1327 1939 1362 deceden-

1181 1381 1266 1413 tibus
1287 1391 1343 1413 seu
1364 1381 1402 1413 de
1422 1380 1515 1413 bonis
1531 1380 1597 1414 suis
1618 1391 1677 1424 pro
1694 1382 1938 1416 manutentione

1180 1434 1454 1468 confraternitatis
1479 1440 1510 1467 et
1540 1434 1694 1468 ecclesiae
1725 1434 1935 1478 huiusmodi,

1180 1489 1313 1533 eiusque
1348 1487 1486 1521 fabricae
1516 1487 1677 1521 bonorum
1703 1489 1938 1532 gubernatione

1179 1548 1209 1575 et
1225 1547 1399 1585 augmento
1416 1542 1537 1585 aliquid
1555 1542 1832 1587 relinquentibus,
1850 1544 1938 1588 quod

1179 1596 1331 1630 omnibus
1347 1601 1377 1629 et
1397 1596 1532 1639 singulis
1553 1596 1741 1640 privilegiis,
1764 1598 1938 1642 exemptio-

1179 1650 1286 1690 nibus,
1309 1650 1522 1691 libertatibus,
1542 1650 1814 1694 immunitatibus,
1833 1651 1937 1686 indul-

1179 1704 1311 1747 gentiis,
1334 1704 1429 1737 etiam
1465 1704 1637 1748 plenariis,
1666 1710 1696 1737 et
1726 1712 1937 1750 peccatorum

1179 1757 1421 1790 remissionibus
1441 1769 1477 1790 ac
1498 1757 1567 1791 aliis
1582 1758 1702 1802 gratiis,
1715 1759 1936 1803 spiritualibus

1178 1817 1208 1843 et
1220 1811 1462 1854 temporalibus,
1475 1811 1625 1854 Imaginis
1642 1812 1748 1845 Sancti
1765 1813 1936 1848 Salvatoris

1178 1865 1216 1897 ad
1239 1866 1354 1899 Sancta
1379 1866 1592 1905 Sanctorum,
1616 1871 1646 1899 et
1662 1866 1820 1907 Caritatis,
1839 1878 1936 1902 acar-

1179 1918 1399 1963 chihospitalis
1420 1919 1525 1952 Sancti
1553 1919 1672 1960 Iacchi,
1709 1926 1739 1953 ct
1766 1921 1935 1965 hospitalis

1179 1973 1286 2006 Sancti
1307 1973 1443 2017 Spiritus
1459 1973 1491 2005 in
1508 1973 1611 2013 Saxia,
1626 1985 1662 2006 ac
1678 1974 1828 2019 Corporis
1843 1975 1934 2010 Chri-

1178 2026 1481 2068 stietSacramenti‚
1505 2038 1542 2060 ac
1557 2027 1668 2071 Campi
1684 2028 1804 2069 Sancti,
1830 2034 1860 2063 et
1880 2041 1933 2063 ar-

1178 2079 1399 2124 cliiliospitalis
1429 2080 1673 2124 Orphanerum,
1696 2092 1733 2115 ac
1762 2083 1833 2116 aliis
1857 2094 1934 2117 con-

1178 2134 1329 2167 fratribus
1350 2134 1649 2168 confraternitatum
1671 2136 1709 2169 de
1730 2136 1814 2175 dicta
1833 2137 1929 2178 Urbe,

1178 2198 1304 2220 necnon
1321 2187 1440 2221 eisdem
1460 2189 1606 2232 Imagini,
1634 2195 1661 2222 et
1688 2190 1931 2234 archihospitali

1177 2242 1282 2274 Sancti
1303 2242 1421 2283 Iacobi,
1439 2243 1629 2287 etliospitali
1651 2244 1757 2277 Sancti
1778 2244 1927 2287 Spiritus,

1177 2300 1205 2327 et
1226 2295 1469 2339 archihospitali
1501 2295 1743 2341 Orphanorum,
1761 2308 1797 2329 ac
1810 2297 1931 2342 Campo

1177 2349 1305 2390 Sancto,
1328 2360 1455 2382 necnon
1477 2350 1617 2383 fabricae
1637 2350 1788 2384 basilicae
1809 2351 1932 2385 Princi-

1177 2402 1225 2446 pis
1241 2403 1469 2446 Apostolorum
1490 2404 1529 2437 de
1547 2404 1657 2437 eadem
1675 2404 1759 2437 Urbe
1777 2405 1929 2450 illiusque

1213 2479 1221 2503 1
1242 2477 1315 2505 Scias
1337 2478 1513 2514 indulgentias
1537 2479 1569 2506 ad
1587 2480 1668 2506 instar
1695 2484 1834 2507 revocatas
1859 2489 1929 2515 esse,

1175 2523 1293 2557 quinimo
1310 2531 1402 2550 omnes
1418 2524 1594 2551 confratribus
1611 2531 1766 2557 concessas,
1786 2534 1871 2561 usque
1895 2527 1929 2554 ad

378 2565 558 2598 eorumque
591 2556 869 2591 confirmationem
885 2586 892 2600 ,
924 2560 1131 2603 approbatio-
1152 2577 1153 2583 ¹
1175 2566 1284 2593 Paulum
1304 2568 1335 2599 V,
1352 2568 1398 2602 qui
1415 2576 1509 2595 novam
1525 2568 1593 2595 circa
1615 2568 1790 2603 indulgentias
1814 2571 1927 2607 disposi-

415 2610 426 2637 1
443 2610 477 2637 Et
493 2611 521 2637 in
536 2617 627 2637 eorum
642 2613 689 2644 pia
706 2615 767 2644 etc„
784 2611 900 2640 Cherub.
923 2613 961 2649 (a.
983 2613 1031 2649 τ.).

1175 2611 1273 2639 tionem
1290 2611 1360 2647 feeit,
1379 2616 1407 2640 ut
1425 2613 1450 2640 in
1466 2615 1528 2641 nota
1544 2611 1576 2640 ad
1593 2619 1653 2649 pag.
1675 2614 1708 2642 69
1720 2622 1747 2641 α.

1959 202 2010 229 An.
2027 202 2057 230 C.
2076 202 2144 231 {860

1979 803 2063 828 Gr'atins
2074 823 2080 833 ,
2104 808 2141 829 in-

1954 837 2073 863 dulgentias
2082 841 2103 859 et
2110 839 2140 859 iu-

1954 869 2012 890 dutus
2050 870 2140 891 aliorum

1953 900 2047 922 locorum
2057 901 2138 928 piorum

1953 930 2015 952 Urbis
2025 932 2061 954 hic
2072 938 2140 954 enun-

1953 963 2055 984 elatorum
2084 969 2138 985 oon-

1953 994 2010 1015 cedit
2025 994 2044 1020 ¹3
