2237 3100
89 293 139 325 Ᾱη.
154 298 184 325 C.
207 293 273 325 ⁴566

121 945 269 973 Exeinptinnes

85 977 184 997 Ordinum
193 976 271 997 Mendi-

86 1009 270 1034 vantiumagatwt-

87 1040 112 1059 lis
127 1043 174 1063 etc..
187 1046 223 1066 pru
235 1046 270 1060 ‹¹⁰-

87 1077 130 1090 rum
154 1072 252 1097 personis
263 1087 268 1096 ,

86 1102 155 1125 bonis,
172 1102 253 1122 entonis
264 1119 269 1127 ,

87 1133 191 1154 meri-ibn<
215 1136 237 1153 et
251 1141 270 1153 a·

88 1164 207 1185 nimalibns.

975 289 1042 318 PIUS
1061 293 1080 317 V
1098 293 1147 318 PP.

288 348 419 389 faciunt,
442 348 566 382 fructus
580 354 697 383 attente
715 348 915 393 respicimus,
939 355 966 382 et
989 355 1036 382 at-

287 408 372 436 tente
393 403 659 436 considerationis
683 402 832 446 indagine
852 408 1037 446 perscruta-

288 468 362 489 mur
388 457 531 501 ipsorum
566 457 740 499 Religionis
765 456 982 490 sinceritatem
1008 462 1037 489 et

286 511 483 544 voluntariae
495 512 691 556 paupertatis
706 511 863 551 habitum,
877 511 1037 553 inquibus

286 564 344 596 sub
365 564 553 598 humilitatis
573 566 686 609 spiritu
707 565 855 598 devotum
876 565 1036 597 Altissimo

286 624 445 661 praestant
476 619 677 659 famulatum,
700 619 852 662 dignum,
874 619 951 663 quin
979 629 1037 662 po-

285 672 348 705 tius
368 672 510 706 debitum
536 679 735 717 reputamus,
754 678 788 705 ut
805 673 867 705 illis
882 683 918 706 ea
934 672 1036 706 liben—

285 730 334 758 ter
353 726 587 767 concedamus,
614 738 672 771 per
696 738 790 771 quae,
813 727 942 760 semotis
969 726 1038 770 qui-

285 773 424 813 buslibet
444 781 695 823 gravaminibus,
719 780 936 825 promptiores
952 780 1037 813 eius-

286 833 358 866 dem
378 834 529 867 Altissimi
551 834 738 868 inhaereant
757 834 901 868 servitiis.

329 887 383 930 §AE
399 887 476 920 [linc
497 894 541 921 est
563 889 650 932 quod
666 899 736 928 nos,
750 889 892 921 volentes
909 888 1036 922 eosdem

286 940 534 974 Mendicantium
571 942 704 975 Ordines
733 947 763 975 et
791 942 923 975 dilectos
957 942 1039 975 tilios

286 1005 398 1028 eorum
418 998 529 1029 fratres
545 1002 575 1029 et
591 1006 756 1036 monacos,
771 1001 958 1039 ceterasque
970 1007 1038 1040 per-

286 1051 541 1088 sonas,acetiam
559 1050 714 1083 moniales
725 1050 880 1093 quaslibet
895 1049 1038 1083 eiusdem

286 1104 413 1137 Ordinis
443 1105 502 1137 sub
528 1105 657 1137 illorum
689 1114 765 1137 cura
790 1104 940 1147 degentes
970 1115 1040 1147 spe-

287 1157 421 1191 cialibus
441 1158 602 1192 t'avoribus
621 1163 651 1191 et
670 1158 780 1201 gratiis
797 1159 958 1201 prosequi,
972 1169 1039 1191 ino-

287 1217 320 1244 tu
342 1212 489 1255 proprio,
516 1223 580 1245 non
605 1212 643 1244 ad
674 1211 810 1244 alicuius
830 1212 922 1244 nobis
942 1223 1040 1255 super

286 1266 348 1298 boe
368 1265 493 1299 oblatae
522 1265 684 1309 petitionis
705 1265 901 1302 instantiam,
924 1266 978 1298 sed
1003 1276 1038 1299 ex

287 1324 373 1352 certa
392 1325 500 1352 nostra
517 1319 648 1352 seientia
669 1330 704 1352 ac
725 1320 764 1353 de
780 1319 1040 1364 apostolicaep‹t›-

286 1372 406 1405 testatis
431 1373 647 1417 plenitudine,
675 1374 760 1417 quod
782 1384 818 1405 ex
844 1385 930 1407 nunc
952 1375 1040 1408 dein-

287 1437 372 1470 ceps,
395 1427 558 1471 perpetuis
579 1427 1040 1471 suturistemporibus,omnes

287 1486 317 1513 et
337 1481 454 1524 singuli
475 1481 722 1515 Mendicantium
743 1481 899 1515 Ordinum
927 1484 1039 1516 liuius-

288 1535 375 1568 modi
396 1534 519 1575 fratres,
541 1521 668 1569 nffinaci
690 1541 719 1569 et
740 1536 873 1570 dilectae
904 1537 988 1571 filiae
1010 1538 1040 1570 in

287 1589 411 1622 Christo
428 1589 583 1623 moniales
598 1601 653 1623 seu
670 1601 808 1631 sorores,
826 1602 863 1624 ac
875 1591 954 1624 aliae
966 1592 1041 1624 utri-

286 1653 388 1685 usque
407 1654 500 1676 sexus
535 1654 690 1686 personae
724 1645 888 1685 regulares
908 1644 1038 1678 ubilibet

285 1708 341 1741 per
356 1703 456 1730 totum
468 1697 677 1731 christianum
688 1699 798 1731 orbem
808 1699 914 1732 diffusi
925 1705 952 1732 et
967 1710 1042 1732 con-

287 1751 400 1792 stituti,
424 1751 621 1795 illorumque
641 1753 848 1788 monasteria,
872 1753 1039 1793 coenobia,

288 1806 415 1845 domus,
444 1811 630 1845 conventus,
653 1805 807 1838 ecclesiae
825 1833 832 1845 ,
862 1807 1039 1850 cappellae,

286 1859 427 1892 oratoria
447 1864 477 1892 et
492 1859 553 1891 alia
570 1859 652 1899 loca,
666 1859 760 1892 etiam
775 1859 876 1899 unita,
895 1870 930 1892 ac
943 1870 1042 1892 mem-

288 1913 345 1946 bra
366 1919 396 1946 et
416 1912 641 1957 dependentia,
664 1924 791 1946 necnon
814 1919 916 1946 terrae
938 1905 1041 1947 cultae

287 1973 318 2000 et
337 1967 489 2006 incultae,
512 1967 729 2012 possessiones
747 1994 754 2007 ,
778 1968 921 2011 praedia,
948 1968 1014 2011 agri
1033 1995 1039 2009 ,

289 2028 319 2055 et
338 2021 400 2054 alia
425 2022 533 2055 omnia
553 2027 582 2055 et
603 2022 730 2065 singula
748 2048 755 2062 ,
778 2022 911 2055 mobilia
931 2028 962 2055 et
981 2022 1041 2055 im-

291 2076 422 2109 mobilia
455 2087 492 2109 ac
512 2077 718 2115 semoventia,
742 2082 770 2109 et
795 2076 926 2109 ubilibet
957 2077 1042 2109 acin

288 2129 548 2174 quibuscumque
569 2130 666 2163 rebus
699 2130 905 2163 consistentia
932 2130 1015 2163 bona
1032 2158 1039 2171 ,

288 2195 415 2218 necnon
435 2195 548 2218 eorum
566 2184 598 2216 in
615 2184 708 2217 dictis
725 2183 818 2217 bonis
834 2184 1041 2224 laboratores,

288 2239 407 2279 coloni,
421 2238 645 2278 arrendatarii,
656 2237 801 2271 locatarii
817 2243 845 2270 et
859 2238 1039 2279 affictuarii,

288 2292 558 2335 negotiorumque
579 2302 712 2325 suorum
734 2296 876 2334 gestores
904 2290 1042 2324 universi

287 2347 531 2391 quomodolibet
542 2346 733 2390 nuncupati,
752 2356 839 2379 nunc
850 2350 878 2377 et
891 2356 951 2389 pro
965 2351 1044 2378 tem-

288 2411 365 2444 pore
376 2401 555 2442 existentes,
575 2400 823 2444 inperpetuum,
840 2399 879 2431 ab
895 2398 1044 2433 omnibus

290 2459 320 2487 et
332 2454 466 2497 singulis
480 2454 712 2493 exactionibus,
725 2459 787 2486 tam
806 2453 937 2486 urbanis
946 2465 1042 2497 quam

290 2504 430 2545 rusticis,
458 2515 584 2537 necnon
604 2503 709 2543 datiis,
726 2502 869 2545 gabellis,
889 2503 1041 2546 pedagiis,

294 2554 512 2596 vectigalibus,
534 2553 687 2592 collectis,
728 2551 986 2594 impositionibus
1015 2558 1042 2585 et

292 2604 456 2645 oneribus,
480 2602 650 2636 ordinariis
670 2607 697 2634 et
721 2600 992 2639 extraordinariis,
1008 2613 1045 2635 ac

291 2659 352 2686 tam
381 2653 521 2685 realibus
552 2662 648 2695 quam
680 2650 925 2694 personalibus,
950 2651 1045 2683 meris

292 2708 320 2734 et
344 2702 461 2742 mixtis,
485 2702 579 2735 etiam
601 2700 744 2734 subsidio
761 2700 923 2740 triennali,
943 2706 971 2732 et
987 2711 1044 2733 au-

1078 353 1231 391 gumento
1260 357 1296 379 ae
1314 344 1529 383 socolaribus;
1547 354 1563 377 e
1579 353 1718 387 quorum
1740 343 1828 384 taxis,

1079 401 1281 444 militumque
1302 399 1459 443 hospitiis,
1481 397 1605 431 aealias
1620 397 1830 441 quibuscum-

1079 466 1140 499 que
1161 454 1347 487 nominibus
1367 452 1573 496 nuncupatis,
1595 451 1705 494 quavis
1723 456 1832 484 aucto—

1079 509 1171 542 ritate
1205 507 1448 551 ‹ipiomodolibet
1486 505 1642 549 impositis
1672 510 1702 538 et
1727 504 1831 549 impo-

1080 563 1218 601 nendis,
1242 567 1268 594 et
1292 572 1375 605 quae
1399 561 1488 594 laicis
1522 570 1558 593 ae
1578 559 1648 592 aliis
1668 559 1831 602 quibusvis

1079 616 1321 659 quomodolibet
1345 615 1466 659 imponi
1488 619 1721 647 consueverunt
1750 618 1780 646 et
1800 612 1830 645 in

1079 670 1223 701 futurum
1247 669 1466 711 imponentur3
1484 679 1520 700 ac
1541 667 1663 700 ratione
1679 677 1832 710 quarum-

1080 734 1218 766 cumque
1236 722 1394 756 mereium
1412 728 1441 755 et
1457 733 1579 761 rerum,
1595 721 1831 764 cuiuscumque

1079 776 1206 819 generis
1234 776 1282 808 vel
1294 776 1456 818 qualitatis
1465 775 1680 815 existentium,
1695 780 1757 807 tam
1775 784 1833 817 per

1080 841 1167 863 mare
1184 836 1211 863 et
1229 840 1343 873 aquam
1357 830 1497 870 dulcem,
1512 840 1608 873 quam
1630 839 1687 873 per
1701 834 1831 867 terram,

1080 885 1309 927 undecumque
1322 889 1348 916 et
1361 884 1667 927 spiomodoeumque
1684 893 1742 926 pro
1754 888 1833 915 tem-

1081 950 1158 982 pore
1180 939 1372 978 delatarum,
1394 948 1521 970 necnon
1541 937 1729 970 animalium
1754 946 1833 979 quo-

1081 1003 1295 1036 rumcumque
1331 998 1534 1025 mortuorum
1555 997 1585 1023 et,
1617 990 1758 1023 rivorum
1776 1017 1783 1030 ,
1804 995 1833 1023 et

1080 1058 1162 1089 quae
1175 1046 1252 1079 alias
1267 1044 1510 1089 quomodolibet
1519 1051 1547 1078 et
1560 1056 1596 1077 ex
1607 1044 1716 1088 quavis
1727 1055 1832 1080 causa,

1081 1112 1117 1133 ae.
1133 1099 1502 1144 superquibuscumque
1520 1099 1616 1131 rebus
1628 1104 1690 1130 tam
1702 1098 1733 1130 in
1751 1099 1833 1130 alma

1080 1154 1164 1187 Urbe
1185 1160 1305 1194 nostra,
1328 1164 1423 1197 quam
1441 1158 1527 1186 extra
1547 1163 1616 1185 eam
1640 1152 1769 1185 ubilibet
1786 1152 1833 1184 lo-

1081 1219 1193 1241 corum
1212 1208 1384 1251 exiguntur
1398 1213 1428 1240 et
1444 1207 1636 1252 ili-futurum
1654 1206 1832 1248 exigentur:

1081 1273 1207 1295 necnon
1242 1274 1259 1295 a
1284 1260 1578 1294 eontributionibus
1612 1265 1642 1293 et
1666 1259 1834 1292 solutioni-

1081 1317 1140 1348 bus
1160 1317 1191 1348 in
1214 1316 1275 1348 illis
1295 1315 1459 1355 faciendis,
1482 1326 1519 1348 ac
1539 1319 1602 1346 tam
1624 1324 1682 1357 pro
1703 1313 1786 1347 victu
1805 1319 1832 1345 et

1081 1369 1193 1403 vestitu
1214 1397 1221 1409 ,
1243 1381 1340 1414 quam
1375 1379 1583 1413 quocumque
1603 1367 1665 1400 alio
1695 1379 1755 1399 usu
1777 1378 1834 1399 suo

1082 1430 1217 1465 tantum,
1241 1435 1277 1456 ac
1298 1429 1361 1456 tam
1382 1423 1519 1456 emendo
1552 1433 1647 1466 quam
1669 1422 1834 1454 vendendo

1082 1484 1111 1511 et
1127 1478 1205 1511 alias
1220 1477 1463 1521 quomodolibet
1478 1476 1690 1520 negociandi),
1707 1486 1833 1508 necnon

1083 1532 1177 1565 etiam
1199 1543 1217 1565 a
1237 1531 1396 1564 solutione
1415 1530 1603 1575 quadrantis
1623 1540 1681 1573 pro
1702 1529 1835 1572 singulis

1083 1585 1172 1618 libris
1192 1585 1337 1618 carnium
1359 1585 1398 1618 de
1418 1584 1623 1625 animalibus,
1647 1594 1728 1627 quac
1750 1594 1834 1615 nunc

1084 1646 1110 1673 et
1133 1650 1191 1683 pro
1212 1645 1358 1683 tempore
1379 1650 1415 1671 ex
1435 1638 1589 1672 armentis
1609 1637 1712 1671 occidi
1733 1637 1834 1670 conti-

1083 1694 1175 1737 gerit,
1198 1704 1325 1726 necnon
1346 1693 1440 1726 etiam
1457 1704 1539 1736 quae
1555 1693 1587 1725 in
1608 1692 1674 1725 suis
1691 1691 1833 1731 aedibus,

1084 1747 1222 1792 praediis
1255 1753 1284 1781 et
1303 1747 1559 1792 possessionibus
1578 1745 1722 1790 privatim
1756 1746 1835 1778 deti-

1084 1808 1157 1836 nent
1179 1807 1209 1835 et.
1224 1801 1384 1843 nutriunt,
1406 1812 1443 1835 ac
1458 1812 1476 1834 a
1497 1799 1735 1834 contributione
1751 1810 1836 1832 sum-

1084 1862 1198 1900 ptuum
1234 1862 1264 1889 et
1284 1866 1496 1899 expensarum
1516 1881 1522 1895 ,
1544 1865 1626 1898 quae
1664 1853 1837 1897 aliquando

1085 1921 1143 1954 pro
1165 1910 1329 1954 pontibus,
1347 1909 1418 1949 riis,
1436 1907 1703 1952 aquaeductibus,
1723 1907 1835 1946 muris,

1084 1964 1276 2004 moenibus,
1303 1963 1411 1997 aliisve
1440 1962 1599 1995 machinis
1618 1961 1779 1994 struendis
1808 1966 1837 1992 et

1084 2018 1273 2062 reparandis
1292 2029 1349 2051 seu
1371 2016 1567 2057 reficiendis3
1590 2026 1626 2048 ae
1647 2015 1810 2048 civitatum
1828 2041 1836 2054 ,

1085 2079 1242 2106 terrarum
1265 2078 1295 2106 et
1314 2072 1461 2105 locorum
1478 2080 1762 2115 quorumcumque
1774 2069 1838 2101 for-

1084 2126 1324 2167 tificationibus‚
1342 2136 1469 2159 necnon
1486 2124 1581 2158 etiam
1597 2124 1675 2156 alias
1690 2123 1722 2156 in
1737 2122 1838 2156 omni-

1084 2182 1144 2214 bus
1173 2187 1203 2214 et
1222 2192 1280 2225 per
1300 2180 1421 2220 omnia3
1443 2190 1479 2212 ac
1501 2184 1564 2211 tam
1586 2177 1617 2211 in
1639 2177 1724 2210 dicta
1740 2177 1836 2216 Urbe,

1084 2246 1179 2279 quam
1190 2241 1276 2268 extra
1286 2246 1355 2268 eam
1366 2233 1513 2273 ubilibet,
1526 2232 1655 2277 penitus
1666 2236 1694 2264 et
1707 2231 1839 2264 omnino

1084 2288 1177 2322 liberi
1195 2316 1203 2329 ,
1227 2288 1387 2321 immunes
1416 2293 1447 2321 et
1466 2286 1627 2329 exempti,
1648 2296 1685 2319 ac
1719 2285 1838 2318 liberae

1085 2349 1115 2377 et
1135 2348 1312 2387 exemptae,
1337 2342 1501 2384 liberaque
1518 2339 1672 2372 immunia
1689 2344 1720 2372 et
1735 2349 1839 2372 exem-

1085 2403 1137 2442 pta
1147 2398 1208 2431 sint
1218 2402 1244 2431 et
1256 2407 1324 2431 esse
1334 2400 1537 2435 censeantur,
1555 2405 1591 2427 ac
1599 2404 1658 2437 pro
1668 2393 1784 2426 talibus
1796 2398 1841 2425 te-

1085 2456 1222 2485 neantur
1243 2456 1273 2484 et
1292 2455 1494 2494 reputentur.
1523 2448 1679 2491 Quodque
1708 2453 1810 2480 terrae
1829 2473 1836 2484 ,

1085 2501 1166 2544 agri,
1181 2501 1398 2544 possessiones
1414 2505 1444 2532 et
1460 2499 1529 2532 loca
1547 2498 1677 2537 arativa,
1703 2502 1734 2530 ut
1748 2507 1838 2540 prae-

1086 2550 1187 2584 sertur
1205 2579 1212 2592 ,
1235 2550 1265 2583 in
1289 2550 1374 2591 illis,
1397 2560 1479 2593 quae
1501 2547 1674 2590 aliquando
1704 2557 1760 2590 pro
1783 2557 1837 2589 pa-

1086 2600 1171 2633 scuis
1190 2599 1376 2632 animalium
1398 2598 1437 2631 ad
1458 2602 1581 2629 certum
1598 2602 1837 2639 tempusresm»

1090 2655 1214 2689 vantur,
1237 2649 1421 2682 nullatenus
1446 2657 1600 2690 uniquam
1622 2646 1837 2688 comprehen-

1088 2699 1217 2739 dantur,
1240 2709 1299 2731 nee
1320 2696 1551 2742 comprehendi
1568 2700 1770 2729 censeantur.

1723 273 1786 311 469
1845 287 1895 313 An.
1915 286 1944 313 c.
1963 285 2013 313 ¹50
