2237 3100
186 295 236 320 An.
254 293 283 319 C.
302 290 370 320 ¹566

212 563 277 584 lussio
290 563 370 589 praedi-

184 600 218 617 cta
234 597 367 617 observandi.

212 1198 322 1219 clausulae
335 1200 370 1219 tle⁴

189 1231 316 1255 rogatoriae.

231 2110 292 2131 Fides
315 2110 374 2131 adhi-

190 2140 259 2161 benda
274 2144 374 2161 transum-

192 2174 240 2198 ptis,

217 2479 302 2499 Sanctio
324 2483 376 2505 poe-

192 2510 252 2530 nutis.

428 281 493 317 438

385 344 518 378 arbitrio
537 351 661 385 nostro,
674 344 707 377 in
723 344 819 384 Urbe‘,
841 350 929 377 extra
943 356 1030 385 vcro,
1053 346 1136 378 ordi-

385 398 637 442 nariorum3pro
650 398 944 437 tertia,aceusatori
963 398 1017 441 qui
1038 398 1136 431 delin-

385 456 520 494 quentes
540 451 701 483 detulerit.

430 504 445 546 ἓ
472 504 525 536 «16.
558 504 744 536 Maudamus
777 508 884 535 mitem
918 504 1134 547 principibus,

387 556 559 589 comitibus
569 562 596 588 et
614 556 790 588 baronibus
810 556 971 594 omnibus,
993 557 1024 589 S.
1044 557 1079 589 u.
1099 557 1133 590 E.

387 609 582 648 feudatariis,
605 609 664 641 sub
685 619 789 652 poena
810 609 994 652 privationis
1024 610 1136 642 lbudo-

386 673 470 701 rum,
493 672 576 705 quae
596 662 635 694 ab
657 662 723 705 ipsa
739 662 880 695 Ecclesia
896 663 1039 695 Romana
1060 663 1138 695 obti-

386 720 479 754 nent;
501 714 643 757 reliquos
662 726 736 747 vero
762 715 926 759 principes
946 715 1138 748 christianos

386 773 416 799 et
437 773 596 800 terrarum
618 767 767 800 dominos
792 768 962 801 hortamur
982 769 1013 802 in
1033 770 1138 802 Domi—

386 830 440 860 ne,
454 825 484 852 et
504 821 536 852 in
552 821 667 853 virtute
684 826 811 854 sanetae
833 822 1033 855 obedientiae
1051 834 1138 855 man-

385 874 500 906 damus
520 879 567 913 ut,
591 885 649 917 pro
669 874 766 907 divini
800 875 941 908 nominis
962 876 1138 909 reverentia

386 932 417 958 et
436 926 560 960 bonore
574 955 581 968 ,
611 927 785 970 praemissa
813 928 922 960 onmia
942 928 973 961 in
995 929 1061 961 suis
1080 929 1138 961 do-

386 979 494 1012 miniis
510 991 546 1012 ac
566 981 659 1014 terris
671 981 870 1014 exactissime
882 981 999 1014 servari
1011 982 1138 1022 iaciant,

386 1033 584 1066 uberrimam
616 1034 655 1066 ab
676 1034 744 1077 ipso
777 1034 842 1067 Deo
871 1035 1052 1067 mercedem
1081 1046 1138 1079 pro

387 1091 449 1117 tam
476 1086 568 1119 bonis
588 1087 742 1131 operibus
761 1088 936 1130 recepturi.

430 1139 445 1182 g
465 1139 518 1172 17.
541 1140 609 1172 Non
626 1140 827 1173 obstantibus
843 1141 1008 1184 quibusvis
1023 1141 1140 1174 consti-

388 1191 565 1225 tutionibus
580 1199 610 1225 et
629 1193 886 1226 ordinatimiilnis
910 1194 1139 1237 apostolicisae

387 1245 658 1288 exemptionibus,
676 1247 861 1290 privilegiis,
880 1247 1024 1286 indultis,
1042 1248 1140 1281 sacul-

388 1297 504 1331 tatibus
529 1304 559 1331 et
583 1299 683 1332 literis
703 1300 888 1343 apostolicis
904 1300 1069 1343 quibusvis
1086 1312 1139 1333 ca—

387 1351 508 1395 pitulis,
532 1353 753 1391 conventibus,
780 1353 947 1393 militibus,
969 1353 1141 1387 Ordinibus

387 1410 418 1437 et
434 1405 589 1448 personis,
602 1406 837 1449 cuiuscumque
853 1407 1014 1449 qualitatis
1025 1413 1052 1439 et
1064 1418 1140 1440 con-

387 1458 517 1491 ditionis
537 1459 757 1499 existentibus,
793 1460 852 1491 sub
881 1460 1141 1503 quilntscumquc

390 1512 558 1545 tenoribus
585 1518 615 1545 et.
641 1512 764 1553 formis,
793 1524 829 1545 ac
857 1524 932 1545 cum
963 1513 1140 1556 quibusvis,

389 1565 485 1597 etiam
506 1565 784 1608 derogatoriarmn
810 1566 1032 1608 derogatoriis,
1055 1566 1142 1599 aliis-

389 1629 451 1661 que
483 1618 720 1651 efficacioribus
750 1624 780 1651 ct
813 1619 950 1652 insolitis
971 1620 1140 1660 clausulis,

390 1681 517 1704 necnon
538 1671 739 1704 irritantibus
750 1678 781 1705 ct
795 1672 866 1705 aliis
877 1672 1025 1713 decretis,
1040 1673 1071 1705 in
1088 1683 1142 1716 ge-

390 1735 467 1758 nere
487 1725 535 1758 vel
560 1725 593 1757 in
614 1725 733 1768 specie,
763 1725 858 1758 etiam
880 1730 969 1759 motu
995 1726 1140 1770 proprio,

390 1778 469 1811 alias
489 1778 733 1821 quomodolibet
760 1778 931 1819 concessis,
959 1780 1144 1823 approbatis

388 1837 419 1865 et
439 1831 607 1871 innovatis,
621 1831 752 1874 quibus,
772 1832 901 1865 illorum
919 1838 1048 1866 tenores
1064 1845 1145 1877 prie-

389 1884 533 1917 sentibus
553 1895 612 1928 pro
633 1885 791 1927 expressis
811 1886 977 1926 babentes,
995 1887 1144 1929 speciali-

389 1943 437 1970 ter
470 1943 500 1971 et
535 1949 683 1982 expresse
717 1938 927 1981 deroganms,
965 1941 1144 1983 ceterisque

389 1991 559 2024 contrariis
579 1992 853 2035 quilntscumque.

434 2045 449 2087 ἓ
469 2044 523 2078 18.
538 2045 694 2077 Volumus
705 2050 813 2078 autem
826 2045 913 2089 quod
925 2046 1143 2093 praesentitim

391 2097 613 2140 transumptis,
636 2098 731 2131 etiam
745 2097 920 2141 impressis,
935 2110 1033 2132 manu
1046 2100 1145 2133 alicu-

389 2150 440 2183 ius
460 2151 576 2183 notarii
611 2151 732 2194 publici
766 2151 956 2195 subscriptis
983 2158 1011 2185 et
1042 2153 1143 2196 sigillo

389 2203 528 2236 alicuius
548 2204 683 2247 praelati
704 2204 849 2245 munitis,
873 2205 984 2238 eadem
1011 2217 1145 2250 prorsus

389 2255 468 2289 fides
488 2257 608 2300 ubique
618 2257 820 2298 adhibeatur,
834 2269 916 2302 quae
926 2258 1045 2292 eisdem
1066 2270 1145 2302 prte-

390 2309 534 2342 sentibus
559 2310 769 2344 adhiberetur
789 2311 813 2344 si
848 2312 953 2344 forent
986 2312 1145 2346 exhibitae

389 2362 437 2395 vel
458 2369 615 2396 ostensae.

435 2415 450 2457 g
471 2415 523 2449 10.
546 2416 633 2449 Nulli
659 2427 735 2460 ergo
763 2417 896 2450 omnino
916 2417 1085 2451 hominum
1106 2419 1145 2452 li-

392 2468 461 2495 ceat
481 2464 564 2497 banc
586 2465 734 2508 paginam
769 2472 897 2499 nostrae
917 2466 1143 2509 innovationis,

392 2512 607 2554 relaxationis,
623 2514 863 2555 admonitionis,
877 2516 1144 2559 confirmationis,

393 2561 547 2602 mandati,
583 2563 710 2603 statuti,
745 2563 884 2605 decreti,
921 2565 1144 2607 ordinationis,

393 2611 570 2655 praecepti,
594 2612 792 2654 monitionis,
814 2614 987 2647 voluntatis
1003 2620 1031 2647 et
1053 2615 1146 2648 dero-

392 2658 530 2702 gationis
553 2659 742 2704 infringere,
763 2662 811 2695 vel
827 2662 855 2696 ei
875 2673 956 2697 ausu
976 2664 1148 2698 temerario

980 292 1159 318 BULLARIUM
1183 293 1334 319 ROMANUM

1178 345 1351 379 contraire.
1380 344 1412 378 Si
1436 344 1509 389 quis
1541 351 1648 379 autem
1680 345 1743 380 hoc
1774 351 1930 380 attentare

1178 398 1443 442 praesumpserit,
1461 398 1714 441 indignationem
1729 400 1930 443 omnipoten-

1179 451 1217 484 tis
1237 450 1305 490 Dei,
1327 461 1365 483 ac
1391 450 1559 483 beatorum
1588 451 1673 484 Petri
1692 457 1723 484 et
1742 453 1830 486 Pauli
1851 463 1930 496 apo-

1179 504 1337 536 stolorum
1358 502 1428 536 eius
1448 513 1481 536 se
1500 504 1624 537 noverit
1647 503 1825 538 incursum.

1223 556 1337 589 Datum
1356 556 1476 589 Romae
1500 557 1587 600 apud
1612 557 1765 590 Sanctum
1785 558 1928 599 Petrum,

1179 620 1263 642 anno
1289 609 1521 642 Incarnationis
1554 609 1735 643 dominicae
1760 611 1931 644 millesimo

1945 292 1994 319 An.
2013 292 2043 319 C·
2059 290 2128 320 15⁶6

1178 662 1438 706 quingentesimo
1459 664 1654 706 sexagesimo
1670 668 1770 705 sexto,
1789 664 1947 705 kalendis,

1180 715 1301 759 aprilis,
1330 716 1536 759 pontificatus
1551 717 1650 749 nostri
1670 727 1754 750 anno
1775 727 1795 750 1.

1253 774 1312 803 llat.
1336 774 1383 803 die
1407 775 1418 803 1
1443 770 1546 814 aprilis
1566 775 1652 811 1565,
1668 780 1748 814 pont.
1773 785 1818 805 an.
1843 784 1859 805 i.

1182 1034 1397 1076 Confirmatio
1430 1035 1672 1068 constitutiom's
1700 1046 1720 1068 ct
1753 1036 1857 1069 Paulo
1884 1036 1938 1069 IV

1225 1087 1329 1120 citime
1341 1088 1425 1120 circa
1443 1088 1632 1120 thalami-mn
1648 1089 1777 1121 vivendi
1791 1089 1931 1122 modum.

1227 1140 1290 1179 Qui
1307 1141 1437 1183 siff-amn
1456 1141 1563 1183 qlcucci
1577 1142 1691 1174 coloris
1709 1142 1746 1174 in
1760 1141 1858 1175 Statu
1871 1142 1936 1175 Ec-

1225 1194 1401 1226 ctesias-[ico
1426 1194 1548 1235 deferre
1568 1194 1693 1228 debent.

1264 1274 1326 1302 Pius
1347 1274 1487 1309 episcopus
1507 1281 1603 1303 servus
1622 1282 1763 1304 servorum
1781 1275 1844 1309 Dei.

1317 1324 1351 1351 ad
1381 1325 1545 1359 perpetuam
1563 1325 1605 1353 rel
1631 1325 1800 1353 memoriam.

1227 1396 1393 1429 Romanus
1420 1396 1577 1437 Pontifex,
1604 1397 1722 1430 Christi
1741 1397 1880 1431 vicarius
1903 1398 1936 1430 in

1184 1450 1544 1492 terris,nonnumquam
1560 1460 1609 1490 ea,
1627 1461 1709 1493 quae
1725 1461 1785 1495 pro
1804 1452 1872 1485 zelo
1888 1462 1938 1485 re-

1182 1503 1322 1545 ligionis,
1353 1514 1370 1535 a
1395 1503 1510 1536 ceteris
1543 1503 1695 1537 Romanis
1728 1504 1938 1539 Pontificibus

1184 1556 1487 1600 praedecessoribus
1508 1557 1573 1589 suis
1597 1567 1749 1590 concessa
1769 1558 1936 1600 dicuntur,

1184 1615 1217 1642 ut
1239 1609 1358 1642 illibata
1380 1610 1560 1653 persistant,
1588 1610 1748 1653 approbat
1767 1616 1797 1644 et
1817 1612 1937 1645 confir-

1186 1667 1261 1703 mat,
1284 1668 1381 1706 prout
1401 1662 1433 1695 in
1443 1663 1579 1696 Domino
1595 1663 1753 1708 conspicit
1767 1665 1939 1699 salubriter

1185 1715 1346 1759 expedire.

1228 1769 1243 1812 g
1263 1769 1434 1802 l.Dudum
1455 1769 1556 1803 felicis
1571 1769 1803 1804 recordationis
1819 1771 1938 1805 Paulus

1186 1822 1270 1866 Papa
1289 1822 1339 1863 lv,
1362 1823 1590 1866 praedecessor
1616 1828 1737 1864 noster,
1766 1825 1835 1858 zelo
1863 1824 1937 1858 fidei

1187 1875 1380 1910 christianae
1393 1881 1511 1916 motus,
1530 1881 1653 1910 certum
1668 1877 1800 1910 modum
1815 1878 1940 1911 vivendi

1186 1933 1216 1961 et
1243 1928 1408 1961 babitandi
1439 1929 1563 1962 iudaeis
1591 1930 1816 1974 praescripsit,
1843 1937 1941 1974 prout

1187 1982 1218 2014 in
1238 1982 1377 2026 quadam
1395 1982 1463 2015 eius
1480 1982 1721 2025 constitutione,
1740 1984 1834 2018 cuius
1849 1989 1942 2018 tenor

1186 2035 1332 2079 sequitur
1347 2040 1377 2068 et
1397 2041 1443 2068 est
1457 2036 1541 2076 talis,
1558 2036 1715 2070 videlicet:
1733 2037 1858 2071 Paulus
1876 2038 1942 2081 epi-

1185 2100 1294 2132 scopus
1313 2100 1420 2122 servus
1440 2090 1680 2131 servortszei,
1694 2090 1737 2123 acl
1751 2095 1942 2134 perpetuam

1187 2143 1233 2175 rei
1242 2143 1441 2175 memoriam.
1454 2142 1533 2175 Cum
1542 2144 1642 2176 utfinis
1652 2144 1836 2185 absurdum,
1844 2144 1921 2178 οω.1
1931 2171 1938 2178 .

1230 2195 1244 2238 ξ
1265 2195 1295 2227 2.
1318 2196 1381 2228 Nos
1406 2195 1515 2238 igitur,
1538 2196 1706 2240 cupientes
1726 2202 1762 2230 ut
1782 2197 1939 2231 constitu—

1188 2248 1243 2289 tio,
1261 2253 1377 2281 statuta
1389 2254 1416 2281 et
1430 2249 1649 2283 ordinationes
1659 2246 1848 2284 huiusmodi
1863 2261 1938 2294 per-

1187 2301 1291 2345 petuis
1324 2302 1442 2335 futuris
1475 2302 1676 2346 temporibus
1709 2303 1936 2345 observentur,

1187 2360 1277 2388 motu
1297 2356 1430 2399 proprio
1451 2362 1482 2389 et
1501 2367 1537 2389 cx
1558 2361 1645 2389 certa
1664 2362 1774 2390 nostra
1793 2356 1936 2398 seientia,

1187 2413 1217 2441 et
1236 2419 1302 2441 non
1329 2409 1368 2442 ad
1396 2409 1535 2442 alicuius
1563 2409 1696 2442 alterius
1723 2410 1817 2444 nobis
1842 2419 1940 2454 super

1187 2461 1248 2494 boe
1269 2462 1394 2495 oblatae
1420 2462 1584 2506 petitionis
1605 2462 1801 2503 instantiam,
1824 2463 1878 2496 sed
1903 2474 1940 2497 ex

1189 2510 1276 2543 mera
1288 2516 1397 2543 nostra
1407 2511 1651 2551 deliberatione,
1665 2511 1941 2552 constitutionem,

1189 2564 1305 2592 statuta
1315 2564 1343 2592 et
1356 2560 1576 2593 ordinationes
1590 2559 1776 2593 huiusmodi
1788 2565 1830 2602 et,
1843 2566 1940 2604 prout

1226 2631 1236 2655 1
1259 2629 1396 2656 Omittitur
1414 2634 1488 2657 tenor
1499 2630 1574 2657 istius
1584 2630 1790 2663 constitutionis,
1810 2638 1879 2665 quae
1889 2630 1939 2658 ha-

1189 2673 1267 2702 betur
1286 2677 1350 2701 tom.
1372 2681 1409 2707 vi,
1431 2670 1489 2710 pag'.
1509 2674 1572 2702 498.

1978 1409 2097 1431 Exordium.

1980 1782 2056 1804 Paulus
2071 1782 2098 1804 lV
2113 1789 2137 1805 ο-

1956 1815 2007 1835 didit
2017 1814 2100 1835 bullam.

1987 2212 2027 2234 Hic
2041 2211 2139 2234 Pontifex

1954 2249 1999 2266 enm
2015 2246 2101 2266 innovat
2117 2247 2139 2266 et

1953 2278 2064 2304 appi-ohan
