2237 3100
77 231 128 260 An.
145 232 176 260 C.
191 233 258 262 ¹568

316 285 332 328 ξ
351 283 382 318 5.
404 284 473 318 Non
493 283 693 317 obstantibus
717 284 882 328 quibusvis
902 285 1021 319 eonsti-

149 338 451 372 ⁶0¹1²rnr÷atutionibus
479 342 510 371 et
540 337 799 372 ordinationibus
836 340 1021 383 apostolicis

271 403 309 426 ao
333 391 616 436 exemptionibus,
652 392 847 437 privilegiis,
876 393 1018 434 indultis,

271 445 476 479 facultatibus
500 450 530 478 et
549 445 664 479 litteris
677 446 873 490 apostolicis,
894 447 1021 480 ceteris-

272 510 336 544 que
356 498 525 532 contrariis
545 499 819 544 quibuscumque.

315 553 330 596 §
349 552 381 586 6.
403 552 559 586 Volumus
596 558 703 586 autem
742 553 830 596 quod
864 564 921 597 per
959 554 1020 587 hoc

73 606 257 666 'fiferrffffiffifls-
270 606 361 638 nullo
399 605 496 639 modo
524 605 798 650 publicationibus
840 606 1019 640 litterarum

71 669 192 690 canonibus
209 670 256 705 -αῑ-
270 659 508 704 praedictarum
530 659 592 692 iam
626 659 716 692 sactis
750 660 939 703 derogetur,
967 666 1021 693 aut

71 703 255 753 ξζῗιυῃῗοῗζῗζῖξξ
269 712 504 757 praeiudicium
517 713 648 757 aliquod
661 712 818 747 inseratur
827 719 878 746 aut
896 714 1020 747 illatum

71 764 256 820 {fffl'gfeiumdffi
269 777 337 800 essc
354 766 565 809 intelligatur,
597 767 772 811 quominus
802 778 914 801 onmes
935 768 1018 808 illos,

268 831 350 865 quos
369 820 564 861 afficiebant,
577 821 743 854 arctabant
763 826 790 854 et
809 822 1020 865 eompredum-

268 873 398 914 debant,
409 884 475 908 non
491 874 643 916 afficiant,
659 880 794 915 aretem,
809 867 1021 919 comprehen'-

268 927 345 961 dant
363 938 401 961 ac
421 927 531 970 ligent.

312 981 378 1025 57.
400 982 444 1015 Ac
475 982 562 1026 quod
592 988 777 1026 praesentes
811 983 850 1015 de
876 994 966 1016 more
988 984 1020 1016 in

70 1035 254 1094 pumffiffissffgs
267 1035 467 1069 Cancellaria
513 1041 622 1069 nostra
662 1036 847 1081 Apostolica
883 1043 913 1070 et
951 1038 1020 1072 acie

268 1087 379 1133 Campi
398 1089 511 1123 Florae
525 1089 563 1123 de
584 1100 674 1123 more
694 1090 913 1134 publicentur,
927 1096 958 1124 et
973 1091 1020 1124 in-

267 1147 318 1176 ter
333 1142 578 1181 constitutiones
608 1148 765 1188 perpetuo
795 1144 945 1178 valituras
965 1145 1018 1178 dc-

268 1195 464 1230 scribantur.

311 1248 371 1293 §8.
386 1249 542 1294 Quodque
558 1251 778 1294 praesentium
798 1251 1017 1295 transumptis,

69 1308 253 1362 {fiir-'mmmm
268 1303 364 1337 etiarn
384 1303 558 1349 impressis,
573 1304 817 1339 manualicuius
833 1305 947 1339 notarii
962 1318 1020 1350 pu-

124 1356 130 1361 '
267 1357 344 1391 blici
366 1363 424 1392 etc.

312 1412 328 1455 ἓ
347 1410 378 1445 9.
405 1412 490 1446 Nulli
512 1422 588 1456 ergo
608 1413 742 1447 omniuo
762 1413 933 1447 hominum
958 1419 1016 1448 etc.

310 1465 425 1499 Datum
459 1467 578 1500 Romae
597 1467 683 1511 apud
711 1467 743 1501 S.
766 1468 907 1509 Petrum,
934 1479 1019 1502 anno

267 1520 500 1555 lucarnationis
527 1521 709 1555 dominicae
729 1521 901 1555 millesimo
922 1523 1018 1566 quin-

267 1575 444 1617 gentesimo
478 1575 675 1619 sexagesimo
709 1581 819 1609 octavo
834 1604 841 1615 ‚
872 1577 1019 1610 lialendis

266 1627 421 1669 octobris,
443 1629 650 1673 pontificatus
671 1630 770 1664 nostri
792 1640 876 1663 anno
893 1630 999 1664 tertio.

317 1686 378 1717 Dat.
399 1687 446 1718 dle
463 1688 476 1717 1
496 1688 591 1718 octob.
609 1689 697 1725 1508,
717 1689 819 1727 pontif.
836 1699 911 1719 anuo
929 1698 969 1719 111.

75 370 139 397 lolli15

593 1867 692 1901 CXVI.

264 1943 434 1977 Decretum
459 1944 590 1977 concilii
610 1944 797 1978 Tridentini
822 1945 859 1978 tle
888 1945 1017 1978 clerico-

308 2008 382 2030 rum
399 1998 615 2031 saeculam-ama
631 1999 673 2031 cul
683 2009 788 2031 srwros
806 1998 934 2031 ordimur>
946 2010 1020 2041 pro-

310 2052 449 2085 motione
468 2052 655 2085 extenditur
664 2053 706 2085 (ccl
716 2053 843 2085 clericos
860 2053 1019 2095 reputares

309 2106 374 2138 sine
391 2106 580 2146 saeculares,
607 2116 694 2139 more
724 2106 962 2149 religyz'osorum,
983 2107 1017 2139 iu

310 2160 474 2192 communi
493 2160 644 2193 w'rentes.

345 2240 407 2269 rius
429 2240 573 2276 episcopus
592 2247 688 2269 servus
712 2247 850 2269 servorum
869 2240 932 2273 Dei,

426 2291 461 2318 ad
477 2289 601 2319 futuram
621 2291 661 2319 rei
683 2289 850 2319 memoriam.

310 2361 474 2395 Romanus
497 2362 653 2403 Pontifex,
673 2371 838 2395 sacrorum
863 2361 1018 2395 concilio-

266 2426 340 2448 rum
360 2421 475 2449 auctor
495 2421 526 2449 et
547 2416 718 2460 interpres,
741 2415 794 2447 illa
814 2426 896 2458 quae
914 2415 946 2448 in
961 2416 1019 2448 hu-

268 2470 407 2503 iusmodi
428 2469 572 2504 conciliis
592 2480 610 2502 a
630 2468 845 2512 prudentibus
862 2469 1016 2512 patribus,

268 2523 301 2557 in
326 2523 447 2568 Spiritu
481 2524 597 2557 Sancto
630 2523 772 2566 legitime
803 2523 1017 2566 congregatis,

268 2577 441 2611 salubriter
461 2577 583 2610 sancita
603 2582 688 2618 sunt,
711 2587 770 2620 pro
786 2576 835 2609 sui
852 2577 1020 2620 pastoralis

268 2630 367 2668 officii
386 2630 507 2672 debito,
529 2641 605 2665 cum
625 2630 770 2674 aequitas
784 2657 792 2672 ,
820 2630 970 2664 honestas
990 2636 1021 2664 et

96 2424 213 2447 Exordium.

950 233 1018 257 PIUS
1037 234 1056 257 V
1074 234 1122 258 1‘1‘.

1709 224 1772 259 723
1831 235 1882 264 An.
1898 236 1928 264 C.
1947 235 2014 265 ¹568

1062 285 1161 319 decus
1181 285 1293 319 suadet
1311 312 1318 327 ,
1340 285 1434 319 sicuti
1466 285 1630 319 declarare
1652 291 1682 320 et
1702 288 1814 322 mode-

1063 339 1139 379 rari,
1162 338 1204 372 ita
1224 339 1319 373 etiam
1354 339 1393 372 ad
1426 339 1506 373 alios
1531 350 1624 373 casus
1644 341 1815 376 extendere

1064 393 1238 426 consuevit.

1107 447 1121 488 ξ
1142 447 1172 479 ’1.
1196 447 1290 487 Sane,
1314 457 1387 479 cum
1408 457 1472 479 non
1493 446 1604 480 deceat
1624 443 1729 480 divino
1757 447 1815 480 mi-
1898 461 2013 484 Concilium

1063 500 1195 533 nisterio
1216 500 1393 544 adscriptos
1418 511 1492 534 cum
1514 500 1637 534 ordinis
1657 501 1815 536 dedecore
1829 493 2015 552 s0{2{2‡?'p‘f¹„³f¹„¹¹2f

1063 554 1247 587 mendicare
1274 560 1328 587 aut
1357 554 1523 588 sordidum
1560 554 1701 598 aliquem
1719 557 2013 608 quae·{Jss'cdjlssgss‘oeij

1063 613 1147 640 stum
1168 619 1329 649 exercere,
1352 619 1369 641 a
1390 619 1480 641 sacro
1501 608 1688 642 Tridentino
1709 609 1815 643 conci·
1830 602 1915 639 braine}
1931 602 2012 640 sacris.

1063 660 1118 700 lio,
1137 660 1219 693 inter
1232 661 1305 701 alia,
1328 661 1494 694 decretum
1510 661 1620 695 fuitne
1637 662 1709 706 quis
1726 663 1816 696 dein-

1063 724 1138 757 ceps
1170 714 1308 747 elerieus
1341 714 1535 754 saecularis,
1558 716 1703 758 quamvis
1736 717 1816 750 alias

1063 767 1220 808 moribus,
1242 768 1375 801 seientia
1395 775 1422 801 et
1445 774 1546 802 aetate
1567 774 1649 803 esset.
1669 769 1814 809 idoneus,

1062 820 1361 855 adsaerosordincs
1374 829 1628 865 promoveretur,
1646 823 1709 857 nisi
1725 823 1815 868 prius

1063 874 1203 915 legitime
1224 881 1381 909 constaret
1404 887 1478 909 eum
1496 876 1692 909 beneficium
1713 878 1815 910 eccle-

1063 928 1238 969 siasticum,
1261 930 1348 973 quod
1383 929 1441 962 sibi
1466 930 1505 962 ad
1525 930 1645 963 victum
1680 930 1815 964 honeste.

1062 981 1234 1022 sufficeret,
1256 982 1388 1025 pacifice
1410 983 1647 1026 posside1²e3rel
1666 983 1744 1017 alias
1761 995 1814 1017 or-

1063 1035 1165 1068 dinari
1192 1046 1256 1068 non
1288 1042 1406 1079 posset,
1432 1036 1493 1068 nisi
1528 1036 1612 1069 iuxta
1633 1037 1753 1070 decreti
1775 1038 1814 1070 ab

1062 1088 1131 1132 ipso
1152 1089 1290 1123 coneilio
1311 1089 1451 1133 desuper
1468 1090 1542 1123 editi
1563 1092 1698 1124 sormam
1720 1096 1751 1125 et
1765 1096 1812 1125 te-

1062 1153 1186 1176 norem.

1106 1196 1171 1240 {⁹2-
1203 1195 1282 1229 Cum
1316 1201 1422 1230 autem
1443 1197 1532 1230 nulla
1565 1197 1597 1230 in
1630 1198 1815 1233 huiusmodi

1062 1250 1190 1283 decreto
1221 1250 1444 1293 rcdigiosorum
1472 1251 1665 1284 elericorum
1695 1253 1814 1286 mentio

1062 1304 1143 1337 saeta
1176 1304 1283 1345 suerit,
1311 1316 1346 1337 ac
1376 1310 1547 1348 propterea
1580 1305 1742 1347 nonnulli,
1769 1307 1815 1339 uti

1061 1358 1194 1391 moleste
1227 1359 1422 1402 accepimus,
1457 1365 1620 1391 certorum
1658 1359 1814 1393 Ordinum

1062 1411 1202 1455 religiosi
1232 1423 1287 1446 seu
1323 1411 1469 1445 canonici
1504 1413 1551 1445 rel
1581 1413 1705 1454 clerici,
1732 1414 1815 1448 intra

1062 1466 1199 1499 claustra
1234 1467 1502 1499 monasteriorum
1545 1477 1600 1499 seu
1627 1467 1811 1507 domorum,

1061 1530 1151 1553 more
1168 1520 1379 1563 regularium,
1411 1520 1443 1553 in
1469 1520 1634 1554 communi
1654 1521 1811 1563 viventes,

1061 1574 1116 1618 qui
1149 1584 1330 1617 nuntpiam,
1353 1585 1408 1607 seu
1429 1585 1494 1607 non
1525 1574 1585 1607 nisi
1614 1574 1655 1608 ad
1688 1580 1812 1609 certum

1062 1628 1429 1671 tempusprofessionem
1448 1628 1609 1669 emittunt,
1627 1634 1658 1662 et
1673 1639 1710 1662 ex
1726 1630 1813 1663 clau-

1061 1686 1125 1714 stro
1145 1681 1230 1714 exire
1250 1682 1298 1715 vel
1318 1682 1444 1721 dimitti,
1465 1682 1505 1715 ad
1520 1683 1686 1715 sacculum
1707 1683 1814 1717 redire

1062 1734 1160 1767 libere
1175 1740 1202 1768 et
1220 1735 1305 1768 licite
1320 1740 1466 1780 possunt,
1480 1735 1654 1778 Religionis
1670 1741 1814 1780 praetex-

1063 1794 1108 1829 tu,
1131 1788 1223 1823 titulo
1244 1789 1432 1822 sufficientis
1451 1789 1621 1829 beneficii,
1644 1800 1702 1823 nec
1728 1790 1814 1824 iuxta

1060 1842 1135 1876 dieti
1164 1843 1284 1876 decreti
1305 1849 1461 1884 tenorem,
1487 1844 1526 1876 ad
1551 1854 1658 1877 sacros
1686 1844 1815 1878 ordines

1061 1907 1093 1930 se
1113 1897 1295 1940 promoveri
1316 1898 1538 1941 praetendant,
1562 1902 1592 1930 et
1611 1908 1628 1930 a
1651 1898 1816 1931 nonnullis

1061 1950 1221 1994 episeopis
1254 1950 1371 1994 passim
1406 1956 1678 1994 promoveantur,
1718 1956 1815 1995 atquc

1062 2005 1134 2037 indo
1163 2005 1356 2048 plerumque
1389 2005 1469 2038 illud
1490 2005 1718 2038 inconveniens
1743 2016 1814 2038 eve-

1061 2058 1138 2099 niat,
1161 2064 1196 2091 ut
1215 2059 1260 2092 sic
1291 2058 1432 2102 promoti
1448 2064 1479 2091 et
1499 2069 1515 2091 e
1536 2058 1677 2091 claustro
1698 2069 1815 2092 exeun-

1062 2118 1106 2145 tes
1127 2117 1155 2145 et
1173 2124 1231 2157 per
1246 2113 1411 2146 saeculum
1432 2117 1594 2155 vagantes,
1616 2113 1662 2145 vel
1693 2113 1815 2146 mendi-

1061 2177 1133 2199 care
1164 2168 1210 2200 vel
1244 2166 1408 2200 sordidum
1443 2171 1612 2209 quaestum
1646 2177 1813 2209 exercere,

1061 2231 1126 2254 non
1143 2220 1211 2254 sine
1228 2220 1373 2264 ipsorum
1392 2220 1550 2253 dedecore
1570 2230 1606 2253 ac
1622 2219 1750 2254 Ordinis
1769 2221 1814 2253 vi-

1061 2274 1203 2318 lipendio
1219 2280 1247 2308 et
1274 2275 1594 2318 ‹puiiuplurimorum
1620 2274 1815 2308 christifide-

1060 2329 1140 2362 lium
1161 2328 1312 2362 scandalo
1333 2334 1500 2372 cogantur.

1104 2383 1119 2426 ξ
1145 2382 1177 2416 3.
1212 2382 1275 2416 Nos
1305 2382 1412 2425 igitur,
1436 2382 1490 2425 qui
1525 2382 1729 2426 singulorum
1759 2383 1815 2416 Dei
1863 2391 2013 2414 ronurcnsm

1062 2432 1283 2466 ministrorum
1304 2433 1460 2465 honorem
1482 2438 1510 2465 et
1529 2432 1640 2473 decus,
1658 2437 1815 2476 quantum
1830 2425 2015 2476 gssffissffissndstmffl

1061 2482 1093 2515 in
1114 2483 1205 2516 nobis
1231 2488 1288 2521 est,
1318 2481 1451 2515 sinceris
1472 2486 1660 2524 exoptamus
1692 2482 1920 2522 affecti-clerico?
1949 2492 2014 2528 resu-

1060 2532 1133 2573 bus,
1161 2537 1249 2565 motu
1286 2531 1417 2575 proprio
1451 2536 1481 2563 et
1514 2541 1550 2563 ex
1586 2536 1674 2564 certa
1706 2536 1814 2564 nostra
1829 2518 2015 2574 Ῑςῗῆξῖρῖζηξῗζζ,

1061 2581 1205 2622 scientia,
1228 2581 1331 2625 deque
1352 2579 1547 2623 apostolicae
1563 2580 1727 2623 potestatis
1746 2581 1814 2624 ple·
1829 2580 1981 2607 ¹⁰¹³ssff⁰⁵⁰s¹¹¹¹¹
1993 2582 2014 2602 ¹¹¹

1829 2613 1932 2633 conimuul
1943 2613 2014 2633 vivan-

1061 2631 1218 2672 nitudine,
1236 2631 1297 2664 liae
1312 2635 1469 2674 perpetuo
1485 2629 1620 2664 valitura
1636 2630 1812 2671 sanctione,
1828 2646 1869 2671 iffi

1848 1211 1876 1233 Ex
1887 1214 1956 1233 causis
1968 1219 2011 1234 mo-

1830 1244 1855 1263 do
1871 1244 1905 1265 hle
1928 1250 2013 1272 expres-

1830 1276 1868 1301 Sis,
