2237 3100
238 236 285 264 An.
304 238 331 267 C.
353 240 419 267 ¹565

288 516 310 536 Hi
325 517 416 543 cloacas,

235 548 360 573 sriaquator.
378 553 414 569 elci

234 584 253 597 ΠΙ
280 585 322 598 “l-N

343 587 415 607 :nquam

233 614 351 630 evomentia
377 612 416 632 ob-

233 644 284 662 stitii
301 643 387 668 delirrm

286 2241 404 2262 iudei-‘om-

220 2275 282 2293 missa
322 2279 404 2300 quoquo

220 2304 315 2325 ilsrlaiat
362 2310 403 2324 non

221 2336 324 2361 impedire
341 2341 404 2361 prae-

220 2368 331 2387 iuissoiinu
353 2373 405 2388 exe-

220 2400 336 2422 enitent-nu

479 231 544 265 392

435 305 506 328 rum
532 295 711 340 peritorum
733 305 792 339 per
819 301 925 338 partes
953 294 1036 338 ipsas
1061 295 1182 338 eligen-

435 349 551 383 dorum
569 356 611 387 et,
633 349 664 382 in
681 355 827 382 eventum
845 348 1022 387 discordiae,
1039 359 1097 393 per
1116 360 1183 383 ma-

434 403 549 446 gistros
568 403 690 436 viarum
713 401 848 435 taxandi.

477 457 492 499 ,ξ
517 457 569 490 17.
599 458 636 489 Et
670 455 746 500 quia
772 455 1032 499 quamplurimae
1066 457 1182 493 domus

433 509 576 544 eiusdem
606 510 698 543 Urbis
732 509 885 553 quasdam
919 520 1031 553 parvas
1063 512 1182 545 liabent

433 565 573 604 cloacas,
598 564 802 597 elaviebettas
821 563 995 606 vulgariter
1011 575 1180 610 nuncupa-

432 623 491 657 tas,
520 618 551 650 in
571 618 627 650 viis
651 616 790 661 publicis
810 617 1053 660 respondentes,
1083 626 1113 653 et
1140 622 1179 655 ab

430 671 505 714 ipsis
535 671 684 704 domibus
717 682 834 714 aquam
851 677 881 704 et
900 671 1120 707 immunditias
1146 675 1177 708 in

428 725 493 757 vias
517 730 548 757 et
567 726 637 758 loca
661 725 790 768 publica
821 731 1014 766 evomentes,
1044 728 1178 770 quibus-

429 788 569 821 cumque
600 777 757 821 personis,
793 783 827 810 ut
856 778 938 812 infra
968 780 1095 813 eosdem
1126 792 1178 815 sex

429 841 565 869 menses,
583 832 642 864 sub
654 832 757 865 dictae
774 832 961 865 cadueitatis
973 838 1003 865 et
1018 833 1087 867 aliis
1103 845 1178 878 poe-

426 885 474 917 nis
494 885 663 929 praefatis,
693 891 756 918 tam
777 886 921 926 cloacas,
953 897 1050 930 quam
1081 888 1176 921 ctiam

426 939 547 972 viculos
568 939 768 983 praedictos,
799 951 926 974 necnon
955 951 1176 986 quascumque

427 992 557 1026 latrinas
577 1004 632 1026 seu
658 999 804 1027 cantaras
825 1000 852 1027 ct
875 994 1059 1035 siccatoria,
1081 997 1175 1039 vulgo

426 1046 660 1089 sciacquatoria
686 1053 884 1091 nuncupata,
916 1054 947 1081 et
976 1049 1115 1092 piscinas
1143 1051 1174 1084 in

424 1100 488 1133 vias
518 1100 663 1144 publicas
701 1108 729 1134 et
765 1101 850 1134 vicos
884 1112 940 1135 seu
969 1102 1091 1136 viculos
1121 1110 1175 1137 aut

423 1154 542 1196 plateas
562 1161 713 1188 exeuntes
733 1160 763 1187 et
781 1156 1020 1200 respondente&
1046 1157 1173 1190 obstru-

421 1218 487 1243 ere;
515 1213 543 1240 et
565 1208 591 1240 si
606 1208 700 1241 velint
727 1214 886 1247 cantaras,
910 1209 942 1242 in
967 1220 1078 1243 eorum
1101 1222 1173 1244 eor-

421 1261 506 1294 tibus
538 1273 594 1295 seu
621 1263 788 1296 cortilibus
816 1268 846 1296 et
870 1264 997 1304 canois,
1019 1274 1085 1297 non
1114 1276 1172 1299 au-

420 1320 484 1348 tem
509 1315 541 1348 in
565 1317 613 1349 vel
638 1328 736 1360 super
764 1317 821 1350 viis
851 1317 989 1362 publicis
1021 1329 1076 1351 seu
1103 1320 1172 1363 pla-

421 1369 490 1409 teis,
508 1369 665 1403 fabricare
686 1370 835 1411 debeant;
853 1371 895 1404 ita
915 1372 1001 1414 quod
1023 1372 1172 1416 inquilini

422 1422 594 1456 domorum
625 1429 653 1456 et
684 1425 830 1457 locorum
861 1425 1046 1458 huiusmodi
1077 1438 1172 1471 prae-

422 1476 515 1509 missa
533 1487 568 1509 ex
587 1478 733 1521 pecuniis
749 1489 861 1511 corum
878 1479 1053 1522 pensionis,
1077 1480 1170 1513 etiam

421 1530 523 1563 invitis
548 1531 686 1565 dominis
711 1538 741 1565 et
761 1539 872 1566 contra
891 1544 1004 1566 eorum
1024 1535 1171 1568 volunta-

420 1590 497 1624 tem,
520 1585 625 1618 faeere
650 1586 784 1630 possint,
812 1593 840 1619 et
864 1597 928 1620 non
946 1587 1110 1629 facientes,
1133 1590 1171 1623 ad

420 1649 557 1682 poenam
584 1639 716 1674 arbitrio
748 1641 967 1684 praestitorum
1002 1643 1170 1685 magistro-

421 1702 492 1724 rum
513 1692 636 1726 viarum
667 1694 896 1738 imponendam
922 1700 1102 1729 teneantur.
1135 1697 1171 1729 Et

420 1745 631 1780 nihilominus
651 1757 763 1781 omnes
784 1748 953 1791 pensiones
973 1749 1125 1783 decursas
1141 1757 1169 1783 et

421 1800 571 1843 praefatis
595 1801 733 1834 dominis
766 1802 908 1841 interim,
923 1808 1034 1836 contra
1055 1803 1171 1837 inhibi-

420 1853 539 1886 tionem
557 1854 602 1887 eis
626 1855 816 1893 faciendam,
837 1856 956 1889 solutas
981 1857 1170 1898 consignare

420 1912 590 1940 teneantur
609 1908 804 1952 depositario
825 1910 986 1943 dictorum
1004 1912 1171 1954 magistro-

420 1972 491 1994 rum
513 1961 647 2002 viarum,
668 1963 706 1995 ad
728 1963 876 1997 effectum
899 1965 1025 1998 cloacas
1045 1966 1170 2011 aliaque

420 2016 594 2059 praemissa
615 2017 834 2056 claudendi,et
852 2024 1007 2055 cantaras.
1029 2025 1063 2052 ut
1081 2031 1171 2063 prae-

419 2070 532 2109 fertur,
561 2071 711 2111 faciendi,
735 2071 930 2113 inhibemus,
953 2074 1170 2118 praecipimus

420 2129 515 2166 atque
536 2124 737 2158 mandamus.

462 2178 477 2221 ξ
502 2178 554 2211 18.
578 2179 615 2211 Et
631 2190 704 2212 cum
722 2179 753 2212 in
769 2180 904 2221 viarum,
924 2192 1006 2224 quae
1022 2192 1081 2225 pro
1094 2189 1170 2216 tem-

419 2242 497 2275 pore
521 2233 614 2274 fiunt,
635 2234 892 2275 construetione,
914 2235 1115 2270 ordinatione
1140 2242 1171 2270 et

419 2286 638 2329 ampliatione,
669 2298 706 2321 ae
727 2288 759 2321 in
779 2288 971 2329 domorum,
1004 2291 1169 2324 casalono-

421 2350 492 2371 rum
514 2346 544 2373 et
578 2340 697 2374 situum
723 2341 785 2374 sive
814 2341 953 2385 partium
980 2353 1091 2376 eorum
1112 2355 1170 2388 ap-

421 2393 593 2436 plicatione
617 2405 673 2427 seu
691 2395 884 2433 venditione,
907 2396 938 2428 in
959 2396 1109 2430 omnibus
1121 2409 1171 2431 ca-

421 2442 507 2475 sibus
528 2444 739 2487 supradietis,
771 2451 801 2478 et
830 2445 898 2478 aliis
928 2448 1171 2489 quomodolibet,

421 2502 457 2524 ex
481 2492 585 2525 causis
610 2493 761 2536 praefatis
785 2495 1045 2535 occurrentibus,
1074 2495 1170 2529 inter-

421 2541 497 2573 dum
520 2541 558 2574 sit.
584 2552 714 2575 neeesse
739 2543 911 2576 domorum
941 2554 996 2577 seu
1025 2544 1170 2578 locorum

421 2590 460 2623 ad
492 2602 585 2623 usum
619 2591 741 2624 viarum
772 2592 956 2625 huiusmodi
994 2593 1170 2627 incisorum

421 2649 479 2672 seu
500 2639 674 2673 divisorum
695 2647 801 2684 partes
823 2648 1026 2676 remanentes
1046 2643 1170 2677 adiudi-

1029 241 1207 265 BULLARIUM
1230 241 1380 267 ROMANUM

1225 305 1308 335 care,
1330 302 1360 329 et
1379 296 1553 337 multoties,
1575 302 1708 342 propter
1726 297 1974 333 fideicommissa

1225 349 1381 392 apposita,
1404 350 1569 383 dubitetur
1587 361 1627 384 ne
1646 351 1718 385 lites
1737 357 1768 385 et
1786 358 1972 386 controver-

1225 401 1289 435 siae
1309 402 1466 443 oriantur;
1492 404 1532 436 ad
1551 404 1727 438 tollendum
1750 405 1848 449 igitur
1867 406 1972 440 litium
2023 411 2026 413 ’

1225 456 1409 498 materiam,
1438 456 1624 491 huiusmodi
1654 459 1911 501 fideicommissa,
1932 461 1972 494 ad

1224 510 1374 543 effectum
1393 510 1645 555 praemissorum
1671 513 1733 556 (ita
1754 518 1860 547 tamen
1885 515 1972 557 quod

1223 574 1270 603 ea,
1303 574 1385 607 quae
1405 564 1654 599 fideicommisso
1680 566 1823 600 subiecta
1856 573 1969 609 erunt,

1222 616 1266 650 sic
1287 617 1529 659 adiudieentur,
1551 619 1638 663 quod
1659 620 1762 663 pretia
1781 620 1913 654 illorum
1937 622 1970 655 in

1223 675 1267 703 tot
1287 670 1379 704 bonis
1403 671 1570 705 stabilibus
1596 673 1859 715 reinvestiantur,
1887 686 1970 719 quae

1220 723 1305 757 hona
1316 731 1504 759 remaneant
1519 726 1621 759 eidem
1638 721 1886 762 fideicommisso
1896 729 1971 762 sub-

1221 778 1301 811 iecta
1322 779 1435 812 eodem
1461 780 1573 821 modo,
1601 786 1699 825 prout
1718 781 1802 814 dicta
1820 782 1905 816 bona
1924 783 1970 817 sie

1220 831 1401 866 adiudicata
1421 839 1514 867 autea
1534 834 1676 868 subiecta
1696 836 1815 879 erant),
1839 837 1970 880 penitus

1220 891 1249 918 et
1269 886 1402 920 omnino
1427 887 1581 929 tollimus,
1613 899 1776 923 cassamus
1795 895 1826 924 et
1845 901 1970 926 amove-

1219 950 1302 981 mus,
1325 940 1451 985 illisque
1469 942 1509 975 ad
1529 943 1616 976 hune
1640 943 1789 977 effectum
1809 945 1970 980 sufficien-

1219 999 1266 1027 ter
1288 999 1317 1027 et
1342 1005 1490 1038 expresse
1511 997 1626 1030 harum
1654 997 1736 1030 serie
1760 997 1964 1042 derogamus.

1987 246 2038 274 An.
2053 247 2082 275 C.
2101 246 2170 276 1565

1262 1048 1276 1090 ἓ
1300 1047 1353 1081 19.
1384 1049 1514 1082 Etcum
1539 1050 1620 1083 Urbs
1660 1051 1728 1095 ipsa
1755 1051 1909 1087 aedificiis
1937 1059 1969 1088 et
2001 1071 2165 1094 mmmmm,

1216 1101 1374 1134 viridariis
1388 1108 1500 1136 ornata
1520 1108 1550 1137 et
1569 1104 1736 1148 splendida
1756 1115 1825 1139 esse
1843 1106 1957 1142 debeat

1961 1129 1965 1132 .
1981 1103 2027 1124 tutti
2046 1104 2101 1125 etad
2117 1104 2166 1125 cul-

1959 1135 1966 1149 ²
1981 1137 2048 1155 tunm
2089 1134 2170 1156 reduci

1217 1154 1301 1187 intus
1325 1166 1400 1189 vero
1420 1162 1451 1189 et
1470 1162 1557 1190 extra
1576 1168 1613 1190 ac
1630 1168 1732 1202 prope
1755 1158 1843 1192 illam
1863 1160 1969 1194 adsint
1982 1165 2074 1192 mandas

1216 1210 1459 1253 quamplurima
1471 1217 1617 1252 canneta,
1630 1212 1865 1247 deformitatem
1875 1214 1968 1248 Urbis
1980 1225 1985 1229 ·

1215 1264 1411 1305 generantia,
1441 1264 1590 1308 aerisque
1611 1265 1815 1299 serenitatem
1835 1271 1867 1300 et
1885 1268 1968 1302 salu-

1214 1316 1362 1351 britatem
1383 1329 1421 1351 ac
1440 1318 1563 1352 clarum
1592 1319 1734 1354 fluminis
1755 1327 1966 1365 conspectum

1215 1369 1435 1414 impedientia,
1461 1377 1489 1405 et
1516 1372 1611 1405 etiam
1644 1373 1727 1406 male
1762 1374 1878 1417 agendi
1908 1385 1966 1419 op-

1214 1425 1444 1468 portunitatem
1468 1427 1642 1470 locumque
1667 1427 1964 1470 subministrantia,

1213 1478 1299 1522 quod
1324 1479 1522 1523 (plicamque
1535 1507 1542 1521 ‚
1565 1486 1629 1513 tam
1650 1486 1738 1514 extra
1758 1492 1816 1525 per
1835 1487 1965 1516 centum

1214 1537 1244 1564 et
1254 1532 1488 1577 quinquaginta
1503 1545 1681 1568 cannarum
1695 1535 1877 1569 distantiam
1891 1547 1966 1582 pro-

1213 1596 1271 1628 pe,
1294 1597 1390 1629 quam
1413 1587 1496 1620 intra
1520 1589 1647 1622 moenia
1680 1589 1825 1623 eiusdem
1858 1590 1963 1633 Urbis,

1213 1650 1340 1674 necnon
1367 1641 1463 1674 etiam
1491 1642 1524 1675 in
1549 1643 1701 1686 Angeliea
1721 1648 1752 1676 et
1778 1654 1888 1678 versus
1907 1645 1966 1679 ssu-

1214 1704 1287 1727 men
1312 1694 1344 1727 in
1365 1695 1473 1729 Pontis
1499 1696 1593 1729 Milvii
1613 1696 1669 1730 viis
1693 1698 1899 1741 nuncupatis,
1927 1709 1965 1732 ac

1214 1757 1271 1791 per
1304 1748 1412 1792 viginti
1443 1759 1619 1782 cannarum
1649 1749 1843 1792 distantiam,
1878 1751 1965 1786 iuxta

1213 1812 1435 1846 quascumque
1460 1803 1538 1836 alias
1562 1803 1627 1836 vias
1647 1803 1805 1847 publicas,
1828 1812 1963 1839 canneta

1212 1855 1347 1897 habent,
1379 1857 1433 1890 illa
1452 1868 1490 1890 ae
1510 1857 1619 1891 omnia
1640 1863 1776 1892 canneta
1796 1858 1882 1892 intus
1902 1859 1962 1893 Ur-

1212 1909 1285 1942 bem
1298 1910 1473 1951 existentia,
1495 1917 1624 1955 praeter
1640 1922 1677 1945 ea
1688 1923 1772 1955 quae
1787 1917 1862 1946 sunt
1875 1918 1964 1947 extra

1212 1964 1276 1996 vias
1295 1964 1441 2007 publicas
1461 1965 1493 1997 in
1514 1965 1592 1999 locis
1612 1965 1808 1999 absconditis
1835 1977 1892 2000 seu
1911 1977 1963 2001 re-

1213 2019 1320 2059 motis,
1332 2019 1413 2052 infra
1423 2020 1582 2064 praefatos
1592 2022 1644 2053 sex
1661 2030 1798 2061 menses,
1816 2020 1875 2053 sub
1890 2031 1965 2065 poe-

1213 2073 1262 2105 nis
1278 2073 1461 2117 praedietis,
1480 2074 1624 2107 funditus
1640 2073 1810 2118 extirpare,
1829 2075 1964 2109 evellere

1213 2133 1307 2170 atque
1328 2128 1459 2169 tollere,
1490 2139 1528 2161 ac
1554 2128 1593 2161 ad
1618 2134 1783 2162 terrenum
1811 2133 1842 2162 et
1861 2129 1965 2162 cultu-

1214 2192 1281 2214 ram
1306 2182 1471 2215 vinearum
1492 2192 1547 2215 seu
1565 2182 1790 2215 viridariorum
1802 2182 1963 2216 reducere

1213 2235 1359 2279 debeant.

1257 2290 1338 2333 §⁶2st
1371 2290 1514 2331 Necnon,
1542 2301 1616 2324 eum
1636 2290 1819 2334 Angelicam
1847 2300 1884 2324 ac
1902 2290 1961 2324 Ca-

1213 2343 1294 2376 stelli
1311 2349 1515 2386 nuncupatas
1534 2344 1608 2384 vias,
1630 2354 1687 2388 per
1701 2343 1808 2377 vineas
1818 2349 1849 2377 et
1859 2347 1950 2388 prata

2020 2306 2082 2329 Prata
2097 2307 2161 2329 otium

1977 2339 2019 2360 sita
2033 2339 2161 2366 proponam

1953 2370 1960 2384 ’
1978 2371 2107 2398 Angeticam,
2135 2371 2161 2392 ad

1214 2396 1251 2428 ad
1286 2397 1460 2430 maximum
1482 2397 1614 2431 civitatis
1643 2403 1770 2431 nostrae
1794 2397 1880 2438 Piae,
1903 2407 1962 2442 per
1977 2402 2163 2424 caunetavethor-

1213 2457 1271 2479 nos
1294 2446 1417 2480 noviter
1437 2452 1640 2487 constructae,
1660 2451 1822 2486 ornatum,
1850 2447 1962 2480 seceri-

1214 2506 1305 2537 mus,
1342 2496 1658 2540 intellexerimusque
1691 2496 1778 2540 quod
1813 2496 1961 2529 nonnulli

1214 2551 1303 2589 prata
1319 2546 1481 2590 praedicta
1497 2547 1536 2580 ad
1548 2550 1692 2586 canneta,
1709 2545 1816 2579 vineas
1835 2556 1873 2579 ae
1887 2547 1962 2580 hor-

1214 2600 1261 2628 tos
1272 2595 1416 2629 saeienda
1428 2596 1632 2640 impudenter
1642 2595 1793 2628 claudere
1808 2595 1960 2639 cogitant,

1214 2644 1284 2678 ideo
1305 2646 1390 2688 quod
1420 2645 1528 2678 nullus
1553 2645 1585 2677 in
1605 2649 1788 2688 posterum,
1819 2645 1914 2679 etiam
1935 2645 1961 2680 si

1941 2446 1946 2452 .
1977 2437 2011 2454 ιοι
2020 2433 2092 2455 reduci
2109 2439 2161 2460 pro-

1977 2464 2044 2491 hibet,
