2237 3100
53 240 106 279 Αἰιζ
120 251 150 278 c.
169 250 236 277 ¹568

15 331 35 370 t·

78 467 119 489 Leo
134 467 151 488 x
165 471 186 488 et
201 467 235 488 atti

6 499 21 526 “,
52 502 237 521 cont-esserunte-

21 540 29 547 ν
52 530 194 557 xemptionein
223 537 234 550 a

26 558 31 563 ’
51 563 138 583 decimis
153 565 174 582 et
189 562 235 583 aliis

51 593 158 614 oneribus.

925 248 992 273 PIUS
1015 249 1034 271 V
1058 249 1105 272 PP.

250 307 348 346 petuo
381 301 566 341 subsistant,
587 301 726 335 libenter
757 301 1000 346 approbationis

249 359 379 388 nostrae
395 355 574 388 munimine
595 355 798 388 roboramus.

293 409 357 452 gl.
379 409 458 442 Cum
475 409 594 453 itaque,
617 409 699 442 sieut
714 409 911 453 accepimus,
925 411 1000 444 lieet

250 461 327 495 alias
360 463 462 496 felicis
482 463 714 496 recordationis
745 464 807 497 Leo
841 464 996 505 decimus,

249 515 398 549 Clemens
412 517 580 560 septimus,
602 517 720 550 Paulus
747 517 860 550 tertius
880 522 911 550 et
924 517 1000 551 Pius

249 575 396 612 quartus,
424 570 559 603 Romani
578 571 750 604 Pontifices
774 571 999 614 praedeeesso-

249 633 300 656 res
320 624 432 664 nostri,
451 623 534 658 inter
553 624 614 657 alia
639 624 804 668 privilegia
824 630 852 658 et
874 625 999 658 indulta

248 676 374 710 dilectis
394 677 467 710 filiis
485 678 637 721 magistro
651 684 679 711 et
701 679 871 711 conventui
892 678 998 722 hospi-

247 730 319 763 talis
351 731 383 764 S.
405 731 534 764 Ioannis
553 732 833 777 Hierosolvmitani
868 743 885 765 a
916 732 997 766 Sede

246 784 429 827 Apostoliea
467 795 618 819 concessa
637 813 644 826 ,
679 786 828 819 eumdem
875 791 904 820 et
938 798 997 830 pro

245 842 391 882 tempore
407 838 594 872 existentem
613 840 814 883 magistrum,
828 839 994 881 baiulims,

245 891 455 924 castellanum
483 898 660 936 empostae,
689 893 825 936 priores,
868 903 997 936 praeee-

245 948 365 987 ptores,
387 945 504 979 milites
521 946 664 989 aliasque
685 957 839 991 personas
853 947 996 991 hospita-

245 998 283 1031 lis
311 999 510 1041 huiusmodi,
532 1011 659 1034 necnon
692 1012 805 1034 t;·orum
840 1001 996 1041 subditos,

242 1053 404 1094 vassallos,
432 1054 564 1088 colonos
585 1061 612 1088 et
640 1055 820 1095 servitores,
857 1067 892 1089 ac
917 1055 997 1089 alios

244 1106 276 1139 in
297 1118 411 1140 eorum
432 1108 595 1151 obsequiis
611 1114 641 1142 et
661 1109 737 1142 dieti
757 1109 924 1153 hospitalis
939 1110 996 1143 be-

243 1160 369 1194 nefieiis
386 1163 628 1205 quomodolibet
650 1163 846 1207 nuncupatis
859 1164 996 1197 existen-

243 1220 302 1254 tes,
328 1214 425 1248 etiam
445 1216 649 1259 presbyteros
680 1227 790 1249 curam
812 1217 994 1250 animarum

242 1274 439 1309 exercentes,
467 1269 623 1312 quamdiu
643 1269 731 1302 illam
760 1278 944 1304 exercerent
967 1277 997 1305 et

241 1321 273 1355 in
299 1322 429 1356 illorum
459 1324 623 1367 obsequiis
651 1324 765 1365 forent,
798 1325 996 1370 illorumque

241 1375 404 1417 animalia,
435 1378 579 1421 praedia,
596 1377 721 1418 domos,
744 1379 945 1412 molendaria
966 1386 996 1413 et

243 1429 327 1463 bona
351 1441 589 1474 quaecumque,
617 1443 699 1475 quae
738 1432 923 1466 obtinebant
959 1445 995 1468 ae

242 1482 274 1515 in
302 1489 468 1527 posterum
489 1485 670 1519 obtinerent
692 1491 720 1518 et
742 1487 955 1530 possiderent,
978 1499 995 1520 a

240 1537 400 1571 solutione
433 1544 464 1571 et
496 1539 661 1572 exactione
681 1540 895 1581 deeimarum,
918 1552 995 1575 een-

240 1601 349 1631 suum,
371 1591 505 1633 iurium,
529 1593 624 1626 etiam
647 1594 867 1638 synodalium,
890 1602 918 1629 et
941 1607 995 1629 ea-

240 1644 432 1678 noniearum
453 1646 641 1690 portionum
663 1658 719 1680 seu
742 1648 897 1682 caritativi
921 1649 995 1682 sub-

239 1697 311 1731 sidii
336 1704 392 1732 aut
424 1698 557 1732 iucundi
582 1700 748 1741 advenum,
784 1712 840 1735 seu
861 1709 994 1746 quartae

230 1756 295 1785 ¹aut
314 1752 391 1785 alias
405 1753 662 1796 quomodolibet,
681 1761 737 1788 aut
756 1755 895 1789 aliorum
916 1767 996 1799 quo-

67 2076 173 2098 Or-linarii
195 2081 225 2099 ta-

43 2115 88 2130 men
100 2110 177 2130 milites
187 2111 225 2131 de-

42 2147 106 2168 super
128 2141 225 2162 molesta-

42 2172 225 2197 munivi-‚gororan-

42 2202 84 2222 citii
99 2202 223 2229 Tridentini,

42 2235 139 2255 sessione
163 2239 223 2259 uni,

43 2265 134 2291 capiunto
149 2271 210 2287 xvxii.

239 1816 456 1850 rumeumque
476 1817 626 1848 onerum,
649 1808 708 1841 sub
729 1809 824 1842 certis
841 1811 937 1843 modo
964 1816 994 1843 et

239 1859 354 1900 forma,
377 1860 555 1893 exemerint
575 1867 606 1894 et
624 1861 842 1903 liberaverint,
856 1868 885 1896 et
898 1869 995 1907 prout

238 1913 270 1946 in
299 1913 431 1947 diversis
458 1913 605 1957 ipsorum
626 1915 911 1958 praedeeessorum
938 1917 994 1950 de-

237 1977 337 2010 super
351 1968 505 2001 eonfeetis
521 1968 635 2001 litteris
650 1969 779 2013 plenius
795 1970 990 2003 continetur.

281 2020 347 2064 §CL
370 2021 408 2054 Et
436 2021 512 2055 licet
541 2022 720 2066 privilegia,
758 2023 991 2067 exemptiones,

237 2074 402 2108 libertates
421 2080 452 2108 et
472 2076 595 2109 indulta
612 2076 767 2120 praefata,
791 2077 815 2109 si
837 2088 992 2120 umquam

238 2139 256 2162 a
293 2129 456 2172 primaeva
488 2130 651 2163 erectione.
685 2129 759 2163 dieti
799 2130 990 2174 hospitalis,

238 2193 326 2216 nune
359 2183 534 2228 praecipue
562 2184 669 2216 favore
690 2188 721 2216 et
754 2184 993 2227 complemento

238 2236 335 2279 digna
367 2237 442 2278 sint,
472 2247 549 2270 eum
583 2237 643 2280 ipsi
661 2247 720 2280 pro
745 2237 808 2269 tide
835 2238 992 2271 catholiea

238 2289 452 2331 defendenda,
473 2301 538 2324 non
564 2290 660 2324 modo
680 2290 847 2324 facultates
868 2297 896 2324 et
926 2292 992 2325 for-

239 2350 343 2384 tunas,
362 2355 474 2378 verum
495 2344 591 2377 etiam
615 2354 728 2377 eornm
749 2344 845 2377 vitam
868 2350 898 2377 et
923 2355 992 2378 san-

237 2397 368 2442 guinem
389 2399 526 2442 perdere
540 2409 605 2431 non
625 2397 852 2430 dubitaverint:
875 2398 993 2432 nihilo-

237 2447 346 2480 minus
374 2447 489 2481 diversi
514 2449 662 2481 locorum
688 2447 844 2480 ordinarii
871 2453 899 2481 et
936 2459 992 2491 pa-

237 2497 431 2531 rochialium
443 2497 654 2531 ecelesiarum
672 2501 813 2530 rectores
826 2507 862 2530 ae
882 2498 992 2531 multae

238 2547 433 2591 capitulares
450 2556 608 2590 personae
621 2546 652 2577 id
669 2545 730 2577 sibi
742 2546 888 2586 omnino,
906 2545 992 2580 iuxta

237 2595 321 2629 sacri
345 2595 473 2629 concilii
508 2593 684 2628 Tridentini
712 2594 856 2634 decreta,
894 2595 991 2628 licere

237 2650 426 2685 asserentes,
449 2645 577 2678 eosdem
599 2642 799 2685 magistrum,
822 2643 989 2684 baiulivos,

1686 237 1748 271 727

1042 301 1251 334 castellanum
1286 306 1463 345 empostae,
1493 300 1632 343 priores,
1660 310 1793 343 praece-

1042 360 1161 398 ptores,
1185 355 1302 387 milites
1316 359 1346 387 et
1366 364 1520 398 personas
1540 352 1672 386 diversis
1689 352 1794 386 oneri-

1041 409 1101 441 bus
1131 415 1242 442 eontra
1257 418 1371 442 eorum
1396 407 1563 451 privilegia
1588 417 1791 450 pergravare,

1041 463 1178 506 illosque
1207 463 1247 496 ad
1277 462 1433 502 decimas,
1467 471 1601 501 census,
1637 460 1791 500 subsidia,

1041 517 1137 549 etiam
1159 516 1332 557 caritativa,
1355 526 1515 559 congruas
1539 514 1716 560 portiones,
1742 514 1793 547 iu-

1041 570 1185 603 cundum
1225 570 1396 603 adventum
1410 597 1418 611 ,
1459 573 1571 614 pastor
1605 569 1704 602 bonus
1739 574 1793 601 aut

1040 623 1118 657 alias
1138 630 1326 667 nuncupata
1345 634 1456 663 onera,
1483 623 1580 656 etiam
1601 623 1673 656 iura
1698 633 1792 667 syno-

1040 677 1136 717 dalia,
1162 688 1277 720 cogere
1306 683 1526 721 praesumant,
1562 677 1595 710 in
1619 687 1714 720 grave
1746 677 1794 722 ip-

1039 731 1284 774 siusliospitalis
1303 730 1532 764 detrimentum
1553 737 1584 765 et
1606 742 1790 775 gravamen.

1083 784 1149 827 {l}
1179 785 1308 828 Nosque
1341 785 1542 818 attendentes
1560 785 1646 828 quod
1673 796 1791 830 nuper,

1040 837 1124 871 inter
1141 838 1203 871 alia
1223 838 1473 872 Mendieantium
1499 839 1654 873 Ordinum
1684 840 1792 873 fratri-

1039 892 1099 925 bus
1132 903 1286 926 concessa
1320 892 1497 936 privilegia,
1529 903 1584 926 eos
1617 899 1649 926 et
1677 904 1791 927 eorum

1039 945 1229 989 quemlibet,
1251 952 1315 979 tam
1332 957 1349 979 a
1365 946 1529 980 seminarii
1550 946 1743 980 elericorum
1760 947 1792 980 in

1038 999 1181 1043 qualibet
1209 999 1346 1040 civitate,
1368 1000 1454 1032 iuxta
1487 1000 1632 1034 eiusdem
1663 1001 1792 1034 concilii

1038 1053 1215 1086 Tridentini
1249 1053 1377 1087 decreta
1411 1054 1508 1087 ereeti
1539 1066 1596 1088 sen
1636 1055 1790 1098 erigendi,

1039 1118 1137 1151 quani
1172 1107 1387 1148 deeimarum,
1421 1107 1555 1141 subsidii
1589 1114 1619 1142 et
1651 1108 1791 1142 aliorum

1038 1172 1176 1195 onerum
1203 1162 1442 1196 contributione
1472 1162 1613 1195 totaliter
1637 1162 1791 1196 exemisse

1039 1221 1068 1248 et
1101 1215 1254 1249 liberasse
1269 1242 1276 1255 ,
1314 1216 1538 1260 praefatosque
1578 1216 1767 1259 magistrum
1782 1244 1789 1257 ,

1037 1269 1206 1309 baiulivos‚
1229 1269 1364 1313 priores,
1385 1270 1595 1303 castellanum
1612 1275 1789 1314 empostae,

1039 1329 1277 1367 praeceptores,
1301 1323 1430 1364 milites,
1452 1324 1567 1357 fratres
1586 1328 1616 1356 et
1637 1335 1792 1368 personas

1038 1388 1102 1410 non
1128 1377 1235 1410 minus
1267 1377 1382 1420 dignos
1406 1388 1474 1410 esse
1504 1382 1537 1410 ut
1577 1387 1632 1410 eos
1658 1377 1791 1421 paribus

1039 1431 1200 1464 favoribus
1216 1437 1245 1464 et
1265 1431 1375 1473 gratiis
1386 1442 1635 1475 prosequamur:
1654 1430 1790 1475 illosque

1038 1491 1068 1518 et
1089 1495 1202 1518 eorum
1224 1485 1367 1527 singulos
1387 1495 1424 1517 ae
1444 1485 1624 1528 singulares
1642 1485 1718 1518 dieti
1734 1486 1790 1518 ho-

1037 1538 1160 1583 spitalis
1180 1549 1334 1582 personas
1354 1549 1371 1571 a
1387 1538 1552 1581 quibusvis
1570 1539 1791 1572 exeommuni-

1038 1592 1185 1633 catioms,
1205 1592 1426 1636 suspensionis
1437 1598 1467 1626 et
1479 1592 1641 1626 interdicti
1655 1592 1789 1637 aliisque,

1038 1646 1263 1680 ecelesiasticis
1283 1647 1460 1686 sententiis,
1481 1646 1627 1680 censuris
1653 1653 1684 1680 et.
1711 1658 1789 1691 poe-

1037 1701 1098 1741 nis,
1121 1711 1139 1733 a
1167 1700 1237 1733 iure
1257 1700 1306 1733 vel
1326 1700 1366 1733 ab
1386 1700 1531 1740 homine,
1563 1700 1674 1744 quavis
1694 1711 1788 1734 occa-

1037 1755 1126 1787 sione
1141 1755 1189 1787 vel
1204 1765 1312 1795 causa,
1329 1754 1413 1795 latis,
1435 1754 1460 1787 si
1477 1754 1596 1798 quibus
1611 1755 1790 1799 quomodo—

1036 1808 1111 1841 libet
1133 1808 1276 1841 innodati
1298 1808 1448 1848 existunt,
1466 1808 1505 1840 ad
1526 1808 1676 1841 effectum
1698 1820 1789 1853 prae-

1036 1861 1175 1894 sentium
1194 1861 1359 1894 dumtaxat
1375 1861 1655 1905 consequendum,
1673 1862 1788 1895 harum

1037 1914 1118 1949 serie
1139 1915 1337 1949 absolventes
1372 1921 1401 1948 et
1422 1915 1588 1948 absolutos
1623 1915 1691 1949 sore
1712 1927 1788 1949 een-

1036 1974 1154 2010 sentes3
1185 1979 1312 2002 necnon
1347 1969 1493 2002 omnium
1528 1974 1559 2001 et
1585 1968 1787 2012 singulorum

1035 2022 1291 2067 privilegiorum,
1331 2022 1545 2061 indultorum,
1585 2022 1787 2064 facultatum,

1036 2076 1289 2120 exemptionum,
1324 2075 1580 2116 immunitatum,
1603 2075 1787 2109 libertatum

1036 2135 1065 2162 et
1082 2129 1271 2173 gratiarum,
1295 2140 1354 2173 per
1374 2129 1533 2173 praefatos
1553 2134 1584 2162 et
1599 2129 1678 2162 alios
1694 2140 1789 2173 quos-

1035 2194 1175 2227 cumque
1196 2183 1358 2216 Romanos
1377 2182 1550 2216 Pontifices
1565 2183 1790 2226 praedecesso-

1035 2247 1087 2269 res
1106 2242 1232 2270 nostros
1251 2247 1288 2270 ae
1309 2236 1424 2269 Sedem
1445 2236 1663 2279 Apostolicam
1681 2236 1789 2280 hospi-

1036 2290 1102 2331 tali,
1125 2291 1277 2334 illiusque
1298 2289 1463 2333 magistro,
1482 2289 1653 2323 conventui
1674 2295 1704 2323 et
1723 2290 1788 2323 sra-

1034 2343 1138 2377 tribus
1150 2343 1305 2376 militibus
1319 2343 1454 2387 aliisque
1466 2343 1632 2386 quibusvis
1641 2344 1789 2388 personis

1035 2398 1185 2441 praefatis
1195 2398 1352 2431 haetenus
1363 2407 1605 2437 concessorum,
1622 2408 1659 2430 ae
1668 2394 1788 2431 littera-

1034 2457 1106 2479 rum
1118 2447 1259 2490 desuper
1268 2447 1488 2480 confectarum
1498 2452 1627 2479 tenores
1638 2457 1788 2490 praesen-

1034 2495 1119 2528 tibus
1128 2506 1186 2540 pro
1197 2496 1354 2540 expressis
1365 2495 1533 2537 habentes,
1542 2500 1632 2528 motu
1643 2496 1786 2540 proprio,

1034 2555 1099 2577 non
1119 2545 1159 2577 ad
1194 2544 1336 2587 magistri
1358 2550 1387 2577 et
1408 2549 1585 2577 conventus
1618 2544 1787 2589 hospitalis

1035 2593 1219 2626 huiusmodi
1242 2599 1296 2626 aut
1311 2593 1450 2626 alieuius
1463 2592 1595 2625 alterius
1610 2603 1710 2636 super
1725 2593 1786 2626 hoc

1034 2653 1092 2686 pro
1113 2643 1157 2675 eis
1168 2642 1260 2675 nobis
1272 2642 1396 2675 oblatae
1407 2641 1571 2685 petitionis
1586 2642 1784 2682 instantiam,

1811 245 1860 272 An.
1878 244 1908 272 C.
1923 245 1992 273 ¹568

1829 788 1866 811 Hie
1877 790 1925 811 ideo
1936 790 1988 811 Pon-

1807 823 1858 843 tifex
1865 822 1959 843 eamdem
1969 828 1989 843 e>

1806 855 1991 881 xemptioneninp-

1806 884 1889 911 prohat,
1906 887 1927 905 et
1952 886 1991 904 ite-

1807 918 1853 936 rato
1869 915 1976 941 concedit,
