2237 3100
78 275 128 301 An.
145 275 175 302 C.
195 274 260 302 1567

90 489 203 511 Permissio
211 496 261 511 cen-

77 527 114 542 sus
128 522 258 548 imponendi.

81 2167 266 2193 Congregaiionih.

82 2198 116 2218 hie
157 2200 266 2225 expressis

83 2229 204 2250 facultatem
213 2236 267 2250 cou-

82 2261 140 2281 cedit
154 2260 210 2281 bona
225 2264 268 2281 sta-

83 2292 134 2314 bilia
148 2293 263 2314 alienandi.

955 272 1023 295 ruis
1046 273 1066 295 V
1089 272 1136 296 Pr.

276 326 345 358 auri
368 327 399 358 in
420 337 512 363 auro,
535 325 717 359 donationis
733 331 761 357 et
785 325 1027 367 largitionisno-

278 379 374 419 mine,
393 390 426 412 se
446 380 610 413 soluturos
635 380 719 412 ultro
735 378 920 411 obtulerint.

320 432 334 474 ἓ
355 431 386 465 ⁶2.
409 432 483 473 Nos,
511 443 581 465 eam
603 433 786 465 animorum
813 432 1028 475 praefatarum

277 486 566 528 congregationum
594 486 625 518 in
653 496 712 519 nos
739 485 1028 529 promptitudinem

275 544 366 582 grata
385 539 580 583 accipientes
601 545 717 579 mente,
738 540 945 582 volentesque
971 541 1027 579 eis,

276 592 344 635 qui,
373 593 453 625 sicut
482 594 684 637 accepimus,
703 593 748 626 sic
772 593 865 625 nobis·
891 593 1029 625 oblatam

277 646 450 688 pecuniam
472 657 559 680 nune
581 647 611 680 in
632 652 798 691 promptu,
819 652 870 679 aut
897 647 1029 679 modum

276 699 363 732 illam
396 700 531 743 cogendi
562 700 767 743 infrascripto
810 700 917 732 minus
943 700 1031 732 dam-

276 763 392 786 nosum
412 759 467 786 aut
491 754 598 787 minus
624 754 787 786 difficilem
814 764 879 786 non
901 754 1030 789 habent,

276 817 340 850 quo
361 807 448 840 illam
470 807 574 845 citius,
597 808 682 840 iuxta
699 807 743 840 rei
757 807 961 849 exigentiam,
975 818 1029 840 co-

275 870 350 905 gere
369 861 505 904 possint,
528 866 710 905 opportune
732 860 913 904 providere,
941 866 1030 893 motu

277 914 409 958 proprio
434 920 464 947 et
485 926 519 947 ex
543 921 630 948 certa
651 920 760 947 nostra
785 914 916 947 scientia
938 925 974 946 ae
993 915 1030 947 de

275 967 471 1012 apostolicae
487 969 653 1013 potestatis
672 968 885 1012 plenitudine,
909 968 1031 1001 eisdem

277 1021 548 1065 praesidentibus,
570 1022 799 1062 visitatoribus,
814 1022 984 1054 abbatibus
1003 1027 1033 1054 et

276 1075 426 1119 praelatis
447 1075 733 1119 congregationum
752 1076 969 1120 praefatarum
1002 1081 1028 1108 et

277 1128 450 1162 cuiuslibet
474 1140 597 1169 earum,
614 1135 725 1162 tenore
746 1128 980 1172 praesentium,
998 1135 1031 1161 ut

277 1182 309 1215 in
330 1187 360 1215 et
380 1194 478 1227 super
506 1183 672 1226 quibusvis
691 1182 784 1215 bonis
813 1182 1033 1215 immobilibus

277 1236 575 1276 monasteriorum,
608 1237 811 1280 prioratuum
834 1241 860 1268 et
884 1237 1031 1270 locorum

278 1290 565 1334 congregationum
587 1291 787 1330 earumdem,
802 1301 860 1334 pro
873 1290 1032 1323 solutione

278 1343 440 1377 dictorum
452 1344 582 1387 triginta
593 1343 732 1377 millium
745 1350 926 1383 scutorum,
939 1355 1033 1387 quos-

279 1395 322 1430 vis
341 1407 468 1430 annuos
487 1408 615 1438 census,
633 1408 774 1442 quorum
799 1402 906 1430 tamen
931 1398 1032 1441 pretia

279 1449 397 1482 dietam
408 1450 537 1493 triginta
547 1450 686 1484 millium
695 1456 861 1484 scutorum
873 1462 1032 1484 summam

279 1504 411 1537 insimul
422 1514 487 1537 non
505 1504 669 1544 excedant,
691 1510 788 1548 prout
809 1505 925 1537 melius
946 1506 1032 1538 inve-

279 1557 349 1591 nire
368 1562 535 1602 poterunt,
553 1558 585 1590 in
600 1563 795 1603 perpetuum
808 1558 990 1602 imponere,
1004 1565 1032 1592 et

279 1611 325 1644 sic
346 1611 514 1656 impositos
530 1639 537 1652 ,
558 1612 723 1655 quibusvis
744 1612 890 1656 personis
908 1640 915 1652 ,
938 1613 1032 1646 etiam

280 1667 512 1707 saecularibus,
538 1666 891 1710 communitatibusque
916 1673 943 1700 et
966 1668 1033 1700 eol-

279 1720 370 1763 legiis
393 1721 441 1754 vel
461 1721 531 1754 aliis
547 1721 776 1754 communibus
795 1721 874 1754 locis
883 1722 1031 1759 vendere,

280 1781 309 1808 et
330 1774 521 1808 venditionis
547 1775 639 1807 titulo
675 1774 871 1807 constituere
899 1781 924 1808 et
955 1777 1034 1809 assi-

280 1839 405 1872 gnare,
441 1828 583 1872 ipsisque
610 1829 756 1872 personis
783 1829 885 1861 dictos
919 1840 1035 1862 census

279 1883 472 1923 ementibus,
494 1889 529 1915 ut
549 1893 665 1916 census
682 1883 768 1927 ipsos
789 1883 820 1915 in
837 1889 955 1916 sortem
977 1885 1034 1917 mi-

279 1937 366 1970 nime
384 1938 632 1981 computandos,
654 1937 693 1970 ab
716 1937 835 1970 eisdem
858 1949 1033 1982 congrega-

280 1991 422 2024 tionibus
441 1991 474 2023 in
495 1992 641 2035 singulos
675 2003 777 2025 annos
806 1992 974 2036 percipere
1005 2000 1032 2025 ct

280 2045 419 2088 exigere,
434 2046 466 2078 in
479 2056 620 2090 suosque
639 2047 685 2079 vel
700 2047 780 2079 alios
790 2046 848 2079 sibi
870 2047 1035 2081 benevisos

282 2111 358 2133 usus
379 2105 410 2133 et
423 2099 593 2133 utilitatem
606 2106 806 2137 convertere,
829 2112 865 2133 ac
881 2112 917 2134 ex
934 2102 1035 2134 omni-

281 2154 342 2186 bus
362 2153 668 2196 congregationibus
684 2154 834 2198 praefatis
845 2154 1034 2192 Cassinensi,

282 2208 490 2247 Cartusiensi,
511 2209 714 2241 Laterauensi
737 2214 767 2241 et
792 2208 903 2241 Montis
924 2209 1035 2242 Oliveti

282 2272 462 2304 earumque
479 2267 506 2295 et
530 2262 699 2295 cuiuslibet
718 2273 831 2295 earum
854 2263 1037 2306 praesiden-

283 2316 378 2357 tibus,
398 2315 627 2356 visitatoribus,
644 2316 813 2349 abbatibus
827 2322 857 2349 et
877 2317 1035 2359 praelatis,

281 2370 403 2415 quippe
423 2369 542 2413 quibus
562 2380 598 2402 ex
618 2370 769 2413 praefatis
789 2370 919 2411 triginta
940 2371 1035 2403 milli—

282 2424 448 2458 busseutis
459 2434 602 2456 summas
610 2424 734 2456 cieteris
745 2424 883 2456 maiores
895 2425 1035 2458 solvendi

282 2485 366 2507 onus
386 2473 567 2513 incumbit,
600 2478 633 2505 ut
654 2484 713 2516 pro
739 2472 926 2516 portionum
952 2474 1037 2518 ipsas

283 2529 424 2568 quatuor
444 2522 710 2565 congregationes
724 2528 753 2555 et
771 2533 1036 2567 unamquamque

283 2585 319 2607 ex
331 2573 389 2613 eis,
406 2573 445 2606 de
466 2573 549 2606 dieta
570 2572 700 2615 triginta
720 2572 856 2604 millium
870 2578 1035 2605 scutorum

283 2634 422 2663 summa,
444 2622 644 2664 tangentium
674 2621 858 2661 solutione,
892 2632 948 2654 seu
978 2633 1036 2665 pro

284 2683 454 2713 censuum,
476 2677 511 2705 ut
532 2672 730 2714 praefertur,
754 2670 956 2704 venditorum
985 2682 1035 2705 re-

1711 263 1774 297 639

1072 325 1143 357 dem
1150 330 1178 367 pt
1186 324 1268 361 ione,
1277 325 1397 368 qumvis
1404 324 1528 358 stabilia
1539 325 1820 362 monasteriorum,

1074 377 1276 421 prioratuum
1291 384 1321 410 et
1332 377 1470 411 aliorum
1487 378 1673 411 earumdem
1687 389 1822 421 congre-

1071 432 1250 474 gationum,
1274 432 1420 465 locorum
1440 432 1525 465 bona
1542 434 1695 476 (quorum
1718 438 1823 465 tamen

1073 485 1198 528 singula
1227 486 1340 529 pretia,
1361 487 1504 529 singulas
1524 486 1687 530 portiones
1709 497 1824 520 unam-

1073 550 1236 583 quamque
1253 551 1289 573 ex
1310 540 1429 574 eisdem
1448 540 1767 585 congregationibus,
1791 547 1825 574 ut

1074 592 1266 635 praefertur,
1285 598 1450 637 tangentes
1459 605 1523 627 non
1540 594 1719 637 excedant),
1738 593 1825 627 simi-

1074 645 1145 678 liter
1154 646 1330 689 quibusvis,
1342 647 1437 680 etiam
1447 648 1668 682 saecularibus
1681 644 1827 692 personis

1073 704 1103 731 et
1123 700 1202 732 loeis
1223 701 1344 743 pariter
1361 701 1391 734 in
1417 707 1613 746 perpetuum
1636 703 1777 735 vendere
1797 708 1828 736 et

1073 752 1226 791 alienare,
1249 753 1387 798 indeque
1409 756 1583 799 respective
1609 756 1827 800 provenientia

1075 806 1175 848 pretia
1205 812 1232 839 et
1252 807 1463 851 pecuniarum
1485 820 1627 842 summas
1647 809 1773 854 exigere
1797 815 1828 843 et

1074 859 1230 902 recipere,
1254 871 1290 893 ac
1307 861 1344 894 de
1378 862 1457 894 actis
1477 867 1507 895 et
1524 863 1661 907 receptis
1677 863 1708 896 in
1726 863 1828 897 forma

1074 913 1111 945 de
1133 913 1202 946 iure
1228 915 1328 947 valida
1353 915 1521 958 quietare,
1544 916 1745 960 emptoribus
1770 928 1827 950 au-

1075 972 1137 999 tem
1159 966 1247 1010 ipsis,
1271 975 1303 1001 ut
1325 969 1411 1002 dicta
1427 969 1552 1002 stabilia
1572 971 1655 1003 bona
1677 981 1783 1004 emere
1799 977 1827 1004 et

1074 1020 1244 1064 acquirere
1267 1021 1378 1061 libere,
1402 1022 1487 1055 licite
1508 1029 1534 1055 et
1559 1023 1690 1067 impune
1712 1029 1742 1057 et
1761 1025 1829 1057 abs<

1074 1084 1138 1116 que
1158 1074 1267 1117 aliquo
1290 1075 1505 1109 conscientiae
1528 1087 1627 1110 onere
1656 1089 1712 1110 seu
1737 1088 1828 1110 seru—

1075 1127 1152 1170 pulo
1163 1128 1337 1171 respective
1351 1129 1473 1173 possint
1488 1135 1518 1162 et
1534 1131 1672 1171 valeant,
1691 1131 1830 1173 gratiose

1075 1181 1284 1214 concedimus
1309 1188 1339 1215 et
1360 1183 1576 1226 indulgemus.

1119 1236 1133 1277 ς’
1161 1234 1193 1268 3.
1218 1236 1398 1277 Praeterea,
1430 1237 1577 1281 iniquum
1612 1238 1671 1271 rati
1701 1239 1828 1272 easdem
1874 1263 2028 1288 Congregm,

1076 1290 1342 1332 congregationes
1362 1301 1422 1334 pro
1440 1302 1503 1324 una
1525 1292 1703 1336 eademque
1723 1304 1757 1326 re
1773 1293 1830 1326 du-
1844 1299 1892 1345 2,ἳῖ
1908 1283 1935 1314 ¹¹}
1952 1293 2029 1345 331ξὲ

1075 1341 1204 1385 pliciter
1238 1344 1362 1386 gravari
1383 1357 1401 1385 ,·
1422 1350 1449 1377 et
1485 1350 1659 1389 propterea
1688 1347 1830 1380 volentes
1845 1331 1977 1391 πεωζιιξζιιι,
2018 1362 2030 1375 a

1076 1405 1188 1427 earum
1209 1395 1411 1430 indemnitati
1432 1404 1615 1442 opportune
1647 1399 1828 1443 providere,
1844 1386 1935 1438 Ξῖᾞῗζᾞ
1954 1391 2031 1438 ,Ξῐῖἶῖ

1076 1454 1184 1489 motu,
1213 1449 1346 1483 scientia
1379 1456 1406 1483 et
1433 1452 1600 1495 potestatis
1627 1453 1830 1496 plenitudine
1844 1450 2034 1501 ζίἳῗζξζζιγζῗηζῖᾎ

1076 1502 1247 1541 similibus,
1263 1505 1531 1547 congregationes
1551 1506 1636 1549 ipsas
1651 1507 1829 1550 etquamli-
1845 1515 1865 1548 ⁸¹}
1877 1497 1923 1533 cuni
1934 1498 2035 1548 Ιὸῑσῑὲῃο·

1076 1555 1248 1589 betearum
1264 1556 1455 1602 singulaque
1472 1558 1615 1602 ipsarum
1637 1561 1830 1594 monasteria
1845 1547 2030 1599 iiiiiucsffli'uc'i'et

1077 1615 1105 1643 et
1127 1610 1197 1643 loca
1225 1611 1264 1643 ab
1288 1612 1421 1644 alterius
1441 1612 1535 1652 tanti,
1558 1620 1716 1657 quantum
1731 1615 1832 1648 subsi-
1846 1607 1895 1626 ὡς
1924 1606 2030 1633 '⁰5⁰¹”i‘

1846 1637 1884 1657 hus
1910 1638 1943 1658 vel
1967 1643 2030 1659 secu-

1076 1665 1119 1697 <lii
1158 1666 1288 1698 nomine
1319 1667 1491 1709 quotannis
1529 1668 1634 1701 eidem
1679 1668 2030 1703 Cameraefflrssfflminime

1077 1720 1199 1752 solvere
1225 1726 1475 1761 consueverunt,
1494 1732 1552 1765 per
1573 1732 1631 1755 nos
1647 1733 1753 1766 nuper
1772 1723 1829 1764 eis,
1846 1706 1976 1752 iiiiiiiire
1996 1703 2031 1721 'e'

1078 1779 1133 1817 per
1162 1780 1287 1807 nostras
1314 1774 1346 1806 in
1372 1776 1475 1807 fornia
1498 1775 1602 1809 brevis
1626 1775 1753 1815 literas,
1780 1778 1832 1810 die

1076 1828 1170 1860 tertia
1196 1828 1315 1860 mensis
1339 1829 1524 1862 novembris
1556 1830 1702 1874 proxime
1731 1831 1832 1874 elapsi

1078 1882 1253 1924 expeditas,
1277 1882 1431 1925 impositi,
1448 1888 1475 1915 et
1489 1884 1678 1926 quorumvis
1693 1876 1832 1917 aliorum

1077 1935 1296 1968 subsidiorum
1318 1947 1374 1969 seu
1396 1947 1547 1975 onerum,
1570 1948 1606 1970 ex
1632 1938 1691 1971 hac
1708 1939 1832 1981 praesa-

1079 1996 1184 2023 torum
1215 1996 1404 2034 sumptuum
1431 2002 1527 2024 causa
1559 2002 1617 2035 per
1641 2003 1699 2025 nos
1726 1993 1834 2026 forsan

1078 2043 1305 2087 impositorum
1323 2054 1378 2077 seu
1392 2044 1680 2088 imponemlorum,
1694 2051 1835 2090 praesta—

1077 2099 1164 2131 tione
1185 2109 1241 2131 seu
1263 2097 1434 2138 solutione,
1459 2098 1502 2130 ita
1523 2099 1609 2141 quod
1635 2099 1674 2131 ad
1700 2099 1754 2132 illa
1780 2105 1836 2133 aut

1079 2164 1115 2186 ex
1137 2152 1182 2185 eis
1196 2152 1305 2196 aliqua
1329 2152 1531 2192 solvendum,
1555 2163 1611 2185 seu
1632 2153 1665 2185 in
1681 2153 1734 2186 illa
1759 2164 1833 2186 cum

1079 2207 1168 2245 locis,
1190 2206 1286 2239 etiam
1301 2205 1589 2239 communitatibus
1605 2217 1661 2240 seu
1674 2207 1832 2241 universi-

1079 2260 1207 2300 tatibus,
1232 2265 1288 2293 aut
1308 2260 1434 2293 clericis
1458 2260 1663 2303 regularibus
1682 2271 1738 2294 seu
1764 2272 1833 2296 sae-

1079 2314 1247 2347 cularibus
1267 2313 1531 2347 concurrendum
1552 2324 1608 2347 seu
1625 2314 1835 2348 contribuen-

1079 2369 1156 2401 dum
1177 2368 1266 2401 inviti
1277 2368 1361 2411 cogi,
1372 2373 1427 2401 aut
1441 2378 1478 2401 eo
1490 2372 1657 2411 praetextu
1669 2369 1834 2402 molestari

1079 2423 1263 2456 nullatenus
1284 2422 1417 2466 possint,
1446 2431 1579 2465 prorsus
1605 2421 1775 2456 eximimus
1805 2429 1835 2456 et

1078 2472 1269 2512 liberamus,
1287 2483 1323 2505 ae
1337 2471 1459 2505 liberos
1469 2476 1499 2504 et
1510 2476 1676 2516 exemptos
1687 2471 1834 2513 facimus,

1078 2532 1147 2555 esse
1166 2522 1316 2554 volumus
1336 2525 1367 2553 et
1390 2520 1605 2554 declaramus.

1833 273 1881 299 An*
1900 273 1929 299 C.
1951 273 2017 300 ¹567

1122 2572 1137 2614 ἓ
1161 2571 1193 2604 4.
1229 2571 1481 2614 Praesentesque
1511 2575 1646 2612 nostras,
1678 2570 1717 2603 de
1737 2571 1832 2604 obre·
1883 2582 2031 2604 praesentium

1077 2621 1197 2666 ptionis
1217 2621 1264 2654 vel
1284 2619 1502 2664 subreptionis
1520 2619 1616 2660 vitio,
1645 2630 1701 2654 seu
1727 2620 1832 2653 inten-
1847 2614 1956 2667 ffiffi‘um
1994 2615 2031 2635 ⁰¹*

1079 2670 1174 2704 tionis
1188 2676 1306 2704 nostra}
1315 2670 1363 2704 vel
1378 2670 1440 2703 alio
1451 2669 1564 2713 quovis
1576 2669 1704 2704 defectu
1714 2669 1830 2709 notari,
