2237 3100
97 243 147 271 An.
166 243 194 270 C,
212 244 281 271 1565

105 517 216 545 Quaelibet
229 523 279 544 per-

94 554 159 570 sonae
174 550 195 569 in
210 550 279 575 digni-

93 583 136 601 tate
147 580 278 601 ecclesiasti-

93 617 118 632 ou
147 611 278 632 constitutae

92 642 175 668 possint
191 642 240 667 eligi
257 643 276 662 in

91 677 212 695 conservat.
231 680 277 695 cum

89 704 224 727 lacunalibus
242 713 278 733 op-

90 737 186 763 portunis
203 740 224 758 οι
240 743 277 758 ne-

91 768 200 793 cenarum

109 2224 132 2245 Et
155 2225 199 2246 iura
214 2230 266 2245 mor-

82 2257 196 2277 tuariorum
204 2259 224 2277 et
235 2263 267 2276 va-

81 2288 172 2308 cantium
213 2289 266 2310 solvi

81 2319 159 2339 debent
174 2320 211 2341 sub
226 2328 264 2348 pm-

80 2351 113 2370 nis
129 2353 166 2371 etc.

971 246 1039 270 PIUS
1048 248 1090 272 ³-1V
1109 248 1156 272 PP-

1739 237 1797 271 351
1865 246 1913 272 An.
1936 247 2048 274 01:565

295 297 420 331 neficiis
451 297 659 338 huiusmodi,
685 298 763 331 alias
792 299 877 331 iuxta
913 299 1048 332 formam
1091 299 1189 333 sionis
1208 299 1443 333 beneficiorum
1464 299 1502 331 ad
1521 309 1635 332 manus
1647 310 1721 333 suas
1741 311 1845 333 reme-

295 349 537 394 privilegiorum
564 352 825 394 praedictorum,
849 352 972 395 privare
1001 364 1049 385 va-

294 404 391 443 leant,
414 403 624 437 concedimus
643 410 671 437 et
699 405 914 448 indulgemus.

337 457 352 499 g
373 456 426 490 67.
449 457 580 489 Necnon
602 468 756 500 personas
775 458 807 490 in
829 458 979 501 dignitate
996 470 1048 491 ec-

294 510 471 543 clesiastica
502 509 638 543 ubilibet
668 512 856 544 constitutas
889 517 920 544 et
952 524 1049 555 quos-

293 574 434 606 cumque
459 564 607 596 locorum
641 564 840 605 ordinarios,
873 576 910 598 ac
935 576 1047 598 eorum

292 616 426 650 vicarios
455 622 485 649 et
519 617 683 656 officiales,
716 628 841 651 necnon
876 619 1049 651 canonicos

293 669 617 713 metropolitanarum
644 676 674 702 et
708 670 844 703 aliarum
879 672 1047 705 cathedra-

291 723 384 764 lium,
400 722 604 765 aliarumque
626 723 834 756 ecelesiarum
848 726 1007 768 praelatos
1019 731 1047 758 et

290 781 444 817 rectores,
458 787 517 820 per
531 777 659 809 eosdem
672 777 808 820 priores,
824 784 1048 821 praeceptores

289 836 320 863 et
331 830 456 870 fratres,
480 841 516 863 ac
528 841 641 863 eorum
664 830 808 874 singulos
828 842 886 874 pro
903 837 1046 875 tempore

289 883 454 927 eligendos
483 884 514 916 in
551 895 665 917 eorum
696 890 953 925 conservatores,
976 886 1044 929 qui,

288 936 444 980 quamdiu
473 936 676 969 exercuerint
703 937 825 969 dictum
851 937 1007 978 osticium,
1030 950 1047 971 a

288 990 429 1027 nemine,
453 1000 517 1033 quo
545 990 652 1023 minus
677 991 756 1023 illud
783 997 963 1032 exerceant,
987 992 1046 1024 sub

288 1042 397 1086 aliquo
427 1048 593 1086 praetextu
624 1043 773 1086 impediri
800 1044 847 1076 vel
883 1045 1046 1078 molestari

288 1096 423 1139 possint,
450 1096 664 1140 deputamus:
688 1096 730 1129 ita
750 1096 835 1139 quod
858 1097 917 1140 ipsi
938 1098 1043 1139 electi,

289 1147 348 1180 sub
382 1148 726 1181 excommunicationis
759 1149 840 1181 latae
870 1150 1046 1184 sententiae

289 1211 412 1244 poena,
436 1201 566 1234 eosdem
586 1202 733 1245 priores,
763 1207 990 1246 praeceptores
1016 1210 1046 1237 et

287 1253 402 1287 fratres
430 1266 466 1288 ac
486 1265 600 1288 eorum
623 1255 767 1297 singulos
792 1255 943 1288 adversus
964 1256 1044 1290 inse-

288 1311 394 1339 rentes
415 1307 461 1339 eis
493 1313 549 1340 aut
576 1317 689 1340 eorum
716 1308 924 1341 servitoribus
944 1313 974 1341 et
998 1310 1044 1342 fa-

287 1358 469 1393 miliaribus
507 1360 642 1393 iniurias
686 1372 741 1393 seu
780 1362 964 1403 gravamina
997 1364 1044 1396 vel

288 1413 404 1445 damna
437 1413 468 1445 in
494 1414 652 1457 personis,
681 1414 777 1447 rebus
795 1421 824 1447 et
850 1415 955 1455 bonis,
988 1427 1042 1449 seu

287 1466 448 1509 exigentes
460 1468 499 1500 ab
520 1468 565 1500 eis
579 1467 756 1510 vectigalia,
779 1468 875 1507 datia,
896 1470 1041 1513 pedagia,

286 1520 438 1563 gabellas,
458 1522 609 1554 collectas
638 1527 693 1554 aut
717 1522 778 1554 alia
799 1532 909 1563 onera,
933 1523 1043 1557 delen-

287 1575 364 1607 dere
385 1580 413 1607 et
441 1586 670 1618 praeseivare;
702 1587 738 1609 ac
768 1587 898 1609 omnem
929 1588 1042 1610 eorum

285 1627 543 1662 iurisdictionem
570 1640 739 1669 exercerc,
763 1641 889 1663 necnon
915 1638 1043 1665 senten-

287 1681 356 1721 tias,
375 1692 528 1715 censuras
543 1687 573 1715 et
585 1694 704 1726 poenas
716 1683 947 1716 ecclesiasticas
963 1695 1042 1717 eon—

286 1740 333 1767 tra
363 1735 500 1768 rebelles
527 1742 558 1769 et
578 1736 800 1770 inobedientes
826 1749 900 1769 cum
926 1738 1041 1771 cll'ectu

285 1790 505 1832 promulgare;
524 1801 558 1822 ac
572 1790 722 1823 omnibus
734 1791 950 1829 facultatibus,
970 1804 1043 1825 con-

284 1843 499 1876 servatoribus
524 1844 600 1877 dicti
622 1844 788 1887 hospitalis
810 1850 840 1877 et
861 1845 947 1877 illius
968 1857 1041 1889 per-

284 1908 437 1931 sonarum
460 1910 516 1942 per
541 1909 762 1943 quascumque
788 1899 896 1932 literas
916 1907 1041 1943 aposto—

285 1951 362 1985 licas
372 1953 617 1995 quomodolibet
637 1953 810 1993 concessis,
821 1953 879 1990 uti,
892 1965 927 1986 ac
950 1955 1042 1998 privi-

283 2006 367 2047 legia
379 2005 554 2049 prioribus,
568 2006 833 2050 pi·at.³ceptoribus
845 2012 875 2040 et
890 2008 1041 2041 fratribus

284 2060 433 2102 praefatis
450 2070 508 2104 pro
524 2065 669 2103 tempore
686 2071 850 2099 concessa,
873 2061 917 2094 eis
934 2062 1040 2095 obscr-

284 2113 348 2145 vari
369 2113 475 2146 facere
496 2113 633 2146 debeant
654 2119 684 2146 et.
705 2119 885 2147 teneantur.

327 2168 342 2210 ἓ
363 2167 416 2200 68.
440 2168 483 2200 Ac
504 2167 573 2199 iura
595 2168 848 2200 mortuariorum
875 2174 903 2201 et
929 2180 1040 2202 vacan-

282 2221 376 2261 tium,
401 2231 527 2254 necnon
544 2221 797 2263 arreragiorum,
818 2222 1037 2265 passagiorum

282 2279 312 2308 et
331 2275 469 2308 aliorum
482 2286 778 2319 quorumumnque,
801 2275 841 2308 ita
860 2281 891 2308 ut
910 2278 1039 2320 quaevis

283 2339 450 2372 personae,
474 2328 710 2372 cuiuscut‘nque
731 2329 968 2363 ecclesiasticae
989 2331 1037 2363 di-

280 2383 409 2426 gnitatis
430 2383 611 2421 existentes,
631 2383 963 2428 beneticiahospitalis
980 2386 1037 2417 liu-

281 2432 420 2465 iusmodi
442 2443 500 2476 pro
521 2438 666 2476 tempore
688 2433 880 2473 obtinentes,
904 2433 957 2466 illa
973 2434 1036 2467 sol-

280 2492 353 2514 vere
380 2482 513 2514 omnino
539 2487 711 2514 teneantur
737 2487 764 2514 et
793 2482 935 2515 adstricti
956 2483 1033 2522 sint;

280 2541 317 2563 ae
338 2530 377 2562 ad
394 2530 436 2569 id,
449 2530 545 2563 etiam
564 2530 622 2563 sub
639 2531 816 2569 sententiis,
839 2531 986 2564 censuris
1006 2536 1036 2564 et

282 2578 395 2622 poenis
410 2579 645 2618 ecclesiasticis,
658 2590 694 2611 ac
711 2579 789 2612 alias
802 2579 887 2612 iuxta
903 2591 1035 2613 eorum-

281 2627 353 2661 dem
384 2628 561 2672 privilegia‚
593 2628 780 2672 privationis
801 2634 831 2662 et
851 2629 1034 2673 apprehen-

1091 352 1152 385 diis
1172 354 1242 395 cogi
1264 352 1397 396 possint,
1420 352 1496 385 solvi
1519 353 1720 386 mandamus.

1135 408 1149 448 ,ξ
1170 406 1223 439 69.
1238 407 1367 439 Necnon
1389 405 1626 450 exemptiOnem
1643 411 1672 438 et
1688 405 1847 439 liberatio·
1890 419 1985 454 rac-0110·
2002 426 2049 455 ¹su-

1092 470 1163 492 nem
1187 461 1354 503 praefatas,
1368 460 1410 492 ita
1421 460 1508 503 quod
1525 459 1687 502 magister,
1706 459 1844 503 priores,
1862 451 2046 507 ζ”ᾝᾹῊ-,Μᾞζῖῗῖ

1092 518 1318 557 praeceptores
1353 518 1383 545 et
1408 512 1483 545 dicti
1514 512 1681 555 hospitalis
1711 513 1843 552 fratres,
1862 512 2049 569 ιἰῑζῑῇεξιζὲῇζῗθζι

1091 566 1271 607 cappellani
1284 576 1518 609 aquocumque
1538 565 1696 598 catholico
1707 565 1845 598 antistite
1862 574 1985 610 cetebragmi
2008 560 2012 567 '
2028 576 2047 594 ιιι

1090 618 1149 650 sub
1172 619 1332 652 Romanae
1354 619 1443 651 Sedis
1463 619 1646 652 obedientia
1673 619 1845 652 constituto
1862 605 1968 656 2122i¹¹¹⁵v¹⁵
1979 606 2049 626 “⁰¹²⁴

1090 681 1198 703 sacros
1213 672 1354 711 ordines,
1369 671 1464 704 etiam
1483 677 1569 704 extra
1583 677 1728 715 tempora
1743 683 1760 704 a
1777 672 1846 706 iure

1090 728 1218 763 statuta,
1232 725 1334 757 tribus
1355 725 1468 757 diebus
1489 725 1605 757 festivis
1622 725 1798 768 suscipere,
1816 732 1847 759 et

1091 775 1120 808 in
1142 777 1308 820 quibusvis
1342 782 1405 810 tam
1432 779 1647 811 saecularium
1674 790 1771 821 quam
1794 791 1845 813 re-

1089 830 1249 871 gularium
1273 830 1428 869 ecelesiis,
1452 831 1573 874 absque
1589 831 1726 864 alicuius
1744 832 1845 865 lieen-

1089 882 1143 923 tia,
1167 884 1331 916 celebrare
1354 885 1486 928 possint.

1133 937 1220 979 §7st
1250 937 1286 969 Et.
1316 938 1376 981 ipsi
1407 938 1558 979 magister
1592 944 1621 971 et
1650 945 1842 979 conventus,

1088 999 1215 1021 necnon
1237 989 1326 1032 prior
1343 991 1511 1030 ecclesiae,
1535 991 1652 1034 aliique
1674 992 1798 1034 priores
1816 998 1845 1026 et

1088 1048 1316 1086 praeceptores
1342 1043 1425 1076 intra
1449 1044 1566 1077 limites
1591 1056 1723 1078 suarum
1750 1046 1845 1079 iuris-
1861 1075 1893 1092 m
1912 1078 1995 1092 mmm
2014 1073 2046 1092 ,u-

1087 1095 1266 1129 dictionum
1284 1102 1314 1129 et
1335 1097 1651 1130 administrationum
1672 1099 1737 1131 veri
1758 1100 1844 1132 ordi-
1860 1102 1978 1143 ¹*¹?d‚t⁰¹³9f‘·
2001 1104 2045 1123 ’θη

1087 1149 1180 1189 narii,
1212 1149 1298 1183 iuxta
1326 1151 1462 1183 formam
1499 1151 1789 1185 stabilimentorum
1816 1160 1846 1186 et
1861 1134 1960 1153 mmm
1988 1137 2043 1153 sum'

1087 1202 1330 1245 privilegiorum
1358 1204 1611 1248 praedictorum,
1648 1205 1781 1239 existant
1815 1212 1842 1239 ct

1087 1266 1155 1288 esse
1176 1262 1380 1289 censeantur.

1131 1309 1145 1349 ξ
1166 1309 1218 1342 7t.
1241 1310 1373 1343 Necnon
1394 1311 1583 1353 magistrum
1600 1317 1630 1344 et
1650 1318 1841 1346 conventum

1086 1373 1310 1407 quoscumque
1345 1370 1373 1397 et
1395 1365 1538 1407 singulos
1556 1365 1682 1408 priores
1698 1377 1734 1398 ae
1755 1378 1841 1399 com—

1087 1416 1289 1449 mendatores
1318 1429 1451 1450 suorum
1478 1418 1680 1461 prioratuum
1702 1425 1729 1451 et
1753 1431 1841 1452 eom-

1086 1470 1276 1503 mendarum
1313 1471 1426 1504 fratres
1451 1483 1506 1503 seu
1538 1471 1706 1514 religiosos
1737 1473 1840 1506 delin-

1085 1528 1220 1564 quentes
1254 1524 1299 1555 vel
1336 1524 1568 1563 inobedientes,
1605 1525 1840 1569 cuiuscumque

1085 1574 1258 1616 dignitatis,
1291 1581 1402 1615 status,
1430 1577 1559 1619 gradus,
1587 1577 1719 1614 ordinis,
1738 1590 1840 1622 przee-

1087 1627 1249 1660 mittentia]
1262 1629 1443 1669 existentes,
1458 1630 1553 1662 etiam
1565 1630 1590 1663 si
1606 1631 1727 1672 quavis⁷
1745 1632 1839 1665 etiam

1084 1682 1271 1723 apostoliea,
1289 1683 1492 1726 exemptione
1514 1682 1702 1725 fungantur,
1723 1684 1841 1727 inquo-

1085 1745 1225 1777 cumque
1242 1736 1326 1775 loco,
1349 1736 1565 1779 quamtumvis
1581 1737 1792 1780 privilegiato.
1812 1746 1842 1772 et

1083 1788 1205 1831 quavis,
1220 1788 1315 1821 etiam
1334 1789 1551 1833 imperatoris,
1571 1800 1681 1833 regum
1694 1802 1749 1824 seu
1767 1792 1842 1824 alio-

1085 1851 1156 1873 rum
1192 1842 1390 1885 principum,
1414 1842 1509 1875 etiam
1532 1844 1839 1886 ecelesiasticorum,

1084 1895 1186 1933 curia,
1209 1906 1267 1939 per
1292 1907 1323 1928 se
1344 1902 1396 1929 aut
1420 1908 1495 1929 suos
1513 1897 1666 1930 officIales
1691 1905 1719 1930 et
1749 1899 1842 1932 mini-

1083 1948 1174 1983 stros,
1196 1955 1311 1987 capere
1337 1950 1365 1977 et
1393 1945 1608 1986 incarcerare,
1632 1958 1668 1979 ac
1689 1954 1799 1991 captos
1824 1960 1841 1981 a

1083 2004 1114 2025 se
1140 1994 1187 2025 vel
1208 2004 1322 2026 eorum
1344 1994 1474 2027 nomine
1496 1994 1644 2034 liberare,
1669 2002 1696 2028 et
1721 1997 1758 2029 ad
1782 1998 1839 2030 ho-

1082 2042 1196 2085 spitale
1217 2043 1396 2085 praelatum
1424 2053 1481 2085 per
1502 2043 1689 2085 magistrum
1712 2052 1742 2078 et
1762 2057 1839 2079 con—

1081 2096 1209 2123 ventum
1226 2092 1397 2135 praefatos,
1411 2091 1495 2124 iuxta
1511 2103 1623 2125 eorum
1641 2094 1839 2128 constitutio-

1081 2150 1137 2172 nes
1158 2145 1188 2173 et
1208 2140 1435 2180 stabilimenta,
1457 2140 1637 2183 puniendos
1653 2143 1713 2174 sub
1733 2143 1837 2177 debita

1082 2189 1226 2221 custodia
1248 2190 1462 2222 transmittere
1479 2196 1506 2223 et
1531 2190 1701 2223 transmitti
1720 2192 1837 2233 facere,

1080 2236 1182 2269 libere
1203 2243 1233 2270 et,
1255 2238 1340 2270 licite
1362 2250 1466 2281 posse.

1124 2287 1138 2329 ξ
1159 2287 1209 2319 79..
1235 2288 1277 2320 Ac
1300 2292 1362 2319 tam
1384 2287 1631 2327 ecclesiasticos,
1653 2300 1749 2332 quam
1772 2300 1837 2323 sac-
1878 2306 2039 2334 ementesque

1079 2337 1205 2369 culares
1226 2336 1380 2369 officiales
1396 2342 1426 2369 et
1447 2337 1594 2369 locorum
1611 2343 1782 2381 potestates
1797 2339 1836 2371 ad
1852 2341 2038 2396 ξέἐψῐῡξτζζζξζζζ

1079 2385 1198 2418 eisdem
1221 2386 1373 2428 magistro
1394 2390 1424 2418 et.
1450 2385 1633 2425 conventui,
1656 2386 1833 2429 prioribus,
1850 2401 2038 2427 anacamptos·-

1078 2435 1397 2467 commendatoribus
1424 2435 1560 2478 aliisque
1591 2435 1621 2467 in
1652 2432 2037 2484 praemissisflfffssedsssslss‘ssssfssn'ss

1078 2483 1302 2524 assistendum,
1315 2484 1481 2525 auxilium,
1495 2484 1678 2525 consilium,
1694 2484 1833 2518 favorem
1850 2494 1970 2520 ‹ruatibus-

1077 2538 1105 2565 et
1128 2533 1275 2566 iuvamen
1302 2533 1542 2577 praestandum,
1566 2533 1625 2565 sub
1646 2543 1833 2566 excommu-

1076 2580 1245 2614 nicationis
1275 2588 1305 2614 et
1332 2582 1401 2615 aliis
1422 2582 1567 2615 censuris
1592 2588 1622 2615 et
1646 2582 1759 2626 poenis
1780 2593 1832 2615 ec-

1079 2631 1277 2671 clesiasticis,
1305 2631 1407 2665 teneri
1428 2637 1458 2665 et
1477 2632 1634 2675 obligatos
1655 2633 1732 2665 sore.

1896 947 1920 967 M.
1939 948 2044 973 magister,

1860 980 2047 1005 conventuaprio-

1861 1016 1894 1030 res
1911 1014 1931 1030 et
1946 1015 2046 1036 praerep-

1861 1044 1918 1061 tores
1929 1044 1983 1060 intra
1994 1041 2046 1060 limi-

1910 1318 2008 1344 Magister
2025 1322 2045 1339 el

1858 1352 2045 1375 convenitisqnios-

1858 1385 1945 1406 cunique
1975 1376 2045 1400 detin'-

1857 1414 1947 1436 quentes
1968 1412 2044 1438 dinque

1857 1447 1991 1461 ineat-celate
2023 1446 2044 1462 et,

1857 1472 1880 1491 ad
1899 1471 1966 1491 locum
1988 1478 2042 1491 eon-

1857 1503 2042 1523 ventusvet.·l1um

1857 1534 1969 1553 transmitti,
1990 1540 2040 1560 po·-

1857 1564 1907 1587 sinu
