2237 3100
244 267 291 294 An.
310 265 339 293 C.
359 265 427 294 ¹⁸6⁹

291 1985 436 2012 tssempmrmn

256 2018 314 2037 filos.

289 2323 374 2342 saucno
391 2328 442 2349 poe-

263 2354 323 2376 nalis.

438 317 540 351 tifices
559 315 821 360 praedecessores
845 315 970 343 nostros
1003 318 1038 340 ae
1073 316 1131 339 nos
1155 309 1185 337 et

1033 252 1210 278 BULLARIUM
1233 250 1383 275 ROMANUM

1990 241 2038 268 An.
2055 240 2085 267 c.
2104 238 2172 267 ¹569

1542 299 1653 333 CXXV.

439 371 553 405 sedem
575 369 781 412 Psaffllffimm'
809 369 903 397 ‘mam
929 366 1018 395 mom
1051 370 1184 403 ΡΓΟΡῙΊΟ
1229 378 1328 419 Quod,
1352 378 1386 410 in
1406 376 1541 419 siuyulis
1556 374 1734 418 provinciis
1751 374 1893 415 fratrum
1917 372 1977 405 Mt·-

439 430 470 458 et
494 434 530 457 ex
558 428 642 456 certa
681 418 825 457 seientia,
865 417 967 459 deque
993 413 1185 458 apostolicae

441 475 603 521 potestatis
622 472 831 518 plenitudine,
852 481 889 503 ac
909 469 986 502 alias
1005 467 1185 511 quomodo-

441 540 580 573 cumque
600 533 630 560 et
660 525 717 558 sub
738 524 1000 568 quibuscumque
1020 521 1187 553 tenoribus

441 588 471 616 et
490 581 610 619 formis,
631 585 662 612 et
694 589 731 611 ex
760 575 924 621 quibusvis
949 574 1065 613 causis,
1092 573 1186 606 etiam

440 635 597 674 onerosis,
614 645 650 667 ae
671 642 743 665 eum
766 629 1032 668 restitutionibus,
1045 638 1187 672 praeser-

440 688 631 727 vationibus,
667 684 944 729 derogatoriarum
979 681 1189 724 (lerogatoriis

441 742 577 785 aliisque
598 739 797 778 fortioribus,
829 735 1060 770 efficacissimis
1085 740 1113 767 et
1140 734 1188 766 in-

441 795 543 828 solitis
567 793 739 832 clausulis,
776 800 902 823 necnon
926 788 1127 821 irritantibus
1160 792 1190 819 et

442 849 514 882 aliis
539 846 690 886 decretis,
724 846 756 877 in
790 854 906 887 genere
945 847 975 875 ct
1013 842 1045 874 iu
1084 840 1189 884 specie

441 902 709 947 quotiescumque
742 897 912 938 concessis,
936 895 1132 930 confirmatis
1161 899 1188 927 et

442 955 569 999 saepius
602 954 722 988 iteratis
754 953 878 985 vicibus
910 950 1077 983 innovatis
1105 949 1190 988 Quae

442 1008 551 1043 omnia
570 1014 601 1041 et
617 1007 753 1050 singula,
775 1006 869 1039 etiam
892 1005 915 1037 si
938 1004 975 1036 de
997 1004 1042 1036 eis
1062 1013 1192 1036 eorum-

443 1074 505 1107 que
525 1061 599 1095 totis
632 1060 797 1094 tenoribus
832 1058 992 1102 specialis,
1028 1056 1189 1101 specifica,

443 1126 592 1161 expressa
616 1121 647 1148 et.
666 1113 827 1146 individua
844 1123 880 1145 ac
901 1111 939 1144 de
959 1111 1055 1143 verbo
1071 1110 1109 1143 ad
1125 1120 1192 1141 ver-

443 1171 534 1209 bum,
553 1179 617 1202 non
637 1173 745 1200 autem
765 1178 822 1210 per
846 1165 1006 1199 clausulas
1017 1164 1192 1206 generales,

446 1222 566 1257 mentio
582 1233 637 1255 seu
653 1221 783 1266 quaevis
795 1220 856 1253 alia
871 1218 1032 1262 expressio
1047 1217 1194 1250 habenda

446 1278 539 1317 soret,
559 1282 686 1309 tenores
715 1273 911 1313 huiusmodi,
933 1283 969 1305 ac
990 1271 1013 1303 si
1035 1271 1073 1304 de
1097 1270 1193 1303 verbo

446 1331 485 1364 ad
514 1330 647 1363 verbum
694 1328 937 1365 insererentur,
973 1324 1195 1369 praesentibus

448 1394 506 1428 pro
540 1383 695 1428 expressis
727 1382 893 1420 habentes,
920 1384 1078 1422 (piatenns
1101 1389 1194 1422 prae-

448 1438 533 1472 dicta
553 1437 709 1481 impedire
729 1436 776 1468 vel
799 1434 926 1467 differre
954 1437 1009 1465 ant
1033 1431 1109 1464 alias
1135 1431 1196 1463 illis

449 1492 560 1525 obesse
584 1494 723 1534 possent,
741 1489 855 1521 barum
878 1487 970 1525 serie,
984 1486 1022 1519 (le
1036 1485 1130 1518 simili
1143 1496 1197 1528 po-

450 1544 568 1579 testatis
582 1542 792 1588 plenitudine,
804 1541 987 1585 specialiter
1007 1545 1035 1572 et
1050 1550 1197 1583 expresse

450 1608 637 1632 revocamus
657 1601 687 1629 et
707 1596 886 1634 abolemus,
908 1593 1093 1636 viribusque
1111 1598 1141 1625 et
1156 1592 1198 1625 es-

450 1653 534 1686 sectu
556 1661 687 1695 prorsus
708 1659 834 1688 carere·⁷
861 1659 897 1680 ae
923 1646 1078 1691 quiequid
1107 1657 1199 1679 secus

452 1717 509 1750 per
521 1714 757 1749 quoscumque,
775 1703 913 1736 scienter
932 1702 980 1734 vel
1000 1701 1196 1743 ignoranter,

450 1760 598 1792 attentari
619 1756 799 1800 contigerit,
822 1756 949 1788 irritum
977 1760 1007 1787 et
1028 1755 1122 1787 inane
1144 1754 1199 1786 de-

452 1812 626 1852 cernimus,
656 1811 854 1854 caeterisque
879 1808 1047 1843 contrariis
1067 1808 1200 1853 quibus-

453 1876 606 1909 eumque.

497 1918 562 1963 §4
598 1918 752 1951 Volumus
785 1922 891 1949 autem
919 1921 954 1948 ut
983 1914 1199 1960 praesentium

453 1973 610 2016 exempla,
627 1972 721 2005 etiam
742 1970 907 2014 impressa,
924 1970 1071 2010 edantur,
1086 1979 1199 2012 eaque,

452 2026 568 2060 notarii
588 2025 709 2070 publici
731 2035 829 2057 manu
845 2029 875 2056 et
895 2023 1127 2066 cuiuscumque
1148 2034 1202 2056 eu-

453 2080 519 2112 riae
536 2078 768 2113 ecclesiasticae
789 2083 843 2110 aut
857 2077 989 2121 praelati
1004 2076 1106 2119 sigillo
1121 2076 1202 2109 obsi-

454 2139 560 2178 gnata,
587 2133 732 2167 eamdem
758 2133 845 2165 illam
868 2142 998 2175 prorsus
1018 2132 1113 2164 tidem
1137 2131 1203 2163 ubi-

453 2189 671 2232 quelocoruin
680 2187 808 2226 faciant,
822 2196 918 2229 quam
928 2185 1013 2228 ipsae
1022 2190 1204 2229 praesentes

455 2243 608 2281 facerent,
626 2241 651 2274 si
668 2245 773 2274 essent
792 2239 949 2273 exhibitae
973 2240 1020 2271 vel
1045 2244 1200 2272 ostensae.

500 2295 564 2338 55.
592 2295 677 2328 Nulli
701 2305 777 2337 ergo
807 2293 937 2326 omnino
967 2292 1135 2325 hominum
1166 2293 1204 2325 li-

459 2355 529 2383 ceat
548 2354 604 2382 etc.

502 2403 615 2435 Datum
644 2402 763 2435 Romae
788 2400 873 2444 apud
899 2400 928 2433 S.
951 2400 1093 2439 Petrum,
1121 2409 1205 2432 anno

459 2456 689 2489 Incarnationis
709 2454 887 2489 dominicae
916 2453 1085 2485 millesimo
1110 2453 1205 2496 quin-

459 2509 635 2553 gentesimo
647 2508 841 2552 sexagesii‘no
858 2517 955 2547 nono,
969 2512 1083 2550 quarto
1099 2506 1206 2539 kalen-

460 2563 515 2595 das
536 2562 652 2603 martii,
675 2562 879 2606 pontificatus
899 2560 998 2593 nostri
1023 2570 1106 2592 armo
1127 2570 1167 2592 iv.

487 2620 548 2651 Dat.
561 2621 607 2650 die
623 2621 661 2651 ⁶26
677 2620 816 2650 februarii
838 2618 1132 2659 1560,p011uf.anno
1150 2626 1186 2647 iv.

1272 442 1387 464 nomem
1409 430 1543 464 Ordinis
1563 428 1597 461 S.
1625 428 1793 461 Francisci
1812 427 1847 459 de
1869 425 1978 459 Obser-

1271 485 1398 524 vanem,
1421 485 1501 516 [litae
1520 483 1632 515 saltem
1650 481 1759 514 (lomus
1773 481 1979 523 assiynenlur

1271 539 1430 580 frutribus
1441 537 1613 570 strictioris
1623 534 1855 572 observantiae,
1877 544 1897 565 a
1912 533 1980 576 quii-

1273 593 1340 631 bus,
1353 590 1693 635 almquepraelutorum
1706 588 1849 627 licentia,
1872 587 1979 619 milla-

1275 650 1362 678 tenzts
1376 646 1418 678 ml
1437 645 1502 677 alia
1517 645 1584 676 loca
1600 653 1631 675 se
1653 641 1828 684 transferre
1837 640 1975 684 possint.

1283 736 1345 764 rius
1364 736 1436 769 Papa
1453 733 1484 765 V,
1505 733 1538 761 ad
1558 732 1685 760 suturam
1699 730 1740 759 rei
1753 729 1922 758 memoriam.

1275 816 1457 848 iniunctum
1492 813 1584 847 nobis
1613 813 1752 856 desuper
1786 810 1982 855 apostolicae
2023 815 2142 837 thordtum-

1232 868 1392 902 servitutis
1425 868 1568 901 officinm
1601 866 1714 899 erebro
1744 875 1803 898 nos
1833 864 1985 897 admonet

1233 929 1261 956 et
1282 922 1405 955 inducit
1425 927 1459 953 nt
1480 920 1626 965 personis
1642 918 1839 963 quibuslibet
1859 917 1985 961 regula-

1234 977 1323 1009 ribus
1342 975 1523 1019 vigilantiae
1543 979 1669 1007 nostrae
1691 977 1795 1016 parte-s
1822 970 1985 1004 efficacius

1234 1030 1440 1068 exhibentes,
1464 1039 1516 1061 eas
1547 1027 1579 1060 in
1600 1026 1821 1059 institutorum
1850 1034 1985 1057 suorum

1235 1083 1432 1127 regularium
1464 1081 1603 1115 candore
1635 1079 1808 1113 salubriter
1838 1082 1985 1111 manute-

1235 1148 1379 1170 neamus.

1279 1191 1293 1234 g
1320 1191 1345 1223 l,
1378 1189 1569 1232 Accepimus
1604 1198 1678 1221 sane
1711 1196 1817 1230 nuper
1848 1185 1934 1229 quod
1955 1184 2007 1229 in·
2027 1191 2184 1227 tussiqdequa

1235 1243 1351 1276 Ordine
1373 1245 1403 1276 S.
1428 1241 1588 1276 Francisei
1613 1241 1652 1274 de
1677 1238 1882 1274 Observantia
1906 1248 1988 1271 non·
2002 1230 2023 1245 ¹¹¹
2039 1224 2130 1245 ‘um‘

1236 1298 1324 1329 nulla
1342 1302 1416 1329 sunt
1436 1297 1551 1329 domus
1567 1301 1597 1328 et
1615 1295 1697 1334 loca,
1712 1293 1885 1326 recollecta
1904 1302 1988 1325 nun-

1237 1357 1378 1395 cupata,
1415 1351 1446 1383 in
1477 1350 1595 1393 quibus
1620 1348 1695 1381 dicti
1730 1346 1856 1380 Ordinis
1876 1346 1990 1379 fratres

1237 1405 1408 1438 arctiorem
1429 1416 1525 1448 quam
1549 1404 1579 1436 in
1602 1401 1716 1436 ceteris
1733 1401 1826 1434 vitam
1855 1400 1986 1443 degunt:

1239 1465 1266 1492 et
1288 1464 1459 1502 propterea
1480 1458 1582 1491 eidem
1598 1455 1708 1490 Ordini
1730 1454 1937 1488 commodum
1959 1458 1990 1486 et

1239 1517 1459 1556 opportunum
1481 1522 1548 1544 esse
1569 1515 1735 1543 censentes
1751 1515 1786 1541 ut
1805 1508 1837 1540 in
1857 1506 1991 1550 singulis

1240 1566 1314 1599 dicti
1334 1565 1460 1599 Ordinis
1493 1563 1664 1609 provinciis
1702 1563 1784 1595 duae
1813 1562 1928 1594 domus
1960 1565 1991 1593 et

1240 1621 1311 1653 loca
1322 1620 1492 1653 recollecta
1507 1617 1692 1651 huiusmodi
1714 1616 1859 1655 existant,
1881 1619 1990 1648 aucto-

1241 1675 1332 1707 ritate
1345 1673 1531 1717 apostolica,
1548 1677 1657 1705 tenore
1671 1669 1901 1714 praesentium,
1916 1679 1990 1712 per-

1242 1732 1337 1771 petuo
1350 1726 1554 1759 decernimus
1565 1731 1660 1768 atque
1673 1722 1842 1757 statuimus
1857 1721 1943 1766 quod
1958 1721 1990 1753 in

1242 1781 1384 1825 qualibet
1399 1779 1563 1823 provincia
1576 1777 1649 1811 dieti
1658 1775 1784 1811 Ordinis
1793 1775 1875 1808 duae
1885 1774 1923 1807 ad
1934 1773 1992 1807 mi-

1242 1844 1303 1867 nus
1318 1834 1433 1867 domus
1448 1838 1478 1866 et
1493 1833 1562 1866 lora
1575 1831 1744 1865 recollecta
1760 1839 1828 1862 esse
1842 1828 2002 1867 debeant;¹

1243 1893 1274 1921 ct
1293 1888 1431 1932 praefata
1453 1886 1646 1919 monasteria
1666 1884 1838 1917 recollecta
1857 1882 1994 1915 nullate-

1243 1952 1304 1975 nus
1328 1941 1367 1974 ab
1388 1939 1572 1973 huiusmodi
1600 1936 1827 1972 recollectione
1852 1933 1994 1979 separari

1244 1995 1384 2039 possint·,
1406 2000 1436 2027 et
1456 1994 1568 2026 fratres
1589 1993 1619 2025 in
1640 1991 1702 2024 illis
1721 1991 1882 2034 (legentes,
1899 1989 1994 2022 etiam

1245 2049 1269 2082 si
1286 2048 1378 2082 velint
1396 2047 1477 2091 (nisi
1498 2047 1537 2079 (le
1557 2044 1696 2078 ministri
1717 2042 1876 2087 generalis
1894 2042 1995 2086 ipsius
2038 2055 2040 2058 ’

1245 2102 1370 2135 Ordinis
1403 2102 1450 2134 vel
1484 2099 1690 2144 provincialis
1723 2102 1754 2130 et
1782 2096 1994 2129 discretorum

1246 2160 1461 2189 conventuum
1494 2153 1654 2186 dictorum
1687 2152 1833 2194 locorum
1859 2149 1995 2182 recolle-

1247 2214 1372 2242 ctorum
1390 2218 1446 2250 pro
1459 2212 1602 2250 tempore
1619 2203 1819 2238 existentium
1837 2201 1995 2245 consilio),

1246 2263 1285 2295 ad
1305 2263 1367 2295 alia
1386 2262 1456 2294 loca
1482 2271 1546 2293 non
1573 2259 1743 2292 recollecta
1764 2255 1927 2290 transferri
1943 2266 1997 2289 ne-

1247 2321 1376 2359 queant,
1396 2315 1454 2347 nisi
1471 2315 1590 2347 eisdem
1607 2311 1840 2357 superioribus,
1850 2315 1886 2344 ut
1904 2309 1997 2343 aliter

1247 2372 1313 2410 fiat,
1335 2370 1436 2402 visum
1457 2368 1553 2401 suerit
1569 2366 1730 2411 expedire.

1291 2426 1305 2468 g
1321 2424 1352 2457 2.
1365 2424 1579 2456 Decernentes
1591 2425 1763 2466 praesentes
1774 2419 1895 2452 litteras
1906 2417 1996 2451 nullo
2023 2422 2196 2458 etms-ulmine-

1248 2488 1403 2521 umquam
1441 2483 1587 2519 tempore
1620 2475 1658 2508 de
1696 2471 1913 2516 subreptionis
1948 2471 1998 2504 vel
2011 2457 2128 2476 '‘mmm''

1249 2530 1447 2575 obreptionis
1474 2530 1548 2562 vitio
1576 2533 1631 2561 aut
1657 2525 1843 2560 intentionis
1870 2529 1998 2558 nostrae

1248 2586 1295 2618 vel
1316 2584 1469 2628 quopiam
1489 2583 1551 2616 alio
1567 2583 1692 2615 delectu
1712 2579 1816 2613 notari
1830 2579 1878 2611 vel
1893 2578 1999 2622 impu-

1250 2639 1339 2682 gnari
1359 2645 1414 2672 aut
1433 2636 1597 2671 invalidari
1616 2636 1800 2669 nullatenus
1819 2643 1923 2678 posse,
1941 2631 1998 2666 mi-
