2237 3100
10 252 58 279 A'n.
74 251 103 278 C.
123 249 188 277 ¹56&

31 843 185 865 Instrumenta-

7 879 46 903 qua
59 875 136 902 ubique
155 880 189 895 ro-

6 909 61 933 μοι.

19 1419 133 1448 Collegium
149 1421 188 1441 ha-

6 1453 52 1474 heat
63 1453 190 1480 sigillumet

8 1484 84 1506 nemini
117 1484 190 1505 subia-

8 1518 60 1537 θοαί.

18 2233 187 2262 &senioresque

9 2269 56 2288 sunt
74 2268 188 2294 expeditio-

8 2303 55 2319 num
68 2297 126 2320 Rom.
150 2298 188 2320 Cu-

9 2329 58 2355 riae,
73 2331 134 2351 etiam
147 2332 188 2357 pri·

10 2361 76 2382 valivo
91 2362 156 2389 quoad
168 2368 188 2381 u-

10 2391 56 2413 lios.

880 255 946 278 Ptt's

204 302 345 336 notarios
364 308 471 336 tamen
493 304 640 346 publicos
660 306 836 349 apostolica
853 311 961 339 aucto-

204 356 295 389 ritate
315 362 452 397 creatos,
475 368 511 390 ac
537 358 660 391 habiles
680 364 707 391 et
736 358 869 392 idoneos
895 365 921 392 et
944 372 962 393 a

203 410 368 454 praedicto
402 410 604 444 notariorum
636 412 809 445 curialium
841 413 961 446 Romae

201 464 398 497 instituendo
418 464 554 507 collegio
571 466 777 509 approbatos,
808 467 960 510 quodque

203 517 234 550 in
255 517 368 550 eodem
390 518 527 561 collegio
549 519 733 552 cautionem
756 519 905 553 idoneam
922 521 960 553 de

202 571 302 614 probe
324 577 354 603 et
376 571 521 614 legaliter
541 573 721 605 exercendo
742 584 778 605 30
799 584 831 605 se
853 574 960 617 syndi-

202 624 287 657 catut
322 624 542 658 submittendo
567 625 694 669 aliaque
720 626 845 668 agendo
875 626 959 659 iuxta

203 679 339 711 formam
375 678 543 711 literarum
578 680 666 712 Pauli
703 680 961 723 praedecessoris

202 731 401 771 huiusmodi,
424 742 585 765 exercere.

247 785 261 828 ξ
277 785 331 818 42.
355 785 487 819 Necnon
503 797 729 829 quaecumque
749 787 960 820 instrumenta

204 838 402 883 ubicumque
424 839 571 872 locorum
594 851 720 883 rogare,
739 846 766 872 et
788 841 867 872 tales
888 842 961 873 sub-

203 891 303 925 stituti
329 892 383 925 illa
402 893 560 936 (patronis
581 904 694 926 eorum
720 904 737 926 a
763 893 959 934 civitatibus,

204 945 316 985 terris,
339 945 451 978 castris
480 952 510 978 et
531 947 630 987 locis,
654 948 686 979 111
707 947 826 989 quibus
846 958 960 980 eorum

203 998 381 1031 notariatus
401 998 504 1031 officia
527 998 671 1032 instituta
691 999 822 1039 suerint,
846 1000 960 1032 absen-

202 1051 301 1094 tibus)
321 1052 489 1096 publicare
523 1058 551 1085 et
588 1053 791 1085 subscribere
825 1052 958 1096 possint.

202 1104 418 1139 Decernentes
437 1106 624 1139 huiusmodi
646 1106 874 1145 instrumenta,
897 1111 961 1139 tam

203 1158 322 1191 Romae
342 1170 440 1203 quain
473 1159 550 1192 alibi
580 1159 778 1203 ubicumque
799 1160 959 1201 locorum,

205 1211 334 1254 plenam
352 1217 382 1245 et
402 1212 614 1246 indubitatam
636 1212 733 1245 fidem
754 1213 878 1253 facere,
901 1224 962 1246 nec

203 1265 242 1297 de
262 1264 394 1298 illorum
410 1266 571 1299 validitate
588 1266 697 1309 aliquo
714 1277 871 1309 tunquam
882 1271 963 1300 tem-

203 1328 282 1362 pore
303 1319 445 1352 (lubitari
465 1331 570 1364 posse.

248 1372 337 1415 543.
373 1373 416 1405 Ac
447 1374 534 1417 quod
563 1372 655 1406 liceat
684 1373 790 1406 eidem
826 1373 962 1417 collegio

204 1425 323 1459 habere
355 1426 516 1469 sigillum,
539 1432 566 1460 et
604 1428 663 1460 sub
695 1427 752 1459 illo
786 1428 962 1469 legalitates

204 1478 330 1523 aliaque
365 1480 552 1514 huiusmodi
592 1480 743 1524 expedire
763 1507 770 1519 ,
799 1486 897 1524 prout
930 1480 962 1513 in

203 1533 274 1566 aliis
294 1534 415 1567 eisdem
433 1535 596 1567 Romanae
608 1534 722 1567 Curiae
739 1535 883 1577 collegiis
904 1535 961 1568 ob-

203 1593 358 1620 servatur.
381 1588 538 1632 Quodque
560 1588 675 1621 notarii
697 1588 756 1632 ipsi
774 1588 961 1621 011113105111

204 1640 404 1682 civitatibus,
426 1642 542 1680 terris,
565 1637 676 1675 castris
711 1648 739 1675 et
773 1642 852 1674 locis
886 1642 961 1674 dicti

203 1694 310 1727 Status
330 1695 431 1727 nostri
452 1695 681 1736 Ecclesiasfici,
705 1696 736 1727 in
758 1695 876 1738 quibus
893 1695 962 1738 plu—

204 1757 255 1780 res
275 1754 350 1780 sunt
370 1748 505 1789 notarii,
529 1749 590 1781 alia
611 1749 757 1792 collegia,
779 1760 794 1781 3
816 1749 961 1781 Romano

204 1800 341 1844 collegio
370 1807 477 1835 tamen
507 1802 742 1846 dependentia,
770 1813 844 1835 cum
867 1802 961 1834 simili

204 1853 327 1897 sigillo,
349 1861 379 1888 et
403 1867 487 1899 quae
516 1856 554 1888 ab
585 1856 673 1889 omni
703 1856 766 1889 3110
801 1855 958 1899 collegio,

204 1908 355 1943 societate
371 1915 401 1943 et
417 1910 586 1943 matricula
603 1911 741 1943 aliorum
759 1911 960 1943 notariorum

205 1968 300 2006 atque
339 1965 509 1997 doctorum
538 1965 632 1997 liberi
654 1970 684 1997 01
705 1965 862 2008 exempti,
887 1965 960 1996 11111-

204 2020 318 2061 111511110
339 2019 600 2063 superioritatem
628 2018 661 2051 111
688 2019 759 2051 illos
780 2030 960 2061 corumque

203 2073 346 2106 notarios
365 2084 515 2106 exercere
536 2073 655 2116 possit,
679 2072 826 2105 similiter
856 2073 960 2106 facere

203 2131 234 2160 et
254 2127 424 2160 instituere
445 2126 580 2170 possint.

246 2181 261 2224 ξ
281 2180 335 2213 44.
363 2180 462 2213 Porro
483 2181 569 2223 quod
600 2180 716 2212 notarii
743 2180 882 2213 curiales
902 2181 962 2213 1111-

203 2234 356 2275 iusmodi,
380 2234 412 2266 in
433 2234 698 2277 quibuscumque
715 2234 899 2276 provinciis,
918 2235 962 2267 ci—

201 2288 364 2328 vitatibus,
385 2288 491 2327 terris,
515 2287 626 2319 castris
646 2293 674 2319 et
697 2288 777 2320 locis
793 2287 868 2321 dicti
890 2290 959 2321 Sta-

202 2345 254 2374 tus
286 2341 386 2374 nostri
421 2340 656 2379 Ecclesiastici,
690 2340 745 2373 ubi
767 2341 958 2381 resederint,

203 2395 267 2428 sint
300 2400 490 2428 executores
508 2422 514 2434 ,
551 2395 590 2427 ad
625 2405 745 2438 eosque
780 2395 962 2438 pertineant

205 2445 421 2488 praesentatio
445 2450 475 2477 et
500 2444 660 2476 intimatio
681 2448 711 2476 ct
731 2445 895 2485 executio,
918 2445 962 2478 vi-

205 2493 319 2526 delicet
336 2494 499 2526 Romanae.
507 2493 623 2526 Curiae
639 2493 899 2536 expeditionum,
912 2506 962 2527 ve-

205 2543 264 2575 luti
285 2543 452 2576 literarum
487 2543 519 2574 in
551 2543 651 2575 forma
681 2542 797 2581 brevis,
820 2543 960 2577 monito-

207 2592 345 2633 riorum,
359 2592 563 2632 citationum,
577 2591 823 2632 inhibitionum,
836 2592 961 2626 brachii

208 2641 382 2675 saecularis
403 2646 431 2675 et
450 2641 687 2684 cuiuscumque
705 2641 833 2684 generis
848 2651 963 2676 execu-

972 255 1001 278 lv
1022 256 1068 278 PP.

980 1171 985 1400 1

1643 249 1708 283 295

1004 307 1130 340 tionum
1153 307 1229 340 111110
1245 318 1263 340 a
1278 307 1431 341 Romanis
1447 308 1611 342 iudicibus
1627 321 1663 343 30
1675 311 1759 344 Urbe

1005 361 1166 403 praedicta
1204 372 1263 404 pro
1297 366 1443 405 ternpore
1477 363 1759 405 1131151111550111111;

1005 425 1063 447 1100
1094 414 1161 454 ibi,
1190 420 1317 458 praeter
1345 415 1447 459 ipsos,
1471 416 1554 448 311115
1579 427 1692 459 rogare
1713 418 1760 451 vel

1004 468 1158 507 scribere,
1189 478 1249 500 1100
1274 468 1327 501 3111
1358 469 1577 502 intimationes
1611 471 1760 514 supradi-

1004 526 1130 553 ctorum
1158 522 1262 554 facere
1284 522 1419 564 possint;
1441 523 1520 556 alias
1540 523 1761 557 intimationes

1004 580 1032 606 et
1055 575 1177 617 rogitus
1196 575 1383 609 huiusmodi
1409 577 1531 610 nullius
1551 577 1615 610 sint
1634 578 1760 611 roboris

1004 627 1049 659 vel
1073 629 1240 668 momenti,
1255 634 1284 661 et
1296 629 1360 661 illis
1376 629 1454 662 fides
1470 630 1656 663 nullatenus
1670 631 1760 664 adhi-

1003 680 1130 714 beatur.

1047 735 1062 777 ξ
1091 734 1144 767 45.
1178 735 1286 779 Neque
1317 736 1433 779 legati,
1469 737 1635 781 vicelegati
1666 739 1760 772 aliive

1004 788 1189 830 superiores
1223 794 1252 821 et
1287 789 1425 822 iustitiae
1462 791 1600 824 ministri
1626 803 1757 833 0311535,

1004 846 1067 872 tam
1095 841 1280 874 criminales
1309 853 1406 885 quam
1428 843 1554 884 civiles,
1579 855 1689 878 coram
1709 846 1761 879 iu-

1003 893 1131 926 dicibus
1151 894 1360 928 inferioribus
1381 896 1547 930 inchoatas
1567 902 1598 930 et
1613 904 1762 942 acceptas

1004 947 1042 979 ab
1065 947 1137 987 illis,
1154 948 1185 979 in
1208 949 1410 981 notariorum
1430 951 1605 983 curialium
1622 957 1652 984 et
1672 953 1761 996 capi-

1004 1000 1147 1032 tulorum
1170 1001 1357 1034 huiusmodi
1379 1004 1619 1046 praeiudicium
1636 1007 1761 1039 evocari

1004 1053 1050 1085 vel
1072 1053 1150 1085 alias
1170 1054 1209 1086 ab
1230 1055 1276 1087 eis
1296 1066 1456 1095 amovere,
1480 1063 1707 1100 praeterquam
1729 1059 1762 1092 in

1005 1106 1198 1149 capitalibus
1223 1108 1340 1147 causis,
1364 1120 1428 1152 quo
1450 1120 1527 1142 casu
1566 1111 1597 1143 id
1618 1111 1763 1153 (servatis

1006 1166 1111 1193 tamen
1144 1162 1319 1194 curialium
1345 1164 1547 1196 notariorum
1574 1165 1760 1198 huiusmodi

1004 1214 1235 1247 emolumentis
1255 1226 1291 1248 ac.
1312 1216 1380 1249 sine
1397 1217 1528 1250 illorum
1545 1218 1763 1261 praeiudicio)

1005 1267 1075 1299 fieri
1096 1269 1207 1311 possit.

1049 1321 1064 1365 ξ
1083 1321 1136 1354 46.
1164 1322 1379 1356 Decernentes
1404 1324 1583 1367 praemissa
1602 1325 1712 1358 omnia
1732 1331 1763 1358 et

1005 1374 1152 1416 singula,
1182 1376 1271 1408 nullo
1306 1387 1462 1419 umquam
1495 1383 1660 1422 tempore,
1684 1390 1763 1422 quo-

1005 1428 1050 1459 vis
1065 1429 1212 1471 quaesito
1233 1430 1342 1462 colore
1363 1431 1410 1463 vel
1433 1431 1575 1473 ingenio,
1594 1431 1632 1464 de
1654 1432 1763 1465 subre-

1005 1480 1136 1524 ptionis,
1155 1482 1356 1525 obreptionis
1371 1488 1424 1516 aut
1442 1484 1598 1517 nullitatis
1613 1485 1689 1518 vitio
1705 1496 1762 1519 seu

1006 1534 1194 1567 intentionis
1210 1542 1338 1569 nostrae
1354 1537 1479 1569 delectu
1516 1538 1620 1570 notari
1638 1539 1686 1571 vel
1703 1539 1763 1571 irn-

1005 1588 1141 1630 puguari
1168 1599 1274 1631 posse,
1293 1589 1347 1621 sed
1382 1589 1436 1622 illa
1462 1600 1591 1634 semper
1611 1591 1713 1624 valida
1733 1596 1764 1625 et

1004 1640 1147 1673 efficacia
1170 1642 1235 1673 t'ore
1250 1668 1257 1681 ,
1280 1652 1420 1685 suosque
1438 1643 1602 1686 plenarios
1622 1649 1652 1676 et
1680 1645 1762 1678 inte-

1004 1704 1078 1735 gros
1099 1694 1232 1727 effectus
1261 1695 1367 1728 sortiri
1398 1701 1427 1728 01
1460 1696 1762 1731 inviolabiliterob-

1005 1748 1135 1787 servari,
1154 1759 1189 1780 ac
1207 1749 1342 1781 notariis
1361 1749 1542 1782 curialibus
1563 1750 1761 1795 illorumque

1005 1801 1148 1843 collegiis
1182 1803 1356 1845 praedictis
1390 1804 1422 1835 in
1457 1804 1610 1837 omnibus
1639 1810 1666 1837 et
1705 1816 1762 1848 per

1004 1855 1113 1887 omnia
1138 1856 1320 1899 suffragari,
1338 1868 1386 1897 ac,
1404 1862 1439 1890 ut
1460 1858 1652 1901 praefertur,
1676 1859 1759 1892 iudi-

1004 1910 1070 1942 0311
1091 1916 1121 1942 et
1142 1910 1269 1943 definiri
1296 1910 1425 1944 debere.

1048 1966 1062 2008 g
1087 1965 1141 1998 47.
1168 1965 1236 1998 Non
1271 1966 1473 1999 obstantibus
1506 1967 1692 2010 praemissis
1723 1978 1760 2001 ac

1005 2025 1114 2052 nostra
1134 2019 1172 2052 dc
1194 2030 1258 2052 non
1275 2020 1417 2053 tollendo
1436 2020 1505 2053 iure
1521 2021 1680 2064 quaesito,
1693 2031 1758 2054 non

1004 2080 1110 2107 tamen
1132 2085 1169 2107 ex
1190 2085 1287 2107 causa
1308 2085 1443 2107 onerosa
1464 2075 1628 2118 praedicta
1649 2086 1759 2119 prove-

1003 2128 1124 2168 niente,
1139 2128 1252 2161 etaliis
1271 2128 1439 2171 quibusvis
1459 2129 1657 2172 apostolicis,
1680 2139 1757 2162 nec-

1004 2192 1069 2214 non
1095 2182 1126 2214 in
1151 2182 1405 2226 provincialibus
1426 2183 1574 2215 conciliis
1585 2183 1690 2221 editis,
1702 2194 1757 2226 ge-

1003 2236 1168 2269 neralibus
1179 2237 1226 2269 vel
1239 2236 1443 2279 specialibus,
1460 2237 1757 2277 constitutionibus,

1003 2300 1039 2321 ae
1064 2290 1319 2333 provinciarum,
1342 2290 1515 2330 civitatum,
1544 2296 1704 2323 terrarum
1724 2302 1761 2323 ac

1004 2344 1152 2376 locorum
1180 2343 1389 2383 huiusmodi,
1413 2344 1617 2383 iuramento,
1640 2344 1760 2377 confir-

1005 2397 1145 2430 matione
1179 2397 1355 2441 apostolica
1384 2398 1431 2430 vel
1466 2397 1577 2441 quavis
1609 2398 1760 2431 firmitate

1004 2446 1066 2478 alia
1086 2446 1256 2483 roboratis,
1273 2446 1398 2479 statutis
1414 2451 1444 2479 et
1455 2447 1757 2484 consuetudinibus,

1004 2496 1180 2539 privilegiis
1200 2507 1342 2540 quoque,
1362 2496 1495 2529 indultis
1514 2501 1544 2529 et
1564 2496 1666 2529 literis
1685 2507 1759 2540 apo-

1004 2546 1137 2587 stolicis,
1160 2546 1326 2588 quibusvis
1346 2546 1470 2588 legatis,
1492 2546 1686 2588 vicelegatis,
1699 2556 1758 2588 gu-

1004 2595 1244 2635 bernatoribus,
1259 2595 1471 2639 potestatibus
1482 2600 1512 2628 et
1532 2595 1603 2628 aliis
1614 2595 1760 2638 personis

1004 2643 1042 2685 de
1063 2644 1250 2677 huiusmodi
1268 2645 1382 2678 officiis
1393 2644 1649 2689 quomodolibet,
1664 2643 1759 2676 etiam

1777 260 1962 288 An.c‚15‘3'⁴

1790 752 1921 773 Gabennon
1942 759 1963 773 a-

1777 786 1854 804 100131
1888 789 1962 804 causas

1777 815 1797 834 in
1814 820 1885 834 corum
1909 821 1962 841 [πω-

1777 845 1884 865 iudicium.

1791 1336 1901 1357 Clausulae
1913 1343 1964 1364 prm-

1779 1369 1907 1388 servatium.

1805 1976 1915 1997 (1130511110
1931 1977 1966 1998 de-

1780 2008 1906 2033 rogatorias.
