<?xml version="1.0" encoding="UTF-8"?>
<!DOCTYPE html PUBLIC "-//W3C//DTD XHTML 1.0 Transitional//EN"
    "http://www.w3.org/TR/xhtml1/DTD/xhtml1-transitional.dtd">
<html xmlns="http://www.w3.org/1999/xhtml" xml:lang="en" lang="en">
 <head>
  <title>
</title>
<meta http-equiv="Content-Type" content="text/html;charset=utf-8" />
  <meta name='ocr-system' content='tesseract 3.04.00' />
  <meta name='ocr-capabilities' content='ocr_page ocr_carea ocr_par ocr_line ocrx_word'/>
</head>
<body>
  <div class='ocr_page' id='page_1' title='image "./bullarumdiplomat07cath/bullarumdiplomat07cath_1122.png"; bbox 0 0 2237 3100; ppageno 0'>
   <div class='ocr_carea' id='block_1_1' title="bbox 470 216 557 252">
    <p class='ocr_par' dir='ltr' id='par_1_1' title="bbox 470 216 557 252">
     <span class='ocr_line' id='line_1_1' title="bbox 470 216 557 252; baseline -0.011 0"><span class='ocrx_word' id='word_1_1' title='bbox 470 218 484 252; x_wconf 77' lang='lat' dir='ltr'>t</span> <span class='ocrx_word' id='word_1_2' title='bbox 493 216 557 252; x_wconf 82' lang='lat'>036</span> 
     </span>
    </p>
   </div>
   <div class='ocr_carea' id='block_1_2' title="bbox 1063 224 1351 250">
    <p class='ocr_par' dir='ltr' id='par_1_2' title="bbox 1063 224 1351 250">
     <span class='ocr_line' id='line_1_2' title="bbox 1063 224 1351 250; baseline 0.003 -2"><span class='ocrx_word' id='word_1_3' title='bbox 1063 224 1211 249; x_wconf 77' lang='lat' dir='ltr'>BULLARII</span> <span class='ocrx_word' id='word_1_4' title='bbox 1231 225 1351 250; x_wconf 73' lang='lat' dir='ltr'>ROMANI</span> 
     </span>
    </p>
   </div>
   <div class='ocr_carea' id='block_1_3' title="bbox 515 277 1980 323">
    <p class='ocr_par' dir='ltr' id='par_1_3' title="bbox 515 277 1980 323">
     <span class='ocr_line' id='line_1_3' title="bbox 515 277 1980 323; baseline 0.003 -10"><span class='ocrx_word' id='word_1_5' title='bbox 515 279 735 314; x_wconf 71' lang='lat' dir='ltr'>ordinationes</span> <span class='ocrx_word' id='word_1_6' title='bbox 770 290 786 311; x_wconf 93' lang='lat' dir='ltr'>a</span> <span class='ocrx_word' id='word_1_7' title='bbox 821 278 983 311; x_wconf 79' lang='lat' dir='ltr'>iudicibus</span> <span class='ocrx_word' id='word_1_8' title='bbox 1016 277 1180 311; x_wconf 76' lang='lat' dir='ltr'>Romanae</span> <span class='ocrx_word' id='word_1_9' title='bbox 1222 279 1351 312; x_wconf 81' lang='lat' dir='ltr'>LXXIX.</span> <span class='ocrx_word' id='word_1_10' title='bbox 1375 278 1545 312; x_wconf 87' lang='lat' dir='ltr'>Revocatio</span> <span class='ocrx_word' id='word_1_11' title='bbox 1572 280 1813 323; x_wconf 74' lang='lat' dir='ltr'>exemptionum</span> <span class='ocrx_word' id='word_1_12' title='bbox 1844 293 1862 315; x_wconf 88' lang='lat' dir='ltr'>a</span> <span class='ocrx_word' id='word_1_13' title='bbox 1891 283 1980 317; x_wconf 87' lang='lat' dir='ltr'>solu-</span> 
     </span>
    </p>
   </div>
   <div class='ocr_carea' id='block_1_4' title="bbox 424 331 1191 2557">
    <p class='ocr_par' dir='ltr' id='par_1_4' title="bbox 502 331 1180 484">
     <span class='ocr_line' id='line_1_4' title="bbox 513 331 976 371; baseline -0.006 -4"><span class='ocrx_word' id='word_1_14' title='bbox 513 333 628 367; x_wconf 86' lang='lat' dir='ltr'>Curiae</span> <span class='ocrx_word' id='word_1_15' title='bbox 648 332 877 371; x_wconf 79' lang='lat' dir='ltr'>observandae,</span> <span class='ocrx_word' id='word_1_16' title='bbox 900 331 976 364; x_wconf 58' lang='lat'>2024.</span> 
     </span>
     <span class='ocr_line' id='line_1_5' title="bbox 502 385 1180 423; baseline -0.003 -3"><span class='ocrx_word' id='word_1_17' title='bbox 502 415 505 423; x_wconf 70' lang='grc'>.</span> <span class='ocrx_word' id='word_1_18' title='bbox 545 386 724 420; x_wconf 85' lang='lat' dir='ltr'>Declaratio</span> <span class='ocrx_word' id='word_1_19' title='bbox 739 385 830 417; x_wconf 56' lang='lat' dir='ltr'>dicta*</span> <span class='ocrx_word' id='word_1_20' title='bbox 843 385 1082 418; x_wconf 64' lang='lat' dir='ltr'>reformationis</span> <span class='ocrx_word' id='word_1_21' title='bbox 1095 385 1180 418; x_wconf 86' lang='lat' dir='ltr'>circa</span> 
     </span>
     <span class='ocr_line' id='line_1_6' title="bbox 514 438 1034 484; baseline -0.006 -10"><span class='ocrx_word' id='word_1_22' title='bbox 514 439 758 484; x_wconf 73' lang='lat' dir='ltr'>prorogationes</span> <span class='ocrx_word' id='word_1_23' title='bbox 776 438 934 478; x_wconf 84' lang='lat' dir='ltr'>fatalium,</span> <span class='ocrx_word' id='word_1_24' title='bbox 957 438 1034 471; x_wconf 60' lang='lat'>0226.</span> 
     </span>
    </p>

    <p class='ocr_par' dir='ltr' id='par_1_5' title="bbox 424 491 1182 853">
     <span class='ocr_line' id='line_1_7' title="bbox 424 491 1181 534; baseline -0.003 -6"><span class='ocrx_word' id='word_1_25' title='bbox 424 495 553 528; x_wconf 83' lang='lat' dir='ltr'>LXXIII.</span> <span class='ocrx_word' id='word_1_26' title='bbox 575 494 754 526; x_wconf 79' lang='lat' dir='ltr'>Decanatus</span> <span class='ocrx_word' id='word_1_27' title='bbox 775 491 901 534; x_wconf 75' lang='lat' dir='ltr'>collegii</span> <span class='ocrx_word' id='word_1_28' title='bbox 918 492 1104 525; x_wconf 87' lang='lat' dir='ltr'>auditorum</span> <span class='ocrx_word' id='word_1_29' title='bbox 1120 493 1181 526; x_wconf 79' lang='lat' dir='ltr'>Ro-</span> 
     </span>
     <span class='ocr_line' id='line_1_8' title="bbox 514 545 1180 589; baseline -0.002 -9"><span class='ocrx_word' id='word_1_30' title='bbox 514 553 563 580; x_wconf 87' lang='lat' dir='ltr'>tae</span> <span class='ocrx_word' id='word_1_31' title='bbox 584 547 759 583; x_wconf 78' lang='lat' dir='ltr'>Romanae,</span> <span class='ocrx_word' id='word_1_32' title='bbox 783 555 856 578; x_wconf 89' lang='lat' dir='ltr'>cum</span> <span class='ocrx_word' id='word_1_33' title='bbox 878 545 1065 578; x_wconf 79' lang='lat' dir='ltr'>oinnimoda</span> <span class='ocrx_word' id='word_1_34' title='bbox 1087 557 1180 589; x_wconf 87' lang='lat' dir='ltr'>prae-</span> 
     </span>
     <span class='ocr_line' id='line_1_9' title="bbox 514 597 1180 641; baseline -0.002 -9"><span class='ocrx_word' id='word_1_35' title='bbox 514 598 671 638; x_wconf 77' lang='lat' dir='ltr'>cedentia,</span> <span class='ocrx_word' id='word_1_36' title='bbox 695 603 817 641; x_wconf 84' lang='lat' dir='ltr'>spectat</span> <span class='ocrx_word' id='word_1_37' title='bbox 837 597 875 630; x_wconf 90' lang='lat' dir='ltr'>ad</span> <span class='ocrx_word' id='word_1_38' title='bbox 896 598 1078 631; x_wconf 74' lang='lat' dir='ltr'>auditorem</span> <span class='ocrx_word' id='word_1_39' title='bbox 1099 604 1180 631; x_wconf 86' lang='lat' dir='ltr'>tem-</span> 
     </span>
     <span class='ocr_line' id='line_1_10' title="bbox 514 651 1181 696; baseline 0.003 -13"><span class='ocrx_word' id='word_1_40' title='bbox 514 663 592 696; x_wconf 87' lang='lat' dir='ltr'>pore</span> <span class='ocrx_word' id='word_1_41' title='bbox 608 651 783 684; x_wconf 82' lang='lat' dir='ltr'>vacationis</span> <span class='ocrx_word' id='word_1_42' title='bbox 800 651 837 693; x_wconf 91' lang='lat' dir='ltr'>in</span> <span class='ocrx_word' id='word_1_43' title='bbox 852 651 949 684; x_wconf 87' lang='lat' dir='ltr'>Curia</span> <span class='ocrx_word' id='word_1_44' title='bbox 966 657 1181 695; x_wconf 80' lang='lat' dir='ltr'>praesentem,</span> 
     </span>
     <span class='ocr_line' id='line_1_11' title="bbox 513 704 1182 748; baseline 0 -10"><span class='ocrx_word' id='word_1_45' title='bbox 513 711 569 739; x_wconf 88' lang='lat' dir='ltr'>aut</span> <span class='ocrx_word' id='word_1_46' title='bbox 593 716 629 738; x_wconf 83' lang='lat' dir='ltr'>ex</span> <span class='ocrx_word' id='word_1_47' title='bbox 650 715 762 737; x_wconf 89' lang='lat' dir='ltr'>caussa</span> <span class='ocrx_word' id='word_1_48' title='bbox 784 704 914 748; x_wconf 86' lang='lat' dir='ltr'>publiea</span> <span class='ocrx_word' id='word_1_49' title='bbox 934 705 1123 745; x_wconf 83' lang='lat' dir='ltr'>absentem,</span> <span class='ocrx_word' id='word_1_50' title='bbox 1152 710 1182 738; x_wconf 85' lang='lat' dir='ltr'>et</span> 
     </span>
     <span class='ocr_line' id='line_1_12' title="bbox 514 758 1181 793; baseline 0 -1"><span class='ocrx_word' id='word_1_51' title='bbox 514 764 601 793; x_wconf 85' lang='lat' dir='ltr'>extra</span> <span class='ocrx_word' id='word_1_52' title='bbox 634 758 763 791; x_wconf 87' lang='lat' dir='ltr'>Curiam</span> <span class='ocrx_word' id='word_1_53' title='bbox 798 768 815 790; x_wconf 86' lang='lat' dir='ltr'>a</span> <span class='ocrx_word' id='word_1_54' title='bbox 844 758 990 791; x_wconf 84' lang='lat' dir='ltr'>Romane</span> <span class='ocrx_word' id='word_1_55' title='bbox 1025 759 1181 792; x_wconf 84' lang='lat' dir='ltr'>Pentiliee</span> 
     </span>
     <span class='ocr_line' id='line_1_13' title="bbox 513 811 824 853; baseline -0.006 -7"><span class='ocrx_word' id='word_1_56' title='bbox 513 813 721 853; x_wconf 84' lang='lat' dir='ltr'>destinatum,</span> <span class='ocrx_word' id='word_1_57' title='bbox 749 811 824 845; x_wconf 64' lang='lat'>9027.</span> 
     </span>
    </p>

    <p class='ocr_par' dir='ltr' id='par_1_6' title="bbox 425 865 1184 1120">
     <span class='ocr_line' id='line_1_14' title="bbox 425 865 1182 909; baseline -0.004 -8"><span class='ocrx_word' id='word_1_58' title='bbox 425 867 550 901; x_wconf 80' lang='lat' dir='ltr'>LXXIV.</span> <span class='ocrx_word' id='word_1_59' title='bbox 579 866 748 899; x_wconf 74' lang='lat' dir='ltr'>Revocatio</span> <span class='ocrx_word' id='word_1_60' title='bbox 769 865 1012 909; x_wconf 67' lang='lat' dir='ltr'>privilegiorum</span> <span class='ocrx_word' id='word_1_61' title='bbox 1047 865 1182 909; x_wconf 87' lang='lat' dir='ltr'>quibus-</span> 
     </span>
     <span class='ocr_line' id='line_1_15' title="bbox 515 919 1182 963; baseline 0 -11"><span class='ocrx_word' id='word_1_62' title='bbox 515 930 658 963; x_wconf 85' lang='lat' dir='ltr'>cumque</span> <span class='ocrx_word' id='word_1_63' title='bbox 679 919 758 952; x_wconf 88' lang='lat' dir='ltr'>locis</span> <span class='ocrx_word' id='word_1_64' title='bbox 784 919 846 962; x_wconf 87' lang='lat' dir='ltr'>piis</span> <span class='ocrx_word' id='word_1_65' title='bbox 869 924 899 952; x_wconf 87' lang='lat' dir='ltr'>et</span> <span class='ocrx_word' id='word_1_66' title='bbox 919 919 990 951; x_wconf 87' lang='lat' dir='ltr'>aliis</span> <span class='ocrx_word' id='word_1_67' title='bbox 1011 929 1182 952; x_wconf 81' lang='lat' dir='ltr'>concesso-</span> 
     </span>
     <span class='ocr_line' id='line_1_16' title="bbox 514 972 1184 1017; baseline -0.003 -11"><span class='ocrx_word' id='word_1_68' title='bbox 514 984 599 1014; x_wconf 86' lang='lat' dir='ltr'>rum,</span> <span class='ocrx_word' id='word_1_69' title='bbox 623 972 830 1017; x_wconf 88' lang='lat' dir='ltr'>dispensandi</span> <span class='ocrx_word' id='word_1_70' title='bbox 846 983 945 1015; x_wconf 89' lang='lat' dir='ltr'>super</span> <span class='ocrx_word' id='word_1_71' title='bbox 964 972 1184 1014; x_wconf 76' lang='lat' dir='ltr'>irregularita-</span> 
     </span>
     <span class='ocr_line' id='line_1_17' title="bbox 514 1025 1183 1070; baseline 0 -11"><span class='ocrx_word' id='word_1_72' title='bbox 514 1027 599 1059; x_wconf 89' lang='lat' dir='ltr'>tibus</span> <span class='ocrx_word' id='word_1_73' title='bbox 628 1025 935 1070; x_wconf 86' lang='lat' dir='ltr'>impedimentisque</span> <span class='ocrx_word' id='word_1_74' title='bbox 960 1026 1183 1059; x_wconf 87' lang='lat' dir='ltr'>matrimonia-</span> 
     </span>
     <span class='ocr_line' id='line_1_18' title="bbox 514 1079 808 1120; baseline 0 -8"><span class='ocrx_word' id='word_1_75' title='bbox 514 1080 609 1119; x_wconf 89' lang='lat' dir='ltr'>libus,</span> <span class='ocrx_word' id='word_1_76' title='bbox 632 1085 708 1120; x_wconf 87' lang='lat' dir='ltr'>etc.,</span> <span class='ocrx_word' id='word_1_77' title='bbox 731 1079 808 1112; x_wconf 65' lang='lat'>⁶228.</span> 
     </span>
    </p>

    <p class='ocr_par' dir='ltr' id='par_1_7' title="bbox 425 1132 1187 1657">
     <span class='ocr_line' id='line_1_19' title="bbox 425 1132 1184 1176; baseline -0.003 -9"><span class='ocrx_word' id='word_1_78' title='bbox 425 1134 538 1167; x_wconf 87' lang='lat' dir='ltr'>LXXV.</span> <span class='ocrx_word' id='word_1_79' title='bbox 570 1133 798 1166; x_wconf 76' lang='lat' dir='ltr'>Ordinationes</span> <span class='ocrx_word' id='word_1_80' title='bbox 829 1143 888 1176; x_wconf 89' lang='lat' dir='ltr'>pro</span> <span class='ocrx_word' id='word_1_81' title='bbox 918 1137 1064 1176; x_wconf 85' lang='lat' dir='ltr'>tempore</span> <span class='ocrx_word' id='word_1_82' title='bbox 1094 1132 1184 1166; x_wconf 90' lang='lat' dir='ltr'>Sedis</span> 
     </span>
     <span class='ocr_line' id='line_1_20' title="bbox 513 1185 1183 1231; baseline -0.001 -11"><span class='ocrx_word' id='word_1_83' title='bbox 513 1187 716 1231; x_wconf 83' lang='lat' dir='ltr'>Apostolieae</span> <span class='ocrx_word' id='word_1_84' title='bbox 731 1186 881 1226; x_wconf 82' lang='lat' dir='ltr'>vacantis,</span> <span class='ocrx_word' id='word_1_85' title='bbox 894 1185 980 1219; x_wconf 87' lang='lat' dir='ltr'>eirca</span> <span class='ocrx_word' id='word_1_86' title='bbox 992 1185 1183 1219; x_wconf 86' lang='lat' dir='ltr'>electionem</span> 
     </span>
     <span class='ocr_line' id='line_1_21' title="bbox 514 1239 1185 1274; baseline -0.003 0"><span class='ocrx_word' id='word_1_87' title='bbox 514 1240 639 1274; x_wconf 84' lang='lat' dir='ltr'>Summi</span> <span class='ocrx_word' id='word_1_88' title='bbox 652 1239 853 1273; x_wconf 84' lang='lat' dir='ltr'>Pontitieiset</span> <span class='ocrx_word' id='word_1_89' title='bbox 864 1239 1099 1272; x_wconf 68' lang='lat' dir='ltr'>observantiam</span> <span class='ocrx_word' id='word_1_90' title='bbox 1112 1251 1185 1273; x_wconf 89' lang='lat' dir='ltr'>eon-</span> 
     </span>
     <span class='ocr_line' id='line_1_22' title="bbox 515 1293 1184 1336; baseline 0 -10"><span class='ocrx_word' id='word_1_91' title='bbox 515 1294 622 1327; x_wconf 85' lang='lat' dir='ltr'>clavis.</span> <span class='ocrx_word' id='word_1_92' title='bbox 655 1293 959 1336; x_wconf 84' lang='lat' dir='ltr'>Deelarationesque</span> <span class='ocrx_word' id='word_1_93' title='bbox 987 1293 1184 1327; x_wconf 85' lang='lat' dir='ltr'>iurisdictio-</span> 
     </span>
     <span class='ocr_line' id='line_1_23' title="bbox 514 1347 1185 1391; baseline -0.001 -11"><span class='ocrx_word' id='word_1_94' title='bbox 514 1359 591 1380; x_wconf 89' lang='lat' dir='ltr'>num</span> <span class='ocrx_word' id='word_1_95' title='bbox 607 1347 734 1391; x_wconf 78' lang='lat' dir='ltr'>collegii</span> <span class='ocrx_word' id='word_1_96' title='bbox 749 1348 780 1380; x_wconf 94' lang='lat' dir='ltr'>S.</span> <span class='ocrx_word' id='word_1_97' title='bbox 795 1348 832 1380; x_wconf 89' lang='lat' dir='ltr'>R.</span> <span class='ocrx_word' id='word_1_98' title='bbox 851 1347 885 1379; x_wconf 89' lang='lat' dir='ltr'>E.</span> <span class='ocrx_word' id='word_1_99' title='bbox 902 1347 1185 1388; x_wconf 86' lang='lat' dir='ltr'>cardinalium,ca-</span> 
     </span>
     <span class='ocr_line' id='line_1_24' title="bbox 516 1401 1187 1441; baseline -0.001 -7"><span class='ocrx_word' id='word_1_100' title='bbox 516 1401 645 1435; x_wconf 88' lang='lat' dir='ltr'>merarii</span> <span class='ocrx_word' id='word_1_101' title='bbox 668 1406 698 1434; x_wconf 79' lang='lat' dir='ltr'>et.</span> <span class='ocrx_word' id='word_1_102' title='bbox 718 1401 913 1434; x_wconf 89' lang='lat' dir='ltr'>clericorum</span> <span class='ocrx_word' id='word_1_103' title='bbox 934 1401 1098 1441; x_wconf 82' lang='lat' dir='ltr'>Gamerae,</span> <span class='ocrx_word' id='word_1_104' title='bbox 1120 1411 1187 1434; x_wconf 88' lang='lat' dir='ltr'>ma-</span> 
     </span>
     <span class='ocr_line' id='line_1_25' title="bbox 515 1454 1186 1500; baseline 0 -12"><span class='ocrx_word' id='word_1_105' title='bbox 515 1455 594 1488; x_wconf 83' lang='lat' dir='ltr'>ioris</span> <span class='ocrx_word' id='word_1_106' title='bbox 605 1454 855 1500; x_wconf 76' lang='lat' dir='ltr'>poenitentiarii,</span> <span class='ocrx_word' id='word_1_107' title='bbox 867 1454 993 1494; x_wconf 87' lang='lat' dir='ltr'>datarii,</span> <span class='ocrx_word' id='word_1_108' title='bbox 1008 1456 1186 1498; x_wconf 82' lang='lat' dir='ltr'>praesecto-</span> 
     </span>
     <span class='ocr_line' id='line_1_26' title="bbox 516 1509 1185 1553; baseline 0 -11"><span class='ocrx_word' id='word_1_109' title='bbox 516 1519 589 1542; x_wconf 88' lang='lat' dir='ltr'>rum</span> <span class='ocrx_word' id='word_1_110' title='bbox 610 1515 640 1542; x_wconf 92' lang='lat' dir='ltr'>et</span> <span class='ocrx_word' id='word_1_111' title='bbox 659 1509 878 1553; x_wconf 91' lang='lat' dir='ltr'>praelatorum</span> <span class='ocrx_word' id='word_1_112' title='bbox 902 1509 1092 1551; x_wconf 79' lang='lat' dir='ltr'>Signaturae</span> <span class='ocrx_word' id='word_1_113' title='bbox 1112 1519 1185 1552; x_wconf 72' lang='lat' dir='ltr'>gra-</span> 
     </span>
     <span class='ocr_line' id='line_1_27' title="bbox 516 1561 1185 1596; baseline 0 -1"><span class='ocrx_word' id='word_1_114' title='bbox 516 1562 579 1595; x_wconf 88' lang='lat' dir='ltr'>tiae</span> <span class='ocrx_word' id='word_1_115' title='bbox 604 1568 634 1595; x_wconf 87' lang='lat' dir='ltr'>et</span> <span class='ocrx_word' id='word_1_116' title='bbox 667 1561 807 1595; x_wconf 88' lang='lat' dir='ltr'>iustitiae</span> <span class='ocrx_word' id='word_1_117' title='bbox 842 1567 873 1594; x_wconf 89' lang='lat' dir='ltr'>et</span> <span class='ocrx_word' id='word_1_118' title='bbox 911 1562 1081 1595; x_wconf 87' lang='lat' dir='ltr'>custodum</span> <span class='ocrx_word' id='word_1_119' title='bbox 1107 1573 1185 1596; x_wconf 89' lang='lat' dir='ltr'>eon-</span> 
     </span>
     <span class='ocr_line' id='line_1_28' title="bbox 516 1615 724 1657; baseline -0.005 -8"><span class='ocrx_word' id='word_1_120' title='bbox 516 1616 625 1657; x_wconf 85' lang='lat' dir='ltr'>clavis,</span> <span class='ocrx_word' id='word_1_121' title='bbox 648 1615 724 1649; x_wconf 67' lang='lat'>230.</span> 
     </span>
    </p>

    <p class='ocr_par' dir='ltr' id='par_1_8' title="bbox 427 1668 1187 2017">
     <span class='ocr_line' id='line_1_29' title="bbox 427 1668 1187 1712; baseline -0.003 -9"><span class='ocrx_word' id='word_1_122' title='bbox 427 1669 553 1703; x_wconf 86' lang='lat' dir='ltr'>LXXVI.</span> <span class='ocrx_word' id='word_1_123' title='bbox 576 1670 712 1703; x_wconf 78' lang='lat' dir='ltr'>Sanctae</span> <span class='ocrx_word' id='word_1_124' title='bbox 741 1668 963 1712; x_wconf 85' lang='lat' dir='ltr'>Inquisitionis</span> <span class='ocrx_word' id='word_1_125' title='bbox 983 1669 1147 1709; x_wconf 83' lang='lat' dir='ltr'>officium,</span> <span class='ocrx_word' id='word_1_126' title='bbox 1169 1680 1187 1702; x_wconf 86' lang='lat' dir='ltr'>a</span> 
     </span>
     <span class='ocr_line' id='line_1_30' title="bbox 518 1723 1187 1767; baseline 0 -11"><span class='ocrx_word' id='word_1_127' title='bbox 518 1723 618 1756; x_wconf 88' lang='lat' dir='ltr'>Paule</span> <span class='ocrx_word' id='word_1_128' title='bbox 632 1723 718 1767; x_wconf 88' lang='lat' dir='ltr'>Papa</span> <span class='ocrx_word' id='word_1_129' title='bbox 729 1723 823 1756; x_wconf 89' lang='lat' dir='ltr'>tertio</span> <span class='ocrx_word' id='word_1_130' title='bbox 835 1723 1031 1763; x_wconf 87' lang='lat' dir='ltr'>institutum,</span> <span class='ocrx_word' id='word_1_131' title='bbox 1050 1723 1082 1755; x_wconf 94' lang='lat' dir='ltr'>in</span> <span class='ocrx_word' id='word_1_132' title='bbox 1098 1723 1187 1756; x_wconf 88' lang='lat' dir='ltr'>ltalia</span> 
     </span>
     <span class='ocr_line' id='line_1_31' title="bbox 516 1777 1184 1821; baseline -0.001 -11"><span class='ocrx_word' id='word_1_133' title='bbox 516 1783 547 1810; x_wconf 93' lang='lat' dir='ltr'>et</span> <span class='ocrx_word' id='word_1_134' title='bbox 575 1782 663 1810; x_wconf 81' lang='lat' dir='ltr'>extra</span> <span class='ocrx_word' id='word_1_135' title='bbox 693 1788 763 1810; x_wconf 84' lang='lat' dir='ltr'>earn</span> <span class='ocrx_word' id='word_1_136' title='bbox 792 1777 959 1817; x_wconf 75' lang='lat' dir='ltr'>decernit,</span> <span class='ocrx_word' id='word_1_137' title='bbox 983 1777 1184 1821; x_wconf 73' lang='lat' dir='ltr'>gratiasque,</span> 
     </span>
     <span class='ocr_line' id='line_1_32' title="bbox 515 1826 1187 1870; baseline 0.001 -11"><span class='ocrx_word' id='word_1_138' title='bbox 515 1826 752 1870; x_wconf 81' lang='lat' dir='ltr'>praerogativas</span> <span class='ocrx_word' id='word_1_139' title='bbox 785 1832 816 1859; x_wconf 91' lang='lat' dir='ltr'>et</span> <span class='ocrx_word' id='word_1_140' title='bbox 849 1827 1017 1859; x_wconf 70' lang='lat' dir='ltr'>facultates</span> <span class='ocrx_word' id='word_1_141' title='bbox 1051 1827 1187 1860; x_wconf 82' lang='lat' dir='ltr'>Sanctae</span> 
     </span>
     <span class='ocr_line' id='line_1_33' title="bbox 517 1875 1186 1919; baseline 0.001 -11"><span class='ocrx_word' id='word_1_142' title='bbox 517 1876 679 1909; x_wconf 78' lang='lat' dir='ltr'>Romanae</span> <span class='ocrx_word' id='word_1_143' title='bbox 694 1876 856 1908; x_wconf 75' lang='lat' dir='ltr'>Ecclesiae</span> <span class='ocrx_word' id='word_1_144' title='bbox 873 1875 1091 1908; x_wconf 82' lang='lat' dir='ltr'>cardinalibus</span> <span class='ocrx_word' id='word_1_145' title='bbox 1112 1887 1186 1919; x_wconf 87' lang='lat' dir='ltr'>pra-</span> 
     </span>
     <span class='ocr_line' id='line_1_34' title="bbox 516 1924 1187 1968; baseline 0 -10"><span class='ocrx_word' id='word_1_146' title='bbox 516 1925 620 1958; x_wconf 86' lang='lat' dir='ltr'>vitatis</span> <span class='ocrx_word' id='word_1_147' title='bbox 639 1925 820 1958; x_wconf 87' lang='lat' dir='ltr'>haereticae</span> <span class='ocrx_word' id='word_1_148' title='bbox 838 1924 1083 1968; x_wconf 81' lang='lat' dir='ltr'>inquisitoribus</span> <span class='ocrx_word' id='word_1_149' title='bbox 1103 1926 1187 1958; x_wconf 85' lang='lat' dir='ltr'>elar-</span> 
     </span>
     <span class='ocr_line' id='line_1_35' title="bbox 518 1973 902 2017; baseline -0.003 -10"><span class='ocrx_word' id='word_1_150' title='bbox 518 1974 599 2017; x_wconf 69' lang='lat' dir='ltr'>giras</span> <span class='ocrx_word' id='word_1_151' title='bbox 620 1974 803 2013; x_wconf 82' lang='lat' dir='ltr'>confirmat,</span> <span class='ocrx_word' id='word_1_152' title='bbox 826 1973 902 2006; x_wconf 72' lang='lat'>0236.</span> 
     </span>
    </p>

    <p class='ocr_par' dir='ltr' id='par_1_9' title="bbox 430 2021 1189 2262">
     <span class='ocr_line' id='line_1_36' title="bbox 430 2021 1187 2066; baseline -0.003 -10"><span class='ocrx_word' id='word_1_153' title='bbox 430 2023 570 2056; x_wconf 81' lang='lat' dir='ltr'>LXXVlI.</span> <span class='ocrx_word' id='word_1_154' title='bbox 592 2022 871 2066; x_wconf 78' lang='lat' dir='ltr'>Indulgentiarum</span> <span class='ocrx_word' id='word_1_155' title='bbox 903 2021 1025 2064; x_wconf 72' lang='lat' dir='ltr'>gratiae</span> <span class='ocrx_word' id='word_1_156' title='bbox 1053 2022 1092 2054; x_wconf 89' lang='lat' dir='ltr'>ab</span> <span class='ocrx_word' id='word_1_157' title='bbox 1117 2032 1187 2055; x_wconf 91' lang='lat' dir='ltr'>om-</span> 
     </span>
     <span class='ocr_line' id='line_1_37' title="bbox 518 2071 1188 2112; baseline -0.003 -7"><span class='ocrx_word' id='word_1_158' title='bbox 518 2072 613 2105; x_wconf 88' lang='lat' dir='ltr'>nihus</span> <span class='ocrx_word' id='word_1_159' title='bbox 642 2072 856 2112; x_wconf 83' lang='lat' dir='ltr'>officialibus,</span> <span class='ocrx_word' id='word_1_160' title='bbox 888 2071 973 2104; x_wconf 88' lang='lat' dir='ltr'>circa</span> <span class='ocrx_word' id='word_1_161' title='bbox 1008 2072 1188 2104; x_wconf 87' lang='lat' dir='ltr'>clausulam</span> 
     </span>
     <span class='ocr_line' id='line_1_38' title="bbox 518 2120 1185 2165; baseline -0.001 -11"><span class='ocrx_word' id='word_1_162' title='bbox 518 2120 731 2165; x_wconf 82' lang='lat' dir='ltr'>porrectionis</span> <span class='ocrx_word' id='word_1_163' title='bbox 769 2131 925 2153; x_wconf 83' lang='lat' dir='ltr'>manuum</span> <span class='ocrx_word' id='word_1_164' title='bbox 961 2120 1159 2153; x_wconf 87' lang='lat' dir='ltr'>adiutricum</span> <span class='ocrx_word' id='word_1_165' title='bbox 1178 2147 1185 2161; x_wconf 95' lang='lat'>,</span> 
     </span>
     <span class='ocr_line' id='line_1_39' title="bbox 518 2169 1189 2214; baseline 0 -11"><span class='ocrx_word' id='word_1_166' title='bbox 518 2171 616 2213; x_wconf 78' lang='lat' dir='ltr'>gratis</span> <span class='ocrx_word' id='word_1_167' title='bbox 648 2170 884 2214; x_wconf 82' lang='lat' dir='ltr'>expediantur,</span> <span class='ocrx_word' id='word_1_168' title='bbox 907 2174 1041 2213; x_wconf 76' lang='lat' dir='ltr'>excepte</span> <span class='ocrx_word' id='word_1_169' title='bbox 1073 2169 1189 2203; x_wconf 88' lang='lat' dir='ltr'>salario</span> 
     </span>
     <span class='ocr_line' id='line_1_40' title="bbox 520 2218 861 2262; baseline 0 -10"><span class='ocrx_word' id='word_1_170' title='bbox 520 2220 761 2262; x_wconf 76' lang='lat' dir='ltr'>registraturae,</span> <span class='ocrx_word' id='word_1_171' title='bbox 785 2218 861 2252; x_wconf 64' lang='lat'>239.</span> 
     </span>
    </p>

    <p class='ocr_par' dir='ltr' id='par_1_10' title="bbox 431 2267 1191 2557">
     <span class='ocr_line' id='line_1_41' title="bbox 431 2267 1189 2311; baseline -0.003 -10"><span class='ocrx_word' id='word_1_172' title='bbox 431 2269 584 2302; x_wconf 84' lang='lat' dir='ltr'>LXXVIII.</span> <span class='ocrx_word' id='word_1_173' title='bbox 618 2269 765 2302; x_wconf 85' lang='lat' dir='ltr'>Facultas</span> <span class='ocrx_word' id='word_1_174' title='bbox 798 2267 927 2310; x_wconf 71' lang='lat' dir='ltr'>collegii</span> <span class='ocrx_word' id='word_1_175' title='bbox 960 2267 1189 2311; x_wconf 81' lang='lat' dir='ltr'>deputatorum</span> 
     </span>
     <span class='ocr_line' id='line_1_42' title="bbox 521 2316 1189 2351; baseline -0.003 0"><span class='ocrx_word' id='word_1_176' title='bbox 521 2318 663 2351; x_wconf 72' lang='lat' dir='ltr'>fabricae</span> <span class='ocrx_word' id='word_1_177' title='bbox 692 2317 800 2351; x_wconf 85' lang='lat' dir='ltr'>Sancti</span> <span class='ocrx_word' id='word_1_178' title='bbox 834 2316 918 2349; x_wconf 88' lang='lat' dir='ltr'>Petri</span> <span class='ocrx_word' id='word_1_179' title='bbox 948 2316 986 2349; x_wconf 90' lang='lat' dir='ltr'>dc</span> <span class='ocrx_word' id='word_1_180' title='bbox 1020 2316 1104 2350; x_wconf 82' lang='lat' dir='ltr'>Urbe</span> <span class='ocrx_word' id='word_1_181' title='bbox 1134 2327 1189 2349; x_wconf 87' lang='lat' dir='ltr'>co-</span> 
     </span>
     <span class='ocr_line' id='line_1_43' title="bbox 521 2366 1190 2411; baseline -0.001 -11"><span class='ocrx_word' id='word_1_182' title='bbox 521 2367 615 2410; x_wconf 82' lang='lat' dir='ltr'>gendi</span> <span class='ocrx_word' id='word_1_183' title='bbox 630 2395 637 2409; x_wconf 92' lang='lat'>,</span> <span class='ocrx_word' id='word_1_184' title='bbox 660 2378 719 2411; x_wconf 88' lang='lat' dir='ltr'>pro</span> <span class='ocrx_word' id='word_1_185' title='bbox 741 2366 931 2400; x_wconf 79' lang='lat' dir='ltr'>executione</span> <span class='ocrx_word' id='word_1_186' title='bbox 953 2366 1081 2409; x_wconf 87' lang='lat' dir='ltr'>piorum</span> <span class='ocrx_word' id='word_1_187' title='bbox 1103 2367 1190 2409; x_wconf 78' lang='lat' dir='ltr'>lega-</span> 
     </span>
     <span class='ocr_line' id='line_1_44' title="bbox 521 2415 1190 2459; baseline -0.001 -11"><span class='ocrx_word' id='word_1_188' title='bbox 521 2421 650 2456; x_wconf 90' lang='lat' dir='ltr'>torum,</span> <span class='ocrx_word' id='word_1_189' title='bbox 671 2426 895 2459; x_wconf 82' lang='lat' dir='ltr'>quoscumque</span> <span class='ocrx_word' id='word_1_190' title='bbox 920 2415 1063 2448; x_wconf 87' lang='lat' dir='ltr'>notarios</span> <span class='ocrx_word' id='word_1_191' title='bbox 1093 2416 1132 2447; x_wconf 86' lang='lat' dir='ltr'>ad</span> <span class='ocrx_word' id='word_1_192' title='bbox 1162 2416 1190 2448; x_wconf 90' lang='lat' dir='ltr'>ei</span> 
     </span>
     <span class='ocr_line' id='line_1_45' title="bbox 522 2464 1191 2508; baseline 0 -11"><span class='ocrx_word' id='word_1_193' title='bbox 522 2465 715 2497; x_wconf 88' lang='lat' dir='ltr'>tradendum</span> <span class='ocrx_word' id='word_1_194' title='bbox 754 2465 918 2508; x_wconf 81' lang='lat' dir='ltr'>exemplar</span> <span class='ocrx_word' id='word_1_195' title='bbox 957 2464 1191 2497; x_wconf 85' lang='lat' dir='ltr'>instrumento-</span> 
     </span>
     <span class='ocr_line' id='line_1_46' title="bbox 524 2513 1191 2557; baseline 0 -11"><span class='ocrx_word' id='word_1_196' title='bbox 524 2525 609 2553; x_wconf 89' lang='lat' dir='ltr'>rum,</span> <span class='ocrx_word' id='word_1_197' title='bbox 632 2520 701 2557; x_wconf 89' lang='lat' dir='ltr'>post</span> <span class='ocrx_word' id='word_1_198' title='bbox 722 2525 843 2547; x_wconf 90' lang='lat' dir='ltr'>annum</span> <span class='ocrx_word' id='word_1_199' title='bbox 864 2525 881 2546; x_wconf 91' lang='lat' dir='ltr'>a</span> <span class='ocrx_word' id='word_1_200' title='bbox 901 2514 952 2547; x_wconf 87' lang='lat' dir='ltr'>die</span> <span class='ocrx_word' id='word_1_201' title='bbox 973 2513 1079 2546; x_wconf 87' lang='lat' dir='ltr'>obitus</span> <span class='ocrx_word' id='word_1_202' title='bbox 1100 2518 1191 2546; x_wconf 84' lang='lat' dir='ltr'>testa-</span> 
     </span>
    </p>
   </div>
   <div class='ocr_carea' id='block_1_5' title="bbox 523 2562 1188 2644">
    <p class='ocr_par' dir='ltr' id='par_1_11' title="bbox 523 2562 1188 2644">
     <span class='ocr_line' id='line_1_47' title="bbox 523 2562 1188 2603; baseline 0 -8"><span class='ocrx_word' id='word_1_203' title='bbox 523 2562 622 2603; x_wconf 87' lang='lat' dir='ltr'>toris,</span> <span class='ocrx_word' id='word_1_204' title='bbox 657 2564 761 2595; x_wconf 86' lang='lat' dir='ltr'>soluta</span> <span class='ocrx_word' id='word_1_205' title='bbox 792 2563 839 2596; x_wconf 91' lang='lat' dir='ltr'>eis</span> <span class='ocrx_word' id='word_1_206' title='bbox 873 2563 980 2595; x_wconf 87' lang='lat' dir='ltr'>debita</span> <span class='ocrx_word' id='word_1_207' title='bbox 1015 2562 1188 2603; x_wconf 84' lang='lat' dir='ltr'>mercede,</span> 
     </span>
     <span class='ocr_line' id='line_1_48' title="bbox 523 2610 600 2644; baseline 0.013 -1"><span class='ocrx_word' id='word_1_208' title='bbox 523 2610 600 2644; x_wconf 67' lang='lat'>⁶241.</span> 
     </span>
    </p>
   </div>
   <div class='ocr_carea' id='block_1_6' title="bbox 1223 332 1990 2305">
    <p class='ocr_par' dir='ltr' id='par_1_12' title="bbox 1311 332 1982 638">
     <span class='ocr_line' id='line_1_49' title="bbox 1312 332 1980 378; baseline 0.009 -14"><span class='ocrx_word' id='word_1_209' title='bbox 1312 332 1399 365; x_wconf 89' lang='lat' dir='ltr'>tione</span> <span class='ocrx_word' id='word_1_210' title='bbox 1434 332 1581 364; x_wconf 83' lang='lat' dir='ltr'>dohanae</span> <span class='ocrx_word' id='word_1_211' title='bbox 1616 332 1709 366; x_wconf 85' lang='lat' dir='ltr'>Urbis</span> <span class='ocrx_word' id='word_1_212' title='bbox 1729 360 1736 373; x_wconf 96' lang='lat'>,</span> <span class='ocrx_word' id='word_1_213' title='bbox 1766 334 1980 378; x_wconf 90' lang='lat' dir='ltr'>quibuscum-</span> 
     </span>
     <span class='ocr_line' id='line_1_50' title="bbox 1311 387 1982 432; baseline 0.009 -15"><span class='ocrx_word' id='word_1_214' title='bbox 1311 396 1386 428; x_wconf 86' lang='lat' dir='ltr'>que,</span> <span class='ocrx_word' id='word_1_215' title='bbox 1409 390 1635 429; x_wconf 83' lang='lat' dir='ltr'>praeterquam</span> <span class='ocrx_word' id='word_1_216' title='bbox 1656 387 1736 420; x_wconf 92' lang='lat' dir='ltr'>loeis</span> <span class='ocrx_word' id='word_1_217' title='bbox 1752 388 1825 432; x_wconf 91' lang='lat' dir='ltr'>piis,</span> <span class='ocrx_word' id='word_1_218' title='bbox 1849 399 1982 423; x_wconf 87' lang='lat' dir='ltr'>conces-</span> 
     </span>
     <span class='ocr_line' id='line_1_51' title="bbox 1311 438 1979 483; baseline 0.009 -13"><span class='ocrx_word' id='word_1_219' title='bbox 1311 449 1441 479; x_wconf 84' lang='lat' dir='ltr'>sarum,</span> <span class='ocrx_word' id='word_1_220' title='bbox 1464 440 1512 471; x_wconf 77' lang='lat' dir='ltr'>vel</span> <span class='ocrx_word' id='word_1_221' title='bbox 1533 438 1565 471; x_wconf 91' lang='lat' dir='ltr'>in</span> <span class='ocrx_word' id='word_1_222' title='bbox 1586 440 1735 483; x_wconf 87' lang='lat' dir='ltr'>capitulis</span> <span class='ocrx_word' id='word_1_223' title='bbox 1755 442 1902 475; x_wconf 87' lang='lat' dir='ltr'>dohanae</span> <span class='ocrx_word' id='word_1_224' title='bbox 1925 454 1979 476; x_wconf 86' lang='lat' dir='ltr'>ex-</span> 
     </span>
     <span class='ocr_line' id='line_1_52' title="bbox 1311 493 1981 537; baseline 0.01 -15"><span class='ocrx_word' id='word_1_225' title='bbox 1311 502 1509 535; x_wconf 65' lang='lat' dir='ltr'>pressarum,</span> <span class='ocrx_word' id='word_1_226' title='bbox 1524 498 1554 525; x_wconf 88' lang='lat' dir='ltr'>et</span> <span class='ocrx_word' id='word_1_227' title='bbox 1566 493 1741 526; x_wconf 84' lang='lat' dir='ltr'>declaratio</span> <span class='ocrx_word' id='word_1_228' title='bbox 1754 495 1861 537; x_wconf 91' lang='lat' dir='ltr'>quoad</span> <span class='ocrx_word' id='word_1_229' title='bbox 1873 506 1981 529; x_wconf 83' lang='lat' dir='ltr'>exem—</span> 
     </span>
     <span class='ocr_line' id='line_1_53' title="bbox 1312 545 1981 587; baseline 0.009 -10"><span class='ocrx_word' id='word_1_230' title='bbox 1312 545 1438 587; x_wconf 87' lang='lat' dir='ltr'>ptiones</span> <span class='ocrx_word' id='word_1_231' title='bbox 1459 545 1500 578; x_wconf 93' lang='lat' dir='ltr'>ob</span> <span class='ocrx_word' id='word_1_232' title='bbox 1513 556 1687 579; x_wconf 85' lang='lat' dir='ltr'>numerum</span> <span class='ocrx_word' id='word_1_233' title='bbox 1704 547 1876 581; x_wconf 88' lang='lat' dir='ltr'>duodecim</span> <span class='ocrx_word' id='word_1_234' title='bbox 1895 549 1981 583; x_wconf 84' lang='lat' dir='ltr'>filio-</span> 
     </span>
     <span class='ocr_line' id='line_1_54' title="bbox 1311 598 1497 638; baseline 0 -7"><span class='ocrx_word' id='word_1_235' title='bbox 1311 609 1397 638; x_wconf 88' lang='lat' dir='ltr'>rum,</span> <span class='ocrx_word' id='word_1_236' title='bbox 1421 598 1497 631; x_wconf 65' lang='lat'>942.</span> 
     </span>
    </p>

    <p class='ocr_par' dir='ltr' id='par_1_13' title="bbox 1223 650 1982 747">
     <span class='ocr_line' id='line_1_55' title="bbox 1223 650 1982 691; baseline 0.009 -8"><span class='ocrx_word' id='word_1_237' title='bbox 1223 650 1337 683; x_wconf 86' lang='lat' dir='ltr'>LXXX.</span> <span class='ocrx_word' id='word_1_238' title='bbox 1365 651 1575 686; x_wconf 71' lang='lat' dir='ltr'>Confirmatio</span> <span class='ocrx_word' id='word_1_239' title='bbox 1600 653 1689 686; x_wconf 86' lang='lat' dir='ltr'>Sacri</span> <span class='ocrx_word' id='word_1_240' title='bbox 1720 659 1752 687; x_wconf 85' lang='lat' dir='ltr'>et</span> <span class='ocrx_word' id='word_1_241' title='bbox 1780 655 1982 691; x_wconf 88' lang='lat' dir='ltr'>OEeumenici</span> 
     </span>
     <span class='ocr_line' id='line_1_56' title="bbox 1312 704 1757 747; baseline 0.007 -10"><span class='ocrx_word' id='word_1_242' title='bbox 1312 704 1446 738; x_wconf 88' lang='lat' dir='ltr'>Coneilii</span> <span class='ocrx_word' id='word_1_243' title='bbox 1468 705 1658 747; x_wconf 84' lang='lat' dir='ltr'>Tridentini,</span> <span class='ocrx_word' id='word_1_244' title='bbox 1681 706 1757 740; x_wconf 69' lang='lat'>244.</span> 
     </span>
    </p>

    <p class='ocr_par' dir='ltr' id='par_1_14' title="bbox 1223 758 1985 913">
     <span class='ocr_line' id='line_1_57' title="bbox 1223 758 1983 798; baseline 0.009 -8"><span class='ocrx_word' id='word_1_245' title='bbox 1223 758 1352 791; x_wconf 85' lang='lat' dir='ltr'>LXXXI.</span> <span class='ocrx_word' id='word_1_246' title='bbox 1374 759 1544 792; x_wconf 88' lang='lat' dir='ltr'>Damnatio</span> <span class='ocrx_word' id='word_1_247' title='bbox 1570 764 1600 792; x_wconf 87' lang='lat' dir='ltr'>et</span> <span class='ocrx_word' id='word_1_248' title='bbox 1628 761 1922 796; x_wconf 85' lang='lat' dir='ltr'>excommunicatio</span> <span class='ocrx_word' id='word_1_249' title='bbox 1942 763 1983 798; x_wconf 83' lang='lat'>0-</span> 
     </span>
     <span class='ocr_line' id='line_1_58' title="bbox 1312 811 1985 856; baseline 0.009 -13"><span class='ocrx_word' id='word_1_250' title='bbox 1312 811 1390 844; x_wconf 89' lang='lat' dir='ltr'>detti</span> <span class='ocrx_word' id='word_1_251' title='bbox 1412 822 1430 844; x_wconf 91' lang='lat' dir='ltr'>a</span> <span class='ocrx_word' id='word_1_252' title='bbox 1445 812 1641 853; x_wconf 88' lang='lat' dir='ltr'>Castillione,</span> <span class='ocrx_word' id='word_1_253' title='bbox 1658 814 1843 856; x_wconf 85' lang='lat' dir='ltr'>cardinalis,</span> <span class='ocrx_word' id='word_1_254' title='bbox 1859 815 1892 848; x_wconf 92' lang='lat' dir='ltr'>in</span> <span class='ocrx_word' id='word_1_255' title='bbox 1909 816 1985 850; x_wconf 86' lang='lat' dir='ltr'>hae-</span> 
     </span>
     <span class='ocr_line' id='line_1_59' title="bbox 1313 864 1981 913; baseline 0.01 -17"><span class='ocrx_word' id='word_1_256' title='bbox 1313 864 1409 897; x_wconf 90' lang='lat' dir='ltr'>resim</span> <span class='ocrx_word' id='word_1_257' title='bbox 1440 866 1687 908; x_wconf 81' lang='lat' dir='ltr'>Ilngonotorum</span> <span class='ocrx_word' id='word_1_258' title='bbox 1719 868 1881 913; x_wconf 85' lang='lat' dir='ltr'>prolapsi,</span> <span class='ocrx_word' id='word_1_259' title='bbox 1904 869 1981 903; x_wconf 70' lang='lat'>247.</span> 
     </span>
    </p>

    <p class='ocr_par' dir='ltr' id='par_1_15' title="bbox 1224 918 1985 1174">
     <span class='ocr_line' id='line_1_60' title="bbox 1224 918 1983 966; baseline 0.009 -16"><span class='ocrx_word' id='word_1_260' title='bbox 1224 918 1364 951; x_wconf 85' lang='lat' dir='ltr'>LXXXII.</span> <span class='ocrx_word' id='word_1_261' title='bbox 1374 918 1553 952; x_wconf 85' lang='lat' dir='ltr'>Facultates</span> <span class='ocrx_word' id='word_1_262' title='bbox 1561 930 1608 952; x_wconf 80' lang='lat' dir='ltr'>cai</span> <span class='ocrx_word' id='word_1_263' title='bbox 1617 920 1774 954; x_wconf 88' lang='lat' dir='ltr'>dinalium</span> <span class='ocrx_word' id='word_1_264' title='bbox 1784 921 1983 966; x_wconf 87' lang='lat' dir='ltr'>reipublicae</span> 
     </span>
     <span class='ocr_line' id='line_1_61' title="bbox 1313 972 1983 1020; baseline 0.01 -16"><span class='ocrx_word' id='word_1_265' title='bbox 1313 972 1508 1006; x_wconf 84' lang='lat' dir='ltr'>christianae</span> <span class='ocrx_word' id='word_1_266' title='bbox 1528 974 1729 1016; x_wconf 82' lang='lat' dir='ltr'>generalium</span> <span class='ocrx_word' id='word_1_267' title='bbox 1751 976 1983 1020; x_wconf 88' lang='lat' dir='ltr'>inquisitorum</span> 
     </span>
     <span class='ocr_line' id='line_1_62' title="bbox 1315 1026 1985 1070; baseline 0.009 -12"><span class='ocrx_word' id='word_1_268' title='bbox 1315 1026 1346 1058; x_wconf 88' lang='lat' dir='ltr'>in</span> <span class='ocrx_word' id='word_1_269' title='bbox 1386 1026 1470 1059; x_wconf 87' lang='lat' dir='ltr'>Urbe</span> <span class='ocrx_word' id='word_1_270' title='bbox 1506 1027 1704 1070; x_wconf 87' lang='lat' dir='ltr'>procedendi</span> <span class='ocrx_word' id='word_1_271' title='bbox 1741 1029 1837 1062; x_wconf 88' lang='lat' dir='ltr'>etiam</span> <span class='ocrx_word' id='word_1_272' title='bbox 1872 1035 1985 1064; x_wconf 85' lang='lat' dir='ltr'>contra</span> 
     </span>
     <span class='ocr_line' id='line_1_63' title="bbox 1314 1080 1984 1123; baseline 0.009 -12"><span class='ocrx_word' id='word_1_273' title='bbox 1314 1080 1474 1123; x_wconf 87' lang='lat' dir='ltr'>praelatos</span> <span class='ocrx_word' id='word_1_274' title='bbox 1489 1080 1670 1115; x_wconf 85' lang='lat' dir='ltr'>haereticos</span> <span class='ocrx_word' id='word_1_275' title='bbox 1680 1082 1729 1115; x_wconf 87' lang='lat' dir='ltr'>vel</span> <span class='ocrx_word' id='word_1_276' title='bbox 1741 1081 1984 1117; x_wconf 85' lang='lat' dir='ltr'>haereticorum</span> 
     </span>
     <span class='ocr_line' id='line_1_64' title="bbox 1314 1133 1566 1174; baseline 0.008 -9"><span class='ocrx_word' id='word_1_277' title='bbox 1314 1134 1467 1174; x_wconf 85' lang='lat' dir='ltr'>fautores,</span> <span class='ocrx_word' id='word_1_278' title='bbox 1490 1133 1566 1167; x_wconf 74' lang='lat'>⁶249.</span> 
     </span>
    </p>

    <p class='ocr_par' dir='ltr' id='par_1_16' title="bbox 1226 1187 1986 1443">
     <span class='ocr_line' id='line_1_65' title="bbox 1226 1187 1984 1226; baseline 0.008 -6"><span class='ocrx_word' id='word_1_279' title='bbox 1226 1187 1380 1221; x_wconf 90' lang='lat' dir='ltr'>LXXXlll.</span> <span class='ocrx_word' id='word_1_280' title='bbox 1400 1188 1585 1221; x_wconf 80' lang='lat' dir='ltr'>Praefinitio</span> <span class='ocrx_word' id='word_1_281' title='bbox 1602 1189 1898 1224; x_wconf 86' lang='lat' dir='ltr'>emolumentorum</span> <span class='ocrx_word' id='word_1_282' title='bbox 1916 1203 1984 1226; x_wconf 90' lang='lat' dir='ltr'>ma-</span> 
     </span>
     <span class='ocr_line' id='line_1_66' title="bbox 1314 1241 1983 1287; baseline 0.007 -14"><span class='ocrx_word' id='word_1_283' title='bbox 1314 1241 1404 1283; x_wconf 75' lang='lat' dir='ltr'>gistri</span> <span class='ocrx_word' id='word_1_284' title='bbox 1431 1242 1712 1275; x_wconf 88' lang='lat' dir='ltr'>caeremoniarum</span> <span class='ocrx_word' id='word_1_285' title='bbox 1742 1254 1760 1276; x_wconf 92' lang='lat' dir='ltr'>a</span> <span class='ocrx_word' id='word_1_286' title='bbox 1787 1244 1922 1287; x_wconf 87' lang='lat' dir='ltr'>singulis</span> <span class='ocrx_word' id='word_1_287' title='bbox 1950 1245 1983 1279; x_wconf 90' lang='lat' dir='ltr'>S.</span> 
     </span>
     <span class='ocr_line' id='line_1_67' title="bbox 1314 1295 1984 1337; baseline 0.007 -10"><span class='ocrx_word' id='word_1_288' title='bbox 1314 1295 1351 1328; x_wconf 81' lang='lat' dir='ltr'>R.</span> <span class='ocrx_word' id='word_1_289' title='bbox 1386 1295 1420 1328; x_wconf 87' lang='lat' dir='ltr'>E.</span> <span class='ocrx_word' id='word_1_290' title='bbox 1457 1295 1688 1337; x_wconf 87' lang='lat' dir='ltr'>cardinalibus,</span> <span class='ocrx_word' id='word_1_291' title='bbox 1709 1301 1773 1329; x_wconf 86' lang='lat' dir='ltr'>tam</span> <span class='ocrx_word' id='word_1_292' title='bbox 1805 1297 1838 1330; x_wconf 93' lang='lat' dir='ltr'>in</span> <span class='ocrx_word' id='word_1_293' title='bbox 1870 1309 1984 1332; x_wconf 86' lang='lat' dir='ltr'>eorum</span> 
     </span>
     <span class='ocr_line' id='line_1_68' title="bbox 1316 1349 1986 1396; baseline 0.009 -16"><span class='ocrx_word' id='word_1_294' title='bbox 1316 1349 1534 1392; x_wconf 85' lang='lat' dir='ltr'>promotione,</span> <span class='ocrx_word' id='word_1_295' title='bbox 1558 1360 1656 1393; x_wconf 81' lang='lat' dir='ltr'>quam</span> <span class='ocrx_word' id='word_1_296' title='bbox 1688 1350 1720 1384; x_wconf 91' lang='lat' dir='ltr'>in</span> <span class='ocrx_word' id='word_1_297' title='bbox 1747 1351 1839 1385; x_wconf 86' lang='lat' dir='ltr'>obitu</span> <span class='ocrx_word' id='word_1_298' title='bbox 1859 1353 1986 1396; x_wconf 87' lang='lat' dir='ltr'>persol-</span> 
     </span>
     <span class='ocr_line' id='line_1_69' title="bbox 1314 1403 1603 1443; baseline 0.003 -8"><span class='ocrx_word' id='word_1_299' title='bbox 1314 1403 1506 1443; x_wconf 90' lang='lat' dir='ltr'>vendorum,</span> <span class='ocrx_word' id='word_1_300' title='bbox 1529 1403 1603 1437; x_wconf 73' lang='lat'>⁶251.</span> 
     </span>
    </p>

    <p class='ocr_par' dir='ltr' id='par_1_17' title="bbox 1227 1455 1987 1554">
     <span class='ocr_line' id='line_1_70' title="bbox 1227 1455 1987 1493; baseline 0.007 -5"><span class='ocrx_word' id='word_1_301' title='bbox 1227 1455 1380 1489; x_wconf 88' lang='lat' dir='ltr'>LXXXIV.</span> <span class='ocrx_word' id='word_1_302' title='bbox 1415 1456 1541 1489; x_wconf 85' lang='lat' dir='ltr'>Erectio</span> <span class='ocrx_word' id='word_1_303' title='bbox 1575 1457 1731 1490; x_wconf 78' lang='lat' dir='ltr'>ecelesiae</span> <span class='ocrx_word' id='word_1_304' title='bbox 1763 1458 1987 1493; x_wconf 86' lang='lat' dir='ltr'>Urbinatensis</span> 
     </span>
     <span class='ocr_line' id='line_1_71' title="bbox 1316 1510 1766 1554; baseline 0.004 -12"><span class='ocrx_word' id='word_1_305' title='bbox 1316 1510 1349 1542; x_wconf 90' lang='lat' dir='ltr'>in</span> <span class='ocrx_word' id='word_1_306' title='bbox 1370 1510 1666 1554; x_wconf 87' lang='lat' dir='ltr'>metropolitanam,</span> <span class='ocrx_word' id='word_1_307' title='bbox 1690 1510 1766 1544; x_wconf 69' lang='lat'>⁶252.</span> 
     </span>
    </p>

    <p class='ocr_par' dir='ltr' id='par_1_18' title="bbox 1227 1563 1986 1711">
     <span class='ocr_line' id='line_1_72' title="bbox 1227 1563 1984 1608; baseline 0.004 -11"><span class='ocrx_word' id='word_1_308' title='bbox 1227 1563 1366 1597; x_wconf 85' lang='lat' dir='ltr'>LXXXV.</span> <span class='ocrx_word' id='word_1_309' title='bbox 1401 1563 1505 1597; x_wconf 79' lang='lat' dir='ltr'>Stadii</span> <span class='ocrx_word' id='word_1_310' title='bbox 1543 1564 1703 1607; x_wconf 82' lang='lat' dir='ltr'>generalis</span> <span class='ocrx_word' id='word_1_311' title='bbox 1744 1565 1959 1600; x_wconf 86' lang='lat' dir='ltr'>Bononiensis</span> <span class='ocrx_word' id='word_1_312' title='bbox 1975 1593 1984 1608; x_wconf 91' lang='lat'>,</span> 
     </span>
     <span class='ocr_line' id='line_1_73' title="bbox 1316 1618 1986 1662; baseline 0.007 -13"><span class='ocrx_word' id='word_1_313' title='bbox 1316 1619 1451 1661; x_wconf 87' lang='lat' dir='ltr'>eiusque</span> <span class='ocrx_word' id='word_1_314' title='bbox 1484 1618 1619 1651; x_wconf 88' lang='lat' dir='ltr'>rectoris</span> <span class='ocrx_word' id='word_1_315' title='bbox 1652 1623 1749 1662; x_wconf 89' lang='lat' dir='ltr'>atque</span> <span class='ocrx_word' id='word_1_316' title='bbox 1787 1619 1986 1654; x_wconf 85' lang='lat' dir='ltr'>scholarium</span> 
     </span>
     <span class='ocr_line' id='line_1_74' title="bbox 1317 1671 1552 1711; baseline 0.004 -8"><span class='ocrx_word' id='word_1_317' title='bbox 1317 1671 1453 1711; x_wconf 88' lang='lat' dir='ltr'>indulta,</span> <span class='ocrx_word' id='word_1_318' title='bbox 1476 1671 1552 1705; x_wconf 75' lang='lat'>⁶254.</span> 
     </span>
    </p>

    <p class='ocr_par' dir='ltr' id='par_1_19' title="bbox 1228 1724 1989 1927">
     <span class='ocr_line' id='line_1_75' title="bbox 1228 1724 1988 1769; baseline 0.004 -12"><span class='ocrx_word' id='word_1_319' title='bbox 1228 1725 1382 1758; x_wconf 87' lang='lat' dir='ltr'>LXXXVI.</span> <span class='ocrx_word' id='word_1_320' title='bbox 1406 1724 1587 1757; x_wconf 87' lang='lat' dir='ltr'>Iurisdietie</span> <span class='ocrx_word' id='word_1_321' title='bbox 1609 1724 1781 1759; x_wconf 88' lang='lat' dir='ltr'>cardinalis</span> <span class='ocrx_word' id='word_1_322' title='bbox 1794 1727 1988 1769; x_wconf 87' lang='lat' dir='ltr'>protectoris</span> 
     </span>
     <span class='ocr_line' id='line_1_76' title="bbox 1318 1778 1989 1824; baseline 0.006 -14"><span class='ocrx_word' id='word_1_323' title='bbox 1318 1783 1349 1811; x_wconf 88' lang='lat' dir='ltr'>et</span> <span class='ocrx_word' id='word_1_324' title='bbox 1366 1778 1484 1811; x_wconf 86' lang='lat' dir='ltr'>iudicis</span> <span class='ocrx_word' id='word_1_325' title='bbox 1497 1789 1686 1812; x_wconf 73' lang='lat' dir='ltr'>caussarum</span> <span class='ocrx_word' id='word_1_326' title='bbox 1700 1779 1872 1824; x_wconf 87' lang='lat' dir='ltr'>hospitalis</span> <span class='ocrx_word' id='word_1_327' title='bbox 1887 1785 1918 1813; x_wconf 87' lang='lat' dir='ltr'>et</span> <span class='ocrx_word' id='word_1_328' title='bbox 1933 1780 1989 1814; x_wconf 91' lang='lat' dir='ltr'>So-</span> 
     </span>
     <span class='ocr_line' id='line_1_77' title="bbox 1318 1831 1988 1878; baseline 0.004 -14"><span class='ocrx_word' id='word_1_329' title='bbox 1318 1831 1440 1866; x_wconf 85' lang='lat' dir='ltr'>cietatis</span> <span class='ocrx_word' id='word_1_330' title='bbox 1459 1832 1490 1866; x_wconf 89' lang='lat' dir='ltr'>S.</span> <span class='ocrx_word' id='word_1_331' title='bbox 1512 1832 1699 1877; x_wconf 73' lang='lat' dir='ltr'>Hieronymi</span> <span class='ocrx_word' id='word_1_332' title='bbox 1724 1832 1927 1878; x_wconf 74' lang='lat' dir='ltr'>lllyrieorum</span> <span class='ocrx_word' id='word_1_333' title='bbox 1948 1833 1988 1868; x_wconf 88' lang='lat' dir='ltr'>de</span> 
     </span>
     <span class='ocr_line' id='line_1_78' title="bbox 1318 1885 1514 1927; baseline 0.005 -9"><span class='ocrx_word' id='word_1_334' title='bbox 1318 1886 1414 1927; x_wconf 88' lang='lat' dir='ltr'>Urbe,</span> <span class='ocrx_word' id='word_1_335' title='bbox 1438 1885 1514 1919; x_wconf 68' lang='lat'>257.</span> 
     </span>
    </p>

    <p class='ocr_par' dir='ltr' id='par_1_20' title="bbox 1229 1939 1990 2249">
     <span class='ocr_line' id='line_1_79' title="bbox 1229 1939 1987 1984; baseline 0.003 -12"><span class='ocrx_word' id='word_1_336' title='bbox 1229 1940 1396 1973; x_wconf 86' lang='lat' dir='ltr'>LXXXVII.</span> <span class='ocrx_word' id='word_1_337' title='bbox 1420 1940 1595 1973; x_wconf 84' lang='lat' dir='ltr'>Renovatio</span> <span class='ocrx_word' id='word_1_338' title='bbox 1625 1939 1835 1984; x_wconf 86' lang='lat' dir='ltr'>antiquarum</span> <span class='ocrx_word' id='word_1_339' title='bbox 1856 1940 1987 1974; x_wconf 89' lang='lat' dir='ltr'>ordina—</span> 
     </span>
     <span class='ocr_line' id='line_1_80' title="bbox 1320 1993 1987 2038; baseline 0.003 -13"><span class='ocrx_word' id='word_1_340' title='bbox 1320 1994 1462 2034; x_wconf 90' lang='lat' dir='ltr'>tionum,</span> <span class='ocrx_word' id='word_1_341' title='bbox 1482 1993 1660 2036; x_wconf 75' lang='lat' dir='ltr'>gratiarum</span> <span class='ocrx_word' id='word_1_342' title='bbox 1682 1999 1713 2027; x_wconf 89' lang='lat' dir='ltr'>et</span> <span class='ocrx_word' id='word_1_343' title='bbox 1740 1993 1987 2038; x_wconf 84' lang='lat' dir='ltr'>privilegiorum</span> 
     </span>
     <span class='ocr_line' id='line_1_81' title="bbox 1319 2046 1987 2081; baseline 0.003 -2"><span class='ocrx_word' id='word_1_344' title='bbox 1319 2046 1447 2080; x_wconf 86' lang='lat' dir='ltr'>Ordinis</span> <span class='ocrx_word' id='word_1_345' title='bbox 1489 2046 1710 2080; x_wconf 88' lang='lat' dir='ltr'>Cistereiensis</span> <span class='ocrx_word' id='word_1_346' title='bbox 1749 2047 1987 2081; x_wconf 88' lang='lat' dir='ltr'>monachorum</span> 
     </span>
     <span class='ocr_line' id='line_1_82' title="bbox 1319 2100 1990 2145; baseline 0.001 -12"><span class='ocrx_word' id='word_1_347' title='bbox 1319 2100 1427 2134; x_wconf 87' lang='lat' dir='ltr'>Sancti</span> <span class='ocrx_word' id='word_1_348' title='bbox 1448 2101 1624 2141; x_wconf 87' lang='lat' dir='ltr'>Benedicti,</span> <span class='ocrx_word' id='word_1_349' title='bbox 1641 2100 1938 2145; x_wconf 88' lang='lat' dir='ltr'>iurisdictionisque</span> <span class='ocrx_word' id='word_1_350' title='bbox 1958 2106 1990 2134; x_wconf 87' lang='lat' dir='ltr'>et</span> 
     </span>
     <span class='ocr_line' id='line_1_83' title="bbox 1320 2154 1988 2199; baseline 0.003 -13"><span class='ocrx_word' id='word_1_351' title='bbox 1320 2154 1519 2188; x_wconf 86' lang='lat' dir='ltr'>auctoritatis</span> <span class='ocrx_word' id='word_1_352' title='bbox 1539 2155 1662 2188; x_wconf 87' lang='lat' dir='ltr'>abbatis</span> <span class='ocrx_word' id='word_1_353' title='bbox 1684 2160 1715 2188; x_wconf 89' lang='lat' dir='ltr'>et</span> <span class='ocrx_word' id='word_1_354' title='bbox 1734 2155 1874 2191; x_wconf 84' lang='lat' dir='ltr'>aliorum</span> <span class='ocrx_word' id='word_1_355' title='bbox 1894 2165 1988 2199; x_wconf 86' lang='lat' dir='ltr'>prae-</span> 
     </span>
     <span class='ocr_line' id='line_1_84' title="bbox 1320 2208 1818 2249; baseline 0.004 -9"><span class='ocrx_word' id='word_1_356' title='bbox 1320 2209 1459 2241; x_wconf 89' lang='lat' dir='ltr'>latorum</span> <span class='ocrx_word' id='word_1_357' title='bbox 1481 2208 1557 2241; x_wconf 87' lang='lat' dir='ltr'>dieti</span> <span class='ocrx_word' id='word_1_358' title='bbox 1579 2208 1718 2249; x_wconf 85' lang='lat' dir='ltr'>Ordinis,</span> <span class='ocrx_word' id='word_1_359' title='bbox 1741 2208 1818 2242; x_wconf 68' lang='lat'>0260.</span> 
     </span>
    </p>

    <p class='ocr_par' dir='ltr' id='par_1_21' title="bbox 1231 2260 1990 2305">
     <span class='ocr_line' id='line_1_85' title="bbox 1231 2260 1990 2305; baseline 0.001 -11"><span class='ocrx_word' id='word_1_360' title='bbox 1231 2261 1412 2295; x_wconf 79' lang='lat' dir='ltr'>LXXXVIII.</span> <span class='ocrx_word' id='word_1_361' title='bbox 1435 2261 1604 2305; x_wconf 87' lang='lat' dir='ltr'>Caupones</span> <span class='ocrx_word' id='word_1_362' title='bbox 1620 2266 1650 2294; x_wconf 92' lang='lat' dir='ltr'>et</span> <span class='ocrx_word' id='word_1_363' title='bbox 1665 2261 1883 2304; x_wconf 82' lang='lat' dir='ltr'>albergatores</span> <span class='ocrx_word' id='word_1_364' title='bbox 1895 2260 1990 2295; x_wconf 90' lang='lat' dir='ltr'>Urbis</span> 
     </span>
    </p>
   </div>
   <div class='ocr_carea' id='block_1_7' title="bbox 1233 2315 1990 2644">
    <p class='ocr_par' dir='ltr' id='par_1_22' title="bbox 1233 2315 1990 2644">
     <span class='ocr_line' id='line_1_86' title="bbox 1321 2315 1987 2349; baseline 0 -2"><span class='ocrx_word' id='word_1_365' title='bbox 1321 2326 1386 2348; x_wconf 90' lang='lat' dir='ltr'>non</span> <span class='ocrx_word' id='word_1_366' title='bbox 1402 2320 1553 2349; x_wconf 89' lang='lat' dir='ltr'>tenentur</span> <span class='ocrx_word' id='word_1_367' title='bbox 1567 2316 1605 2348; x_wconf 91' lang='lat' dir='ltr'>de</span> <span class='ocrx_word' id='word_1_368' title='bbox 1622 2316 1715 2349; x_wconf 79' lang='lat' dir='ltr'>furtis</span> <span class='ocrx_word' id='word_1_369' title='bbox 1730 2325 1842 2348; x_wconf 85' lang='lat' dir='ltr'>rerum</span> <span class='ocrx_word' id='word_1_370' title='bbox 1863 2315 1908 2348; x_wconf 91' lang='lat' dir='ltr'>eis</span> <span class='ocrx_word' id='word_1_371' title='bbox 1922 2325 1987 2348; x_wconf 91' lang='lat' dir='ltr'>non</span> 
     </span>
     <span class='ocr_line' id='line_1_87' title="bbox 1322 2364 1988 2407; baseline -0.002 -10"><span class='ocrx_word' id='word_1_372' title='bbox 1322 2365 1597 2407; x_wconf 78' lang='lat' dir='ltr'>consignaturum,</span> <span class='ocrx_word' id='word_1_373' title='bbox 1621 2364 1802 2398; x_wconf 85' lang='lat' dir='ltr'>commissis</span> <span class='ocrx_word' id='word_1_374' title='bbox 1821 2364 1855 2397; x_wconf 91' lang='lat' dir='ltr'>in</span> <span class='ocrx_word' id='word_1_375' title='bbox 1874 2374 1988 2397; x_wconf 90' lang='lat' dir='ltr'>eorum</span> 
     </span>
     <span class='ocr_line' id='line_1_88' title="bbox 1321 2413 1988 2457; baseline 0.001 -11"><span class='ocrx_word' id='word_1_376' title='bbox 1321 2414 1489 2457; x_wconf 83' lang='lat' dir='ltr'>hospitiis,</span> <span class='ocrx_word' id='word_1_377' title='bbox 1510 2414 1535 2447; x_wconf 86' lang='lat' dir='ltr'>si</span> <span class='ocrx_word' id='word_1_378' title='bbox 1556 2414 1617 2447; x_wconf 87' lang='lat' dir='ltr'>hoc</span> <span class='ocrx_word' id='word_1_379' title='bbox 1638 2414 1698 2457; x_wconf 90' lang='lat' dir='ltr'>ipsi</span> <span class='ocrx_word' id='word_1_380' title='bbox 1723 2413 1905 2457; x_wconf 84' lang='lat' dir='ltr'>hospitibus</span> <span class='ocrx_word' id='word_1_381' title='bbox 1928 2423 1988 2447; x_wconf 91' lang='lat' dir='ltr'>no-</span> 
     </span>
     <span class='ocr_line' id='line_1_89' title="bbox 1323 2463 1914 2507; baseline 0.002 -12"><span class='ocrx_word' id='word_1_382' title='bbox 1323 2463 1444 2496; x_wconf 81' lang='lat' dir='ltr'>tificent</span> <span class='ocrx_word' id='word_1_383' title='bbox 1466 2463 1497 2495; x_wconf 95' lang='lat' dir='ltr'>in</span> <span class='ocrx_word' id='word_1_384' title='bbox 1518 2474 1631 2496; x_wconf 84' lang='lat' dir='ltr'>eorum</span> <span class='ocrx_word' id='word_1_385' title='bbox 1658 2463 1818 2507; x_wconf 81' lang='lat' dir='ltr'>ingressu,</span> <span class='ocrx_word' id='word_1_386' title='bbox 1838 2463 1914 2496; x_wconf 65' lang='lat'>265.</span> 
     </span>
     <span class='ocr_line' id='line_1_90' title="bbox 1233 2511 1990 2546; baseline -0.003 0"><span class='ocrx_word' id='word_1_387' title='bbox 1233 2513 1387 2546; x_wconf 90' lang='lat' dir='ltr'>LXXXIX.</span> <span class='ocrx_word' id='word_1_388' title='bbox 1412 2513 1593 2545; x_wconf 80' lang='lat' dir='ltr'>lnrisdietio</span> <span class='ocrx_word' id='word_1_389' title='bbox 1614 2513 1786 2546; x_wconf 81' lang='lat' dir='ltr'>consulum</span> <span class='ocrx_word' id='word_1_390' title='bbox 1806 2511 1882 2545; x_wconf 88' lang='lat' dir='ltr'>artis</span> <span class='ocrx_word' id='word_1_391' title='bbox 1906 2521 1990 2544; x_wconf 84' lang='lat' dir='ltr'>mer-</span> 
     </span>
     <span class='ocr_line' id='line_1_91' title="bbox 1323 2560 1845 2602; baseline -0.002 -8"><span class='ocrx_word' id='word_1_392' title='bbox 1323 2561 1497 2594; x_wconf 86' lang='lat' dir='ltr'>eiariornm</span> <span class='ocrx_word' id='word_1_393' title='bbox 1518 2563 1621 2595; x_wconf 89' lang='lat' dir='ltr'>almae</span> <span class='ocrx_word' id='word_1_394' title='bbox 1642 2561 1747 2602; x_wconf 85' lang='lat' dir='ltr'>Urbis,</span> <span class='ocrx_word' id='word_1_395' title='bbox 1769 2560 1845 2594; x_wconf 68' lang='lat'>267.</span> 
     </span>
     <span class='ocr_line' id='line_1_92' title="bbox 1233 2607 1988 2644; baseline -0.004 0"><span class='ocrx_word' id='word_1_396' title='bbox 1233 2610 1295 2644; x_wconf 85' lang='lat' dir='ltr'>XC.</span> <span class='ocrx_word' id='word_1_397' title='bbox 1323 2610 1435 2644; x_wconf 78' lang='lat' dir='ltr'>Graeci</span> <span class='ocrx_word' id='word_1_398' title='bbox 1455 2610 1674 2644; x_wconf 88' lang='lat' dir='ltr'>subiiciuntur</span> <span class='ocrx_word' id='word_1_399' title='bbox 1694 2607 1910 2644; x_wconf 86' lang='lat' dir='ltr'>iurisdictioni</span> <span class='ocrx_word' id='word_1_400' title='bbox 1936 2618 1988 2642; x_wconf 90' lang='lat' dir='ltr'>or-</span> 
     </span>
    </p>
   </div>
  </div>
 </body>
</html>
