2237 3100
277 297 326 324 An.
345 296 374 324 C.
396 296 461 323 1562

307 354 460 375 Proruratores

274 394 317 408 non
351 389 460 408 immutent
477 402 482 407 .

274 419 323 440 {arti
341 421 460 441 veritatem.

299 1056 462 1077 Commemo-

279 1090 330 1108 titun
346 1093 435 1114 poenae,

302 2055 394 2077 irritatio
411 2062 460 2077 ron-

275 2089 396 2110 umorum.

301 2464 322 2483 C}
332 2463 398 2483 mula
412 2462 461 2483 sub-

276 2494 325 2519 lata,
342 2497 378 2514 nli.

476 358 549 382 rum
563 347 837 381 contradictarum
858 346 1009 379 materias
1025 346 1159 379 iniustas
1178 350 1231 378 aut

475 401 703 435 indebitasnon
716 406 904 445 procurent,
918 411 975 433 nee
987 400 1094 431 minus
1104 400 1113 427 l
1123 399 1231 432 litera-

476 466 549 488 rum
571 456 709 488 forment
729 461 841 489 contra
856 455 903 487 vel
921 458 1047 497 praeter
1067 453 1232 486 continen-

477 509 553 542 tiam
580 509 819 541 meinorialiuni
841 513 870 541 et
890 507 1055 540 veritatem
1077 507 1150 539 sacti
1173 507 1234 540 illis

476 574 494 595 a
519 562 666 606 partibus
691 561 841 601 exhibiti,
860 572 919 600 ne,
944 561 1026 592 facto
1055 560 1174 592 variato
1204 566 1230 593 et

475 615 607 648 veritate
628 614 925 654 itinmitata,literas
945 613 1127 657 expediant,
1150 625 1232 656 quae

477 669 554 701 alias
575 668 717 711 expediri
738 679 803 701 non
824 673 967 712 possent,
990 672 1085 710 prout
1107 667 1233 711 saepius

477 727 667 754 attentatum
698 721 795 754 fuisse
821 722 1018 765 accepimus.
1046 721 1081 753 lu
1101 721 1234 765 reliquis

476 786 563 815 vero,
586 786 644 818 per
669 780 854 818 praesentes
883 786 948 808 non
974 775 1151 807 immutatis
1179 781 1230 807 aut

477 828 630 868 alteratis,
649 828 819 872 antiquum
841 829 957 872 stylum
974 828 1006 860 in
1022 827 1233 871 expeditioni-

476 882 536 914 bus
557 881 723 914 literarum
754 883 943 915 earumdem
965 881 1082 915 servari
1103 882 1231 915 solitum

478 934 705 968 inviolabiliter
725 936 906 969 observent.

522 989 536 1031 ξ,
553 988 604 1021 19.
628 988 810 1022 Districtius
830 989 1012 1022 inhibentes
1036 989 1180 1033 praefato
1197 1000 1233 1023 ac

479 1052 538 1086 pro
558 1046 704 1086 tempore
725 1042 870 1075 existenti
896 1042 1083 1082 correctori,
1104 1043 1163 1075 sub
1184 1042 1233 1075 in-

478 1095 672 1138 dignationis
700 1102 840 1136 nostrae3
864 1096 1132 1139 procuratoribus
1147 1107 1232 1137 vero,

478 1149 702 1193 praesentibus
722 1154 752 1182 et
772 1147 910 1190 suturis,
930 1150 989 1182 sub
1014 1150 1234 1183 excommuni-

477 1202 611 1235 cationis
630 1203 713 1235 latae
734 1203 909 1236 sententiae
934 1214 1061 1236 necnon
1082 1203 1233 1247 privatio-

477 1255 528 1289 nis
552 1256 734 1289 officiorum
763 1261 793 1289 et
817 1256 1053 1289 beneficiorum
1074 1267 1233 1300 quorum-

478 1320 618 1352 cumque
635 1320 692 1352 per
712 1320 766 1343 eos
791 1305 1011 1348 obtentorum,
1029 1321 1065 1342 ac
1086 1310 1234 1342 inhabili-

476 1362 548 1395 tatis
559 1363 597 1394 ad
618 1362 671 1395 illa
692 1368 722 1395 et
741 1363 803 1396 alia
823 1363 855 1396 in
867 1368 1033 1407 posterum
1046 1363 1231 1401 obtinenda,

476 1415 610 1459 aliisque
636 1416 737 1449 nostri
763 1421 793 1449 et
816 1427 875 1460 pro
904 1421 1052 1460 tempore
1072 1417 1233 1450 existentis

476 1468 611 1502 Romani
641 1469 806 1502 Pontificis
837 1469 970 1503 arbitrio
1001 1469 1176 1503 inferendis
1203 1477 1234 1503 et

475 1522 677 1566 applicandis
693 1522 816 1568 poenis,
830 1533 869 1555 ne
891 1523 929 1555 de
949 1524 1055 1557 causis
1086 1535 1121 1556 ac
1140 1535 1233 1568 expe-

475 1575 652 1609 ditionibus
662 1587 720 1621 per
728 1581 913 1620 praesentes
924 1576 1110 1618 interdictis,
1118 1578 1233 1611 etalias

475 1640 572 1674 quarn
586 1635 622 1662 ut
642 1630 837 1674 praefertur,
862 1629 957 1663 etiam
974 1635 1143 1674 praetextu
1155 1642 1233 1675 quo-

475 1683 596 1716 rumvis
612 1683 854 1727 privilegiorum
867 1689 897 1716 et
908 1684 1123 1725 indultorum,
1146 1685 1191 1718 eis
1202 1690 1233 1718 et,

476 1747 590 1770 eorum
603 1737 709 1770 officio
720 1737 967 1781 quomodolibet
987 1749 1230 1778 concessorum,

474 1795 529 1823 aut
549 1790 792 1823 consuetudinis
806 1791 854 1823 vel
866 1791 958 1834 quasi
970 1791 1188 1835 possessionis,
1200 1792 1232 1824 in

474 1843 633 1877 similibus
661 1844 803 1878 materiis
823 1844 994 1888 prohibitis
1027 1845 1233 1889 expediendis

476 1909 508 1931 se
529 1897 743 1931 intromittere
763 1899 995 1941 quoquomodo
1021 1899 1161 1932 audeant
1184 1900 1232 1932 vel

475 1954 696 1991 praesum-‘inb

519 1998 597 2041 5320.
611 1997 826 2030 Decet-nentes
837 1997 1049 2030 nihilominus
1060 2008 1232 2040 quascum-

474 2058 538 2091 que
565 2046 808 2083 concessiones,
829 2046 1072 2079 commissiones
1099 2052 1126 2079 et
1154 2047 1233 2080 alias

475 2098 697 2142 expeditiones
708 2097 746 2129 ab
759 2096 822 2129 illis
842 2101 899 2129 eta
915 2096 999 2129 dicto
1021 2096 1127 2129 officio
1140 2097 1231 2130 dein·

474 2158 551 2191 ceps
561 2152 673 2180 contra
685 2146 904 2190 praesentium
917 2151 1061 2178 tenorem
1079 2156 1138 2189 pro
1150 2150 1231 2178 tem-

474 2207 553 2241 pore
573 2196 828 2240 quomodolibet,
842 2195 928 2238 quod
941 2194 1031 2234 absit,
1052 2200 1230 2236 attentatas,

474 2247 580 2279 nullas
600 2251 631 2278 et
650 2244 804 2278 invalidas
827 2255 864 2277 ac
876 2249 1014 2277 extortas
1030 2249 1060 2277 et
1070 2244 1231 2288 subrepti-

474 2294 534 2327 tias
562 2294 630 2327 sore
651 2300 681 2327 et
701 2304 768 2327 esse
805 2304 843 2326 ac
876 2293 1019 2333 censeri,
1044 2293 1231 2337 neminique

475 2350 648 2388 propterea
668 2342 837 2386 suffragari
858 2353 962 2386 posse.

521 2394 534 2436 ξ
553 2393 606 2425 91.
631 2393 748 2436 Sicque
769 2403 827 2436 per
841 2401 1066 2435 quoscumque.
1082 2392 1230 2425 locorum

476 2442 657 2475 ordinarios
689 2453 725 2474 ac
756 2441 878 2474 iudices
907 2446 937 2474 et
971 2441 1228 2483 commissarios,

476 2491 570 2524 etiam
588 2501 759 2523 causarum
780 2490 892 2523 Palatii
912 2490 1088 2534 Apostolici
1109 2490 1232 2523 audito-

426 2568 437 2580 .
476 2552 537 2581 res,
561 2551 596 2573 ac
623 2540 767 2572 eiusdem
793 2540 956 2572 Romanae
976 2540 1138 2572 Ecclesiae
1160 2552 1230 2573 car-

475 2589 607 2628 dinales,
620 2589 743 2621 sublata
756 2587 801 2621 eis
813 2594 964 2621 eteorum
977 2588 1108 2621 cuilibet
1121 2590 1231 2633 quavis

476 2638 568 2672 aliter
587 2637 751 2670 iudicandi
772 2643 801 2670 et
826 2638 1060 2681 interpretandi
1080 2639 1230 2672 facultate

513 2693 525 2721 1
548 2693 678 2726 Minutas,
699 2690 815 2719 Cherub.
838 2691 876 2725 (a.
897 2691 945 2728 T.).

1073 292 1252 318 BULLARIUM
1276 291 1428 317 ROMANUM

1273 350 1303 378 et
1323 344 1526 386 auctoritate,
1549 344 1686 378 iudicari
1707 350 1737 378 et
1753 344 1879 377 definiri
1898 343 2028 383 debere,

1274 398 1401 431 irritum
1422 409 1552 442 quoque
1579 403 1608 430 et
1637 398 1731 431 inane
1757 397 1913 442 quicquid
1938 409 2031 431 secus

1274 462 1372 495 super
1391 451 1441 483 his
1461 462 1479 483 a
1498 461 1677 495 quoquam,
1691 451 1801 494 quavis
1825 451 2028 491 auctoritate,

1274 505 1412 538 scienter
1423 505 1470 538 vel
1481 505 1677 547 ignoranter,
1688 504 2028 548 contigeritjattentari.

1318 558 1333 601 ξ
1357 558 1411 591 22.
1438 558 1507 591 Non
1527 558 1727 591 obstantibus
1747 558 2032 592 constitutionibus

1274 617 1304 644 et.
1334 611 1592 645 ordinationibus
1621 611 1826 656 apostolicis,
1858 612 2032 656 privilegiis

1274 676 1405 709 quoque
1426 671 1456 698 et
1484 665 1633 706 indultis,
1660 665 1781 699 eisdem
1798 666 1977 699 correctori
2002 670 2031 699 et

1274 719 1554 762 procuratoribus,
1578 719 1636 751 sub
1657 719 1919 763 quibuscumque
1939 724 2031 752 teno-

1275 772 1364 805 ribus
1376 777 1406 805 ct
1417 772 1541 813 formis,
1554 783 1591 806 ac
1607 783 1681 805 cum
1694 771 1859 816 quibusvis
1879 772 2032 806 clausulis

1275 832 1305 859 et
1315 826 1463 866 decretis,
1474 837 1532 870 per
1541 837 1766 869 quoscumque
1778 826 1940 859 Romanos
1947 826 2031 859 Pon-

1274 879 1375 912 tifices
1410 879 1675 922 praedecessores
1707 884 1834 913 nostros
1858 890 1895 912 ac
1924 879 2031 913 forsan

1274 943 1332 965 nos
1352 933 1525 973 concessis,
1548 932 1734 976 approbatis
1754 938 1785 965 et
1804 932 1973 974 innovatis,
1995 944 2032 966 ac

1274 986 1411 1019 decretis
1431 991 1462 1019 et
1478 986 1622 1019 censuris
1642 986 1675 1019 in
1695 986 1758 1019 illis
1777 986 1932 1031 appositis
1951 986 2032 1031 (qui-

1274 1040 1334 1072 bus
1354 1039 1516 1080 omnibus,
1540 1039 1636 1072 etiam
1657 1039 1694 1079 si,
1717 1050 1777 1083 pro
1797 1039 1929 1073 illorum
1942 1040 2030 1074 suffi-

1275 1093 1370 1126 cienti
1391 1092 1612 1137 derogatione,
1626 1093 1665 1125 de
1680 1091 1742 1125 illis
1758 1103 1939 1137 eorumque
1957 1094 2032 1127 totis

1275 1146 1440 1179 tenoribus
1460 1146 1619 1191 specialis,
1638 1145 1801 1190 specifica,
1823 1146 1987 1180 individua
2001 1152 2029 1180 et

1275 1210 1424 1243 expressa
1459 1210 1496 1232 ac
1525 1199 1564 1232 de
1591 1199 1689 1231 verbo
1717 1199 1756 1232 ad
1790 1199 1944 1241 verbum,
1966 1210 2031 1234 non

1274 1257 1381 1285 autem
1402 1263 1461 1296 per
1486 1253 1647 1285 clausulas
1667 1252 1835 1296 generales
1859 1252 1944 1286 idem
1974 1253 2033 1286 im-

1274 1311 1450 1350 portantes,
1460 1306 1581 1339 mentio
1594 1317 1649 1339 seu
1660 1305 1791 1350 quaevis
1798 1304 1859 1339 alia
1869 1306 2032 1350 expressio

1274 1359 1434 1398 habenda,
1457 1364 1512 1392 aut
1532 1358 1640 1403 aliqua
1661 1359 1722 1392 alia
1747 1359 1904 1402 exquisita
1927 1359 2033 1394 forma

1274 1413 1312 1445 ad
1333 1413 1395 1445 hoc
1416 1412 1570 1445 servanda
1590 1413 1684 1453 soret,
1698 1417 1827 1446 tenores
1842 1413 2031 1447 huiusmodi

1274 1465 1498 1510 praesentibus
1508 1476 1568 1510 pro
1589 1466 1788 1499 sufficienter
1807 1466 1962 1510 expressis
1972 1467 2032 1500 ha-

1274 1520 1400 1560 bentes,
1426 1519 1489 1553 illis
1510 1519 1588 1552 alias
1608 1519 1640 1552 in
1662 1530 1720 1553 suo
1740 1520 1858 1553 robore
1878 1531 2031 1564 perman-

1275 1572 1367 1610 suris,
1387 1573 1447 1606 hac
1463 1573 1530 1606 vice
1547 1573 1724 1614 dumtaxat,
1744 1573 1929 1617 specialiter
1938 1579 1969 1608 et
1980 1586 2032 1608 ex-

1274 1637 1382 1671 presse
1402 1626 1609 1670 derogamus)
1630 1626 1801 1660 contrariis
1816 1627 2029 1670 quibuscum-

1273 1692 1348 1724 que;
1363 1681 1451 1713 autsi
1468 1680 1643 1724 aliquibus,
1658 1681 1877 1714 communiter
1889 1682 1936 1715 vel
1955 1682 2030 1716 divi-

1274 1734 1344 1775 sim,
1362 1735 1402 1767 ab
1419 1735 1530 1767 eadem
1552 1734 1591 1767 sit
1610 1734 1862 1768 Sedeindultum
1883 1736 1971 1779 quod
1982 1736 2030 1770 in-

1274 1788 1386 1821 terdici
1400 1816 1407 1829 ,
1438 1788 1590 1831 suspendi
1608 1789 1656 1821 vel
1673 1789 1949 1823 excommunicari
1963 1800 2029 1824 non

1273 1841 1395 1885 possint
1408 1852 1465 1885 per
1476 1842 1584 1874 literas
1599 1842 1793 1886 apostolicas
1804 1853 1869 1876 non
1877 1842 2031 1882 facientes

1273 1897 1400 1940 plenam
1423 1901 1453 1928 et
1473 1907 1655 1939 expressam
1677 1907 1714 1929 ac
1733 1896 1771 1929 de
1782 1898 1879 1931 verbo
1905 1899 1944 1932 ad
1962 1912 2031 1935 ver-

1274 1950 1350 1982 bum
1367 1949 1405 1983 de
1427 1949 1551 1982 indulto
1572 1949 1759 1983 huiusmodi
1770 1952 1978 1987 mentionem.
1993 1955 2032 1989 Et

1273 2003 1470 2047 quibuslibet
1494 2002 1563 2036 aliis
1584 2003 1768 2047 privilegiis,
1781 2004 1990 2049 indulgentiis
1999 2014 2031 2042 et

1274 2057 1373 2090 literis
1393 2057 1590 2101 apostolicis,
1606 2058 1811 2101 generalibus
1820 2060 1869 2092 vel
1881 2060 2030 2105 speciali-

1273 2113 1343 2152 bus,
1354 2118 1800 2156 quorumcumquetenorum
1812 2113 1960 2155 existant,
1972 2126 2032 2159 per

1273 2178 1366 2211 quae,
1376 2166 1598 2209 praesentibus
1606 2177 1670 2199 non
1678 2177 1827 2209 expressa
1836 2167 1884 2200 vel
1892 2168 2032 2202 totaliter

1273 2231 1338 2253 non
1354 2220 1485 2260 inserta,
1502 2220 1635 2253 effectus
1649 2219 1869 2263 praesentium
1879 2220 2031 2265 impediri

1273 2274 1375 2307 valeat
1389 2273 1634 2317 quomodolibet
1647 2274 1696 2306 vel
1712 2273 1847 2314 differri,
1864 2278 1895 2307 et
1905 2274 1944 2307 de
1956 2275 2030 2318 qui-

1272 2328 1333 2360 bus
1343 2338 1549 2371 quorumque
1567 2326 1639 2360 totis
1651 2326 1816 2359 tenoribus
1832 2327 1980 2361 habenda
1991 2328 2028 2361 sit

1273 2381 1304 2414 in
1325 2381 1442 2414 nostris
1460 2380 1561 2414 literis
1582 2380 1702 2414 mentio
1724 2379 1902 2423 specialis..

1316 2436 1331 2478 ᾗ
1355 2434 1408 2467 ⁹23.
1441 2435 1479 2467 Ut
1509 2439 1617 2467 autem
1642 2439 1825 2478 praesentes
1853 2433 1965 2468 literae
1989 2435 2028 2468 ad

1273 2484 1419 2517 omnium
1440 2484 1585 2517 notitiam
1607 2483 1819 2521 deducantur,
1830 2487 1934 2523 eteos,
1950 2494 2030 2526 quo-

1273 2546 1345 2567 rum
1366 2534 1496 2566 interest
1517 2532 1727 2565 velinteresse
1747 2531 1877 2575 poterit,
1895 2532 2028 2566 omnino

1272 2583 1429 2623 afficiant,
1450 2583 1599 2615 volumus
1628 2586 1659 2614 et
1688 2581 1880 2614 mandamus
1906 2581 1976 2614 illas
1995 2582 2027 2614 in

1272 2632 1382 2666 Palatii
1396 2632 1496 2665 nostri
1507 2630 1681 2675 Apostolici
1697 2641 1734 2663 ac
1749 2630 1939 2664 Audientiae
1955 2630 2026 2664 lite-

1273 2692 1385 2715 rarum
1406 2680 1678 2715 contradictarum
1689 2678 1784 2713 valvis
1799 2684 1830 2714 et
1838 2679 1908 2714 acie
1917 2679 2029 2724 Campi

2045 292 2094 318 An.
2111 291 2140 319 C.
2161 291 2234 326 ¹562

2072 569 2181 591 clausulae
2198 569 2232 592 tle-

2045 601 2174 626 rogatoriam,

2070 2453 2137 2476 lussto
2157 2455 2230 2482 publi-

2044 2486 2112 2507 candi.
