2237 3100
237 250 286 278 An.
304 252 330 279 C.
353 252 416 280 1561

244 1994 352 2015 clausulas
364 1999 414 2015 con—

230 2027 341 2046 trariorum
350 2026 414 2045 dero-

229 2056 346 2082 rogatorias
363 2056 414 2077 sub-

477 242 542 276 120

433 304 649 339 Cancellariae
673 307 875 350 Apostolicae
900 319 958 352 pro
978 312 1123 350 tempore
1144 306 1186 338 sa-

434 363 512 400 etas,
535 359 630 392 etiarn
656 359 688 392 in
709 361 847 394 savorem
872 361 1011 394 fabricae
1036 359 1184 393 basilicae

432 412 591 456 Principis
599 413 826 457 Apostolorum
841 414 879 447 de
895 415 991 453 Urbe,
1001 415 1185 446 nullatenus

433 466 676 510 comprehendi,
703 468 757 500 sed
775 479 902 512 semper
921 468 960 500 ab
980 467 1042 499 illis
1058 468 1185 510 penitus

433 523 463 552 et
484 519 616 552 omnino
637 526 784 564 exceptas
808 532 875 553 esse
904 526 934 553 et
959 520 1102 562 censeri,
1125 531 1184 553 nec

433 572 553 605 eisdem
578 573 801 617 praesentibus
825 585 882 618 per
902 585 1124 618 quascumque
1145 574 1183 607 li-

431 631 527 666 teras,
539 626 634 659 etiam
644 627 771 670 quasvis
787 628 949 661 clausulas
968 629 1135 671 generales
1154 634 1183 662 et

431 679 602 723 speciales,
625 680 720 713 etiam
745 680 1022 724 derogatoriarum
1051 682 1183 727 deroga-

429 733 537 774 torias,
553 733 751 767 efficaciores
778 740 807 768 et
834 735 995 777 insolitas,
1026 748 1061 769 ac
1087 737 1183 770 etiam

429 785 585 820 irritantia
606 787 745 829 decreta,
763 789 822 821 sub
843 800 1050 834 quacumque
1070 791 1182 824 verbo-

428 850 501 872 rum
522 841 739 884 expressione,
753 842 784 875 in
798 854 830 876 se
851 843 1065 884 continentes,
1088 845 1182 878 dero-

426 893 494 936 gari
506 904 609 938 posse,
622 900 649 927 et
668 895 692 928 si
709 895 772 928 illis
783 897 850 930 ullo
861 908 1015 941 umquam
1028 903 1182 943 tempore,

427 958 464 979 ex
484 947 604 991 aliqua,
617 948 712 982 etiam
731 952 937 993 quantumvis
957 953 1137 986 necessaria
1153 960 1181 986 et

428 1001 565 1043 urgenti,
574 1012 669 1035 causa
678 1003 825 1046 derogari
837 1004 1010 1048 contingat,
1019 1006 1078 1039 nisi
1092 1012 1183 1039 tenor

427 1053 556 1087 illarum
577 1055 615 1088 de
635 1056 730 1089 verbo
747 1058 786 1090 ad
806 1058 953 1099 verbum,
967 1059 1046 1092 nihil
1064 1060 1182 1094 omisso

426 1107 578 1149 insertus,
591 1114 622 1141 et
637 1109 824 1143 huiusmodi
844 1112 1008 1155 derogatio
1030 1113 1183 1147 consisto-

426 1161 548 1194 rialiter
572 1162 672 1203 facta,
700 1174 736 1196 ac
767 1176 824 1208 per
843 1165 944 1197 trinas
964 1171 994 1198 et
1018 1166 1183 1201 distinctas

425 1214 534 1248 literas
553 1217 703 1249 eumdem
725 1223 868 1251 tenorem
891 1219 1102 1259 continentes,
1124 1222 1181 1254 tri-

426 1269 486 1302 bus
510 1270 670 1303 similibus
695 1271 853 1305 distinctis
876 1273 1016 1314 vicibus,
1043 1275 1180 1308 admini-

427 1324 619 1357 stratoribus
653 1325 716 1359 sive
737 1327 925 1360 custodibus
958 1339 994 1360 ac
1019 1328 1090 1361 aliis
1110 1330 1181 1362 ossi-

427 1377 564 1411 cialibus
584 1379 744 1413 societatis
760 1380 947 1415 huiusmodi
967 1383 1108 1426 legitime
1138 1384 1182 1416 in-

427 1430 553 1465 sinuata
570 1438 600 1466 et
615 1433 762 1467 intimata
782 1436 890 1476 suerit,
909 1447 1088 1480 eorumque
1100 1438 1138 1470 ad
1151 1438 1182 1470 id

427 1497 598 1530 expressus
613 1488 746 1521 accedat
759 1500 920 1531 assensus,
939 1491 1181 1534 derogationem

427 1540 615 1574 huiusmodi
635 1542 755 1576 nemini
782 1544 963 1587 suffragari.
987 1544 1104 1588 Sicque
1125 1558 1183 1590 per

428 1605 651 1639 quoscumque
678 1596 820 1639 iudices,
851 1599 962 1642 quavis
992 1601 1181 1635 auctoritate

428 1649 609 1693 fungentes,
623 1650 718 1684 etiam
731 1653 892 1696 praefatae
907 1654 999 1687 Rom.
1021 1655 1182 1690 Ecclesiae

427 1704 619 1745 cardinales,
652 1706 777 1739 sublata
797 1706 843 1740 eis
863 1712 894 1740 et
913 1719 1026 1742 eorum
1052 1711 1182 1745 cuilibet

427 1759 537 1803 quavis
556 1760 649 1793 aliter
669 1760 832 1795 iudicandi
853 1768 883 1795 et
898 1762 1129 1808 interpretandi
1142 1766 1183 1798 sa-

426 1813 544 1847 cultate
565 1819 595 1847 et
615 1815 817 1857 auctoritate,
846 1817 966 1860 ubique
991 1818 1127 1853 iudicari
1153 1827 1181 1854 et

426 1869 553 1902 definiri
579 1870 707 1912 debere;
736 1871 862 1905 irritum
883 1884 1014 1917 quoque
1039 1879 1095 1908 etc.

470 1925 485 1968 g
502 1923 555 1957 13.
578 1925 648 1958 Non
665 1926 865 1959 obstantibus
885 1928 1070 1970 praemissis
1090 1935 1119 1962 et
1141 1930 1184 1963 se-

426 1978 498 2010 licis
515 1979 748 2012 recordationis
756 1980 909 2013 Bonifacii
918 1981 1012 2025 Papae
1021 1983 1094 2023 VIII,
1104 1995 1184 2027 prte-

427 2032 605 2066 decessoris
629 2033 748 2073 nostri,
780 2035 819 2067 de
840 2045 915 2075 una,
936 2040 967 2068 et
992 2036 1023 2069 in
1045 2038 1184 2071 coneilio

427 2086 661 2129 generaliedita
675 2087 713 2121 de
729 2088 854 2121 duabus
866 2089 988 2130 diaetis,
1007 2090 1184 2125 dummodo

429 2141 512 2174 ultra
529 2146 592 2174 tres
612 2142 733 2175 diaetas
752 2142 868 2187 aliquis
884 2145 1073 2178 auctoritate
1091 2156 1183 2189 prae-

429 2195 567 2228 sentium
587 2196 627 2229 ad
647 2196 803 2229 iudicium
830 2208 894 2230 non
915 2199 1074 2240 trahatur,
1097 2199 1183 2233 aliis-

428 2260 490 2294 que
501 2250 785 2283 constitutionibus
796 2256 823 2284 et
837 2251 1094 2286 ordinationibus
1110 2264 1185 2297 apo-

429 2304 561 2344 stolicis⁷
576 2315 703 2337 necnon
715 2304 854 2338 fabricae
866 2306 1047 2349 praedictae
1059 2318 1095 2340 ac
1109 2308 1184 2341 bos-

430 2354 589 2397 pitalium,
607 2354 835 2397 ecclesiarum,
863 2357 1133 2390 monasteriorum
1156 2364 1186 2392 et

430 2403 568 2437 aliorum
580 2415 865 2448 quorumcumque
882 2406 1027 2439 Iocorum
1048 2412 1078 2440 et
1093 2407 1184 2441 Ordi-

431 2464 522 2493 num,
543 2454 637 2487 etiam
655 2459 889 2498 exemptorum,
904 2455 1098 2497 iuramento,
1113 2467 1186 2489 con-

432 2503 614 2536 firmatione
635 2504 812 2547 apostolica
830 2505 879 2537 vel
903 2505 1016 2548 quavis
1035 2505 1186 2539 firmitate

432 2551 493 2585 alia
513 2552 684 2593 roboratis,
707 2554 832 2587 statutis
843 2559 874 2587 et
885 2555 1185 2597 consuetiulinibus,

434 2601 606 2645 privilegiis
616 2613 758 2647 quoque,
772 2603 916 2645 indultis,
929 2605 1184 2647 conservatoriis,

435 2650 691 2696 exemptionibus
703 2657 733 2686 et
742 2652 842 2688 literis
861 2653 1057 2699 apostolicis,
1067 2654 1186 2689 eisdem

1030 253 1207 277 BULLARIUM
1232 253 1382 277 ROMANUM
1414 269 1419 279 ι

1227 317 1263 339 ac
1289 305 1412 338 dilectis
1436 305 1510 339 filiis
1535 307 1655 350 populo
1675 306 1820 339 Romano
1851 316 1978 340 necnon

1227 359 1406 399 iudicibus,
1430 359 1528 392 curiis
1548 364 1578 391 et
1601 359 1817 392 tribunalibus
1847 371 1978 393 eorum-

1226 423 1288 455 que
1310 412 1468 455 personis,
1491 424 1549 456 per
1573 423 1796 456 quoscumque
1817 413 1979 448 Romanos

1226 466 1398 499 Pontifices
1417 466 1816 510 praedecessoresnostros
1833 477 1870 500 ac
1879 478 1938 501 nos
1949 473 1980 502 et

1226 519 1343 553 dictam
1370 520 1502 561 Sedem,
1530 519 1625 552 etiam
1652 524 1759 560 motu,
1786 520 1919 554 scientia
1942 532 1980 555 ac

1227 573 1391 617 potestatis
1419 573 1618 617 plenitudine
1645 573 1803 606 similibus
1827 585 1863 607 ac
1888 574 1977 616 alias,

1227 627 1285 659 sub
1301 618 1562 671 quibuscumque
1580 627 1746 660 tenoribus
1760 632 1791 660 et
1806 627 1929 669 formis,
1942 639 1980 662 ac

1227 692 1300 714 cum
1312 681 1478 725 quibusvis
1489 680 1642 714 clausulis
1662 686 1692 714 et
1712 681 1890 715 decretisin
1901 693 1979 716 con-

1228 736 1361 768 trarium
1387 734 1630 780 quomodolibet
1654 735 1835 776 concessis,
1863 736 1980 770 confir-

1226 789 1319 822 matis
1343 795 1371 823 et
1398 788 1567 829 innovatis,
1594 799 1720 822 necnon
1740 789 1979 823 reformationi-

1226 843 1296 884 bus,
1315 843 1410 876 etiam
1430 843 1553 876 noviter
1569 843 1670 884 sactis,
1685 854 1721 876 ac
1741 844 1874 888 paribus
1890 849 1979 878 motu

1226 902 1253 929 et
1265 897 1398 930 seientia
1410 897 1607 942 approbatis,
1619 897 1714 930 etiam
1733 897 1980 942 disponentibus

1226 951 1312 994 quod
1343 962 1458 984 causae
1492 951 1680 984 huiusmodi
1709 951 1748 983 ad
1778 952 1884 985 sorum
1923 964 1979 986 seu

1225 1004 1353 1037 Curiam
1372 1005 1517 1049 Capitolii
1547 1005 1703 1037 reassumi
1730 1005 1876 1038 debeant.
1903 1005 1979 1045 Qui-

1224 1058 1285 1090 bus
1304 1058 1466 1096 omnibns,
1490 1059 1585 1091 etiam
1603 1058 1640 1099 si,
1657 1069 1715 1103 pro
1740 1058 1872 1092 illorum
1890 1061 1978 1094 suffi-

1225 1111 1319 1145 cienti
1341 1111 1560 1156 derogatione,
1575 1112 1653 1145 alias
1668 1113 1706 1145 de
1723 1111 1785 1145 illis
1800 1123 1979 1158 eorumque

1225 1166 1474 1200 totistenoribus
1483 1166 1641 1210 specialis,
1656 1166 1818 1210 specifica,
1832 1178 1980 1211 expressa

1225 1224 1254 1252 et
1266 1220 1429 1253 individua
1444 1221 1452 1248 1
1472 1231 1508 1253 ac
1519 1220 1556 1253 de
1569 1221 1666 1253 verbo
1683 1220 1723 1253 ad
1737 1221 1884 1262 verbum,
1898 1221 1979 1255 nihil

1225 1274 1353 1317 penitus
1379 1274 1510 1314 omisso,
1535 1279 1562 1307 et
1590 1274 1690 1307 forma
1714 1274 1745 1307 in
1775 1274 1838 1307 illis
1864 1276 1980 1310 tradita

1224 1328 1401 1369 observata,
1423 1328 1533 1361 inserti
1550 1328 1666 1369 forent,
1680 1329 1904 1373 praesentibus
1921 1341 1979 1374 pro

1225 1382 1422 1416 sufficienter
1442 1382 1600 1427 expressis
1623 1383 1789 1424 habentes,
1816 1383 1878 1417 illis
1903 1384 1980 1417 alias

1226 1436 1256 1469 in
1269 1448 1327 1470 suo
1344 1438 1461 1470 robore
1474 1437 1705 1481 permansuris,
1722 1439 1782 1471 hac
1796 1439 1864 1472 vice
1884 1438 1978 1472 dum-

1226 1496 1317 1528 taxat,
1333 1491 1449 1523 haruin
1467 1491 1547 1524 serie
1565 1491 1748 1535 specialiter
1767 1497 1799 1525 et
1817 1503 1978 1536 expresse,

1224 1551 1260 1572 ac
1288 1540 1407 1573 eisdem
1434 1546 1521 1573 motu
1550 1546 1581 1573 et
1607 1541 1739 1574 scientia
1763 1547 1794 1575 et
1816 1542 1982 1586 potestatis

1224 1589 1425 1633 plenitudine
1442 1590 1646 1634 derogamus,
1660 1601 1697 1624 ac
1711 1591 1909 1625 sufficienter
1923 1593 1978 1626 de-

1226 1644 1372 1682 rogatum
1394 1650 1460 1672 esse
1483 1639 1698 1680 decernimus,
1717 1641 1887 1674 contrariis
1907 1642 1979 1685 qui-

1226 1689 1442 1732 buscumque:
1466 1694 1521 1722 aut
1536 1689 1560 1721 si
1583 1690 1732 1732 praefatis
1753 1690 1980 1734 vel‘quibusvis

1225 1737 1306 1777 aliis,
1326 1739 1543 1771 communiter
1554 1740 1600 1771 vel
1614 1738 1751 1779 divisim,
1767 1740 1805 1772 ab
1817 1740 1929 1773 eadem
1942 1741 1981 1775 sit

1225 1786 1305 1820 Sede
1331 1788 1493 1820 indultum
1519 1788 1606 1831 quod
1631 1787 1800 1830 interdici,
1829 1791 1981 1834 suspendi

1226 1837 1272 1868 vel
1307 1837 1582 1870 excommunicari
1620 1843 1676 1870 aut
1704 1844 1794 1871 extra
1818 1840 1866 1872 vel
1896 1840 1981 1873 ultra

1226 1892 1312 1919 certa
1338 1887 1425 1927 loca,
1454 1886 1560 1919 curias
1585 1892 1615 1919 et
1640 1886 1814 1920 tribunalia
1841 1888 1880 1921 ad
1900 1888 1982 1922 iudi-

1226 1936 1312 1969 cium
1336 1936 1417 1969 trahi
1436 1947 1502 1969 non
1532 1936 1668 1980 possint,
1693 1948 1750 1980 per
1769 1937 1878 1971 literas
1901 1949 1980 1983 apo-

1226 1985 1352 2019 stolicas
1371 1996 1436 2019 non
1449 1986 1600 2019 facientes
1612 1987 1740 2030 plenam
1757 1991 1788 2020 et
1797 1998 1978 2032 expressam

1226 2046 1262 2068 ac
1283 2036 1320 2069 de
1342 2037 1437 2069 verbo
1458 2036 1644 2069 adverbum
1667 2037 1705 2069 dc
1726 2036 1851 2070 indulto
1871 2037 1981 2072 huius-

1227 2085 1312 2118 modi
1335 2085 1531 2118 mentionem
1553 2091 1584 2119 et
1608 2085 1806 2129 quibuslibet
1826 2086 1896 2120 aliis
1916 2088 1981 2132 pri-

1227 2134 1360 2177 vilegiis,
1379 2134 1512 2168 indultis
1523 2141 1553 2168 et
1564 2135 1665 2168 literis
1676 2135 1870 2180 apostolicis,
1886 2147 1982 2179 gene-

1229 2183 1349 2216 ralibus
1378 2185 1426 2217 vel
1456 2184 1665 2228 specialibus,
1696 2195 1980 2230 quorumcumque

1229 2240 1376 2266 tenorum
1398 2235 1544 2275 existant,
1567 2247 1625 2279 per
1644 2247 1739 2280 quae,
1758 2236 1980 2279 praesentibus

1228 2294 1291 2316 non
1310 2285 1458 2327 expressa
1474 2291 1525 2317 aut
1548 2285 1687 2317 totaliter
1707 2296 1771 2318 non
1789 2285 1919 2322 inserta.
1932 2285 1979 2319 iu-

1228 2332 1421 2366 risdictionis
1455 2334 1555 2377 ipsius
1583 2335 1775 2377 protectoris
1811 2334 1979 2378 explicatio

1228 2381 1378 2425 impediri
1399 2384 1499 2416 valeat
1522 2383 1765 2426 quomodolibet
1781 2384 1829 2416 vel
1840 2384 1977 2425 differri,

1228 2436 1258 2463 et
1274 2432 1312 2464 de
1338 2432 1456 2474 quibus
1489 2443 1695 2475 quorumque
1719 2433 1791 2465 totis
1811 2434 1980 2469 tenoribus

1228 2480 1265 2512 de
1283 2481 1380 2514 verbo
1400 2481 1439 2514 ad
1457 2482 1589 2514 verbum
1607 2481 1756 2514 habenda
1767 2481 1806 2514 sit
1819 2482 1850 2515 in
1862 2483 1979 2518 nostris

1228 2528 1328 2561 literis
1343 2530 1464 2564 mentio
1482 2531 1638 2574 specialis.

1265 2585 1275 2610 1
1298 2585 1431 2618 Legimus:
1454 2586 1705 2612 Indt'viduamente'o
1717 2587 1840 2612 habenda
1855 2585 1975 2619 forent..

1228 2632 1258 2649 ae
1288 2626 1447 2658 observatu,
1477 2629 1578 2652 tenores
1603 2627 1752 2652 huiusmodi
1775 2628 1867 2653 inserti*
1887 2626 1979 2661 forent

1228 2667 1277 2691 etc.
1302 2664 1339 2700 (a.
1361 2665 1408 2701 T.).

1993 253 2042 280 An.
2060 254 2091 282 C.
2110 255 2174 284 1561
