2237 3100
203 274 251 300 An.
271 273 299 301 C.
320 274 383 304 1561

226 753 292 774 eausa
311 754 383 776 decla-

198 785 294 806 rationis.

255 1351 374 1373 Doctarauo

190 1380 225 1407 (de
240 1389 280 1410 qua
301 1385 321 1404 tn
338 1391 375 1405 ru-

189 1413 263 1439 brien).

446 268 461 300 ’1
468 264 514 300 06

401 328 472 362 licis
492 328 726 361 recordationis
749 328 795 361 Pii
820 329 856 366 ΙΙ,
879 328 969 362 Pauli
994 330 1089 364 etiam
1114 332 1152 372 II,

402 381 477 416 Sixti
493 382 541 421 IV,
555 380 626 414 Iulii
647 380 795 414 similiter
810 382 847 421 II,
869 382 984 415 Leonis
1000 384 1023 415 X
1042 390 1070 417 et
1083 384 1153 418 Cle-

400 435 516 468 mentis
546 435 606 474 Vll,
630 434 916 478 praedecessorum
945 442 1151 478 nostrorum,

400 489 478 522 alias
498 494 611 521 contra
635 488 813 521 homicidas
838 488 1013 529 editarum,
1042 491 1150 529 bellis,

399 541 517 585 quibus
533 551 597 574 non
610 541 714 573 solum
727 541 878 580 civitates,
901 546 1006 575 terrae
1027 548 1055 575 et
1068 544 1150 585 loca,

398 594 568 638 temporali
586 594 729 627 dominio
751 594 781 627 S.
806 594 842 626 R.
865 594 899 626 E.
920 595 1075 637 subiecta,
1098 599 1152 631 sed

399 647 495 680 etiam
516 653 581 680 tota
600 647 688 679 ltalia
708 647 876 680 retroactis
895 652 953 680 etc.
977 649 1003 681 1.

443 701 458 744 g
478 700 508 733 1.
532 700 611 733 Cum
628 704 748 739 autem,
763 700 844 733 sicut
856 702 1055 745 accepimus,
1073 714 1152 737 non-

398 753 479 785 nulli
499 764 535 786 ex
552 753 825 796 gubernatoribus
841 759 871 787 et
887 755 1079 790 officialibus
1095 769 1153 801 per

396 817 455 839 nos
476 806 507 838 in
528 806 660 840 diversis
680 806 877 845 civitatibus,
904 809 998 842 terris
1018 816 1046 843 et
1072 811 1152 845 locis

396 859 501 892 Status
527 859 627 892 nostri
652 860 814 893 Ecclesiae
840 861 1021 895 constitutis
1045 869 1075 897 et
1095 864 1150 898 de-

394 912 532 956 putatis,
560 914 667 946 forsan
691 914 864 947 voluntatis
884 920 1012 949 nostrae
1032 916 1147 960 ignari,

395 970 450 998 aut
469 965 564 1006 alias,
594 967 806 1010 praetendant
826 978 1005 1011 poenarum
1036 970 1149 1003 remis-

394 1018 518 1052 sionem
552 1019 723 1063 inquisitis,
744 1021 884 1054 bannitis
909 1027 940 1054 et
956 1024 1150 1057 condemna-

394 1071 432 1104 tis
451 1083 549 1116 super
568 1073 753 1106 homicidiis
772 1085 830 1118 per
859 1085 913 1107 eos
928 1086 987 1119 pro
1003 1081 1149 1121 tempore

392 1127 586 1169 perpetratis
618 1138 676 1171 per
705 1138 760 1161 eos
781 1127 911 1167 remitti,
947 1130 1149 1175 gratiamque

391 1178 473 1218 fieri,
494 1190 530 1212 ac
548 1180 661 1213 exinde
672 1181 710 1213 ab
725 1181 770 1214 eis
781 1181 1049 1225 compositionem
1067 1185 1149 1228 exigi

392 1241 496 1275 posse.

436 1284 451 1327 ξ
471 1285 502 1318 ⁶2.
525 1285 599 1326 Nos,
622 1286 661 1319 ad
690 1288 869 1321 tollendum
891 1299 985 1322 omne
1011 1290 1146 1324 dubium

391 1338 478 1381 quod
499 1338 612 1372 exinde
629 1340 747 1373 exoriri
765 1346 881 1384 posset,
895 1347 972 1375 etne
984 1344 1145 1386 guberna-

389 1396 476 1424 tores
495 1397 525 1424 et
543 1392 697 1426 officiales
717 1394 875 1437 praedicti
890 1406 927 1428 ac
947 1396 1146 1442 quicumque

388 1443 453 1484 alii,
464 1444 664 1488 ignorantiae
671 1446 816 1479 eiusdem
828 1448 999 1481 voluntatis
1018 1455 1145 1485 nostrae

388 1502 443 1529 aut
463 1498 575 1541 quovis
595 1498 658 1532 alio
676 1505 854 1543 praetextu,
867 1501 899 1534 in
920 1501 969 1534 his
990 1513 1022 1535 se
1042 1502 1144 1538 intro-

388 1549 514 1584 mittere
524 1558 744 1595 praesumant,
755 1553 895 1586 veriores
906 1554 1065 1589 dictarum
1076 1557 1145 1591 lite-

387 1612 498 1636 rarum
506 1608 647 1645 tenores,
662 1616 698 1639 ac
710 1606 735 1638 si
751 1606 847 1639 verbo
858 1607 896 1640 ad
907 1608 1041 1642 verbum
1053 1621 1144 1653 prae-

387 1655 531 1690 sentibus
560 1657 798 1700 insererentur,
826 1671 885 1704 pro
906 1663 1064 1705 expressis
1089 1665 1144 1698 ha-

387 1708 510 1750 bentes,
538 1711 744 1745 decernimus
756 1718 782 1745 et
798 1713 1002 1749 declaramus
1024 1718 1143 1759 gratias

386 1772 443 1795 seu
469 1764 674 1797 remissiones
705 1771 760 1798 aut
792 1768 1043 1812 compositiones
1068 1771 1141 1814 qui-

385 1815 493 1849 busvis
513 1816 683 1860 inquisitis,
713 1820 935 1854 condemnatis
955 1828 1010 1855 aut
1029 1823 1142 1856 banni-

385 1868 425 1901 tis
453 1880 491 1902 ex
507 1881 603 1904 causa
614 1873 842 1906 veloccasione
854 1874 1021 1908 homicidii
1031 1877 1140 1911 animo

385 1917 563 1953 deliberato
583 1922 631 1954 vel
644 1932 719 1955 casu
741 1923 873 1956 fortuito
890 1930 945 1957 aut
962 1924 994 1957 in
1012 1925 1078 1959 rixa
1094 1928 1140 1960 vel

383 1967 446 2000 alio
466 1969 577 2012 quovis
597 1971 693 2004 modo
713 1982 772 2015 pro
789 1977 934 2017 tempore
951 1976 1138 2018 perpetrati,

383 2034 443 2068 pro
452 2036 516 2068 quo
526 2036 630 2070 poena
646 2027 810 2060 ordinaria
818 2028 867 2060 vel
886 2030 1140 2063 extraordinaria

383 2074 533 2119 imposita
557 2077 604 2110 vel
630 2076 827 2121 imponenda
848 2083 941 2119 esset,
963 2090 1022 2124 per
1041 2092 1138 2124 quos—

383 2135 523 2169 cumque
544 2127 576 2159 in
593 2127 783 2168 civitatibus,
803 2127 896 2160 terris
917 2129 1034 2163 etlocis
1043 2141 1137 2174 prae-

382 2172 475 2206 dictis
496 2180 622 2208 nostros
646 2181 673 2209 et
687 2176 777 2209 Sedis
787 2177 991 2220 Apostolicae
1003 2179 1135 2221 legatos,

380 2222 595 2266 vice-legatos,
607 2226 841 2267 gubernatores
855 2228 903 2260 vel
924 2227 1003 2261 alios
1015 2230 1136 2263 officia-

380 2272 436 2312 les,
457 2272 626 2317 deputatos
655 2280 686 2307 et
705 2275 918 2318 deputandos,
942 2278 1011 2310 fieri
1028 2278 1061 2311 in
1082 2290 1137 2322 po-

380 2326 501 2355 sterum
531 2323 716 2357 nullatenus
731 2335 837 2368 posse,
865 2329 894 2357 et
921 2325 992 2359 illas
1011 2331 1135 2361 tantum

380 2372 631 2415 compositiones
659 2379 689 2406 et
713 2374 841 2416 gratias,
861 2384 933 2407 cum
958 2374 1133 2419 inquisitis,

380 2420 602 2454 condemnatis
617 2427 646 2455 et
658 2422 797 2455 bannitis
814 2423 1018 2464 huiusmodi,
1034 2430 1067 2457 ut
1084 2437 1135 2458 su-

380 2479 447 2512 pra,
458 2469 490 2502 in
500 2476 665 2514 posterum
677 2471 830 2505 facientes
842 2472 865 2513 ¹,
875 2473 991 2513 valere,
1007 2473 1134 2518 illisque

379 2517 567 2560 suffragari,
598 2519 654 2563 qui
683 2520 856 2554 habuerint
882 2521 1134 2565 supplicationes

379 2567 519 2611 desuper
539 2578 636 2601 manu
658 2574 766 2602 nostra
791 2570 923 2614 propria
948 2571 1086 2614 signatas
1104 2578 1134 2606 et

414 2627 425 2652 1
449 2625 593 2653 Residuum
613 2627 745 2653 omittitur
765 2628 826 2663 quia
847 2628 902 2663 ipsa
923 2628 993 2655 bulla
1019 2633 1059 2657 est
1071 2639 1132 2666 quae

377 2665 523 2700 praecedtt.
561 2666 578 2696 2
596 2668 752 2702 ructemus,
773 2667 888 2697 Cherub.
908 2668 944 2706 (a.
965 2668 1014 2706 r).

1003 275 1180 304 BI'LLARIUM
1204 276 1355 301 ROMANFM

1195 340 1255 374 per
1274 328 1434 362 datarium
1458 334 1604 362 nostrum
1635 339 1694 372 pro
1718 334 1865 372 tempore
1885 328 1951 362 exi-

1197 387 1331 416 stentem
1352 382 1451 415 datas.

1240 437 1254 479 g
1274 435 1305 469 ,3.
1329 435 1366 468 Et
1389 435 1433 468 ita
1452 446 1511 479 per
1534 445 1758 479 quoscumque
1779 434 1901 468 iudices
1921 440 1952 468 et

1196 488 1446 528 commissarios,
1455 488 1565 532 quavis
1575 489 1763 521 auctoritate
1771 489 1950 531 fungentes,

1195 542 1291 576 etiam
1309 552 1481 575 causarum
1501 541 1613 574 Palatii
1628 541 1804 585 Apostoliei
1824 541 1950 574 audito-

1195 607 1258 636 res,
1281 607 1318 629 ac
1339 596 1370 629 S.
1393 595 1430 628 R.
1454 595 1487 628 E.
1512 595 1703 636 cardinales,
1726 595 1852 628 sublata
1875 599 1948 635 etc„

1195 650 1322 683 irritum
1343 660 1474 692 quoque
1492 653 1548 682 etc.

1238 704 1252 746 ,ξ
1267 703 1299 736 4.
1313 703 1381 736 Non
1393 701 1592 735 obstantibus
1602 703 1864 747 quibuscumque
1875 713 1949 736 con-

1194 757 1414 790 stitutionibus
1431 761 1462 789 et
1481 755 1738 790 ordinationibus
1754 755 1948 800 apostolicis,

1193 821 1230 844 ac
1251 810 1402 843 omnibus
1423 808 1497 849 illis,
1512 819 1594 853 quae
1615 809 1647 842 in
1668 809 1760 843 dictis
1780 809 1898 843 nostris
1913 808 1949 842 li-

1193 863 1269 896 teris
1278 862 1439 896 voluimus
1450 872 1516 895 non
1528 862 1666 903 obstare,
1680 863 1859 907 ceterisque
1870 873 1948 896 con-

1194 916 1299 950 trariis
1318 916 1592 960 quibuscumque.

1237 971 1251 1013 ξ
1276 971 1306 1004 5.
1339 970 1495 1003 Volumus
1528 975 1635 1002 autem
1660 970 1747 1013 quod
1771 969 1948 1013 praesentis

1192 1023 1293 1056 nostri
1309 1029 1415 1056 motus
1432 1023 1556 1067 proprii
1578 1023 1645 1056 sola
1660 1023 1836 1066 signatura,
1850 1023 1947 1056 etiam

1192 1077 1312 1120 absque
1329 1076 1416 1109 illius
1428 1076 1501 1109 data
1517 1082 1547 1109 et
1559 1076 1781 1120 registratura,
1796 1076 1944 1118 sufficiat,

1192 1141 1228 1163 ac
1238 1130 1371 1173 ubique,
1390 1129 1422 1163 in
1434 1130 1554 1162 iudicio
1575 1135 1605 1163 et
1623 1135 1722 1171 extra,
1734 1130 1831 1163 fidem
1842 1130 1946 1171 saciat,

1192 1184 1304 1226 regula
1331 1194 1387 1217 seu
1412 1182 1642 1217 constitutione
1669 1184 1847 1228 apostolica
1866 1195 1946 1228 qua-

1191 1247 1331 1280 cumque
1349 1236 1511 1269 contraria
1530 1247 1595 1270 non
1612 1236 1824 1271 obstantibus.

1234 1290 1349 1323 Datum
1369 1290 1490 1323 Romae
1510 1291 1596 1334 apud
1617 1291 1649 1324 S.
1676 1291 1826 1333 Petrum,
1858 1296 1946 1325 sexto

1190 1344 1343 1377 kalendas
1364 1343 1452 1383 maii,
1475 1354 1560 1377 anno
1580 1354 1610 1376 v.

1295 1397 1355 1427 Dat.
1379 1397 1426 1427 die
1442 1397 1480 1427 26
1499 1397 1611 1436 aprilis,
1635 1402 1712 1437 pont.
1732 1407 1778 1427 an.
1802 1407 1829 1428 v.

1497 1558 1628 1592 XXXIII.

1185 1631 1313 1665 Erectio
1333 1633 1478 1665 ecclesiae
1497 1633 1733 1666 Lancianensz‘s
1765 1635 1802 1666 in
1826 1638 1940 1667 metro-

1225 1686 1411 1728 politanam
1436 1697 1508 1718 cum
1536 1687 1659 1718 surium
1684 1691 1714 1719 et
1743 1687 1940 1720 iurisdictio-

1228 1749 1307 1771 mem
1331 1740 1638 1782 melropoliticormn
1658 1740 1850 1783 elaryz'tione
1865 1740 1890 1773 1.

1265 1818 1326 1847 Pius
1345 1819 1487 1854 episcopus
1517 1826 1613 1848 servus
1633 1827 1774 1849 servorum
1791 1820 1852 1854 nei,

1318 1873 1351 1900 ad
1376 1874 1540 1908 perpetuam
1560 1873 1600 1901 rei
1619 1874 1787 1903 memoriam.

1227 1944 1332 1988 Super
1351 1944 1514 1977 universas
1527 1945 1613 1978 orbis
1628 1946 1791 1987 ecclesias,
1810 1948 1855 1981 Eo
1872 1948 1937 1982 dis-

1182 2003 1321 2041 ponente
1359 1999 1414 2042 qui
1432 1998 1556 2032 cunctis
1575 1999 1713 2044 imperat
1730 2028 1737 2039 ,
1761 2001 1879 2045 cuique
1898 2015 1937 2036 u-

1182 2051 1304 2084 niversa
1340 2052 1523 2086 deserviunt
1540 2080 1547 2093 ,
1578 2054 1701 2088 meritis
1733 2055 1808 2089 licet
1837 2057 1938 2102 impa-

1181 2104 1280 2145 ribus,
1302 2106 1479 2147 constituti,
1503 2107 1646 2141 levamus
1666 2108 1697 2141 in
1708 2109 1847 2144 circuitu
1868 2112 1934 2155 agri

1180 2211 1251 2254 gilis
1268 2213 1405 2256 pastoris
1432 2213 1609 2257 inspecturi
1629 2216 1707 2259 quid
1723 2216 1933 2252 ecclesiarum

1179 2265 1275 2299 statui
1295 2273 1464 2309 congruat,
1487 2267 1564 2311 quid
1579 2269 1686 2312 operis
1706 2269 1790 2304 circa
1800 2271 1870 2305 illas
1881 2283 1934 2306 eo-

1180 2330 1317 2363 rumque
1338 2325 1455 2353 statum
1472 2332 1666 2366 prosperum
1687 2329 1717 2357 et
1736 2324 1862 2359 felicem
1873 2326 1933 2360 im-

1178 2372 1274 2414 pendi
1295 2374 1419 2415 debeat,
1438 2379 1468 2407 et
1483 2375 1588 2409 divino
1600 2376 1671 2409 sulti
1679 2377 1852 2420 praesidio,
1866 2390 1932 2423 quo

1177 2432 1293 2460 cuncta
1314 2438 1351 2460 ex
1371 2427 1419 2461 sui
1439 2428 1634 2472 benignitate
1654 2441 1714 2474 pro
1733 2432 1930 2475 populorum

1179 2490 1311 2513 suorum
1333 2481 1590 2516 christifidelium
1608 2483 1709 2517 salute
1725 2484 1876 2530 disponit,
1891 2488 1930 2522 ad

1176 2543 1211 2565 ea
1225 2560 1232 2572 ,
1262 2544 1345 2576 quae
1375 2535 1469 2567 statui
1500 2537 1711 2570 ecclesiarum
1741 2538 1929 2575 huiusmodi

1175 2588 1365 2621 conveniant
1384 2615 1391 2629 ,
1420 2589 1520 2623 nostri
1540 2589 1709 2624 ministerii
1737 2599 1845 2637 partes
1863 2594 1928 2629 uti-

1149 2648 1161 2725 l
1212 2672 1223 2700 1
1242 2672 1282 2701 Ex
1298 2671 1404 2711 Regest.
1422 2674 1448 2704 in
1464 2673 1576 2704 Archiv.
1597 2674 1682 2706 Vane.

1181 2158 1335 2192 dominici
1356 2160 1468 2193 oculos
1488 2165 1615 2194 nostrae
1640 2162 1766 2203 mentis,
1785 2174 1875 2198 more
1894 2165 1944 2210 vi<

1968 276 2021 301 An.
2038 274 2067 301 C.
2083 274 2150 302 1561

1992 441 2105 463 Decretum
2119 443 2151 465 11·

1965 473 2039 493 riuum.

1990 723 2101 745 Clausulas
2112 725 2150 746 de-

1963 756 2090 781 rogator-iae.

1976 993 2025 1014 sota
2040 995 2147 1022 signatura

1962 1025 2045 1047 sufficit.

1966 1969 2098 1993 Prooemium.
