2237 3100
79 259 130 286 An.
152 258 182 285 C.
197 257 264 285 ¹566

945 260 1012 283 rtt's
1036 260 1054 280 V
1092 259 1139 282 ΡΡ.

278 312 424 345 nationes
458 318 487 344 et
507 312 817 353 dismembrationes,
838 314 932 346 etiam
955 325 1027 346 vum

277 366 406 399 decreto
439 366 525 410 quod
553 366 623 399 illae
649 378 683 399 ex
704 367 813 411 quavis
831 369 1029 401 causasacta·

278 419 374 451 nullis
399 419 600 463 temporibus
620 421 793 454 subsistere
816 422 951 465 possint,
975 423 1029 455 sed

278 485 328 506 res
348 480 375 507 et
398 474 482 507 bona
506 484 635 517 semper
655 475 755 513 unita,
778 482 810 508 ut
839 477 939 520 prius,
954 488 1029 510 cen—

277 533 419 567 seantur,
442 535 472 562 et
497 540 586 563 suam
604 529 769 571 pristinam
791 536 939 563 naturam
961 541 1029 563 sor-

279 580 398 614 tiantur
415 609 422 623 ,
445 593 503 616 nec
534 595 676 627 unquam
703 584 773 616 aliis
807 585 999 617 consolidari
1021 612 1028 621 ,

278 641 332 668 aut
353 636 383 667 in
408 637 488 670 alios
515 649 591 671 usus
611 639 752 671 converti
771 665 778 677 ,
801 639 855 671 sed
875 639 914 671 ad
936 639 986 671 ins
1001 645 1027 671 et

279 689 506 732 proprietatem
541 702 749 736 quocumque
771 699 915 736 tempore
940 704 1030 726 revo-

277 742 342 775 cari
362 744 483 777 valeant
505 772 511 781 ,
534 750 561 777 et
584 746 662 779 alias
681 747 740 779 sub
771 747 1031 790 quibuscumque

278 797 492 831 tenoribuset
530 800 639 832 l'ormis
657 828 664 837 ,
688 811 724 833 ac
758 812 831 834 cum
853 801 1029 845 quibusvis,

278 851 372 884 eliani
406 852 684 895 derogatoriarum
724 855 956 898 derogatoriis,
979 857 1033 889 ali-

279 905 368 949 isque
389 906 626 940 efficacioribus
643 936 650 949 ,
674 909 904 942 efficacissimis
933 916 960 943 et
983 910 1032 942 in-

277 960 378 993 solitis
411 961 586 999 clausulis,
609 973 735 996 necnon
771 964 970 997 irritantibus
1004 970 1030 997 el

278 1012 348 1045 aliis
369 1014 517 1053 decretis,
541 1016 636 1049 etiam
659 1023 760 1055 motu,
784 1017 917 1050 scientia
929 1024 957 1050 et
979 1028 1034 1061 po-

279 1067 400 1100 testatis
411 1068 615 1117 plenitudine
630 1071 800 1112 similibus,
819 1082 945 1104 necnon
959 1082 1033 1104 con-

279 1120 480 1156 sistorialiter
495 1150 502 1162 ,
523 1134 559 1156 ac
581 1124 838 1157 consideratione
858 1153 864 1163 ,
888 1125 1005 1158 intuitu
1025 1153 1031 1163 ,

280 1177 551 1220 contemplatione
578 1180 623 1211 vel
650 1179 689 1211 ad
715 1178 897 1212 instantiam
931 1180 1033 1223 impe-

281 1230 407 1270 ratoris,
430 1242 542 1274 regum
563 1259 570 1271 ,
593 1233 713 1265 ducum
735 1239 762 1265 et
784 1233 923 1265 aliorum
945 1233 1045 1277 prin-¹

281 1283 403 1327 cipum⁷
425 1291 476 1318 aut
500 1286 595 1318 etiam
621 1287 744 1319 nullius
770 1288 951 1320 instantiam
971 1316 977 1325 ,
998 1300 1033 1320 ac

282 1348 339 1380 pro
368 1340 610 1373 conservatione
646 1341 811 1383 religionis
829 1341 1033 1379 elisistianae,

279 1393 548 1437 quotiescumque
579 1395 740 1428 concessis
758 1423 764 1433 ,
788 1396 987 1428 confirmatis
1007 1402 1032 1428 el

281 1445 438 1480 innovatis
456 1475 463 1487 ,
504 1447 627 1481 etiamsi
663 1449 691 1481 in
727 1450 773 1481 eis
800 1460 836 1482 ac
867 1450 1037 1492 praedictis

281 1500 504 1535 stabilimentis
524 1508 674 1536 caxealnr
694 1514 841 1547 expresse
871 1504 958 1546 quod
976 1504 1037 1536 illis

282 1555 376 1587 etiam
394 1566 451 1599 per
468 1568 689 1601 quascumque
712 1557 818 1590 literas
834 1558 1037 1601 apostolicas,

281 1607 376 1641 etiam
388 1610 516 1652 quasvis
541 1611 703 1644 clausulas
723 1612 890 1653 generales
905 1612 952 1644 xel
970 1624 1038 1655 spe-

282 1663 390 1704 ciales,
400 1664 495 1697 etiam
511 1665 790 1708 derogatoriarum
809 1666 1038 1709 derogatorias,

282 1716 491 1751 districtiores
511 1725 539 1751 et
562 1719 705 1752 insolitas
721 1747 728 1760 ,
749 1726 779 1753 et
800 1719 894 1752 etiam
913 1720 1039 1752 irritan-

284 1770 324 1803 tia
344 1771 483 1812 decreta,
499 1774 558 1806 sub
574 1779 780 1817 quamnnque
798 1774 968 1806 xerborum
990 1785 1040 1806 ex-

282 1825 460 1868 pressione,
483 1827 515 1859 in
535 1838 569 1860 se
603 1827 806 1861 continentes
823 1855 830 1868 ,
855 1828 1040 1861 nullatenus

283 1879 431 1923 derogari
452 1892 545 1925 posse
562 1909 569 1922 ,
590 1892 649 1915 nec
670 1882 860 1925 derogatum
887 1881 1011 1914 censeri
1031 1909 1038 1920 ,

284 1932 343 1965 nisi
365 1938 457 1967 tenor
476 1935 605 1969 illarum
628 1936 666 1969 de
686 1935 783 1969 verbo
815 1935 852 1967 ad
879 1935 1011 1968 verbum
1032 1962 1039 1973 ,

284 1986 362 2019 nihil
385 1988 515 2027 omisso,
539 1990 689 2027 insertus,
713 2001 749 2022 ac
776 1989 962 2022 huiusmodi
985 1989 1040 2021 ‹le-

284 2042 466 2084 rogationes
491 2043 757 2077 consistorialiter
789 2044 911 2082 sactae,
935 2048 961 2075 et
986 2054 1042 2086 per

284 2096 383 2129 trinas
408 2097 573 2130 distinctas
593 2098 711 2135 literas,
729 2097 879 2129 eui‘mlcm
897 2102 1041 2129 tenorem

284 2150 498 2189 continentes,
522 2151 623 2184 tribus
657 2151 804 2183 similibJr
829 2151 986 2183 distinctis
998 2151 1042 2182 vi-

283 2203 375 2236 cibns
393 2232 400 2245 ,
423 2205 576 2247 magistro
611 2211 642 2238 et.
671 2205 841 2237 conventui
874 2204 1042 2247 praedictis

285 2258 424 2301 legitii‘ne
445 2259 607 2292 intimatae
624 2265 649 2292 ct
674 2259 851 2291 insinuatae
864 2258 994 2299 suerint,
1014 2264 1044 2291 ct

285 2313 429 2356 ipsorum
438 2313 593 2355 magistri,
617 2319 791 2345 c=ziiixtj=1ilus
812 2313 893 2345 adid
915 2323 1042 2356 expres-

284 2377 339 2399 sus
352 2367 693 2403 accesseritassensus,
712 2372 739 2399 et
751 2366 842 2399 aliter
860 2368 960 2398 l'aclae
986 2366 1044 2398 mi-

287 2421 371 2454 nime
391 2421 620 2463 suffragentur,
635 2432 692 2453 nec
702 2420 852 2463 magister
864 2426 890 2452 el
905 2431 1043 2453 conven-

287 2475 337 2502 tus
352 2470 506 2513 praedicti
533 2471 571 2503 ad
596 2470 776 2514 parendum
793 2469 893 2501 literis
913 2469 1045 2511 deroga-

287 2518 376 2552 toriis
396 2520 581 2553 huiusmodi
608 2525 634 2552 el
661 2519 799 2551 ‹let-retis
819 2518 958 2561 desuper
983 2518 1045 2550 illis

288 2569 503 2611 processibus,
534 2580 569 2601 ac
602 2569 729 2601 illorum
757 2567 982 2600 executoribus
1015 2573 1043 2599 et

286 2619 595 2659 subexecutoribus,
631 2629 810 2660 eorunnpie
835 2617 991 2649 mandatis
1016 2622 1041 2649 el

286 2668 516 2703 monitionibus
533 2674 713 2707 tencantur,
731 2667 784 2701 sed
798 2667 964 2700 literarum
984 2666 1044 2699 bu-

1714 249 1778 283 493

1074 312 1213 345 iusmodi
1244 311 1464 345 executionem
1487 312 1620 344 omnino
1641 312 1796 356 impedire
1815 341 1822 351 ,

1072 376 1144 403 nec,
1166 365 1289 398 ratione
1311 365 1508 398 resistentiae
1528 366 1727 406 huiusmodi,
1748 378 1823 400 ren-

1072 420 1154 451 suris
1178 419 1415 460 eeclesiasticis,
1439 431 1496 464 per
1515 420 1644 452 eosdem
1674 426 1823 454 executo-

1072 485 1121 506 res
1141 480 1168 505 et
1197 474 1445 507 subexecutores
1465 474 1546 514 latis,
1569 474 1716 507 innodari
1750 486 1824 519 pos-

1072 527 1144 560 sint.
1168 528 1289 567 Quibus
1317 528 1478 568 omnibus,
1499 527 1634 568 etiamsi,
1670 540 1728 572 pro
1754 529 1824 561 illo-

1073 592 1144 613 rum
1170 582 1340 615 sufficienti
1368 582 1585 625 derogatione,
1609 583 1647 615 de
1668 582 1744 627 ipsis
1770 594 1824 615 eo—

1073 646 1210 677 rumque
1222 636 1294 669 totis
1310 636 1476 669 tenoribus
1491 635 1649 679 specialis,
1665 637 1825 681 specifica,

1073 700 1219 733 expressa
1263 695 1291 721 et
1322 690 1483 723 individua
1521 702 1557 723 ac
1586 691 1624 723 de
1658 691 1754 723 verbo
1787 691 1825 723 ad

1073 743 1229 781 verbum,
1260 754 1323 776 non
1354 750 1460 777 aulem
1490 756 1548 788 per
1580 745 1741 777 clausulas
1771 756 1825 788 ge-

1075 798 1200 830 nerales
1231 797 1313 829 idem
1349 798 1556 841 importantes
1574 826 1580 835 ,
1616 799 1736 831 mentio
1771 810 1826 831 seu

1074 851 1203 895 quaeris
1224 852 1284 884 alia
1301 853 1462 895 expressio
1478 852 1635 891 balwnda,
1652 859 1703 886 aul
1722 853 1827 897 aliqua

1074 905 1134 937 alia
1156 905 1310 948 exquisita
1333 906 1435 938 torma
1456 907 1493 939 ad
1514 906 1576 939 boc
1604 908 1754 939 servanda
1782 908 1828 939 so-

1076 964 1134 995 ret,
1157 965 1284 992 tenores
1305 960 1502 1001 buiusmotli,
1523 972 1559 993 ac
1575 961 1599 993 si
1621 961 1658 993 de
1680 961 1774 993 verbo
1791 961 1829 993 ad

1074 1013 1206 1045 verbum
1247 1014 1480 1050 insererentur,
1514 1014 1738 1057 praesentibus
1771 1026 1830 1059 pro

1076 1066 1274 1100 sufficienler
1294 1067 1452 1110 expressis
1471 1068 1638 1107 habentes,
1670 1068 1732 1101 illis
1752 1068 1831 1101 alias

1076 1121 1107 1153 in
1128 1131 1186 1153 suo
1204 1121 1320 1154 robore
1333 1121 1566 1165 permansuris,
1585 1122 1645 1154 hac
1660 1122 1728 1155 vice
1740 1122 1831 1155 dum-

1077 1181 1170 1215 taxat,
1199 1175 1312 1207 barum
1339 1175 1625 1219 serie,specialiter
1640 1181 1668 1208 et
1685 1187 1831 1220 expresse

1076 1229 1281 1271 derogamus,
1310 1229 1488 1273 ceterisque
1511 1229 1679 1262 contrariis
1699 1230 1830 1273 quibus-

1077 1294 1230 1325 cumque.
1254 1284 1312 1315 Aut
1335 1283 1359 1315 si
1380 1283 1601 1327 alirpii‚super
1616 1283 1831 1327 promissioni-

1077 1337 1137 1369 bus
1150 1337 1215 1369 sibi
1238 1337 1391 1370 lac-iendis
1410 1338 1449 1370 tle
1469 1337 1700 1381 praeceptoriis
1720 1337 1831 1370 buius-

1079 1391 1177 1427 modi,
1201 1391 1369 1434 speciales,
1397 1392 1444 1423 vel
1465 1390 1534 1423 aliis
1546 1390 1712 1424 beneficiis
1728 1392 1831 1424 eccle-

1079 1444 1278 1477 siasticis1in
1313 1445 1394 1477 dicta
1422 1445 1517 1485 Urbe,
1539 1446 1707 1487 generales
1732 1445 1833 1478 dictae

1079 1499 1168 1531 Sedis
1198 1500 1243 1531 vel
1262 1499 1441 1541 legatorum
1463 1499 1532 1531 cius
1552 1498 1659 1532 literas
1681 1499 1832 1543 impetra-

1080 1553 1192 1593 verint,
1215 1553 1308 1585 ctiam
1331 1553 1354 1585 si
1377 1564 1435 1597 per
1454 1564 1507 1586 eas
1531 1553 1569 1585 ad
1596 1553 1832 1594 inhibitionem,

1080 1607 1329 1640 reservationem
1355 1613 1382 1639 et
1405 1607 1569 1640 decretum
1586 1608 1634 1640 xel
1664 1607 1741 1640 alias
1756 1619 1834 1651 quo—

1081 1661 1257 1694 modolibet
1288 1661 1325 1694 sit
1356 1672 1543 1705 processum
1562 1688 1570 1701 ,
1593 1672 1673 1704 quas
1704 1662 1833 1706 quidem

1081 1716 1190 1748 literas
1224 1721 1254 1748 et
1288 1726 1458 1760 processus
1476 1715 1602 1748 habitos
1622 1727 1681 1760 per
1706 1716 1833 1749 easdem

1082 1776 1111 1802 et
1132 1769 1206 1802 inde
1240 1775 1349 1803 secuta
1382 1780 1611 1813 quaecumque
1646 1770 1684 1802 ad
1719 1770 1835 1803 dictam

1082 1823 1339 1868 praeceptoriam
1361 1823 1510 1856 volumus
1530 1834 1593 1856 non
1615 1824 1753 1864 extendi,
1782 1824 1836 1857 sed

1082 1878 1209 1910 nullum
1231 1889 1288 1922 per
1308 1878 1369 1911 boc
1391 1878 1451 1917 eis,
1475 1878 1580 1922 quoad
1601 1877 1835 1911 assecutionem

1082 1932 1317 1965 beneficiorum
1351 1932 1502 1971 aliorum,
1525 1932 1761 1976 praeiudicium
1782 1942 1836 1975 ge-

1084 1986 1202 2022 nerari:
1226 1996 1280 2019 sen
1303 1986 1327 2018 si
1340 1986 1492 2029 magistro
1517 1992 1544 2019 el
1559 1985 1730 2018 conventui
1747 1995 1838 2028 prae-

1084 2039 1176 2073 dictis
1213 2040 1260 2072 vel
1302 2040 1466 2083 quibusvis
1490 2039 1560 2073 aliis
1578 2067 1585 2079 ,
1623 2039 1839 2072 communiter

1084 2100 1139 2126 aut
1158 2093 1294 2135 divisim,
1319 2094 1357 2126 ab
1379 2094 1489 2127 eadem
1511 2094 1547 2127 sit
1571 2093 1651 2127 Sede
1676 2093 1837 2126 indultum

1084 2148 1170 2191 quod
1197 2148 1370 2189 interdici,
1398 2147 1550 2191 suspendi
1586 2148 1633 2180 vel
1654 2158 1840 2181 excommu-

1085 2201 1186 2234 nicari
1208 2212 1271 2234 non
1293 2202 1428 2246 possint,
1451 2202 1637 2246 perliteras
1650 2201 1841 2245 apostolicas

1085 2267 1149 2289 non
1171 2256 1322 2289 facientes
1340 2257 1466 2300 plenam
1493 2261 1523 2289 et
1543 2266 1723 2299 expressam
1744 2266 1782 2288 ac
1802 2256 1840 2288 de

1085 2311 1180 2343 verbo
1206 2310 1244 2343 ad
1270 2310 1402 2343 verbum
1424 2311 1461 2343 de
1496 2309 1621 2342 indulto
1653 2309 1840 2343 huiusmodi

1086 2364 1280 2398 mentionem
1287 2376 1294 2404 3
1308 2370 1339 2397 ct
1354 2364 1550 2407 quibuslibet
1569 2363 1638 2396 aliis
1659 2363 1841 2408 privilegiis,

1839 258 1887 284 An.
1905 258 1933 283 C.
1955 257 2021 285 ¹560

1086 2418 1217 2451 indultis
1238 2424 1267 2451 et
1286 2419 1387 2451 literis
1416 2417 1612 2462 apostolicis,
1639 2417 1857 2461 generalibus»

1086 2468 1132 2500 rel
1153 2468 1362 2512 specialibus,
1384 2477 1671 2511 quorumcumque
1690 2471 1840 2500 tenorum

1087 2517 1219 2550 existant
1239 2545 1246 2555 ,
1266 2529 1324 2561 per
1348 2528 1442 2561 quae,
1466 2516 1689 2561 praesentibus
1707 2527 1772 2549 non
1793 2526 1844 2549 ex-

1087 2577 1193 2609 pressa
1214 2593 1221 2603 ,
1244 2568 1291 2599 rel
1324 2567 1464 2599 totaliter
1483 2577 1547 2599 non
1570 2566 1845 2606 inserta,effectus

1087 2626 1198 2648 earum
1225 2616 1374 2660 impediri
1391 2616 1492 2648 valeat
1516 2615 1760 2660 quomodolibet
1793 2615 1841 2647 vel

1086 2666 1220 2705 differi-i,
1241 2671 1271 2700 et
1291 2667 1329 2700 de
1349 2665 1467 2709 quibus
1482 2676 1688 2709 quorumque
1710 2664 1781 2699 lotis
1797 2669 1842 2697 te-
