2237 3100
230 284 280 311 An.
298 283 326 310 C.
347 285 407 312 156t

469 274 534 309 1124

428 338 607 383 perciperet
628 341 655 369 et
677 336 822 376 liaberet,
839 346 875 368 ac
897 335 1113 368 emolumenta
1135 332 1177 364 ei-

427 393 497 425 dem
519 390 709 425 camerario.
732 389 855 422 ratione
872 388 977 431 sigilli,
1000 387 1067 420 dari
1080 392 1178 429 etper

426 456 499 478 eum
516 444 639 489 percipi
660 444 761 479 solita,
779 453 836 486 pro
849 454 880 475 se
897 442 966 484 ipso
983 440 1174 484 perciperet,

426 499 617 532 auctoritato
647 496 823 540 apostoliea
852 500 882 527 et
911 495 949 527 de
982 492 1177 537 apostolicae

426 553 590 597 potestatis
606 550 816 594 plenitudine,
844 546 1099 585 transformavit,
1123 557 1175 585 ae,

426 612 584 650 quatenus
604 615 686 647 opus
707 608 799 639 esset,
818 602 850 634 in
870 601 962 641 illud,
981 611 1055 634 cum
1072 600 1178 633 omni-

424 661 485 692 bus
505 665 533 692 et
555 657 688 698 singulis
708 655 898 695 bonoribus,
922 653 1087 693 oneribus,
1110 651 1177 697 pri-

425 713 556 755 vilegiis,
581 711 717 745 iuribus,
740 709 863 742 salariis
883 713 914 741 et
936 708 1176 748 emolumentis,

425 778 506 810 quae
527 766 630 798 eidem
652 763 757 796 officio
782 763 983 795 auditoratus
1002 762 1179 805 competie-

426 825 513 856 rant,
542 829 668 852 necnon
693 816 859 861 quibusvis
883 816 1107 853 facultatibus,
1130 816 1179 848 in-

425 874 534 909 dultis,
552 871 829 905 iurisdictionilms
839 876 868 903 et
881 870 1018 903 decretis
1028 881 1086 913 pro
1099 875 1179 902 tem-

425 938 503 970 pore
520 926 664 960 existenti
681 925 823 968 generali
839 924 976 957 auditori
992 924 1179 957 huiusmodi

425 981 666 1024 quomodolibet
689 979 860 1015 concessis,
876 979 931 1011 illa
951 978 1045 1011 etiam
1062 988 1179 1022 appro-

424 1035 530 1067 bando
564 1041 592 1067 et
630 1034 668 1066 atl
699 1034 804 1077 ipsum
830 1032 972 1065 officium
998 1037 1181 1073 regentatus

426 1088 647 1123 extendendo,
670 1087 707 1119 ad
734 1086 833 1119 instar
852 1085 928 1118 dicti
947 1084 1043 1117 officii
1073 1096 1179 1119 came-

427 1142 583 1178 rariatus,
613 1142 755 1185 praefata
788 1139 1000 1177 auctoritate,
1028 1139 1125 1171 erexit
1151 1145 1178 1172 et

426 1195 573 1228 instituit.

469 1250 483 1291 ,ξ
504 1249 534 1282 Ξ.
559 1250 614 1289 λς,
633 1249 715 1281 inter
735 1247 807 1287 alia,
826 1258 863 1279 ex
878 1247 988 1279 decem
1001 1246 1113 1279 officiis
1125 1257 1181 1280 no-

299 1312 302 1324 ¹
343 1305 410 1324 ⁴⁰³³·
427 1302 601 1335 tariatuum
631 1302 745 1335 Curiae
771 1311 943 1333 causarum
970 1300 1177 1339 huiusmodi,

260 1344 271 1356 u
290 1344 306 1355 Η
340 1343 508 1399 ¹¹''Ml-quac
544 1357 582 1389 acl
612 1356 756 1389 eiusdem
793 1353 1050 1398 praedecessoris
1071 1359 1101 1387 et
1122 1366 1180 1399 pro

370 1400 411 1450 ῘᾹΪ
427 1415 571 1453 tempore
583 1409 746 1443 existentis
755 1408 890 1441 Romani
901 1407 1065 1455 Pontiticis
1076 1407 1180 1452 dispo-

322 1470 328 1482 *
378 1463 573 1497 es“sitionem
608 1469 741 1496 eatenus
770 1466 1004 1506 spectaverant,
1036 1461 1180 1506 quinque

254 2279 374 2305 bit-tumque
386 2278 418 2297 ut-

235 2312 302 2331 ficum
311 2310 362 2336 Alpl!
381 2316 418 2329 nsi·

236 2342 336 2363 cardinali
365 2340 420 2361 Nea-

235 2375 329 2401 politano
345 2376 420 2394 eontu-

235 2405 257 2425 lit

427 1518 530 1550 officia
548 1529 605 1561 per
619 1518 753 1550 dilectos
770 1516 853 1549 titios
869 1517 1020 1549 loannem
1037 1515 1177 1557 Savium,

426 1570 565 1603 Felicem
601 1571 638 1603 de
666 1569 850 1609 Romaulis,
868 1569 968 1602 Adam
985 1569 1023 1601 de
1043 1568 1177 1610 Invidia,

426 1625 623 1658 Ludovicum
641 1623 834 1657 Reiidettum
851 1628 881 1656 et
901 1623 1054 1655 loannem
1074 1622 1181 1666 Bargi-

428 1689 517 1717 num,
529 1678 633 1711 Curiae
652 1688 825 1711 causarum
841 1676 983 1710 Camerae
996 1675 1180 1709 huiusmodi

428 1733 582 1770 notarios,
606 1738 682 1765 tunc
695 1730 885 1765 obtenta,ad
908 1741 1030 1763 meram
1051 1735 1081 1762 et
1101 1730 1180 1763 libe.-

429 1796 495 1818 ram
522 1797 580 1830 pro
606 1792 751 1830 tempore
772 1784 935 1818 existentis
954 1783 1095 1827 regentis
1123 1784 1180 1817 Ca-

430 1850 535 1872 merae
570 1839 756 1872 huiusmodi
778 1838 1022 1882 dispositionem
1048 1849 1085 1870 ex
1105 1844 1181 1871 tunc

429 1893 466 1925 de
501 1899 608 1926 cetero
639 1893 804 1937 perpetuis
834 1891 950 1924 suturis
983 1891 1183 1934 temporibus

429 1952 611 1990 spectarent
635 1953 662 1979 et
690 1947 899 1990 pertinerent,
922 1955 957 1978 ac
979 1945 1057 1977 alias
1073 1951 1101 1978 et
1122 1945 1183 1978 alia

431 2012 503 2033 cum
534 2000 691 2039 mandati,
714 1998 925 2038 inhibitionis,
947 1998 1180 2041 derogationis,

431 2054 587 2087 irritantis
596 2054 729 2093 decreti,
743 2052 954 2097 appositionis
969 2058 997 2084 et
1014 2052 1082 2084 aliis
1094 2053 1182 2085 clau-

432 2108 509 2140 sulis
535 2113 611 2140 tunc
641 2107 798 2151 expressis
826 2106 954 2146 statuit,
978 2106 1134 2139 ordinavit
1155 2112 1185 2139 et

432 2161 614 2194 declaravit.

477 2216 491 2258 ξ
510 2215 541 2248 3.
566 2215 599 2248 Et
621 2215 735 2247 deinde
757 2214 840 2247 idem
866 2213 1095 2258 praedeeessor
1114 2214 1184 2246 offi-

434 2268 518 2301 cium
538 2274 721 2311 regentatus
749 2268 946 2308 huiusmodi,
972 2267 1011 2300 ab
1034 2268 1103 2300 eius
1120 2267 1185 2311 pri-

435 2334 541 2356 maeva
576 2322 738 2355 erectione
760 2328 787 2354 ct
824 2321 1024 2354 restitutione
1058 2333 1183 2359 vacans,

435 2388 508 2409 cum
548 2377 633 2408 ‹lit-to
667 2376 772 2409 otiicio
806 2375 1021 2412 correctoriae
1055 2376 1185 2408 archivii

436 2430 579 2463 eiusdem
600 2431 761 2463 Romanae
781 2429 897 2462 Curiae
918 2434 948 2461 et
966 2429 1038 2461 aliis
1062 2429 1109 2461 illi
1129 2440 1186 2462 an-

437 2480 542 2514 nexis,
574 2490 699 2511 necnon
730 2478 881 2511 omnibus
911 2483 938 2510 et
975 2478 1108 2521 siugulis
1141 2477 1187 2510 illi

437 2529 596 2561 concessis
608 2534 637 2561 ct
649 2528 809 2560 attributis
819 2527 1009 2567 honoribus,
1024 2527 1186 2567 oneribus,

438 2577 620 2622 privilegiis,
644 2576 859 2615 facultatibus,
877 2576 1117 2620 praerogativis,
1130 2576 1188 2609 im-

439 2626 658 2665 munitatibus,
681 2625 950 2669 exemptionibus,
973 2625 1185 2665 libertatibus,

439 2676 574 2712 iuribus.
593 2675 838 2708 obventionibus
853 2680 882 2708 et
899 2675 1127 2708 emolumentis
1142 2675 1188 2707 di-

1021 276 1199 304 Bt‘LLARIUM
1222 277 1372 302 Roitssrit
1413 267 1420 279 ’

1989 274 2036 301 An.
2054 274 2084 301 C.
2104 274 2167 301 ¹561

1219 333 1302 365 lecto
1314 332 1380 365 silio
1391 336 1514 369 nostro,
1525 335 1602 362 tunc
1615 310 1685 369 suo,
1704 328 1879 372 Alphonso,
1897 332 1973 360 tunc

1220 385 1325 419 Sancti
1347 385 1469 418 Nicolai
1493 383 1576 416 inter
1598 382 1771 426 Imagines,
1792 392 1879 414 nunc
1899 391 1973 413 vero

1220 440 1411 472 Sanctorum
1432 437 1560 471 Ioannis
1580 443 1610 469 et
1633 437 1723 470 Pauli
1749 437 1884 469 diacono
1902 446 1973 468 ear-

1220 492 1317 525 ‹linali
1350 491 1561 535 Neapolitano
1587 496 1787 535 nuncupato,
1805 501 1971 534 pereum,

1220 546 1327 589 quoad
1346 546 1476 585 viveret,
1499 549 1529 578 et
1548 545 1798 588 vice-regentem
1825 556 1861 578 ac
1886 546 1973 577 loca-

1220 605 1365 638 tenentes
1398 599 1438 632 ab
1468 609 1505 631 eo
1539 598 1709 642 deputatos
1738 599 1972 637 exercendum,

1221 653 1412 686 auctoritate
1424 658 1454 686 et
1470 653 1634 696 potestatis
1646 653 1846 696 plenitudine
1858 659 1888 687 et
1899 663 1976 686 con-

1222 707 1291 740 silio
1316 707 1487 740 similibus.

1266 764 1281 805 g
1300 761 1331 794 4.
1346 761 1425 793 Cum
1438 766 1545 794 autem
1559 760 1662 807 dietus
1674 762 1858 807 Alphonsus
1870 762 1975 796 cardi·
2010 771 2127 793 emamus
2139 777 2175 792 re-

1222 816 1304 848 nalis
1324 815 1468 848 officium
1480 820 1666 858 regentatus
1675 816 1875 858 huiusmodi,
1888 815 1976 861 quod
1990 807 2108 861 ξξὲἳξζιωᾞ
2138 809 2176 855 ᾆξ’.

1223 869 1344 903 obtinet
1363 869 1472 910 hodie,
1494 870 1526 903 in
1547 870 1696 904 manibus
1720 872 1839 905 nostris
1863 876 1977 916 sponte
1991 872 2030 894 με
2045 867 2147 891 “’“”“”’·“’

1223 929 1253 956 et
1272 923 1372 957 libere
1396 924 1621 967 resignaverit,
1644 936 1767 969 nosque
1787 926 1977 970 resignatio-

1222 988 1296 1010 nem
1317 977 1504 1011 tmiusmodi
1525 978 1712 1011 duxerimus
1732 979 1975 1014 admittendam.

1267 1032 1281 1074 ἓ
1301 1032 1332 1065 5.
1355 1032 1429 1072 Nos,
1444 1031 1685 1066 considerantes
1701 1034 1975 1078 suppressionem,
2007 1040 2067 1077 ¹Qui,
2080 1041 2176 1076 fluentis

1223 1085 1559 1126 transformationem,
1583 1086 1780 1120 erectionem
1814 1098 1851 1120 ac
1880 1098 1977 1120 nova·
1993 1071 2110 1124 {iffi-2¹3¹&
2127 1077 2178 1123 2er

1224 1150 1295 1171 rum
1330 1139 1518 1172 facultatum
1552 1146 1583 1173 et
1617 1140 1858 1183 privilegiorum
1893 1141 1978 1174 dicto
1993 1134 2178 1154 ⁰¹⁵⁰⁰⁸³¹¹²²¹¹‘³‘

1992 1165 2077 1186 bun-alia
2091 1167 2112 1185 et
2132 1169 2177 1184 um-

1223 1193 1328 1226 offieio
1366 1198 1550 1236 regentatus
1583 1194 1825 1227 concessionem
1863 1194 1978 1228 huius·
1993 1194 2176 1252 52⁵3212125u·d3ffi

1223 1246 1309 1278 modi
1337 1247 1454 1279 multas
1486 1247 1570 1281 inter
1598 1258 1710 1281 omnes
1735 1247 1899 1281 Romanae
1915 1248 1978 1282 Cu—
1993 1259 2083 1280 officium
2098 1263 2179 1284 regen-

1223 1300 1288 1332 riae
1319 1301 1524 1343 magistratus
1557 1301 1640 1334 rixas
1658 1328 1665 1339 ,
1687 1301 1876 1341 discordias,
1899 1312 1977 1335 con·
1993 1290 2093 1343 ²C³J,¹‚¹,{„⁵,j
2113 1288 2177 1348 Ῑὲυξζ

1224 1354 1393 1387 troversias
1408 1361 1439 1388 et
1455 1355 1604 1398 querelas
1619 1355 1783 1395 excitasse,
1801 1366 1838 1388 ac
1855 1355 1978 1389 diversa
1993 1353 2180 1406 ffijffih‘guss'ss

1224 1407 1495 1441 incommodatoti
1511 1408 1625 1442 Curiae
1645 1409 1821 1452 praefatae,
1843 1420 1879 1442 ac
1901 1409 1978 1442 fisco
1994 1416 2076 1451 *uiuis⁴
2099 1414 2178 1436 iuribu-

1223 1460 1374 1493 Gamerae
1390 1462 1593 1505 Apostolicae
1606 1461 1802 1505 praeiudicia
1817 1467 1848 1496 et
1863 1463 1980 1496 damna
1993 1448 2100 1472 muum’·

1224 1514 1381 1555 intulisse,
1405 1526 1441 1547 ac
1462 1515 1493 1548 in
1523 1521 1698 1559 posterum,
1720 1515 1781 1549 nisi
1797 1516 1836 1549 de
1857 1527 1978 1560 oppor-

1223 1574 1301 1601 tuno
1324 1569 1466 1602 remedio
1491 1569 1710 1613 provideatur,
1738 1569 1931 1603 excitaturas
1950 1576 1980 1604 et

1224 1621 1368 1655 illaturas
1388 1622 1475 1663 sore3
1498 1622 1661 1666 officiique
1686 1622 1786 1656 nostri
1811 1623 1980 1667 pastoralis

1224 1686 1291 1708 esse
1311 1675 1499 1709 officialium
1519 1683 1706 1710 nostrorum
1723 1676 1823 1720 quieti
1848 1682 1878 1710 et
1896 1683 1981 1711 tran-

1224 1729 1374 1772 quillitati
1404 1730 1591 1770 consulere,
1627 1735 1657 1762 et
1694 1735 1730 1763 ut
1755 1730 1896 1764 indebite
1921 1741 1979 1775 op-

1226 1783 1324 1826 pressi
1363 1784 1401 1816 ab
1427 1794 1541 1816 eorum
1575 1783 1842 1827 oppressionibus
1865 1784 1980 1818 huius-

1225 1837 1311 1870 modi
1333 1838 1527 1877 releventur,
1551 1842 1579 1869 et
1606 1836 1745 1877 iustitia,
1768 1837 1802 1870 in
1819 1849 1882 1880 qua
1899 1849 1979 1872 cun-

1225 1891 1283 1924 ctis
1311 1890 1471 1924 debitores
1500 1901 1630 1930 sumus,
1650 1890 1751 1924 libere
1771 1898 1976 1930 exerceatur,

1225 1950 1383 1989 quantum
1400 1944 1432 1976 in
1452 1944 1544 1977 nobis
1565 1950 1623 1982 est,
1645 1944 1826 1988 providere,
1844 1956 1881 1978 ac
1897 1946 1980 1980 ulte-

1226 1998 1367 2030 rioribus
1399 1997 1613 2030 incommodis
1650 2003 1680 2030 et
1718 1997 1982 2032 indemnitatibus

1226 2062 1352 2091 eorum,
1374 2051 1441 2095 qui,
1460 2051 1629 2084 occasione
1650 2051 1822 2084 erectionis
1841 2057 1872 2085 et
1890 2053 1980 2086 insti-

1228 2105 1358 2137 tutionis
1379 2104 1577 2144 huiusmodi,
1597 2105 1841 2148 quomodolibet
1862 2107 1980 2149 gravati

1228 2159 1370 2197 suerunt,
1393 2169 1579 2198 occurrere,
1597 2158 1979 2201 singularumjiterarum

1229 2213 1445 2256 praefatarum
1466 2212 1678 2255 omniumque
1699 2213 1731 2245 in
1751 2213 1798 2246 eis
1813 2219 1980 2247 contento-

1228 2277 1301 2299 rum
1334 2266 1475 2300 veriores
1496 2271 1632 2306 tenores,
1660 2277 1697 2299 ac
1722 2266 1747 2300 si
1767 2267 1805 2300 de
1824 2267 1921 2301 verbo
1941 2269 1979 2301 ad

1229 2320 1361 2353 verbum
1395 2320 1632 2359 insererentur,
1668 2320 1889 2364 praesentibus
1922 2333 1980 2365 pro

1230 2375 1426 2407 sufficienter
1450 2373 1607 2418 expressis
1633 2374 1803 2414 habentes,
1826 2385 1862 2407 ex
1886 2386 1980 2419 prae-

1230 2429 1334 2461 missis
1349 2433 1379 2461 et
1394 2428 1463 2461 aliis
1484 2427 1728 2460 rationabilibus
1742 2438 1779 2460 ac
1790 2428 1883 2461 nobis
1898 2429 1981 2463 notis

1230 2478 1345 2515 causis,
1357 2478 1465 2510 habita
1482 2488 1580 2521 super
1595 2477 1645 2510 his
1660 2488 1735 2509 cum
1744 2478 1982 2512 venerabilibus

1230 2527 1381 2559 fratribus
1401 2526 1518 2559 nostris
1533 2526 1633 2569 ipsius
1646 2526 1809 2559 Romanae
1820 2527 1981 2561 Ecclesiae

1230 2576 1446 2609 cardinalibus
1454 2575 1827 2616 deliberationematura,
1839 2577 1922 2609 acde
1931 2587 1982 2610 eo-

1230 2635 1302 2657 rum
1320 2624 1453 2657 consilio
1471 2630 1502 2657 et
1521 2623 1664 2656 unanimi
1681 2634 1824 2664 assensu,
1838 2624 1980 2657 officium

1230 2678 1414 2715 regentatus
1430 2677 1557 2705 sanctae
1578 2672 1740 2704 Romanae
1752 2672 1914 2706 Ecclesiae
1926 2672 1982 2706 Ga-

2235 617 2237 630 .„
2229 539 2237 596 tin-a..
2233 519 2237 530 Α
