2237 3100
15 272 65 300 An.
78 271 108 300 C.
126 270 201 300 ¹872

210 324 290 365 tiae,
329 331 364 358 ut
396 327 502 360 statim
538 336 723 372 praesentes
756 331 878 365 litteras
918 333 965 365 vel

211 379 322 401 earum
336 375 538 416 transumpta
560 384 616 416 per
633 385 707 407 suas
720 375 857 420 quisque
874 376 964 409 dioe-

211 432 298 455 ceses
323 424 499 466 publicari,
535 432 565 458 et
597 427 693 459 etiam
720 439 777 471 per
797 430 964 472 praedica-

211 481 296 509 tores
307 477 345 509 ad
362 478 631 521 populinotitiam
648 481 768 525 absque
785 483 852 515 ullo
863 494 964 526 quae-

210 535 260 561 stu
282 530 432 564 devenire
453 533 697 577 quamprimum
719 541 834 568 curent
863 542 894 569 et
918 537 964 569 fa-

210 589 306 616 ciant.

254 637 324 679 §5
352 638 420 670 Non
468 639 670 673 obstantibus
710 642 895 684 praemissis
928 654 963 675 ac

38 703 149 724 cun-uiae
161 705 196 724 ‹10-
209 690 493 725 constitutionibus
531 699 562 726 et
596 694 855 728 ordinationibus
885 707 963 740 apo-

11 735 139 759 '⁰ss³¹⁰¹‘¹‘'⁹⁴
209 743 350 783 stolicis,
395 745 575 789 ceterisque
613 747 784 780 contrariis
827 749 962 792 quibus-

209 807 362 840 cumque,

252 849 317 893 36.
360 851 518 885 Volumus
548 858 655 886 autem
688 855 776 897 quod
811 866 962 898 praesen-

209 902 288 935 tium
310 905 524 949 transumptis
543 911 601 939 etc.

251 956 366 989 Datum
392 957 514 991 Romae
537 960 624 1002 apud
659 960 690 993 S.
722 960 874 1001 Petrum,
904 962 963 994 sub

206 1010 328 1042 annulo
348 1010 530 1052 piscatoris,
552 1012 602 1045 die
622 1023 664 1045 xn
689 1013 793 1046 martii
816 1024 962 1051 uunxxn,

208 1062 415 1106 pontificatus
435 1065 536 1097 nostri
562 1077 647 1099 anno
668 1077 720 1099 vu.

246 1120 309 1150 Dat.
331 1121 378 1151 die
395 1121 432 1151 12
448 1126 536 1153 mart.
551 1123 639 1161 1572,
660 1124 762 1163 pontis.
775 1134 852 1155 anno
868 1134 918 1155 vu.

46 871 193 898 Exemplorum

11 902 69 922 tides.

509 1299 662 1334 CCXVIII.

207 1391 331 1425 Contra
346 1393 519 1426 scribentes
531 1421 540 1433 ,
567 1395 748 1434 dictantes,
770 1396 961 1432 retinentes,

252 1447 509 1479 transmittentes
538 1452 566 1479 et
591 1459 657 1480 *non
682 1449 861 1481 lacerantes
876 1449 964 1481 tibet-

250 1498 295 1531 tos
319 1499 458 1542 famosos
485 1505 580 1543 atque
605 1501 729 1534 litteras
759 1507 964 1545 nuncupatas

250 1552 392 1592 d‘avvisi,
406 1555 605 1587 continentes
621 1555 761 1588 alienius
775 1556 885 1598 famae
898 1557 963 1589 lae-

250 1608 373 1638 sionem
397 1607 646 1651 futurorumque
658 1619 857 1641 successuum
874 1614 901 1642 et
918 1620 964 1641 eo-

250 1670 325 1691 rum
346 1670 428 1703 quae
449 1671 509 1703 pro
531 1662 690 1704 reyimine
714 1661 828 1694 Status
855 1662 963 1695 Eccle-

249 1713 376 1746 siasticz'
388 1719 505 1747 secreto
523 1719 707 1748 tractantur
721 1716 961 1749 revelationem.

253 1803 315 1832 Pius
331 1804 401 1839 Papa
420 1804 452 1836 V.
470 1805 503 1832 ad
516 1805 679 1840 perpetuam
693 1805 734 1834 rei
748 1806 915 1834 memoriam.

254 1883 389 1916 Romani
411 1884 577 1917 Pontificis
603 1885 803 1928 providentia
825 1886 964 1919 circum-

209 1942 318 1980 specta
337 1937 376 1969 ad
390 1947 427 1970 ea
440 1938 670 1971 sollicitudinis
691 1950 767 1972 suae
789 1946 894 1982 partes
910 1951 965 1983 po-

209 1990 370 2023 tissimum
393 1991 567 2031 convertit,
598 2003 656 2035 per
683 2003 766 2035 quae
797 1993 878 2025 inter
899 1993 964 2025 sin-

209 2043 303 2086 gulos
328 2044 434 2086 gregis
455 2044 599 2077 eiusdem
622 2045 747 2085 fideles,
776 2046 965 2089 praesertim

210 2107 283 2130 vero
304 2098 609 2131 nobisetRomanae
628 2099 789 2132 Ecclesiae
804 2100 965 2139 subditos,

209 2160 269 2192 pax
291 2155 321 2183 et
341 2151 515 2184 concordia
535 2152 766 2192 confoventur,
794 2152 967 2186 seditiones

210 2203 379 2245 evitantur,
405 2204 564 2238 scandalis
576 2206 723 2238 obviatur
739 2211 769 2238 et
783 2206 965 2239 animarum

209 2257 296 2290 salus
320 2264 525 2301 procuratur.

254 2310 269 2353 ξ
292 2311 323 2342 1.
347 2311 426 2344 Cum
449 2311 557 2354 itaque
578 2312 746 2345 iracundia
772 2312 811 2345 sit
837 2318 965 2356 pertur-

51 2375 195 2402 imperniom
209 2363 296 2396 batio
336 2364 504 2403 immanis,
542 2364 670 2397 affectio
704 2366 804 2405 dura,
830 2366 967 2398 violenta

11 2405 380 2463 ἱιῗὸεῖζῆἇηῖῑίῗροῑθηῑία,
428 2417 577 2450 caedium
614 2428 738 2457 causa,
778 2418 968 2451 calamitatis

11 2472 127 2495 vomerum
150 2474 195 2504 ¹{'¹',·
211 2464 319 2505 socia,
353 2465 509 2498 iacturam
536 2465 713 2499 concilians
748 2472 775 2499 et
806 2467 965 2506 dedecus,

12 2503 196 2556 neaffiponecriiiiiiss
212 2514 424 2556 pecuniarum
458 2514 618 2556 pernicies
653 2520 748 2556 atque
779 2514 969 2558 perditionis

13 2561 96 2582 ’ΜΝΞ
129 2561 196 2597 ’ποῖ
211 2562 323 2605 origo,
370 2574 471 2605 eaque
504 2563 708 2606 potissimum
748 2574 783 2596 ex
817 2563 966 2603 iniuriis,

13 2596 114 2644 iiii'onee:
143 2598 197 2644 {2⁰⁸⁷}
212 2613 308 2645 verbo
325 2613 370 2644 vel
385 2612 577 2656 scriptisvel
590 2614 671 2645 sacto
690 2613 784 2645 illatis
804 2618 964 2645 nascatur.

13 2653 198 2706 ξξωωξζῇζᾞζξῖ
211 2660 274 2694 Nos
293 2661 349 2704 qui
369 2671 433 2694 nou
459 2661 526 2694 sine
549 2661 686 2693 maxima
707 2661 822 2696 inentis
839 2667 966 2693 nostrae

333 2709 406 2739 Butt.
431 2709 509 2739 Rom.
539 2710 592 2739 Vol.
614 2709 669 2739 VII.
837 2710 889 2739 12⁹2

36 1941 144 1964 Emi-dium

892 279 960 305 PlUS
985 281 1004 305 V
1027 283 1075 306 PP.

1652 279 1716 313 969
1781 291 1830 318 An.
1846 290 1876 318 c.
1894 291 1962 320 1572

1008 337 1250 379 perturbatione
1288 348 1382 381 saepe
1416 349 1553 371 numero
1577 341 1762 384 accepimus
1777 353 1819 372 cm
1854 353 1961 387 decreve-

1007 391 1113 433 quod,
1151 390 1225 423 lieet,
1258 396 1321 423 tam
1344 402 1401 434 per
1426 402 1533 425 sacras
1558 393 1644 435 leges
1664 405 1760 437 quam
1777 385 1963 441 {T'sslffssflfssssss

1008 443 1178 475 canonicas
1208 444 1409 484 sanctiones,
1450 445 1509 477 sub
1541 446 1636 479 certis
1665 447 1761 480 etiam
1777 447 1815 464 ⁸⁰¹·

1006 497 1202 538 gravissimis
1222 498 1355 541 poenis,
1379 499 1578 542 prohibitum
1605 500 1703 533 suerit
1723 511 1762 534 ne

1006 549 1078 593 quis
1090 551 1249 583 tamosum
1264 551 1410 584 libellum
1423 562 1619 596 componere
1628 554 1761 595 audeat,

1007 609 1037 635 et
1058 609 1241 647 repertum,
1269 605 1333 637 sive
1354 605 1441 638 domi
1464 606 1527 639 sive
1554 606 1585 639 in
1606 607 1762 650 pubblico

1006 657 1053 689 vel
1075 657 1105 689 in
1127 668 1336 700 quocumque
1362 659 1451 699 loco,
1475 665 1530 692 aut
1549 671 1761 705 corrumpere

1006 711 1053 742 vel
1075 710 1147 753 igne
1169 722 1361 744 consumere
1380 718 1528 745 teneatur
1548 714 1639 757 prius
1663 726 1760 758 quam

1005 764 1086 796 alter
1106 763 1259 802 inveniat,
1282 770 1309 797 et
1329 766 1408 798 nulli
1426 766 1563 799 fateatur
1576 767 1759 808 inventum;

1006 822 1036 849 et
1056 817 1112 859 qui
1133 828 1226 850 secus
1248 819 1370 858 fecerit,
1393 819 1485 863 quasi
1512 827 1626 854 auctor
1646 821 1760 855 huius-

1006 870 1092 902 modi
1127 871 1247 911 delicti,
1283 872 1403 904 eisdem
1439 873 1551 916 poenis
1581 874 1758 915 subiaceat;

1007 923 1219 957 nihilominus
1249 925 1491 959 considerantes
1511 927 1598 970 quod
1625 927 1657 960 in
1684 928 1761 968 dies,

1007 981 1170 1010 crescente
1198 978 1337 1018 malitia,
1367 980 1578 1023 quamplures
1612 981 1762 1025 iniquita-

1007 1029 1045 1061 tis
1065 1030 1137 1067 filii,
1155 1031 1344 1073 perditionis
1360 1032 1482 1064 alumni
1503 1039 1530 1065 et
1544 1044 1665 1077 poenas
1682 1045 1762 1077 prse-

1006 1083 1107 1116 dictas
1126 1085 1397 1127 parvipendentes
1424 1096 1541 1129 easque
1565 1086 1660 1120 variis
1678 1088 1762 1120 frau-

1006 1137 1100 1170 dibus
1120 1138 1237 1171 evitarc
1259 1144 1459 1181 satagentes,
1490 1151 1571 1173 ausu
1589 1141 1761 1174 temerario

1005 1201 1071 1223 non
1105 1192 1302 1225 erubescunt
1335 1192 1429 1225 variis
1460 1193 1562 1226 modis
1587 1194 1763 1227 nonnullos

1006 1244 1187 1288 principes,
1204 1246 1379 1289 praelatos,
1401 1246 1543 1286 nobiles,
1569 1247 1716 1290 publicas
1733 1253 1763 1281 et

1006 1297 1145 1341 privatas
1165 1309 1321 1342 personas
1341 1299 1435 1332 variis
1455 1299 1581 1333 iniuriis
1601 1305 1632 1333 et
1652 1300 1761 1334 convi-

1006 1349 1063 1382 ciis
1083 1351 1231 1390 afficere,
1255 1362 1435 1394 eorumque
1463 1352 1566 1386 famae
1595 1359 1625 1386 et
1645 1353 1761 1387 honori

1006 1403 1192 1441 detrahere,
1214 1405 1273 1436 sub
1293 1405 1434 1449 quodam
1458 1406 1531 1439 ficto
1552 1407 1661 1440 colore
1681 1418 1762 1450 qua—

1006 1457 1155 1490 rumdam
1165 1458 1346 1491 litterarum
1358 1459 1480 1492 incerto
1489 1465 1620 1493 auctore
1630 1462 1763 1505 scripta-

1007 1521 1098 1551 rum,
1122 1511 1241 1543 nedum
1263 1512 1302 1544 ab
1323 1512 1403 1544 urbe
1424 1518 1552 1553 nostra,
1583 1513 1637 1546 sed
1665 1514 1761 1546 etiam

1007 1574 1043 1595 ex
1064 1563 1195 1597 diversis
1219 1565 1410 1608 provinciis,
1438 1565 1468 1597 in
1492 1566 1610 1609 quibus
1641 1567 1760 1600 nedum

1007 1627 1059 1656 ea,
1083 1628 1165 1660 quae
1187 1618 1218 1649 iu
1236 1628 1432 1661 unaquaque
1446 1618 1576 1660 regione
1597 1630 1760 1653 successe-

1008 1676 1103 1710 runt,
1135 1676 1329 1710 narrantur,
1362 1671 1416 1704 sed
1445 1682 1481 1704 ea
1506 1671 1601 1704 etiam
1623 1683 1706 1716 quae
1728 1673 1760 1705 iu

1007 1724 1153 1756 futurum
1170 1725 1312 1767 quodam
1330 1735 1442 1757 eorum
1458 1725 1761 1759 temerarioiudicio

1007 1778 1074 1810 sore
1091 1778 1284 1821 opinantur,
1306 1779 1388 1811 adeo
1408 1783 1443 1811 ut
1464 1779 1658 1822 plerumque
1674 1779 1759 1819 odia,

1008 1831 1217 1872 inimicitiae,
1241 1831 1433 1872 seditiones,
1462 1831 1547 1865 rixae
1568 1838 1598 1865 et
1626 1832 1761 1866 homici-

1007 1884 1058 1917 dia
1080 1886 1242 1927 permulta
1262 1886 1425 1926 oriantur,
1461 1886 1492 1918 in
1519 1885 1646 1919 divinae
1665 1885 1760 1919 Maie-

1008 1938 1096 1970 statis
1116 1939 1291 1978 offensam,
1323 1939 1505 1971 animarum
1527 1939 1710 1981 periculum
1732 1944 1763 1972 et

1009 1990 1228 2034 perniciosum
1249 2003 1378 2035 quoque
1399 1992 1583 2035 exemplum
1614 1998 1644 2024 et
1668 2003 1761 2025 scan-

1008 2044 1117 2076 dalum
1140 2044 1369 2088 plurimorum.

1052 2098 1066 2140 ξ
1091 2098 1121 2130 2
1145 2099 1293 2131 Volentes
1310 2098 1503 2141 praemissis,
1522 2103 1678 2141 quantum
1691 2109 1763 2142 pos-
1805 2116 1828 2137 m
1843 2117 1876 2138 m„-
1892 2116 1962 2138 pom.

1009 2162 1138 2191 sumus,
1161 2151 1309 2191 obviare,
1340 2152 1583 2184 considerantes
1611 2147 1809 2186 attentius¹⁶²
1826 2148 1911 2168 ⁰⁵⁸⁶⁰ffi
1922 2154 1963 2175 '³²¹³‘

1777 2184 1814 2198 nnn
1852 2178 1962 2199 confirmat

1009 2205 1096 2247 quod
1136 2205 1243 2248 plures
1275 2216 1452 2248 poenarum
1489 2205 1625 2248 gravitas
1662 2216 1760 2249 quam
1777 2209 1906 2230 ⁸²⁰¹²⁸¹¹d¹¹
1938 2211 1962 2252 ¹²3¹

1779 2240 1900 2261 scribentes
1921 2243 1963 2260 eta.

1010 2259 1063 2291 Dei
1086 2259 1182 2291 timor
1201 2269 1313 2291 arcere
1334 2259 1414 2290 solet
1434 2270 1448 2290 a
1472 2259 1633 2291 voluntate
1657 2259 1762 2292 delin·
1778 2271 1862 2292 uitem
1883 2276 1962 2307 pungi„

1010 2312 1152 2354 quendi,
1180 2318 1207 2344 et
1241 2317 1412 2355 propterea
1434 2317 1520 2343 tauto
1542 2312 1689 2354 periculo
1710 2322 1763 2344 oc·
1777 2301 1880 2359 ,¹:222ss
1890 2308 1964 2359 ‘322

1011 2375 1142 2398 currere
1177 2365 1330 2406 volentes,
1360 2376 1395 2397 ac
1418 2371 1480 2397 tam
1508 2365 1647 2397 nefarios
1672 2375 1763 2409 prae·
1778 2364 1964 2420 ξ’,ξνοῃῗῇῡῐθθω

1011 2424 1193 2461 sumptores
1216 2423 1246 2450 et
1268 2418 1464 2450 facinorosos
1484 2417 1632 2450 homines
1648 2417 1764 2451 atroci-

1010 2467 1071 2500 bus
1091 2467 1203 2511 poenis
1225 2472 1407 2509 torpescere
1421 2493 1428 2506 ‚
1460 2471 1493 2497 ut
1514 2472 1618 2499 metus
1638 2477 1762 2510 poenae

1011 2522 1094 2549 meta
1115 2515 1299 2548 huiusmodi
1334 2515 1608 2558 praesumptionis
1628 2515 1761 2555 existat·y

1011 2565 1109 2597 liuius
1126 2570 1299 2608 perpetuae
1318 2569 1347 2595 et
1364 2563 1592 2605 irrefragabilis
1612 2564 1765 2597 coustitu-

1012 2613 1106 2645 tionis
1131 2612 1253 2651 edicto,
1279 2623 1397 2655 poenas
1431 2623 1561 2652 munes,
1591 2619 1653 2645 tam
1684 2618 1764 2644 tem-

1011 2663 1137 2704 porales
1157 2671 1253 2703 quam
1266 2661 1513 2700 ecclesiasticas,
1532 2661 1564 2693 in
1581 2661 1656 2693 talia
1675 2671 1764 2704 prae-
