2237 3100
27 302 75 329 An.
92 301 120 328 C.
139 301 207 330 ¹568

221 355 305 388 enim
326 353 406 387 locis
424 353 506 387 haec
526 353 631 387 officia
651 353 734 386 iusta
753 353 792 386 dc
817 364 913 387 causa
938 354 969 387 in

220 408 348 451 longius
367 413 507 452 tempus,
529 408 662 441 arbitrio
683 407 871 451 superioris,
895 418 970 451 pro-

220 462 302 496 trahi
322 467 487 506 poterunt..

263 516 278 559 ἓ
297 516 351 548 11.
367 516 401 548 In
415 515 660 560 paternitatibus
675 516 831 549 hactenus
842 525 971 548 conces-

23 570 205 628 titutiialtinii’hffi}
219 569 261 602 Sis
281 575 311 603 et
331 570 465 613 posthac
491 569 703 603 concedendis
737 580 773 602 ea
794 568 970 602 moderatio

23 637 106 654 namur.
219 622 420 664 adhibeatur,
437 628 472 656 ut
491 633 587 656 nemo
601 621 801 666 paternitatis
816 622 908 654 titulo
923 622 971 654 vel

220 675 386 719 privilegio
408 677 544 716 fruatur,
568 676 628 708 nisi
650 675 705 719 qui
721 675 971 719 provincialatus

219 729 362 762 officium
379 729 521 762 obtineat
541 729 588 762 vel
610 729 797 768 obtinuerit,
818 730 864 762 vel
893 740 971 772 qua-

218 782 435 825 dragesimum
462 793 581 815 annum
606 789 687 825 agat,
716 788 747 815 et
770 783 848 815 alias
875 783 969 815 etiam

218 846 256 869 eo
276 835 369 868 titulo
390 842 421 869 et
440 835 607 880 privilegio
628 835 745 879 dignus
765 835 888 869 existat.

261 889 276 932 ᾗ
295 888 349 921 12.
382 889 467 922 Nulli
499 889 530 921 in
564 890 677 922 eodem
710 894 868 923 conventu
900 889 972 932 plus

48 944 203 996 Fr³¹gf³⁸⁵¹fn²
217 942 348 976 biennio
369 953 499 976 manere
519 942 625 984 liceat,
645 943 786 986 exceptis
802 953 972 986 sexagena-

21 980 101 1028 i'aetiium
110 981 203 1029 ’ῗῖῃῖιῖιῖ
218 997 266 1030 rio
286 996 476 1038 maioribus,
489 997 608 1040 quibus
620 997 741 1041 aliquid
754 1008 789 1030 ex
801 1008 910 1037 causa,
923 1007 973 1030 su-

21 1041 135 1059 ⁰⁰¹¹'⁶¹¹¹¹¹'
218 1051 355 1095 perioris
367 1050 500 1084 arbitrio
512 1051 689 1084 condonari
708 1051 836 1095 poterit.

262 1105 277 1148 ἓ
296 1104 350 1138 13.
374 1105 408 1137 In
429 1110 588 1138 conventu
608 1105 656 1138 vel
678 1105 774 1138 domo
802 1105 972 1148 pauciores

48 1163 142 1201 Fratrem
164 1170 204 1186 nu·
218 1169 258 1191 ne
279 1158 341 1191 sint
360 1158 532 1192 duodecim
553 1158 716 1192 fratribus.
736 1159 767 1191 Si
785 1170 847 1203 qua
864 1165 970 1192 autem

21 1201 204 1249 iiffe‘isscssvfflss',
219 1212 334 1245 domus
349 1212 437 1245 hunc
452 1211 591 1245 familiae
611 1223 785 1246 numerum
801 1213 887 1246 alere
907 1223 971 1246 non

220 1266 332 1311 possit,
349 1267 397 1300 vel
417 1271 483 1300 tota
503 1266 667 1310 provincia
686 1267 819 1307 victum,
843 1272 873 1300 et
889 1278 972 1310 quae

218 1326 386 1365 praeterea
406 1321 587 1354 necessaria
602 1326 688 1362 sunt,
711 1321 905 1365 suppeditet,
924 1322 971 1354 rel

218 1375 333 1408 fratres
357 1386 431 1408 cum
461 1375 555 1408 bonis
575 1386 612 1408 ex
641 1386 678 1408 ea
698 1375 794 1408 domo
815 1375 848 1408 in
876 1375 971 1409 aliam

217 1429 463 1470 transferantur,
486 1428 667 1473 provisione
685 1435 792 1463 tamen
815 1429 969 1470 adhibita,

217 1492 258 1515 ne
292 1482 448 1516 ecclesiae
482 1482 699 1524 destruantur,
738 1483 794 1517 sed
830 1483 869 1516 ad
904 1482 972 1516 eius

216 1535 331 1580 populi
351 1535 613 1570 commoditatem
634 1542 876 1570 conserventur.
895 1537 971 1570 Per-

217 1589 376 1624 mittimus
400 1596 508 1623 tamen
537 1595 573 1623 ut
600 1590 632 1623 in
664 1590 886 1632 conventibus,
916 1591 971 1634 qui

217 1643 370 1677 fratribus
397 1644 457 1677 iter
476 1644 668 1678 facientibus
700 1645 862 1678 commodi
896 1645 969 1686 sint,

217 1698 329 1732 saltem
347 1703 489 1742 quatuor
504 1697 629 1738 fratres,
649 1709 715 1732 non
725 1698 868 1732 minores
880 1699 973 1742 quin-

216 1751 369 1796 quaginta
385 1752 488 1793 annis,
507 1752 666 1785 constanti
689 1758 717 1785 et
745 1753 881 1796 probata
896 1752 969 1794 vita,

217 1811 379 1847 maneant,
403 1805 429 1839 si
461 1806 573 1849 plures
602 1816 639 1839 ea
659 1806 775 1840 domus
794 1807 881 1840 alere
907 1817 972 1840 non

218 1859 331 1902 possit.

262 1913 277 1956 ἓ
291 1913 345 1946 14.
363 1914 398 1946 In
415 1913 592 1947 maioribus
602 1913 879 1957 Studiisregcntes
892 1915 972 1948 duas

20 1966 204 2027 daeffissssqsffi
218 1966 371 2000 lectiones
392 1967 589 2010 theologicas
608 1967 874 2011 interpretentur,
898 1969 973 2001 alte-

21 2029 124 2066 lectiones
139 2032 203 2052 imer-
218 2031 285 2054 ram
304 2021 494 2065 practicam,
512 2021 609 2054 veluti
618 2021 664 2054 De
683 2023 909 2063 sacramentis,
924 2023 971 2055 vel

20 2064 98 2113 1:¹52„
136 2063 202 2084 dm*
217 2075 263 2107 De
281 2076 351 2108 vita
377 2079 459 2108 recte
482 2079 650 2118 sancteque
675 2076 900 2116 instituenda,
936 2087 972 2109 cx

217 2124 366 2172 Magistro
379 2129 625 2169 sententiarum,
638 2140 674 2162 ac
686 2129 717 2162 S.
731 2129 970 2169 Bonaventura;

219 2183 352 2215 alteram
369 2183 599 2226 speculativam
620 2193 655 2216 ex
676 2183 791 2222 Scoto;
813 2183 845 2215 in
866 2182 971 2215 mino—

218 2236 308 2269 ribus
329 2246 403 2270 vero
423 2236 554 2277 Studiis,
577 2247 643 2269 una
663 2236 803 2270 lectione
825 2247 861 2269 ex
883 2236 972 2269 theo-

219 2289 303 2333 logia
323 2290 466 2334 practica
485 2290 627 2324 contenti
649 2290 723 2323 sint.

263 2343 352 2386 §15
387 2343 507 2377 Curent
532 2349 639 2377 autem
667 2343 853 2387 superiores
880 2349 913 2376 ut
940 2343 972 2375 in

71 2394 164 2419 Ffflstuffl
180 2403 205 2419 0-
219 2396 354 2440 singulis
387 2397 598 2431 conventibus
629 2398 754 2437 fratres,
778 2397 915 2430 maxime
941 2397 973 2429 in

21 2433 205 2480 {ggffinqwn-
221 2451 437 2485 conscientiae
457 2452 584 2485 casibus
610 2457 641 2484 et
668 2451 802 2494 reliquis
830 2461 913 2494 quae
934 2451 973 2483 ad

221 2500 398 2534 audiendas
428 2501 645 2535 consessiones
666 2500 839 2544 pertinent,
866 2500 907 2532 ob
927 2500 973 2533 rei

221 2549 405 2592 gravitatem
427 2555 457 2582 et
472 2550 708 2589 necessitatem,
726 2559 852 2582 summo
868 2548 974 2582 studio

221 2608 259 2631 ac
279 2597 442 2642 diligentia
462 2605 684 2632 exerceantur.

266 2648 282 2690 ἐ
301 2647 354 2681 16.
383 2648 519 2689 Fratres,
543 2648 638 2681 etiam
652 2647 677 2680 si
697 2647 881 2690 superiores
898 2646 972 2686 sint,

223 2696 302 2730 nihil
326 2697 494 2741 proprium
513 2697 632 2730 habere
646 2695 779 2740 possint,
801 2695 854 2729 sed
866 2695 974 2729 omnia

52 2666 160 2694 Proprium
176 2669 206 2689 ni-

23 2696 51 2718 hil
67 2697 167 2720 habeant.

897 299 965 324 PIUS
987 299 1006 323 V
1031 298 1079 323 ΡΙ).

1652 286 1716 322 693

1010 352 1042 384 in
1079 360 1252 384 commune
1285 349 1505 390 conserantur,
1542 349 1762 384 distribuenda

1011 404 1144 447 singulis
1178 409 1211 436 ut
1233 402 1410 446 unicuique
1430 413 1512 446 opus
1529 402 1643 436 suerit:
1667 404 1708 436 ita
1727 409 1763 436 ut

1011 469 1047 491 cx
1083 457 1311 491 communibus
1340 456 1496 500 cuiusque
1517 463 1692 490 conventus
1717 458 1762 490 sa-

1012 512 1185 545 cultatibus
1205 518 1235 545 et
1256 511 1477 556 eleemosynis,
1496 522 1554 555 pro
1570 511 1690 544 viribus
1711 512 1763 544 do-

1012 577 1094 607 mus,
1123 566 1301 608 unicuique
1327 566 1415 599 sratri
1442 576 1524 609 quae
1549 571 1623 598 sunt
1651 576 1762 598 neces-

1012 619 1095 652 saria
1115 619 1345 662 praebeantur.

1055 675 1070 715 g
1092 672 1143 705 17.
1175 673 1301 705 Fratres
1332 683 1444 706 omnes
1464 678 1495 705 et
1525 672 1709 716 superiores
1733 677 1763 705 et

1011 725 1318 769 quomodocumque
1335 725 1535 769 privilegiati,
1557 726 1683 768 aegrotis
1697 731 1763 758 tan-

1012 784 1079 811 tum
1100 780 1251 823 exceptis,
1267 780 1298 812 in
1314 780 1483 813 resectorio
1498 779 1606 812 cilium
1622 780 1761 824 capiant,

1013 838 1043 865 et
1063 833 1229 866 communi
1250 844 1359 866 mensa
1380 838 1506 866 utentes
1536 832 1764 866 communibus

1012 887 1116 931 epulis
1136 893 1315 921 vescantur.

1057 942 1071 985 ξ
1091 941 1143 975 18.
1167 942 1201 974 ln
1222 941 1335 985 primis
1360 947 1467 975 autem
1498 947 1703 984 aegrotorum
1734 946 1765 974 et
1807 947 1883 968 tnfirrni
1899 950 1964 969 etse-

1013 1005 1126 1028 senum
1149 1006 1226 1028 eura
1246 995 1414 1033 habeatur.
1442 995 1534 1034 Quod
1566 995 1591 1028 si
1613 995 1764 1039 propriae
1779 984 1818 1001 '³⁶⁵
1833 982 1942 1000 curcum*

1013 1049 1178 1081 facultates
1198 1049 1308 1081 domui
1322 1059 1387 1082 non
1411 1054 1583 1092 suppetant
1601 1049 1765 1081 adsubve-

1013 1101 1169 1134 niendum
1193 1102 1375 1135 necessitati
1393 1101 1640 1145 aegrotantium,
1669 1101 1764 1134 vicini

1013 1161 1189 1188 conventus
1222 1155 1353 1189 ditiores
1386 1156 1558 1199 suppleant
1588 1161 1641 1188 aut
1668 1156 1764 1189 etiam

1013 1215 1077 1242 tota
1097 1209 1261 1253 provincia
1283 1210 1478 1243 contribuat.

1056 1263 1071 1306 ξ
1091 1263 1143 1296 19.
1167 1264 1201 1296 In
1222 1263 1373 1296 omnibus
1394 1264 1603 1297 conventibus
1631 1264 1679 1296 vel
1707 1263 1764 1296 do-
1806 1268 1909 1289 nomam
1930 1275 1964 1290 cu-

1013 1317 1134 1357 mibus,
1157 1318 1248 1350 locus
1277 1317 1458 1350 communis
1483 1318 1625 1350 thesauri
1643 1318 1690 1350 vel
1712 1328 1764 1350 ca·
1780 1301 1854 1321 ⁵¹⁰d¹¹

1012 1382 1069 1415 psa
1093 1371 1133 1404 sit
1163 1371 1266 1404 tribus
1301 1371 1441 1404 clavibus
1472 1371 1592 1412 clausa,
1627 1382 1765 1415 quarum

1013 1436 1110 1458 unam
1126 1426 1243 1458 habeat
1258 1425 1473 1468 guardianus,
1496 1426 1628 1458 alteram
1650 1436 1767 1469 procu—

1012 1484 1112 1519 rator,
1135 1479 1261 1512 tertiam
1282 1479 1517 1523 depositarius:
1540 1490 1604 1522 quo
1635 1479 1667 1512 in
1695 1479 1766 1512 loco

1012 1534 1059 1567 vel
1078 1544 1185 1577 capsa,
1198 1543 1308 1573 aurea,
1325 1538 1488 1576 argentea,
1507 1532 1622 1566 iocalia
1636 1537 1666 1566 et
1681 1544 1767 1576 qure-

1012 1598 1075 1630 que
1112 1587 1265 1631 pretiosa,
1295 1587 1434 1631 pecunia
1472 1586 1546 1619 item
1577 1592 1764 1627 conventus,

1013 1652 1087 1674 cum
1104 1641 1280 1674 inventario
1296 1641 1484 1674 earumdem
1500 1651 1623 1682 rerum,
1640 1640 1768 1674 condita

1013 1696 1237 1729 custodiantur
1255 1708 1262 1729 z
1286 1700 1409 1729 servata
1428 1700 1537 1728 tamen
1561 1695 1767 1729 distinctione

1012 1761 1178 1783 sacrarum
1200 1755 1230 1783 et
1249 1749 1459 1794 profanarum
1481 1759 1602 1782 rerum.

1057 1806 1072 1847 ξς
1100 1803 1154 1837 Εὶῡ.
1188 1803 1301 1836 Nullus
1335 1814 1372 1836 ex
1407 1803 1580 1844 fratribus,
1620 1803 1765 1847 quamvis
1805 1813 1899 1840 Quisque
1914 1814 1963 1834 uni-

1013 1858 1155 1901 magistri
1189 1864 1219 1891 et
1259 1857 1435 1901 superioris
1470 1856 1563 1890 titulo
1597 1858 1761 1900 fungatur,
1779 1844 1964 1903 Jssecegi³½1¹fif1ssffi

1013 1911 1149 1954 privatas
1178 1910 1272 1944 aedes
1305 1916 1360 1944 aut
1388 1911 1421 1943 in
1441 1911 1582 1944 claustro
1607 1916 1663 1944 aut
1688 1910 1763 1943 alibi
1779 1908 1893 1960 ῗὲζῖἳζζω
1911 1912 1967 1927 ⁰⁰¹²·

1012 1975 1149 2008 usquam
1178 1963 1306 2001 habeat,
1329 1964 1385 1997 sed
1409 1964 1527 2007 singuli
1547 1963 1643 1997 unica
1669 1964 1761 2004 cella,

1013 2018 1045 2051 in
1076 2018 1242 2051 communi
1276 2017 1478 2058 dormitorio,
1508 2018 1598 2050 nullo
1633 2024 1762 2058 ornatu,

1013 2071 1107 2104 nudis
1134 2071 1266 2104 omnino
1291 2071 1481 2115 parietibus,
1511 2082 1547 2104 ac
1580 2071 1699 2104 lectulo
1736 2076 1766 2104 et

1013 2136 1123 2159 mensa
1140 2125 1332 2158 humillimis
1353 2124 1494 2158 contenti
1514 2125 1586 2166 sint,
1608 2125 1766 2168 quemad-

1014 2179 1145 2213 modum
1165 2190 1326 2224 pauperes
1346 2179 1513 2222 religiosos
1533 2178 1634 2212 decet.

1057 2234 1071 2277 ἕ
1090 2233 1143 2266 021.
1166 2234 1318 2268 Gamerae
1339 2233 1401 2267 sive
1422 2233 1598 2274 aediculae,
1619 2243 1702 2277 quac
1716 2242 1767 2266 ex·
1839 2236 1965 2288 normae?

1014 2292 1061 2320 tra
1081 2287 1307 2321 dormitorium
1330 2286 1501 2332 separatim
1523 2292 1608 2328 sunt,
1640 2287 1678 2320 ad
1699 2286 1767 2319 offi-
1780 2269 1899 2320 ssffliiiim‘*
1923 2273 1933 2289 e
1962 2280 1965 2283 v

1014 2341 1102 2374 cinas
1121 2342 1170 2375 vel
1187 2341 1268 2375 alios
1286 2353 1365 2375 usus
1381 2346 1447 2374 toto
1478 2340 1648 2374 conventui
1679 2350 1766 2373 com-

1014 2405 1128 2428 munes
1146 2395 1345 2439 redigantur,
1365 2396 1413 2428 rel
1428 2395 1453 2427 si
1470 2394 1569 2428 cellae
1584 2394 1766 2427 communis

1014 2448 1195 2482 dormitorii
1216 2460 1275 2493 pro
1295 2449 1429 2482 fratrum
1450 2458 1588 2481 numero
1613 2458 1678 2481 non
1698 2447 1766 2481 suf-

1014 2498 1136 2539 ficiant,
1172 2504 1202 2532 et
1235 2499 1309 2531 illae
1338 2509 1484 2532 camerae
1514 2496 1562 2531 vel
1583 2497 1762 2538 aediculae,

1015 2558 1096 2589 quas
1111 2547 1262 2588 diximus,
1283 2547 1323 2580 ad
1343 2547 1479 2580 sormam
1496 2545 1679 2580 communis
1693 2546 1767 2579 dor-

1015 2596 1134 2630 mitorii
1147 2596 1248 2640 redigi
1258 2596 1390 2641 possint,
1401 2596 1432 2628 in
1444 2595 1671 2629 dormitorium
1682 2605 1767 2641 com-

1015 2656 1113 2679 mune
1133 2646 1331 2689 redigantur,
1348 2645 1396 2678 sin
1412 2645 1530 2685 minus,
1547 2644 1765 2683 destruantur,

1015 2705 1051 2727 ac
1076 2694 1208 2729 materia
1237 2700 1268 2728 et
1288 2699 1454 2728 caementa
1483 2693 1521 2727 ad
1552 2692 1766 2738 reparandam

1775 296 1825 322 An.
1837 294 1867 322 C.
1890 294 1957 322 1568

1819 680 1840 700 lu
1856 681 1961 701 commun!

1778 713 1850 733 vivant
