2237 3100
7 296 56 325 An.
73 295 101 324 C.
122 292 186 321 ¹57¹

38 1099 63 1121 Et
77 1098 195 1120 huiusmodi

15 1130 144 1153 monasteria
154 1128 194 1150 Or-

15 1163 59 1184 «tini
71 1161 151 1186 adiici13

880 298 948 322 PIUS
973 298 989 320 V
1014 298 1060 321 PP.

204 351 259 379 aut
273 346 410 381 alicuius
424 359 482 391 pro
494 350 538 383 eis
548 350 640 383 nobis
652 361 750 394 super
762 351 824 384 hoc
840 351 955 384 oblatze

201 399 366 442 petitionis
386 402 582 445 instantiam,
601 405 655 438 sed
675 416 712 438 ex
726 415 814 438 mera
834 405 955 438 delibe-

201 453 325 487 ratione
346 461 375 488 et
397 462 484 489 certa
506 457 638 491 scientia
664 458 792 497 nostris,
816 464 956 491 mentem

202 511 233 538 et
258 506 471 542 intentionem
500 510 600 553 ipsius
625 511 702 544 Sixti
728 511 956 554 praedecesso-

203 558 258 600 ris,
281 559 358 593 dum
377 561 477 597 dictas
491 563 612 596 litteras
624 564 782 597 concessit
796 569 825 596 et
841 564 957 597 dictam

203 614 468 663 applicationem*
481 616 573 658 fecit,
601 617 698 650 fuisse
719 622 749 650 et
770 628 837 650 esse
857 618 956 660 quod,

205 667 328 701 etiamsi
348 669 544 702 monasteria
564 670 755 703 monialium
772 670 959 703 huiusmodi

205 720 346 764 legitima
359 722 549 756 auctoritate
565 730 619 756 aut
635 723 713 756 alias
728 723 961 767 quoquomodo

207 774 404 808 monialibus
416 775 545 808 destitui
559 776 623 809 sive
635 776 714 809 alias
730 776 871 819 extingui
888 787 962 809 con-

208 827 356 871 tingeret,
379 833 456 862 tunc
477 829 561 872 quod
578 829 708 862 illorum
721 829 804 862 bona
823 830 862 862 ad
878 829 963 873 ipsos

208 881 321 915 fratres
333 882 529 923 devenirent,
555 883 731 927 apostolica
758 883 962 923 auctoritate,

209 941 320 969 tenore
340 936 541 980 presentium
556 964 563 977 ‚
586 936 777 970 adestamur
802 942 831 969 et
861 937 966 969 decla-

208 1000 330 1023 ramus.

253 1044 268 1087 g
288 1043 320 1077 4.
342 1044 385 1076 Ac
412 1054 449 1077 ex
469 1054 554 1077 nunc
585 1044 863 1088 quandocumque
883 1043 966 1076 dicta

210 1097 406 1130 monasteria
435 1096 498 1130 sive
528 1097 661 1140 aliquod
690 1107 804 1130 eorum
825 1096 969 1139 legitima

211 1150 402 1184 auctoritate
424 1155 453 1183 et
469 1151 547 1183 alias
566 1150 798 1194 quoquomodo
818 1149 968 1183 moniali-

211 1204 273 1237 bus
293 1203 422 1236 destitui
445 1214 501 1236 seu
518 1204 596 1243 alias
617 1202 761 1246 extingui
786 1203 968 1245 continget,

213 1268 251 1291 ac
270 1257 378 1291 forsan
403 1257 635 1301 quoquomodo
663 1257 815 1290 destituta
837 1256 901 1289 sive
922 1267 973 1289 ex-

213 1311 313 1345 tincta
333 1311 464 1351 fuerint,
487 1311 541 1344 illa
557 1317 586 1344 et
603 1311 735 1344 illorum
750 1310 836 1343 bona
851 1309 972 1343 eisdem

215 1363 325 1398 Ordini
334 1370 366 1398 et
385 1364 536 1398 fratribus
547 1363 840 1405 praedicatoribus,
859 1368 972 1396 aucto-

216 1417 310 1451 ritate
330 1424 361 1451 et
380 1423 492 1451 tenore
512 1417 699 1462 praedictis,
723 1417 926 1461 applicamus
946 1421 975 1449 et

218 1470 377 1515 applicata
397 1482 465 1504 esse
484 1471 655 1512 volumus,
678 1469 848 1511 statuimus
868 1475 898 1502 et
919 1469 976 1502 de-

219 1524 394 1564 claramus3
413 1535 448 1557 ac
462 1523 505 1557 ita
525 1524 679 1567 deinceps
694 1529 852 1568 perpetuo
869 1523 978 1556 obser-

206 1579 296 1620 ·vari,
319 1585 350 1612 et
369 1589 427 1622 per
447 1589 684 1622 quoscumque,
707 1578 802 1611 etiam
824 1588 882 1621 pro
900 1582 978 1610 teni-

37 2319 137 2344 Lotorum
162 2321 220 2342 ordi-

37 2354 108 2374 narios
137 2355 159 2374 et
182 2358 221 2372 au-

37 2385 127 2406 ditorem
144 2383 220 2404 Came-

39 2421 66 2436 η
93 2413 222 2441 Αροειοὶίεεο

41 2446 127 2472 duputat
146 2450 224 2466 execu-

41 2479 99 2498 tom
163 2479 224 2499 huius

41 2515 197 2537 constitutionis
206 2525 212 2543 ς

220 1643 300 1677 pore
329 1632 520 1675 magistrum
552 1632 737 1675 generalem
766 1637 797 1664 et
819 1631 898 1663 alios
924 1642 978 1663 su-

222 1686 368 1731 periores
397 1686 472 1720 dicti
498 1685 626 1720 Ordinis
656 1685 763 1718 Sancti
789 1683 979 1727 Augustini,

222 1740 357 1780 censeri,
369 1750 496 1774 necnon
506 1749 730 1783 quoscumque
742 1738 874 1777 iudices,
886 1738 980 1770 etiam

224 1798 352 1827 sanctae
377 1786 542 1827 Romanae
561 1792 725 1826 Ecclesiae
746 1791 926 1824 cardinales
946 1801 982 1823 ac

170 1877 176 1882 .
223 1846 337 1880 Palatii
350 1846 452 1880 nostri
464 1845 640 1889 Apostolici
663 1854 834 1878 causarum
856 1843 983 1877 audito-

226 1910 289 1939 res,
312 1900 438 1933 sublata
458 1899 505 1932 eis
529 1904 559 1932 et
584 1909 697 1932 eorum
720 1897 853 1931 cuilibet
873 1896 984 1941 quavis

227 1952 321 1986 aliter
339 1952 507 1986 iudicandi
527 1958 557 1985 et
578 1951 813 1996 interpretandi
834 1951 986 1983 facultate

228 2011 258 2039 et
278 2005 481 2045 auctoritate,
504 2005 643 2038 iudicari
661 2009 691 2038 et
707 2003 912 2047 interpretari
934 2003 987 2036 de—

228 2059 318 2100 bere3
340 2070 377 2092 ac
397 2058 557 2103 quidquid
573 2069 666 2091 secus
686 2057 849 2102 superbis
866 2057 904 2089 ab
925 2056 987 2089 eis-

230 2112 303 2146 dem
317 2123 373 2145 seu
387 2112 450 2145 alio
465 2113 641 2155 quoquam,
658 2109 767 2154 quavis
781 2109 985 2146 auctoritate,

230 2164 369 2199 scienter
387 2166 435 2199 vel
456 2165 655 2208 ignoranter,
679 2162 828 2196 attentari
849 2162 990 2205 contige-

231 2218 286 2258 rit,
308 2218 436 2252 irritum
459 2223 489 2251 et
508 2218 604 2251 inane
625 2216 841 2251 decernimus.

279 2272 294 2314 ἓ
318 2272 354 2305 -5,
387 2271 545 2310 Quocirca
573 2270 813 2305 venerabilibus
838 2268 992 2301 fratribus

233 2325 383 2358 locorum
404 2323 577 2361 ordinariis
597 2330 628 2356 et
647 2323 772 2356 dilectis
786 2322 861 2355 tiliis
877 2331 991 2355 eorum

236 2378 269 2411 in
285 2377 508 2422 spiritualibus
519 2377 648 2411 vicariis
663 2382 716 2409 aut
734 2376 926 2409 officialibus
938 2386 993 2418 gc-

237 2431 403 2465 neralibus
437 2437 466 2464 et
500 2430 614 2471 Curiae
642 2441 813 2464 causarum
843 2421 994 2462 Gamerae

239 2481 443 2526 Apostolicae
463 2480 611 2523 generali
624 2476 778 2519 auditori,
794 2489 921 2511 necnon
943 2478 996 2510 ab·

240 2530 385 2570 batibus,
408 2528 593 2573 prioribus,
622 2527 830 2572 praepositis,
854 2527 994 2566 decanis,

241 2577 480 2611 archidiaconis
499 2588 536 2610 ac
556 2577 627 2610 aliis
643 2587 928 2619 quarumcumque
947 2586 999 2608 ec-

242 2627 415 2660 clesiarum
436 2626 586 2670 praelatis
611 2632 641 2659 et
666 2626 813 2670 personis
835 2626 867 2658 in
893 2625 998 2668 digni-

244 2681 308 2709 tate
328 2675 545 2709 ecclesiastica
565 2674 761 2715 constitutis,
775 2673 911 2708 ubilibet
922 2677 952 2706 et
968 2672 1000 2705 in

324 2729 399 2760 Bun.
417 2729 497 2760 Rom.
516 2728 572 2759 Vol.
592 2728 648 2758 VII.
825 2727 882 2757 118

998 349 1261 393 quibuscumque
1299 349 1487 392 regionibus
1521 349 1750 390 existentibus,

999 414 1056 447 per
1066 409 1262 447 praesentes,
1283 408 1373 436 motu
1398 402 1507 442 simili,
1522 403 1754 435 committimus

999 462 1027 489 et
1058 456 1250 489 mandamus
1273 462 1433 500 quatenus
1460 456 1520 500 ipsi
1542 455 1589 488 vel
1615 456 1678 488 duo
1702 461 1756 488 aut,

1004 520 1088 542 uuus
1109 520 1243 550 eorum,
1262 521 1320 553 per
1344 521 1376 543 se
1396 510 1445 542 vel
1465 509 1565 542 alium
1587 520 1643 542 seu
1665 509 1754 547 alios

1001 563 1317 606 praesentcslitteras
1338 570 1367 596 ct
1384 563 1474 596 ineis
1495 569 1646 596 contenta
1660 572 1757 605 quae-

1002 610 1155 660 cumque,
1167 617 1257 649 ubiet
1272 617 1402 660 quaudo
1416 628 1498 661 opus
1509 616 1615 656 suerit,
1630 626 1666 650 ae
1679 625 1759 659 quo-

1004 670 1061 703 ties
1088 681 1147 714 pro
1172 677 1261 713 parte
1290 671 1452 704 dictorum
1473 671 1608 703 fratrum
1640 669 1759 702 fuerint

1004 724 1159 767 requisiti,
1176 724 1365 756 solemniter
1385 724 1598 767 publicantes,
1616 723 1759 767 ipsisque

1005 777 1036 809 iu
1058 777 1242 820 praemissis
1266 777 1404 810 efficacis
1427 777 1621 810 defensionis
1642 775 1761 820 praesi-

1006 830 1058 863 dio
1076 830 1270 871 assistentes,
1294 831 1411 863 saciant
1436 829 1627 863 auctoritate
1653 835 1762 862 nostra

1007 884 1134 918 casdem
1156 890 1353 927 praesentes,
1375 895 1412 916 ac
1433 883 1542 916 omnia
1564 883 1596 915 in
1621 882 1667 916 eis
1688 892 1764 915 cou-

1009 943 1095 970 tenta
1124 938 1247 981 integre
1272 942 1299 969 et
1333 937 1559 970 iuviolabiliter
1584 935 1764 979 observari,

1010 1001 1075 1023 uon
1098 990 1322 1034 permittentes
1352 1001 1406 1023 eos
1431 990 1570 1033 desuper
1589 1000 1648 1033 per
1667 999 1765 1031 quos-

1010 1037 1174 1087 cumque,
1197 1049 1308 1076 contra
1336 1043 1525 1076 earumdem
1545 1041 1764 1085 praesentium

1012 1104 1176 1137 tenorem,
1206 1096 1451 1141 quomodolibet
1479 1095 1656 1129 molestari.
1687 1094 1768 1128 Cou-

1012 1150 1203 1183 tradictorcs
1223 1150 1382 1193 quoslibet
1411 1154 1438 1181 et
1461 1149 1598 1181 rebelles
1618 1159 1676 1191 per
1695 1157 1768 1180 sen-

1014 1203 1141 1245 tentias,
1169 1214 1321 1237 censuras
1350 1208 1380 1235 et
1407 1213 1519 1246 poenas
1539 1201 1771 1234 ecclesiasticas

1014 1258 1140 1301 aliaque
1162 1263 1345 1300 opportuna
1369 1256 1446 1288 iuris
1468 1260 1496 1288 et
1517 1254 1589 1287 sacti
1607 1253 1768 1294 remedia,

1015 1311 1230 1355 appellatione
1251 1309 1445 1353 postposita,
1469 1307 1724 1351 compesceudm
1743 1311 1773 1338 et

1015 1364 1240 1403 nihilomiuus,
1257 1362 1409 1406 legitimis
1434 1370 1532 1405 super
1548 1361 1597 1393 liis
1614 1359 1770 1393 habendis

1017 1417 1147 1450 servatis
1177 1416 1381 1461 processibus
1397 1443 1404 1455 ‚
1435 1414 1632 1454 sententias,
1657 1422 1772 1446 censu-

1018 1481 1069 1503 ras
1114 1476 1143 1503 et
1183 1480 1281 1514 penas
1315 1469 1400 1512 ipsas
1433 1469 1530 1501 etiam
1562 1466 1686 1500 iteratis
1727 1465 1774 1498 vi—

1020 1524 1110 1557 cibus
1130 1523 1342 1567 aggravando,
1359 1523 1508 1555 invocato
1524 1521 1619 1554 etiam
1640 1520 1679 1552 ad
1700 1520 1774 1560 hoc,

1021 1578 1046 1610 si
1068 1589 1150 1621 opus
1170 1577 1276 1617 suerit,
1298 1576 1415 1610 auxilio
1435 1575 1561 1609 brachii
1588 1573 1774 1607 saecularis.

1066 1634 1081 1675 ,ξ
1099 1631 1128 1664 6.
1153 1631 1222 1664 Nou
1237 1630 1439 1663 obstantibus
1454 1628 1641 1674 praemissis
1656 1638 1692 1660 ac
1706 1627 1779 1671 piae

1023 1685 1199 1717 memoriae
1207 1684 1362 1718 Bonisacii
1376 1684 1481 1727 Papae
1494 1682 1569 1721 vul,
1582 1682 1677 1715 etiam
1689 1691 1780 1725 prae·

1023 1738 1201 1772 decessoris
1220 1738 1333 1777 nos-iri,
1357 1738 1394 1770 de
1416 1748 1497 1776 una,
1524 1741 1551 1769 et
1576 1735 1705 1769 concilii
1724 1745 1780 1777 ge-

1025 1792 1143 1825 neralis
1166 1793 1203 1825 de
1218 1791 1343 1824 duabus
1356 1791 1482 1831 diaetis,
1501 1789 1678 1823 dummodo
1697 1788 1784 1821 ultra

1024 1851 1090 1878 tres
1116 1845 1236 1878 diaetas
1255 1844 1327 1888 quis
1353 1845 1462 1887 vigore
1492 1842 1713 1887 praesentium
1744 1840 1784 1873 ad

1026 1898 1182 1931 iudicium
1203 1909 1269 1931 non
1295 1898 1453 1937 trahatur,
1479 1903 1510 1930 et
1530 1894 1695 1939 quibusvis
1714 1893 1785 1927 aliis

1027 1951 1212 1995 apostolicis
1229 1962 1263 1984 ac
1279 1951 1311 1983 iu
1328 1950 1580 1994 provincialibus
1600 1954 1630 1982 ct
1648 1947 1785 1991 synoda-

1028 2005 1112 2038 libus
1132 2004 1277 2038 conciliis
1298 2004 1402 2043 editis,
1420 2002 1626 2046 generalibus
1645 2001 1694 2034 vel
1716 2010 1786 2044 spe-

1030 2058 1165 2091 cialibus
1199 2056 1484 2090 constitutionibus
1517 2061 1546 2088 ct
1577 2052 1787 2088 ordinationi-

1030 2111 1102 2149 bus,
1130 2121 1257 2144 necnon
1278 2111 1429 2143 omnibus
1450 2109 1523 2147 illis,
1547 2118 1629 2151 quae
1645 2106 1788 2150 prefatus

1032 2164 1136 2197 Sixtus
1155 2164 1386 2207 praedecessor
1403 2163 1434 2195 in
1462 2162 1554 2195 dictis
1583 2160 1649 2193 suis
1676 2159 1789 2192 litteris

1033 2228 1097 2249 uon
1114 2218 1241 2250 obstare
1251 2217 1365 2253 voluit2
1381 2216 1608 2257 dictorumque
1630 2217 1790 2246 monaste-

1033 2270 1158 2303 riorum
1189 2269 1433 2303 fundationibus
1462 2280 1498 2301 ac
1529 2266 1672 2306 statutis,
1694 2265 1790 2298 etiam

1035 2323 1217 2357 ituamento
1242 2324 1290 2356 vel
1310 2323 1421 2366 quavis
1441 2322 1502 2354 alia
1522 2321 1674 2353 firmitate
1698 2319 1792 2352 robo-

1037 2377 1123 2417 ratis:
1147 2377 1320 2420 privilegiis
1339 2386 1482 2419 quoque,
1502 2373 1636 2407 indultis
1657 2378 1687 2406 ct
1706 2373 1792 2405 litte-

1038 2431 1080 2463 ris
1095 2430 1293 2474 apostolicis,
1328 2429 1386 2461 sub
1416 2428 1678 2472 quibuscumque
1703 2432 1794 2460 teno-

1037 2481 1128 2513 ribus
1142 2486 1169 2513 et
1192 2480 1315 2519 formis,
1334 2490 1370 2511 ac
1387 2488 1460 2510 cum
1477 2477 1642 2525 quibusvis
1657 2477 1793 2518 deroga-

1039 2529 1195 2562 toriaruin
1230 2527 1440 2570 derogatoriis
1466 2525 1619 2558 clausulis
1654 2529 1684 2558 et
1717 2525 1797 2557 alias

1039 2578 1283 2622 quomodolibet
1303 2575 1474 2609 concessis.
1492 2574 1614 2613 Quibus
1634 2573 1796 2612 omnibus,

1041 2627 1137 2662 etiam
1157 2627 1182 2660 si
1199 2627 1236 2659 de
1253 2626 1313 2658 illis
1336 2634 1515 2667 corumque
1531 2623 1605 2657 totis
1630 2622 1797 2656 tenoribus

1041 2677 1198 2721 specialis,
1215 2675 1364 2720 specifica
1385 2679 1414 2707 et
1436 2683 1583 2717 expressa
1603 2672 1724 2706 mentio
1739 2671 1797 2704 ha-

1774 305 1823 330 An.
1840 303 1870 330 C.
1890 301 1938 328 ¹5⁷
