2237 3100
225 265 276 294 An.
294 266 322 294 C.
340 266 403 295 ¹56¹

469 256 512 291 98

422 325 468 352 tes
488 329 546 363 per
566 317 754 352 eorumdem
776 321 1005 360 computorum
1030 320 1171 349 exactam

421 372 653 406 discussionem
681 377 711 404 et
743 371 927 414 diligentem
963 368 1171 403 examinatio-

421 437 495 459 nem
516 426 619 459 eidem
640 425 791 458 Gamerae
812 424 971 457 debitores
988 422 1124 466 reperiri
1142 426 1170 455 ct

423 479 590 519 declarari,
613 483 644 511 et
663 479 701 511 ad
722 474 845 521 reliqua
866 476 1099 509 restituendum
1121 487 1172 509 eo-

422 533 464 576 gi,
494 537 525 565 et
545 532 715 576 aliquando
737 540 849 564 eorum
870 529 999 562 fraudes
1019 529 1123 572 detegi
1143 534 1171 563 et

421 597 481 630 pro
501 585 684 630 praemissis
712 583 826 616 debitis
853 582 966 626 poenis
993 582 1093 623 affici,
1119 594 1171 616 ea-

422 640 495 672 dem
520 644 672 682 computa
699 635 871 676 calculari,
895 635 1029 676 discuti,
1053 636 1171 669 exami-

422 692 503 729 nari.
536 691 663 724 solidari
686 695 712 723 et
740 689 896 722 declarari
916 690 1114 732 neglexerint
1142 695 1172 723 et

422 743 741 790 procrastinaverint,
772 743 1000 787 negligantque
1037 748 1068 776 et
1096 755 1171 787 pro-

422 798 595 831 crastinent
624 798 662 831 de
688 797 870 842 praesenti3
898 797 991 830 multi
1011 797 1107 830 etiam
1123 797 1171 830 di-

422 857 547 885 ctorum
569 856 798 895 computorum
819 849 1047 884 exhibitionem
1074 856 1101 884 et
1120 862 1171 884 so-

420 905 604 938 lidationem
626 903 805 937 distulerint
833 909 863 937 et.
887 904 1055 945 differant,
1078 915 1172 948 quos-

420 958 522 1002 quei,
545 959 585 991 ob
606 957 798 992 Pontificum
812 963 842 990 et
857 957 1044 991 officialium
1066 962 1170 990 muta-

420 1012 553 1053 tionem,
580 1023 677 1056 quam
699 1012 731 1044 in
758 1010 852 1044 Curia
879 1011 1022 1043 Romana
1044 1010 1172 1055 saepius

420 1065 561 1099 evenisse
586 1071 617 1098 et.
636 1064 780 1109 quotidie
807 1064 876 1097 fieri
898 1064 1093 1108 experientia
1114 1064 1171 1098 do·

420 1118 498 1159 cuit,
511 1118 646 1159 iudices,
659 1118 771 1151 talium
784 1122 1013 1161 computorum
1030 1117 1169 1160 ignaros,

419 1172 593 1205 rationales
631 1172 694 1205 sive
719 1171 799 1204 alios
820 1182 878 1215 pro
898 1171 1010 1204 eadem
1039 1170 1171 1204 Camera

420 1230 550 1268 agentes
570 1225 628 1258 sihi
650 1224 805 1269 propitios
826 1230 855 1257 et
875 1225 1015 1257 faventes
1026 1224 1173 1258 obtinue-

420 1279 484 1311 rint
504 1284 533 1312 et
553 1279 730 1318 obtineant,
761 1288 799 1311 ex
827 1288 967 1322 quorum
992 1283 1102 1322 postea
1122 1278 1171 1311 in·

420 1332 502 1365 iuria
513 1331 541 1372 2,
557 1343 610 1365 seu
623 1331 700 1376 ipsis
719 1336 832 1363 mutua
853 1331 991 1374 quadarn
1020 1330 1173 1364 devinctis

420 1380 570 1421 amicitia,
608 1384 761 1424 computa
795 1380 959 1424 praedicta
994 1380 1171 1413 secundum

420 1430 566 1473 ipsorum
613 1428 911 1462 administratorum
953 1429 1049 1462 etiam
1088 1429 1171 1463 iniu-

421 1484 501 1512 stam
539 1479 736 1512 voluntatem
766 1478 940 1518 calculari,
974 1477 1104 1511 solidari
1143 1485 1173 1512 ct

420 1527 576 1561 declarari
596 1538 690 1571 saepe
711 1526 838 1571 saepius
859 1526 1027 1570 contingit,
1054 1529 1171 1562 multa-

420 1587 483 1620 que
509 1586 574 1609 non
603 1575 799 1609 admittenda
825 1575 963 1609 admissa
991 1575 1111 1609 suerint
1143 1584 1173 1611 et

419 1624 641 1665 admittantur,
665 1630 696 1658 et
715 1624 956 1668 quamplurima
976 1626 1008 1658 in
1025 1625 1171 1660 fraudem

420 1673 563 1707 eiusdem
597 1674 749 1707 Gamerae
786 1674 1009 1714 occultentur3
1045 1685 1171 1709 necnon

419 1722 567 1767 plerique
583 1723 635 1756 alii
655 1723 741 1756 varia
762 1729 792 1755 et
812 1723 935 1756 diversa
956 1722 1077 1756 credita
1093 1736 1171 1758 con-

418 1776 468 1805 tra
487 1772 653 1806 Cameram
675 1772 870 1817 praedictam
885 1772 1116 1815 confingentes,
1135 1786 1172 1808 ac

419 1820 550 1865 antiqua
575 1833 611 1855 ac
644 1822 751 1855 forsan
772 1821 821 1854 bis
842 1821 945 1854 soluta
975 1827 1005 1854 et
1032 1823 1171 1856 extincta

418 1875 612 1913 repetentes,
624 1883 661 1905 ac
677 1873 795 1913 forsan,
809 1874 889 1905 facta
902 1871 1079 1904 collusione
1096 1883 1170 1905 cum

417 1920 595 1964 praetensis
623 1921 847 1963 creditoribus,
866 1931 962 1966 parvo
988 1921 1090 1965 pretio
1118 1921 1171 1954 illa

419 1975 449 2003 et
474 1971 622 2004 mandata
651 1972 823 2006 cameralia
857 1972 996 2014 desuper
1026 1971 1171 2015 expedita

418 2019 624 2063 redimentes,
636 2022 822 2057 adveniente
835 2021 925 2056 Sedis
935 2020 1076 2054 vacantis
1092 2026 1170 2053 tem-

417 2085 509 2118 pore,
544 2085 609 2118 quo
638 2075 676 2108 de
696 2074 892 2107 Patrimonio
913 2074 999 2107 Beati
1028 2075 1111 2107 Petri
1140 2079 1167 2107 et

416 2123 487 2157 aliis
507 2124 680 2168 provinciis
713 2129 840 2157 sanctae
871 2124 1034 2157 Romanae
1059 2124 1169 2157 Eccle-

417 2173 482 2206 siae
515 2173 668 2206 subiectis
694 2183 759 2207 non
787 2173 841 2213 ita,
864 2173 946 2206 sicut
964 2173 1086 2206 vivente
1106 2173 1169 2206 Ro-

417 2232 513 2256 mano
533 2222 699 2263 Pontifice,
722 2223 893 2265 diligenter
908 2227 1016 2255 exacta
1029 2233 1105 2255 cura
1115 2223 1170 2255 ha-

416 2271 527 2311 betur,
555 2271 594 2305 ab
615 2273 725 2305 eadem
747 2272 896 2312 Camera,
919 2272 1015 2305 etiam
1037 2283 1168 2315 praece-

416 2321 566 2355 dentibus
591 2322 708 2355 illicitis
728 2323 835 2355 forsan
851 2322 966 2362 modis,
989 2322 1169 2366 procuratis

417 2372 498 2405 sacri
525 2372 650 2414 collegii
679 2372 892 2405 cardinalium
922 2373 970 2405 vel
1000 2372 1085 2405 illius
1115 2383 1168 2405 ca-

417 2420 491 2465 pitis
506 2421 656 2455 ordinum
676 2423 845 2462 mandatis,
869 2424 967 2466 super
983 2422 1074 2455 dictis
1091 2433 1167 2455 con-

417 2470 499 2503 fictis
518 2471 704 2515 redemptis,
727 2472 789 2505 sive
810 2471 879 2505 aliis
900 2471 1116 2515 praetextibus
1132 2482 1167 2504 ex

417 2519 590 2553 donatione
610 2521 733 2554 liberali
761 2532 816 2554 seu
850 2521 1039 2554 servitorum
1061 2531 1167 2553 remu-

417 2570 578 2602 neratoria
611 2570 764 2611 obtentis,
800 2571 917 2604 multas
949 2576 980 2604 et
1012 2570 1168 2603 notabiles

454 2628 465 2654 1
488 2628 634 2662 Quousque,
652 2629 767 2656 Cherub.
786 2630 822 2664 (n.
845 2629 893 2664 τ.).
933 2630 948 2656 2
965 2630 1043 2657 Forte
1058 2629 1105 2664 legi
1117 2628 1166 2655 de-

418 2667 464 2695 bet
485 2670 590 2695 incuria
606 2668 642 2706 (a.
658 2667 706 2704 T.).

1020 262 1199 287 BULLARIUM
1218 260 1369 285 ROMANEM
1407 295 1410 301 Ι

1212 312 1426 357 pecuniarum
1456 322 1598 346 summas
1630 312 1770 346 indebite
1795 317 1826 344 et
1857 311 1964 344 minus

1214 367 1296 399 iuste
1316 365 1490 409 exegerint,
1520 376 1556 399 ac
1583 376 1641 409 per
1668 366 1770 398 varias
1790 371 1885 407 artes,
1917 365 1963 398 fa-

1214 431 1304 453 vores
1330 424 1360 453 et
1393 419 1520 452 illicitos
1553 419 1665 452 modos
1689 419 1891 459 extorserint,
1927 430 1964 452 ex

1214 484 1278 517 quo
1299 473 1383 507 dicta
1407 473 1540 506 Camera
1559 474 1599 506 ad
1619 473 1748 506 illorum
1775 472 1963 507 satisfactio-

1214 538 1287 560 nem
1320 527 1504 560 nullatenus
1528 526 1716 567 tenebatur,
1738 526 1903 571 quodque,
1925 527 1963 559 ad

1215 580 1372 624 praefatas
1392 580 1520 613 fraudes
1535 585 1565 612 et
1578 579 1735 613 indebitas
1751 579 1964 624 pecuniarum

1215 633 1394 667 exactiones
1414 639 1445 667 et
1466 634 1603 667 aliarum
1629 645 1739 667 rerum
1769 633 1965 668 extorsiones

1215 687 1416 726 colorandas,
1438 687 1590 721 Romanis
1615 687 1825 721 Pontificibus
1854 692 1966 732 postea

1214 742 1253 774 ad
1282 752 1446 774 summum
1480 742 1677 785 apostolatus
1705 741 1829 786 apicem
1860 741 1964 775 statim

1214 795 1397 839 assumptis,
1431 795 1469 828 ab
1497 795 1617 828 eisdem
1647 794 1679 828 in
1707 795 1867 840 principio
1888 806 1963 829 suo-

1214 860 1287 881 rum
1315 848 1561 892 pontificatuum
1592 848 1762 892 obreptitie
1792 854 1822 881 et
1851 849 1965 882 subre-

1214 902 1303 946 ptitie
1332 903 1482 935 mandata
1496 929 1503 943 ,
1529 902 1660 935 cedulas
1680 908 1709 935 et
1730 901 1868 935 diversas
1887 902 1965 936 alias

1214 955 1334 995 literas,
1357 955 1451 988 etiam
1470 960 1560 988 motu
1581 955 1726 999 proprio,
1748 955 1964 989 indebitarum

1214 1008 1411 1042 solutionum
1428 1009 1698 1049 confirmatorias,
1727 1009 1965 1044 revalidatorias

1214 1067 1245 1095 et
1264 1062 1501 1106 praeceptorias
1518 1062 1717 1095 obtinuerint
1736 1067 1767 1095 et
1786 1063 1962 1104 obtineant,

1215 1121 1311 1159 prout
1335 1116 1429 1149 etiam
1456 1116 1563 1149 forsan
1579 1115 1711 1157 anobis,
1732 1116 1862 1149 diversis
1882 1122 1964 1150 tem-

1215 1169 1364 1213 poribus,
1392 1170 1579 1215 subreptitie
1599 1175 1706 1203 tamen
1727 1175 1758 1203 et
1776 1170 1964 1204 fraudulen-

1214 1228 1262 1255 ter
1281 1222 1502 1257 obtinuerunt.
1539 1223 1711 1267 Multique,
1747 1223 1806 1256 sub
1835 1223 1966 1258 diversis

1215 1276 1396 1317 coloribus,
1424 1283 1455 1310 et
1479 1277 1624 1310 confictis
1644 1277 1884 1321 exemptionum
1901 1278 1966 1323 pri-

1214 1329 1345 1373 vilegiis,
1368 1341 1386 1363 a
1405 1330 1499 1363 nobis
1519 1335 1549 1364 et
1564 1330 1695 1364 diversis
1714 1331 1867 1365 Romanis
1886 1333 1966 1365 Pon-

1215 1383 1354 1417 tificibus
1375 1383 1531 1424 obtentis,
1562 1384 1601 1417 ab
1630 1384 1746 1417 annuis
1766 1385 1916 1419 censibus
1936 1392 1966 1419 et

1215 1436 1487 1480 impositionibus,
1514 1437 1609 1470 etiam
1628 1438 1759 1472 subsidii
1784 1439 1963 1479 triennalis,

1214 1501 1341 1523 necnon
1361 1489 1508 1531 iuribus,
1544 1491 1639 1524 etiam
1669 1492 1963 1536 quindenniorum‚

1214 1544 1366 1577 Gamerae
1386 1544 1569 1588 praedictae
1589 1545 1715 1586 debitis,
1738 1556 1771 1579 se
1804 1546 1965 1580 subditos-

1214 1608 1277 1640 que
1298 1608 1372 1630 suos
1397 1598 1435 1631 de
1452 1598 1534 1631 facto
1556 1598 1748 1640 eximentes,
1770 1599 1810 1633 ab
1834 1599 1965 1634 illorum

1215 1650 1320 1684 debita
1353 1651 1512 1684 solutione
1546 1657 1576 1685 et
1605 1652 1696 1686 solita
1729 1653 1966 1688 contributione

1215 1703 1429 1738 subtraxerint
1449 1710 1479 1737 et
1499 1705 1700 1747 subtrahant,
1723 1708 1888 1752 multaque
1912 1718 1965 1741 ca-

1214 1764 1290 1799 stra,
1319 1758 1449 1803 oppida,
1480 1759 1651 1800 territoria,
1686 1760 1786 1802 villas,
1818 1772 1963 1802 nemora,

1214 1812 1359 1857 paludes,
1382 1817 1518 1853 montes,
1540 1813 1625 1846 bona
1649 1819 1679 1847 et
1699 1814 1781 1855 iura,
1805 1815 1901 1848 etiam
1917 1826 1964 1849 re-

1213 1866 1296 1909 galia
1323 1872 1431 1900 nostra
1460 1873 1491 1900 et
1518 1868 1804 1912 praedecessorum
1837 1874 1963 1903 nostro-

1214 1932 1299 1961 rum,
1321 1932 1358 1954 ac
1372 1921 1410 1953 ad
1426 1926 1572 1955 nostrum
1590 1928 1620 1955 et
1640 1934 1754 1956 eorum
1775 1935 1963 1968 supremum

1213 1975 1392 2009 dominium
1427 1975 1489 2009 sive
1519 1976 1558 2009 ad
1591 1977 1679 2010 illius
1709 1977 1963 2022 recognitionem

1213 2031 1389 2076 spectantia
1409 2037 1439 2064 ct
1455 2031 1658 2075 pertinentia,
1681 2032 1770 2066 nulla
1790 2033 1901 2066 saltem
1917 2033 1963 2066 le-

1212 2086 1321 2130 gitima
1344 2087 1556 2130 praecedente
1581 2097 1689 2127 causa,
1718 2098 1736 2120 a
1760 2088 1964 2131 quampluri-

1213 2140 1273 2173 mis
1293 2139 1590 2181 communitatibus,
1611 2140 1884 2182 universitatibus,
1906 2141 1963 2174 du-

1212 2194 1316 2233 cibus,
1339 2190 1595 2235 marchionibus,
1618 2194 1865 2228 comitibusaut
1888 2205 1962 2239 par-

1212 2248 1401 2281 ticularibus
1429 2248 1574 2292 personis
1607 2248 1646 2281 de
1679 2248 1761 2282 facto
1787 2259 1963 2293 occupave-

1211 2302 1274 2336 rint
1294 2307 1324 2335 et
1349 2302 1554 2344 detinuerint,
1586 2314 1623 2336 ac
1649 2302 1681 2335 in
1705 2303 1961 2348 praesentiarum

1211 2357 1374 2390 detineant
1393 2363 1420 2390 ct
1443 2362 1604 2402 occupent
1629 2358 1662 2390 in
1687 2356 1861 2390 maximum
1888 2369 1960 2391 san-

1211 2417 1278 2445 ctae
1312 2411 1474 2445 Romanae
1503 2411 1664 2445 Ecclesiae
1692 2416 1724 2444 et
1743 2410 1886 2444 eiusdem
1906 2411 1962 2445 Ca-

1211 2472 1317 2494 merae
1338 2461 1493 2494 damnum
1514 2466 1545 2494 et
1564 2459 1799 2505 praeiudicium
1822 2471 1859 2493 ac
1879 2461 1960 2495 sacri

1210 2510 1375 2555 apostolici
1393 2510 1578 2555 patrimonii
1598 2516 1627 2544 et
1646 2509 1760 2542 aerarii
1777 2509 1962 2545 diminutio-

1210 2571 1295 2600 nem,
1314 2561 1401 2603 quod
1417 2571 1502 2601 cum,
1519 2560 1559 2593 ob
1576 2559 1733 2603 praefatas
1748 2559 1961 2603 pecuniarum

1210 2609 1414 2654 profusiones
1450 2615 1480 2643 et
1518 2609 1678 2642 bonorum
1711 2618 1747 2641 ac
1780 2613 1959 2642 castrorum

1212 2658 1474 2704 supradictorum
1518 2657 1675 2692 indebitas
1712 2657 1959 2703 occupationes,

1979 256 2028 284 An.
2046 257 2076 284 C.
2094 258 2158 286 ¹551
