2237 3100
207 299 257 325 An.
279 299 306 326 C.
322 300 391 328 1566

222 2422 351 2444 Prooemiuni.

449 291 513 326 472

405 355 465 387 lica
498 356 543 388 vel
579 356 688 400 quavis
717 356 866 388 firmitate
900 356 960 389 alia
995 356 1152 389 roboratis

403 409 527 441 statutis
566 415 596 441 et
628 408 914 441 consuetudinibus
932 436 938 449 ,
983 409 1154 452 privilegiis

402 473 545 505 quoque,
568 462 698 495 indultis
723 467 752 494 et.
773 462 871 494 literis
891 463 1075 506 apostolicis
1091 463 1153 497 illis

403 521 433 548 ct.
452 527 565 549 eorum
587 515 731 558 singulis,
754 515 813 548 sul)
834 516 1094 561 quibuscumque
1107 523 1152 551 te-

403 569 535 602 iioribus
551 575 578 602 et
595 569 715 609 formis,
736 580 773 602 ac
785 580 857 602 cum
874 570 1046 613 quibusvis,
1057 571 1151 604 etiam

401 623 677 666 derogatoriarum
699 623 917 666 iterisigaioriis,
944 623 1079 668 aliisque
1107 626 1152 658 es-

403 676 614 716 ticaciorihus,
627 677 855 710 efficacissimis
870 677 1052 712 acinsolitis
1067 680 1152 713 clau-

402 730 490 770 sulis,
513 730 775 774 irritantihusque
809 737 840 764 et
859 732 929 765 aliis
958 733 1094 767 decretis
1120 734 1151 766 in

401 794 516 826 genere
530 789 560 816 et
579 784 698 827 specie,
712 785 806 817 etiam
829 791 918 818 motu
939 786 1046 827 simili,
1065 793 1095 820 et.
1115 800 1151 821 ex

401 844 488 870 certa
522 838 666 879 scientia,
693 839 788 871 etiam
810 839 1086 882 consistorialiter,
1121 848 1149 875 ct

399 891 478 923 alias
497 892 751 934 quomodolibet⁷
775 892 868 926 etiam
891 893 1010 927 iteratis
1030 895 1151 929 vicibus

400 944 430 976 in
452 945 650 978 contrarium
667 946 839 987 concessis,
858 948 1043 991 approbatis
1063 950 1149 982 etin-

400 998 532 1039 novatis‚
554 999 672 1043 quibus
696 1000 858 1042 omnibus,
877 1001 1007 1035 illorum
1025 1008 1150 1037 tenores

399 1053 620 1096 praesentibus
640 1064 697 1096 pro
713 1054 911 1088 sufficienter
930 1057 1151 1099 expressislia-

399 1107 519 1145 1100105,
540 1107 603 1140 11115
627 1108 704 1141 alias
729 1108 760 1141 in
781 1120 840 1142 suo
866 1110 981 1143 robore
1003 1122 1149 1153 perman-

398 1160 563 1200 suris,liac
579 1160 645 1194 vice
661 1161 835 1202 dumtaxat,
850 1163 1030 1206 specialiter
1050 1170 1080 1197 et.
1100 1176 1152 1197 ex-

398 1225 505 1258 presse
526 1215 730 1258 derogamus,
749 1217 917 1250 contrariis
937 1218 1148 1261 quibuscum-

397 1279 476 1311 que;
513 1274 567 1301 aut
594 1269 619 1301 si
650 1270 833 1313 aliquibus,
863 1272 1078 1305 communiter
1102 1274 1148 1306 vel

397 1321 534 1361 divisim,
557 1322 596 1355 ab
613 1324 775 1356 eadeiiisit
791 1325 870 1357 Sede
892 1325 1050 1358 indultum
1063 1327 1149 1370 quod

398 1376 569 1415 interdici,
594 1378 746 1420 suspendi
791 1379 837 1411 101
875 1381 1148 1414 excommunicari

397 1430 604 1473 nonpossint
639 1442 695 1474 per
724 1432 831 1465 literas
860 1434 1052 1477 apostolicas
1084 1446 1148 1468 non

398 1483 548 1517 iacientes
581 1485 709 1527 plenam
744 1491 773 1518 et
806 1497 987 1529 expressam
1007 1515 1014 1527 ,
1040 1499 1077 1521 ac
1110 1489 1148 1521 de

396 1536 491 1569 verbo
517 1538 708 1571 adverbum
743 1539 781 1572 de
808 1539 932 1574 indulto
962 1541 1147 1576 huiusmodi

398 1591 607 1624 mentionem.

441 1645 553 1678 Datum
574 1645 694 1679 Romae
728 1648 813 1691 apud
844 1649 875 1681 S.
898 1649 1038 1682 Marcum
1060 1677 1066 1691 ,
1089 1651 1147 1683 51111

396 1699 516 1731 annulo
537 1699 706 1733 piscatoris
738 1701 788 1734 die
808 1712 879 1735 xxix
910 1703 977 1736 iulii
1002 1713 1119 1737 1111111111
1138 1732 1145 1745 ,

397 1752 603 1794 pontificatus
623 1755 721 1787 nostri
743 1765 828 1788 anno
850 1766 869 1788 1.

456 1805 516 1836 liat.
534 1807 580 1837 die
599 1807 636 1838 20
659 1808 722 1838 iulii
746 1809 829 1847 thoti,
847 1810 948 1849 pontis.
965 1821 1041 1842 atino
1061 1821 1078 1841 1.

395 2060 523 2093 Poenae
542 2065 656 2093 contra,
680 2067 876 2105 receptiones
893 2064 1083 2106 homicidas,
1102 2078 1147 2099 re-

440 2114 542 2154 belles,
564 2120 762 2157 {lrassalorcs
799 2117 940 2161 aliosque
961 2119 1056 2153 leuius
1075 2120 1145 2162 fetr-

439 2168 523 2209 suri‘s
544 2167 689 2202 homines
710 2169 735 2202 1.

492 2249 553 2277 Pius
573 2250 714 2286 episcopus
729 2258 823 2280 servus
838 2259 979 2282 servorum
990 2255 1044 2289 Dei,

542 2299 576 2327 ad
594 2301 754 2335 perpetuam
773 2300 814 2329 rei
831 2303 999 2332 memoriam.

441 2366 598 2400 indefessa
619 2368 786 2412 pastoralis
816 2375 941 2403 nostrae
976 2372 1146 2415 providen-

396 2420 457 2453 tiae
491 2421 673 2456 sollicitudo
708 2424 746 2456 ad
773 2435 809 2457 ea
841 2425 1043 2468 potissimum
1074 2427 1146 2461 dili-

396 2478 507 2516 genter
527 2475 661 2508 intendit
682 2488 740 2520 per
759 2488 842 2521 quae
861 2489 972 2512 omnes
997 2480 1147 2513 christifi-

397 2527 493 2567 deles,
514 2530 702 2571 praesertim
723 2530 840 2564 subditi
875 2537 905 2565 01
924 2531 956 2565 S.
983 2533 1019 2566 R.
1043 2534 1076 2566 E.
1096 2535 1148 2567 de-

397 2581 458 2613 voti
480 2586 510 2614 et
530 2583 709 2625 peculiares
729 2584 786 2617 filii
804 2612 811 2625 ‚
832 2586 940 2628 quiete
960 2593 987 2620 et
1015 2588 1148 2631 pacifice

396 2634 498 2668 vivere
532 2635 678 2676 valeant,
700 2638 784 2670 unde
818 2649 876 2672 nos
896 2639 927 2673 in
952 2640 1001 2673 liis
1020 2646 1147 2675 nostrae

434 2702 444 2727 ¹
463 2700 502 2728 Ex
522 2701 636 2730 editione
657 2704 727 2739 typis
746 2705 829 2732 Binda,

1000 302 1177 327 BULLARIUM
1201 302 1351 328 ROMANUM

1960 307 2009 334 An.
2027 307 2055 334 C.
2073 306 2141 335 1566

1197 356 1385 399 provisionis
1396 357 1574 390 remedium
1590 358 1726 392 libenter
1740 360 1942 401 adhibemus,

1196 420 1233 441 ac
1257 420 1377 452 poenas
1397 410 1576 451 adiieinius,
1600 416 1634 443 ut
1654 412 1678 444 si
1698 423 1761 445 non
1784 414 1870 457 pacis
1890 426 1944 447 cu-

1196 462 1314 505 pidine,
1339 464 1449 496 saltem
1461 463 1630 497 sorinidinc
1646 476 1779 508 poenae,
1797 469 1943 501 mandata

1195 516 1383 559 apostolica,
1405 517 1444 549 ad
1473 517 1615 561 ipsorum
1655 519 1857 554 subditorum
1885 533 1943 556 no-

1195 575 1336 603 strorum
1376 571 1639 615 tranquillitatem
1671 574 1858 615 spectantia,
1889 577 1943 609 de-

1195 623 1259 656 11110
1280 629 1468 664 serventur,
1489 630 1519 657 et
1537 625 1615 659 alias
1635 626 1773 670 desuper
1800 627 1943 671 disponi-

1195 688 1267 709 mus
1284 704 1291 718 ,
1316 684 1410 721 prout
1430 678 1462 712 in
1495 679 1629 712 Domino
1659 680 1875 724 conspicimus
1895 694 1943 715 sa-

1195 731 1331 764 lubriter
1355 732 1518 775 expedire.

1239 785 1253 828 ᾖ
1273 785 1305 818 i.
1328 785 1405 819 Cum
1428 787 1534 830 itaque
1559 787 1654 830 (sicut
1683 798 1747 821 non
1767 789 1834 822 sine
1858 791 1943 833 gravi
1981 801 2083 837 *nummum
2107 803 2143 822 iw-

1193 839 1293 872 animi
1313 839 1413 872 nostri
1435 841 1580 874 molestia
1610 852 1715 885 nuper
1747 843 1944 888 accepimus)
1959 833 2153 891 2112ᾙῖεᾷ

1194 893 1334 926 diversae
1368 894 1474 927 Status
1512 895 1726 929 Ecclesiastici
1760 901 1790 929 et
1810 897 1944 931 dominii
1959 902 1998 923 ’ΨΘ
2022 896 2126 917 ¹³¹⁷⁶b³¹¹¹·

1193 947 1292 979 nostri
1327 948 1511 991 temporalis
1550 959 1729 992 personae,
1755 951 1944 994 posthabitis

1193 1006 1221 1033 et
1243 1001 1394 1043 neglectis
1415 1002 1698 1036 constitutionibus
1718 1008 1749 1036 et
1772 1005 1940 1046 mandatis,

1193 1059 1254 1086 tam
1277 1065 1294 1086 a
1328 1055 1419 1088 nobis
1448 1066 1544 1098 quam
1570 1055 1663 1089 etiam
1693 1056 1763 1090 aliis
1792 1058 1943 1092 Romanis

1192 1107 1400 1141 Pontificibus
1412 1109 1713 1152 praedecessoribus
1727 1111 1843 1144 nostris
1858 1123 1943 1145 eina-

1192 1162 1285 1199 natis,
1308 1162 1486 1196 homicidas
1503 1190 1510 1203 ,
1533 1164 1687 1204 rebelles,
1715 1165 1854 1199 latrones
1878 1164 1941 1210 'pu-

1192 1216 1302 1255 blieos,
1324 1222 1520 1260 grassatores
1539 1217 1676 1259 viarum,
1699 1219 1783 1252 acin
1804 1229 1941 1263 poenam

1193 1269 1305 1313 capitis
1325 1270 1473 1303 baiiiiitos
1492 1297 1499 1311 ,
1521 1276 1551 1304 01
1569 1271 1647 1305 alios
1668 1272 1865 1306 facinorosos
1884 1274 1942 1307 lio-

1192 1323 1293 1356 niines
1315 1324 1346 1356 in
1367 1324 1432 1357 suis
1452 1324 1531 1358 locis
1552 1331 1719 1369 receptare
1744 1337 1792 1359 ac*
1809 1332 1919 1361 tenere
1935 1354 1943 1365 ,

1192 1376 1300 1420 01511110
1322 1377 1533 1411 diversimode
1554 1378 1657 1412 favere
1677 1406 1683 1419 ‚
1707 1380 1944 1424 consiliumque

1191 1436 1221 1464 et
1240 1430 1393 1464 auxilium
1423 1437 1586 1475 praestare
1620 1443 1684 1466 non
1712 1433 1943 1475 reformident,

1191 1484 1222 1517 iii
1243 1495 1306 1518 non
1328 1485 1491 1519 modicum
1507 1487 1759 1530 apostolicorum
1777 1488 1943 1522 mandato-

1190 1550 1262 1571 rum
1285 1544 1519 1583 contemptum,
1543 1540 1783 1586 plurimamque
1811 1553 1943 1576 eorum-

1190 1592 1262 1626 dem
1275 1593 1478 1626 subditorum
1491 1600 1558 1628 nost
1566 1605 1676 1628 rorum
1684 1596 1943 1639 pertubationem

1190 1652 1221 1679 et
1239 1646 1463 1681 offensionem.

1233 1700 1247 1742 ,ξ
1268 1700 1298 1732 ⁹2.
1322 1700 1384 1733 Nos
1404 1701 1513 1744 igitur,
1535 1702 1574 1735 ad
1595 1713 1687 1746 quos,
1706 1714 1764 1747 pro
1780 1704 1944 1738 universa·
1983 1713 2022 1741 Qui
2039 1714 2091 1734 haef
2114 1715 2140 1734 de

1190 1753 1228 1786 lis
1239 1759 1366 1787 nostrae
1386 1755 1672 1789 administrationis
1684 1767 1830 1798 munere,
1852 1769 1943 1801 prae-
1957 1748 2031 1801 ffiffirs'
2065 1749 2141 1803 Ρῐζῗζῗξ

1190 1808 1284 1852 cipue
1323 1809 1459 1851 pertinet
1500 1810 1799 1844 inconvenientibus
1828 1811 1941 1846 liuius·
1957 1808 2140 1830 ⁰⁰¹¹s¹S⁰³‘³⁰¹¹·'’⁰‘

1956 1846 2037 1864 uurum,
2053 1839 2139 1860 demoli-

1190 1862 1276 1895 modi
1311 1867 1341 1895 et
1361 1862 1519 1896 scandalis
1533 1890 1540 1904 ,
1563 1874 1646 1907 quae
1666 1864 1779 1898 exinde
1799 1865 1944 1909 quotidie
1959 1871 2140 1892 ¹i⁰ui⁵d⁰m⁰r¹¹m

1314 1915 1319 1921 .
1511 1917 1516 1922 .
1572 1918 1576 1922 .
1597 1917 1602 1922 .
1686 1918 1691 1923 .
1958 1903 2139 1929 011101110ῑυί0ιί-

1190 1921 1407 1959 proveniunt,
1430 1927 1517 1949 omni
1548 1917 1714 1960 diligentia
1747 1924 1856 1953 nostra
1887 1920 2037 1954 Ob-liicuni
2058 1933 2141 1954 tamnus

1189 1970 1286 2011 viare,
1309 1970 1340 2003 in
1361 1971 1545 2015 praemissis
1563 1998 1570 2011 ,
1597 1977 1754 2015 quantum
1785 1984 1859 2007 cuin
1878 1965 2078 2007 1)001”““““““η

1189 2034 1374 2067 possumus,
1396 2029 1579 2068 opportune
1613 2031 1804 2071 matureque
1836 2028 1943 2072 provi·

1189 2077 1264 2110 dere
1284 2078 1436 2117 volentes,
1457 2084 1546 2111 motu
1568 2079 1700 2123 proprio
1717 2107 1724 2121 ‚
1745 2086 1776 2113 et
1796 2092 1832 2114 ex
1857 2087 1943 2115 certa

1189 2131 1322 2164 scientia
1343 2137 1532 2176 maturaque
1554 2133 1783 2168 dsiiberatione
1812 2141 1941 2177 nostra,

1189 2195 1226 2218 ac
1246 2185 1285 2218 de
1305 2186 1499 2229 apostolieae
1525 2187 1688 2231 potestatis
1715 2188 1915 2233 plenitudine
1932 2216 1940 2230 ,

1191 2244 1317 2282 praeter
1336 2240 1413 2273 alias
1427 2267 1434 2281 ,
1458 2246 1570 2274 contra
1590 2241 1662 2274 talia
1684 2246 1906 2286 perpetrantes
1924 2254 1943 2277 a

1190 2293 1281 2326 nobis
1308 2293 1371 2326 iani
1396 2294 1495 2327 saetas
1515 2295 1760 2330 constitutiones
1777 2323 1784 2338 ‚
1806 2296 1868 2330 hac
1886 2307 1943 2331 no-

1190 2352 1251 2379 stra
1274 2352 1430 2391 perpetuo
1449 2348 1585 2382 valitura
1618 2350 1782 2383 sanctione
1812 2355 1842 2384 et
1866 2361 1940 2384 con-

1189 2400 1352 2434 stitutione
1372 2402 1552 2443 statuimus,
1566 2403 1763 2444 ordinamus,
1782 2404 1940 2445 volumus,

1189 2454 1395 2488 decernimus
1415 2461 1444 2488 et
1463 2456 1665 2490 declaramus
1684 2457 1770 2501 quod
1795 2456 1941 2501 quicum-

1190 2514 1253 2547 que
1274 2504 1391 2537 suhditi
1412 2505 1513 2538 nostri
1533 2512 1564 2539 et
1592 2506 1692 2550 ipsius
1711 2506 1874 2540 Romanae
1884 2507 1940 2541 Ee-

1190 2553 1316 2594 elesiae,
1337 2554 1477 2588 cuiusvis
1496 2560 1595 2588 status
1612 2581 1619 2595 ,
1637 2555 1755 2598 gradus
1773 2582 1781 2595 ‚
1804 2556 1938 2597 ordinis,

1191 2603 1382 2636 conditionis
1397 2630 1404 2643 ‚
1427 2603 1600 2637 nobilitatis
1626 2609 1657 2638 et
1680 2605 1940 2648 praeeminentiae

1190 2651 1371 2692 existentes,
1403 2652 1525 2686 etiamsi
1547 2653 1695 2694 barones,
1724 2653 1887 2687 domicelli
1910 2660 1939 2689 et

1190 2700 1358 2735 feudatarii
1366 2698 1466 2736 nostri
1474 2701 1605 2744 suerint,
1615 2701 1739 2746 aliquos
1749 2703 1939 2746 homicidas,
