2237 3100
19 305 68 331 Au.
86 304 113 330 C.
133 304 200 335 1567

42 1172 145 1194 ctausutae
161 1173 199 1192 de-

15 1205 144 1230 rogatoriam.

1648 284 1677 300 Γ..

897 302 964 329 mus
982 301 1001 324 v
1021 300 1067 323 rr.
1647 282 1708 316 037

218 359 369 393 fratribus
389 361 505 393 nostris
527 360 728 404 patriarchis,
761 359 963 404 primatibus,

218 413 470 458 archiepiscopis
495 419 524 447 et
544 413 724 457 episcopis,
755 418 913 457 quatenus
934 413 964 445 in

219 466 397 499 civitatibus
416 472 446 499 ct
465 466 666 499 dioecesibus
689 466 754 499 suis
785 470 966 510 praesentes

218 524 342 552 nostras
360 519 466 553 literas
486 519 653 564 publicare
674 525 700 552 ct
723 520 890 552 observare
910 519 965 551 de-

218 573 333 613 beant;
373 579 584 617 rogantesque
618 584 729 606 omues
762 579 792 606 et
824 572 966 615 singulos

219 627 380 671 principes
401 628 582 660 saeculares
602 632 628 659 et
652 626 731 659 alios
764 626 911 659 dominos
937 630 967 658 et

219 680 421 723 magistratus
433 681 638 724 temporales,
655 680 764 722 cisque
780 690 836 722 per
847 680 966 711 viscera

217 733 455 767 misericordiae
479 734 606 767 Domim
626 734 726 766 nostri
748 734 815 767 Iesu
836 733 963 772 Christi,

217 787 248 820 in
272 787 495 821 remissionem
522 792 728 830 peecatorum
751 784 897 825 suorum,
921 787 967 818 iu-

216 841 383 884 iungentes·
402 846 560 885 quatenus
589 841 621 873 in
642 840 824 884 praemissis
848 839 965 873 eisdem

217 895 418 939 patriarchis,
440 895 648 939 primatibus,
670 894 921 938 archiepiscopis
937 899 964 927 et

215 949 375 993 episcopis
403 949 558 987 assistam,
589 954 620 982 et
646 959 740 981 suum
761 947 916 980 auxilium
937 953 967 980 et

215 1004 353 1036 savorem
389 1008 562 1047 praestent,
591 1014 665 1037 cum
693 1003 812 1036 auxilio
842 1002 964 1035 brachii

215 1057 400 1091 saecularis.

259 1112 274 1153 ᾗ
293 1112 323 1144 6.
346 1111 415 1144 Νο11
431 1111 631 1144 obstantibus
648 1111 830 1154 praemissis
846 1121 880 1143 at·
897 1110 968 1153 qui-

216 1165 322 1199 busvis
341 1165 539 1209 apostolicis,
562 1175 688 1197 necnon
709 1164 741 1196 iu
763 1164 966 1207 provinciali-

215 1220 276 1251 bus
296 1223 327 1251 et
347 1218 553 1262 synodalibus
574 1217 720 1251 conciliis
741 1217 846 1255 editis,
868 1228 965 1259 geue-

218 1273 338 1306 ralibus
364 1273 410 1305 vet
436 1272 648 1316 specialilius,
683 1272 988 1305 constitutionibus:

217 1332 248 1360 et
266 1326 535 1362 ordinationibus;
557 1336 682 1359 necnon
704 1325 842 1358 fabricae
864 1326 966 1358 ecele-

217 1381 291 1419 siae,
318 1380 539 1424 hospitalium,
571 1379 854 1415 monasteriorum,
882 1379 966 1411 111111-

218 1434 346 1474 tiarum,
365 1433 676 1471 confraternitatum,
695 1432 863 1469 Ordinum,
882 1434 966 1476 eapi-

218 1488 372 1528 tulorum,
404 1492 633 1527 conventuum,
661 1486 797 1519 aliorum
820 1487 965 1520 locorum

218 1541 456 1586 praedictorum
477 1546 507 1574 et
518 1541 705 1584 quorumvis
716 1541 846 1574 illorum
865 1552 966 1574 mem—

216 1595 595 1636 brorum,ecclesiarum,
618 1595 712 1628 etiam
734 1595 966 1628 cathedralium

218 1656 248 1682 et
275 1649 616 1694 metropolitanarum,
650 1649 745 1682 ctiam
772 1649 965 1689 iuramento,

218 1703 462 1737 confirmatione
477 1703 653 1747 apostolica
673 1704 719 1736 vel
736 1703 846 1747 quavis
866 1703 967 1736 tirmi-

218 1763 279 1791 tate
300 1758 362 1791 alia
381 1757 550 1797 roboratis,
573 1756 696 1790 statutis
715 1762 746 1789 et
761 1757 968 1790 eonsuetudi-

218 1812 324 1853 nibus,
357 1811 592 1852 stabilissimus,
627 1811 739 1844 usibus
772 1817 798 1843 et
831 1812 966 1851 naturis,

220 1865 393 1912 privilegiis
407 1875 549 1909 quoque,
571 1865 704 1898 indultis
724 1871 752 1897 et
774 1865 876 1897 literis
891 1876 969 1908 apo-

220 1920 352 1960 stolicis,
370 1919 433 1952 illis
453 1924 484 1951 et
502 1918 690 1962 praesertim
717 1918 823 1951 Sancti
844 1919 971 1951 loannis
990 1927 992 1931 ⁴

221 1979 251 2007 et.
270 1973 375 2006 Sancti
398 1972 504 2005 Lazari
525 1983 561 2004 ac
582 1972 689 2005 Sancti
711 1972 849 2015 Spiritus
870 1972 902 2004 iu
918 1972 972 2005 Sa-

222 2027 269 2060 xia
281 2026 505 2071 hospitalibus,
522 2036 648 2059 necnon
665 2025 771 2058 Sancti
787 2025 915 2058 Antonii
933 2026 971 2057 de

222 2082 338 2116 Sancto
367 2080 505 2113 Antonio
530 2085 561 2113 et
580 2079 771 2113 Sanctorum
800 2079 921 2111 Nicolai
943 2085 970 2111 01

222 2133 375 2168 Bernardi
405 2133 518 2166 Montis
537 2133 612 2166 Iovii
634 2132 854 2171 monasteriis,
887 2133 972 2176 ipso-

224 2200 361 2233 rumque
382 2188 651 2221 monasteriorum
668 2186 893 2231 hospitalibus,
911 2187 973 2219 sin-

223 2245 440 2287 gulorumque
460 2252 573 2275 eorum
595 2241 815 2281 conventibus,
831 2242 974 2284 superio-

224 2298 314 2331 ribus
335 2301 365 2330 et
384 2295 530 2340 personis
545 2295 707 2339 praefatis,
722 2305 779 2338 per
798 2305 973 2338 quoscum-

224 2363 287 2395 que
315 2351 478 2384 Romanos
507 2349 678 2383 Pontifices
713 2349 976 2392 praedecessores

225 2416 262 2438 ac
274 2415 332 2438 nos
347 2409 377 2438 et
392 2404 507 2437 Sedem
522 2403 749 2447 Apostolicam,
767 2403 825 2435 sub
841 2402 976 2445 quibus-

227 2469 367 2502 cumque
386 2457 554 2491 tenoribus
574 2461 604 2489 et
623 2455 747 2496 formis,
761 2466 797 2488 ac
818 2467 891 2488 cum
904 2456 976 2499 qui-

227 2507 344 2548 busvis,
361 2507 457 2540 etiam
474 2505 753 2549 derogatoriaruni
767 2505 978 2547 derogatoriis

228 2557 363 2601 aliisque
384 2555 619 2589 efficacioribus
644 2559 671 2587 et
694 2553 829 2586 insolitis
849 2554 978 2587 clausu—

229 2607 279 2647 lis,
301 2616 427 2640 necnon
448 2604 650 2638 irritantibus
675 2610 701 2637 et
733 2604 803 2636 aliis
828 2603 977 2644 dec-retis,

229 2657 325 2690 etiam
344 2662 449 2688 'motu
478 2654 574 2688 simili
595 2660 626 2687 et
652 2665 688 2687 ex
713 2659 798 2687 certa
833 2653 977 2694 scientia,

229 2716 265 2738 ac
285 2705 407 2749 quavis,
429 2704 525 2738 etiam
546 2703 704 2747 imperiali
716 2703 763 2736 vel
780 2702 879 2746 regali
901 2712 979 2735 con-

307 2758 383 2790 Bull.
403 2757 481 2788 Rom.
503 2757 558 2788 Vol.
580 2756 637 2790 VII.
817 2755 855 2786 68

1008 353 1198 386 sideratioue
1230 352 1276 383 vel
1312 349 1470 388 instantia,
1503 354 1528 380 et
1565 347 1642 380 alias·
1671 358 1751 390 quo-

1009 403 1183 435 modolibet.
1204 400 1379 439 concessis,
1401 397 1585 442 approbatis
1614 404 1641 429 et
1664 397 1753 429 inno-

1008 452 1095 491 vatis,
1114 450 1232 493 quibus
1251 449 1411 485 omuibus,
1435 447 1527 480 etiam
1547 447 1584 485 si,
1608 457 1665 489 pro
1682 446 1752 477 illo-

1008 512 1079 533 rum
1097 498 1265 532 sufficienti
1276 497 1491 539 derogatione,
1508 496 1545 528 de
1557 495 1755 528 illiseorum-

1007 561 1069 593 que
1103 550 1175 581 totis
1204 548 1369 581 tenoribus
1403 545 1560 590 specialis,
1591 545 1752 589 specifica,

1010 599 1169 630 individua
1203 604 1228 630 et
1267 607 1426 640 expressa,
1465 606 1529 628 nou
1563 601 1669 627 autem
1698 605 1754 638 per

1008 648 1167 680 clausulas
1214 647 1379 686 generalcs
1421 645 1504 677 idem
1545 645 1755 688 iml‘tortantes

1009 697 1128 729 111011110
1149 707 1203 729 scu
1224 695 1353 739 quaevis
1372 695 1433 727 alia
1454 693 1613 737 expressio
1634 693 1755 726 haben-

1009 746 1059 784 da,
1082 751 1136 778 aut
1156 746 1216 778 alia
1244 745 1399 787 exquisita
1428 746 1527 776 t'orma
1549 744 1586 775 ad
1606 744 1667 775 hoc
1688 754 1754 775 ser-

1009 795 1108 827 vanda
1128 795 1220 834 foret,
1244 801 1369 827 tenores
1394 792 1592 831 huiusmodi,
1614 803 1650 824 ac
1671 793 1694 824 si
1717 791 1755 824 de

1008 844 1104 877 verbo
1124 845 1162 877 ad
1179 844 1323 882 verbum,
1342 842 1704 885 1111111110111111501111550,
1727 847 1755 874 et

1010 894 1111 925 l'orma
1122 893 1228 926 inillis
1249 893 1363 925 tradita
1383 892 1559 931 observata,
1583 891 1692 924 inserti
1710 892 1754 924 so-

1009 949 1090 982 10111,
1110 942 1399 985 1)1’ῖ1(“50111111115ρι·0
1416 941 1610 973 susticieuter
1631 951 1755 984 expres-

1009 992 1050 1024 sis
1071 992 1236 1028 habentes,
1259 996 1365 1030 motu,
1388 990 1518 1023 scientia
1539 995 1566 1021 et
1593 990 1756 1033 potestatis

1010 1041 1209 1083 plenitudine
1226 1040 1385 1073 similibus
1396 1038 1577 1083 specialiter
1589 1044 1619 1071 et
1631 1050 1756 1083 expres-

1009 1100 1040 1122 se
1070 1090 1262 1133 derogamus
1290 1096 1318 1123 et
1340 1088 1534 1122 sullicienter
1568 1089 1754 1130 derogatum

1009 1150 1076 1172 esse
1106 1141 1266 1177 volumus,
1290 1139 1460 1172 contrariis
1480 1138 1752 1181 ‹ptibuscunique.

1008 1188 1067 1220 Aut
1090 1188 1114 1220 si
1135 1188 1309 1231 aliquibus,
1324 1188 1541 1221 communiter
1556 1188 1601 1219 vel
1618 1187 1755 1223 divisim,

1008 1237 1047 1269 ab
1068 1238 1249 1281 Apostolica
1266 1237 1301 1269 sit
1324 1237 1404 1270 Sede
1421 1237 1580 1269 indultum
1599 1237 1684 1279 quod
1708 1237 1755 1269 in-

1010 1287 1133 1326 terdici,
1157 1286 1308 1330 suspendi
1329 1287 1374 1319 vel
1396 1286 1670 1319 exrouuuunieari
1692 1297 1755 1318 11011

1009 1335 1131 1379 possint.
1150 1347 1208 1379 per
1226 1336 1335 1368 literas
1355 1335 1546 1379 apostolicas
1562 1346 1623 1367 non
1642 1335 1759 1368 sacien-

987 1422 988 1426 ,
1010 1390 1055 1417 tes
1076 1386 1202 1428 plenam
1220 1391 1247 1417 et
1280 1395 1461 1429 expressam
1484 1396 1519 1417 ae
1540 1384 1577 1416 de
1604 1385 1700 1417 verbo
1720 1386 1756 1417 ad

1010 1435 1141 1467 verbum
1158 1435 1196 1467 de
1214 1435 1337 1467 indulto
1350 1434 1534 1466 huiusmodi
1549 1434 1755 1466 mentionem.

1054 1485 1118 1527 W.
1150 1486 1303 1518 Volumus
1330 1491 1436 1517 autem
1462 1484 1547 1527 quod
1576 1490 1759 1527 praesentes

1010 1535 1119 1568 literae
1140 1535 1171 1567 111
1191 1534 1387 1568 Cancellaria
1403 1539 1510 1566 nostra
1524 1533 1760 1577 Apostolicasst

1010 1585 1077 1617 acie
1098 1584 1208 1628 Campi
1228 1585 1339 1617 Florae
1368 1584 1406 1617 de
1435 1594 1524 1616 more
1554 1582 1760 1626 publicentur

1010 1640 1035 1667 et
1060 1634 1142 1667 iuter
1162 1633 1405 1679 constitutiones
1428 1638 1586 1677 perpetuo
1611 1632 1760 1666 valituras

1011 1683 1245 1716 describantur.

1055 1735 1068 1773 ,ξ
1089 1732 1119 1766 8.
1144 1733 1178 1765 Et
1196 1733 1271 1777 quia
1292 1732 1421 1765 difficile
1438 1732 1519 1765 soret
1534 1732 1659 1764 easdem
1677 1742 1759 1774 pra·-

1011 1788 1115 1815 sentes
1139 1782 1178 1814 ad
1205 1782 1329 1825 singula
1353 1792 1500 1825 quaeque
1526 1781 1596 1814 loca
1625 1780 1759 1818 deferri,

1011 1833 1159 1865 volumus
1184 1838 1210 1865 et
1241 1832 1335 1865 etiam
1362 1831 1564 1864 declaramus
1593 1830 1677 1873 quod
1709 1841 1760 1863 ea-

1013 1893 1084 1915 rum
1106 1881 1315 1924 transumptis
1339 1885 1396 1913 ele.

1056 1932 1141 1965 Nulli
1162 1942 1237 1974 ergo
1258 1929 1390 1963 omnino
1411 1934 1468 1962 etc.

1056 1982 1168 2014 Datum
1190 1981 1308 2013 Romae
1330 1979 1414 2023 apud
1436 1981 1586 2012 Sanctum
1619 1978 1760 2017 Petrum,

1013 2041 1097 2063 anuo
1131 2029 1363 2063 lncarnationis
1401 2028 1581 2061 dominicae
1615 2038 1761 2067 MDLWH,

1015 2087 1100 2115 sexto
1127 2080 1198 2118 idus
1227 2078 1396 2115 februarii,
1432 2078 1638 2122 pontificatus
1664 2078 1762 2111 nostri

1015 2141 1099 2164 anno
1120 2140 1153 2162 11.

1045 2180 1105 2209 Dat.
1122 2179 1167 2209 die
1187 2179 1204 2209 8
1223 2178 1364 2208 februarii
1384 2177 1470 2212 15137,
1489 2176 1593 2214 pontis.
1613 2186 1688 2206 auno
1704 2185 1733 2206 u.

1346 2298 1445 2331 XLVI.

1019 2362 1231 2405 Confirmatio
1272 2362 1455 2405 mariarum
1496 2364 1524 2392 et
1565 2350 1765 2392 ‘indultorum

1062 2416 1318 2459 cmzfqreqationis
1345 2415 1540 2448 Clericornm
1560 2413 1764 2456 Reqularimn

1065 2471 1310 2508 Tlteolinorum,
1331 2480 1402 2502 cum
1421 2469 1562 2501 aliorum
1579 2468 1765 2511 privilessio—

1062 2535 1136 2557 rum
1155 2524 1345 2567 claryitionv
1370 2523 1394 2554 1.

1058 2594 1067 2618 1
1093 2593 1128 2618 De
1154 2591 1233 2618 huius
1257 2590 1465 2625 congregationis
1491 2589 1653 2616 institutione
1668 2594 1691 2616 et
1713 2588 1770 2615 aliis

1020 2632 1077 2660 eius
1092 2633 1183 2667 grauis
1205 2631 1316 2658 videnda
1336 2635 1375 2658 est
1395 2634 1479 2658 const.
1503 2638 1519 2657 x
1541 2629 1683 2657 Clementis
1703 2629 1747 2655 vtt
1761 2650 1767 2661 ,

1021 2673 1133 2705 Expont,
1152 2676 1215 2699 tom.
1237 2679 1274 2703 vi,
1292 2680 1349 2708 pag.
1364 2672 1410 2704 75,·
1426 2675 1452 2698 et
1468 2670 1585 2698 eiusdem
1596 2673 1679 2697 const.
1693 2676 1769 2700 var.

1023 2716 1137 2746 Οιιιίιιυι,
1159 2721 1217 2748 pag.
1238 2714 1288 2740 160

1768 296 1815 322 An.
1832 296 1858 321 C.
1882 294 1946 322 1567

1798 1496 1865 1517 iussin
1890 1497 1958 1522 publi-

1774 1529 1842 1548 caudi.

1803 1741 1862 1762 Fides
1898 1744 1957 1761 trau-

1776 1776 1912 1799 sumptorum.
