2237 3100
81 297 130 323 An.
148 295 177 322 C.
197 294 264 322 ¹566

123 1641 147 1662 Ei
161 1642 190 1661 ita
204 1640 280 1660 iudica-

96 1674 114 1694 ri
128 1671 217 1692 mandat.

131 2238 241 2260 eleusinae
253 2239 288 2260 de-

107 2271 233 2297 regaturne.

961 291 1031 316 'PIUS
1050 293 1069 315 V
1087 292 1135 315 PP.

279 350 519 379 conservatores
540 345 686 378 libertate
701 345 827 385 donari,
850 351 878 378 et
895 345 1032 378 Romani

279 399 362 433 cives
394 398 553 442 liberique
586 399 734 432 homines
768 399 851 432 effici
890 400 1029 443 possint,

280 459 377 497 prout
410 453 478 497 ipse
511 453 630 485 Paulus
658 453 889 496 praedecessor
918 453 1034 486 reinte-

279 513 436 549 graverat,
472 506 726 549 reintegramus,
753 518 801 546 ac,
828 517 886 550 pro
917 501 1033 550 potiori

280 561 422 600 cautela,
446 561 485 594 de
505 571 587 594 novo
612 561 736 601 damus,
769 561 978 594 concedimus
1006 565 1036 593 et

279 615 419 657 gratiose
431 614 648 658 impartimur.
672 615 781 657 Itaque
802 615 963 658 mancipia
979 625 1035 647 seu

282 668 404 702 sclavos
423 669 548 709 eadem,
577 679 659 711 quae
679 669 718 701 ab
735 668 854 701 eisdem
875 667 906 700 in
928 674 1035 712 poste·
1079 690 1084 695 -

283 733 356 755 rum
376 723 615 759 liberabuntur,
644 733 702 765 pro
723 722 832 755 liberis
852 722 1037 755 hominibus

283 781 314 809 et
333 776 485 810 Romanis
501 776 623 809 civibus
638 776 669 808 in
691 776 841 809 omnibus
857 781 886 808 et
899 786 955 819 per
971 786 1037 808 oin-

283 830 336 862 nia
356 829 477 874 ubique
497 829 622 870 haberi,
644 830 747 862 teneri
768 835 798 862 et
817 829 960 873 reputari
982 829 1037 861 de-

284 884 373 923 bere;
396 883 507 916 dantes
527 889 555 916 et
579 884 793 917 concedentes
809 883 929 916 eisdem
951 892 1039 914 man-

285 937 392 980 cipiis,
419 937 464 970 sic
490 943 524 970 ut
545 937 727 980 praefertur
756 937 794 969 ab
819 936 940 969 eisdem
961 946 1038 969 con-

286 991 500 1024 servatoribus
517 990 678 1031 liberatis,
701 990 885 1023 facultatem
907 990 937 1021 in
955 989 1039 1022 iudi-

286 1043 343 1077 ciis
363 1050 477 1078 contra
495 1055 718 1088 quascumque
739 1054 893 1087 personas
922 1042 1038 1081 standi,

286 1097 512 1138 contrahendi,
529 1097 667 1131 testandi
679 1102 707 1130 et
720 1097 780 1130 alia
791 1096 939 1134 faciendi,
958 1107 1041 1139 quae

287 1151 385 1185 ceteri
407 1151 489 1184 cives
504 1151 651 1189 Romani,
667 1151 759 1183 liberi
772 1150 920 1184 homines
937 1150 1041 1183 facere

289 1211 526 1238 consueverunt
541 1210 571 1238 et
586 1204 720 1244 faciunt,
744 1209 774 1237 et
794 1215 830 1237 ea
847 1204 878 1237 in
891 1203 1043 1237 omnibus

290 1265 320 1292 et
340 1269 398 1302 per
418 1259 525 1292 omnia
546 1259 657 1291 haberi
681 1264 711 1291 et
727 1258 828 1290 libera
849 1268 916 1290 esse
933 1257 1042 1290 decer-

289 1312 411 1353 nimus,
421 1313 572 1345 volumus
583 1318 613 1345 et
628 1311 833 1351 mandamus
845 1322 880 1344 ac
893 1321 929 1343 ex
941 1321 1042 1349 nunc,

292 1371 388 1410 prout
408 1377 445 1399 ex
465 1371 542 1398 tunc
563 1371 593 1398 et
613 1377 629 1399 e
651 1370 775 1405 contra,
798 1365 886 1398 omni
907 1364 969 1397 iuri
991 1375 1046 1396 cu-

292 1420 437 1460 iuslibet,
460 1424 669 1459 statutorum,
710 1419 981 1452 consuetudinum
1017 1424 1045 1450 et

292 1473 431 1507 aliorum
451 1473 689 1506 contrariorum
714 1473 820 1516 rigore
842 1472 971 1516 penitus
996 1482 1046 1503 re-

294 1527 395 1568 iectis,
418 1527 606 1560 liberamus.

338 1581 353 1625 §
372 1580 404 1615 3.
431 1581 468 1614 Et
488 1581 532 1614 sic
557 1580 590 1613 in
610 1580 794 1625 praemissis
820 1579 971 1613 omnibus
992 1589 1050 1622 per

294 1645 532 1679 quoscumque,
553 1640 619 1667 tam
643 1634 824 1668 ordinarios
840 1643 936 1676 quam
961 1632 1048 1665 dele-

295 1695 403 1733 gatos,
443 1689 538 1722 etiam
584 1699 790 1732 quacumque
829 1686 1050 1719 iurisdictione

296 1744 477 1786 fungentes,
498 1742 621 1776 iudices
637 1747 666 1776 et
678 1752 842 1786 personas,
867 1740 990 1773 sublata
1007 1740 1052 1771 eis

297 1803 327 1831 et
347 1808 461 1830 eoium
482 1797 613 1830 cuilibet
632 1796 743 1840 quavis
763 1796 855 1828 alitei
874 1794 960 1827 1111111
964 1794 1049 1829 andi

297 1851 510 1885 sententiandi
534 1858 565 1884 et
594 1850 768 1884 definiendi
793 1850 956 1887 facultate
994 1859 1075 1892 po-

297 1910 409 1940 testate
421 1911 449 1939 et
471 1905 673 1938 auctoritate
696 1904 844 1943 iudicari,
866 1876 1076 1935 sententiani

299 1965 330 1993 et
362 1959 490 1992 definiri
524 1959 662 1997 debere;
698 1969 733 1991 ac
761 1956 916 2001 quicquid
948 1966 1040 1988 secus

300 2013 438 2047 scienter
465 2013 514 2045 vel
543 2013 743 2056 ignoranter
767 2016 880 2044 contra
899 2019 1054 2053 praesen-

300 2067 381 2100 tium
401 2072 548 2099 tenorem
555 2038 640 2098 Dfieri
661 2070 690 2098 et
705 2064 853 2097 attenta1i
874 2068 1019 2097 conticet
1022 2062 1055 2096 11

302 2121 430 2153 irritum
450 2126 480 2153 et
501 2119 595 2152 inane
616 2119 840 2152 decernentes.

347 2173 404 2217 §4
418 2173 487 2206 Non
499 2172 701 2206 obstantibus
711 2176 801 2204 motu
814 2169 946 2214 proprio
959 2175 989 2203 et
1002 2180 1057 2203 seu

303 2227 404 2269 literis
433 2227 541 2260 forsan
571 2226 710 2269 desuper
739 2235 798 2269 per
825 2224 907 2257 riam
937 2223 1058 2257 decreti

305 2281 351 2315 vel
373 2280 450 2314 alias
470 2291 529 2325 per
554 2280 676 2313 dictum
702 2279 838 2312 Paulum
867 2277 1058 2321 praedeces·

306 2346 425 2371 sorem,
443 2334 502 2368 sub
518 2335 628 2368 datum
649 2333 768 2366 Romae
799 2331 884 2376 apud
905 2331 1059 2365 Sanctum

306 2389 450 2429 Petrum,
463 2398 482 2421 v
497 2388 569 2421 idus
584 2386 776 2423 novembris,
798 2396 882 2418 anno
895 2384 1061 2427 pontifica-

307 2448 360 2476 tus
374 2443 423 2476 sui
439 2441 695 2485 quintodecimo,
714 2439 973 2483 supradictarum
992 2449 1062 2471 sua—

308 2502 381 2524 rum
401 2491 568 2524 literarum
586 2490 617 2522 in
632 2490 733 2522 forma
754 2488 870 2525 brevis,
894 2487 1062 2520 0113111101*-

310 2555 365 2578 san
386 2545 425 2578 ad
450 2544 634 2577 instantiam
669 2543 743 2575 dicti
784 2542 895 2586 populi
926 2541 1061 2574 Romani

311 2594 459 2634 decretis,
483 2592 705 2637 derogatoriis,
738 2602 773 2624 ac
799 2591 964 2633 quibusvis
985 2600 1062 2623 con-

313 2643 530 2677 stitutionibus
546 2649 573 2675 et
592 2640 847 2675 ordinationibus
869 2639 1063 2683 apostolicis

313 2703 439 2726 necnon
473 2692 574 2725 dictae
595 2691 700 2730 Urbis,
739 2690 835 2722 etiam
870 2689 1063 2727 iuramento,

1715 279 1780 313 483

1074 342 1318 378 confirmatione
1353 343 1528 387 apostolica
1559 343 1605 375 vel
1638 343 1749 386 quavis
1769 343 1825 376 sir-

1075 395 1183 427 mitate
1203 394 1264 427 alia
1285 393 1455 433 roboratis,
1483 393 1608 425 statutis
1637 398 1665 425 et
1688 403 1825 426 consue-

1075 444 1250 484 tudinibus,
1267 442 1551 476 reformationibus
1571 448 1601 474 et
1621 442 1769 481 decretis,
1791 453 1827 474 ac

1075 493 1239 535 quibusvis
1249 491 1434 536 privilegiis,
1448 490 1580 524 indultis
1596 497 1627 523 et
1640 491 1740 524 literis
1749 502 1828 535 apo-

1076 542 1215 582 stolicis,
1236 543 1268 575 in
1280 552 1398 585 genere
1409 541 1457 574 vel
1469 541 1501 573 in
1513 540 1637 585 specie,
1660 551 1717 584 per
1736 551 1830 584 quos-

1077 603 1217 636 cumque
1243 593 1323 625 alios
1344 593 1506 626 Romanos
1534 591 1707 625 Pontifices
1735 602 1829 636 prae—

1077 641 1261 675 decessores
1279 647 1417 680 nostros‚
1434 647 1499 674 tam
1515 642 1574 674 sub
1587 642 1721 686 plumbo
1733 652 1830 684 quam

1078 691 1223 724 informa
1240 691 1356 731 brevis,
1379 692 1438 724 5111)
1458 691 1718 734 quibuscumque
1739 698 1831 725 teno-

1079 741 1167 774 ribus
1187 747 1216 774 et
1228 742 1349 779 formis,
1379 754 1416 775 ac
1443 753 1516 775 cum
1543 742 1708 785 quibusvis
1742 743 1831 776 clau-

1079 791 1156 823 sulis
1167 797 1195 823 et
1212 791 1358 828 decretis,
1381 792 1475 824 etiam
1490 792 1699 832 irritantibus,
1716 798 1746 825 et
1763 792 1833 824 aliis

1079 840 1109 871 in
1143 841 1342 873 contrarium
1375 840 1620 882 quomodolibet,
1652 841 1831 881 concessis,

1080 889 1265 932 approbatis
1287 894 1314 922 et
1337 888 1504 922 innovatis.
1528 889 1651 928 Quibus
1667 890 1830 930 omnibus,

1080 944 1208 971 tenores
1228 938 1378 976 illorum,
1406 949 1441 970 ac
1471 938 1496 970 si
1522 938 1559 970 de
1580 938 1676 971 verbo
1705 939 1742 971 ad
1763 949 1834 971 ver-

1075 988 1170 1026 bum,
1202 987 1281 1020 nihil
1307 988 1436 1030 penitus
1451 987 1581 1024 omisso,
1602 987 1833 1028 insererentur,

1082 1037 1305 1080 praesentibus
1325 1047 1384 1080 pro
1405 1036 1603 1069 sufficienter
1614 1037 1770 1080 expressis
1782 1037 1836 1068 lia-

1082 1086 1205 1122 bentes,
1229 1086 1292 1119 illis
1316 1086 1393 1118 alias
1414 1085 1445 1117 in
1467 1095 1526 1118 suo
1546 1085 1663 1118 robore
1685 1096 1836 1129 perman-

1083 1135 1178 1175 suris,
1207 1135 1264 1168 hac
1294 1135 1361 1168 vice
1390 1135 1570 1173 dumtaxat,
1601 1134 1782 1178 specialiter
1808 1141 1835 1167 et

1083 1195 1231 1228 expresse
1262 1185 1469 1226 demgaiiius,
1500 1195 1537 1216 ac
1571 1184 1723 1217 omnihus
1756 1184 1834 1223 illis,

1084 1244 1166 1276 quae
1192 1234 1297 1267 dictus
1317 1234 1547 1276 praedecessor
1576 1233 1675 1266 voluit
1695 1243 1758 1266 non
1780 1233 1838 1266 ob-

1085 1288 1180 1323 stare,
1213 1283 1392 1326 ceterisque
1423 1282 1593 1316 contrariis
1627 1283 1840 1325 quibuscum-

1087 1344 1186 1420 que-³»

1191 1382 1376 1414 Nolumus
1396 1387 1505 1414 autem
1526 1381 1613 1424 quod
1643 1382 1710 1414 sola
1735 1382 1842 1424 signa-

1088 1404 1159 1462 ruia
1167 1382 1409 1473 fl'piaesentium
1440 1430 1576 1463 sufficiat
1606 1436 1634 1462 et
1656 1430 1788 1473 ubique
1811 1430 1861 1462 in

1089 1480 1208 1513 iudicio
1229 1485 1259 1512 et
1280 1485 1379 1517 extia,
1403 1479 1498 1511 tidem
1517 1479 1620 1515 faciat
1640 1479 1751 1517 tegula
1768 1489 1844 1512 con-

1089 1529 1186 1562 traria
1212 1540 1277 1562 non
1299 1530 1457 1568 obstante,
1481 1539 1549 1568 seu,
1573 1529 1597 1562 si
1618 1520 1790 1569 videbitur,
1808 1528 1843 1561 li-

1089 1585 1176 1612 terae
1197 1578 1337 1622 desuper
1352 1590 1411 1623 per
1430 1578 1525 1611 breve
1543 1583 1687 1611 nostrum
1711 1588 1766 1611 seu
1785 1577 1844 1610 sub

1091 1629 1225 1672 plumbo
1247 1635 1300 1662 aut
1317 1628 1405 1668 alias,
1422 1633 1516 1670 prout
1539 1627 1655 1660 melius
1669 1626 1842 1667 videbitur,

1091 1679 1234 1722 expediri
1259 1678 1391 1722 possint.

1137 1728 1202 1769 §Cr
1230 1728 1265 1761 Et
1296 1727 1403 1772 quoad
1432 1727 1505 1760 illos
1534 1737 1641 1760 servos
1667 1726 1843 1765 dumtaxat,

1093 1778 1146 1822 qui
1173 1784 1283 1818 antea,
1316 1783 1348 1809 ut
1376 1777 1575 1821 praefertur,
1602 1786 1693 1810 sacro
1725 1775 1846 1818 baptis-

1094 1827 1186 1859 matis
1206 1827 1333 1859 lavacro
1368 1826 1539 1865 mediante,
1571 1825 1738 1860 christiani
1773 1825 1846 1859 tacti

1096 1876 1212 1909 fuerint
1235 1882 1263 1909 et
1286 1887 1350 1909 non
1372 1876 1409 1909 de
1431 1876 1507 1909 alio.

1139 1926 1251 1959 Datum
1264 1926 1384 1959 Rornae
1409 1925 1494 1969 apud
1515 1924 1668 1959 Sanctum
1690 1924 1846 1964 Marcum,

1045 1983 1051 1996 ⁷
1095 1986 1113 2007 1
1134 1975 1206 2008 idus
1226 1975 1431 2019 septembris,
1460 1984 1585 2007 annor

1165 2029 1226 2058 Dat.
1242 2030 1288 2059 (111
1305 2030 1351 2058 9
1339 2034 1412 2065 set-t.
1430 2029 1521 2059 1566
1541 2027 1640 2061 110111(
1671 2036 1782 2058 annot-

1417 2161 1533 2195 XXVII.

1098 2235 1286 2269 Iurisdictio
1317 2235 1432 2268 vicarii
1461 2234 1572 2277 Papae
1611 2233 1695 2266 circa
1729 2232 1853 2275 01111911-

1146 2286 1246 2318 tiones
1273 2282 1302 2317 'et
1328 2288 1510 2317 contractus
1542 2283 1642 2315 ¹initos
1675 2283 1708 2314 in
1744 2282 1851 2325 forma

1146 2334 1300 2368 Gamerae
1319 2334 1540 2377 Apostolv‘wc,
1570 2332 1673 2376 quoad
1706 2331 1774 2364 loca
1794 2332 1854 2374 pict

1145 2388 1173 2417 et
1190 2394 1345 2427 personas
1365 2383 1591 2416 ecclesiasticas
1606 2382 1640 2414 in
1667 2381 1747 2414 Urbe
1769 2381 1793 2413 1.

1219 2461 1281 2490 Pius
1300 2463 1371 2497 Papa
1391 2462 1421 2493 V,
1447 2461 1523 2489 motu
1541 2460 1664 2495 proprio.
1685 2461 1739 2488 etc.

1146 2534 1391 2568 Considerantes
1402 2534 1487 2566 xaria
1508 2531 1685 2581 dispendia
1691 2538 1720 2564 et
1735 2531 1857 2564 incom-

1104 2579 1210 2621 moda
1233 2590 1314 2622 quae
1336 2578 1491 2618 ecclesiis,
1513 2576 1717 2611 monasteiiis
1738 2582 1767 2609 et
1787 2575 1856 2608 aliis
1867 2580 1887 2594 ς
1885 2580 1917 2593 ¹³

1142 2653 1150 2677 1
1176 2654 1212 2679 De
1228 2652 1275 2678 hac
1287 2651 1467 2678 iurisdictione
1484 2650 1610 2677 adnotati
1606 2657 1669 2676 osne
1682 2648 1760 2675 tide
1756 2657 1779 2674 in
1793 2656 1858 2674 con-

1105 2693 1160 2719 stit.
1179 2699 1237 2719 xvu
1257 2692 1330 2720 Pauli
1347 2691 1398 2724 111,
1420 2693 1504 2722 Licet,
1522 2693 1586 2717 tom*
1604 2696 1643 2721 vi,
1660 2696 1720 2723 pag.
1739 2687 1801 2714 2¹17.

1841 290 1890 314 An.
1908 290 1936 315 C.
1958 287 2025 314 1566

1868 1394 1915 1414 Sota
1933 1394 1948 1413 si

1954 1395 2038 1418 gnatum

1854 1425 1938 1445 sufficit,

1872 1737 1989 1758 [leel-aratio
2004 1742 2041 1762 pru

1858 1770 1966 1795 mancipii<
1978 1769 2044 1793 impti—

1858 1802 1909 1821 zatis

1910 2542 2050 2562 01115411111115

1910 2574 1952 2592 51111
1954 2576 1976 2591 iti
1987 2579 2023 2591 vni-
