2237 3100
77 270 125 296 An.
145 271 171 297 C.
191 271 258 298 1560

87 533 198 560 nei-ogano
209 540 258 554 con-

74 566 193 586 uariorum,

82 1403 130 1423 Sota
146 1404 252 1428 signatura

70 1435 152 1454 suffit-it,

101 2447 217 2468 Exordium,

968 270 1035 295 Plus
1060 272 1077 295 V
1103 271 1149 296 I‘P.

1717 260 1781 294 445
1842 271 1889 296 An.
1913 270 1940 297 c⁴
1959 269 2027 297 1566

274 323 437 357 mercibus
457 323 497 357 ad
517 323 636 357 Urbem
658 324 770 369 ipsam,
792 325 928 368 locaque
941 335 1030 369 prae·
1071 329 1197 357 sanctae
1215 324 1376 357 Romanae
1388 322 1549 357 Ecclesiae
1566 323 1754 365 cardinales,
1771 336 1828 359 no-

274 376 358 410 dicta
379 383 507 410 sanctae
535 377 698 411 Romanae
718 378 879 412 Ecclesiae
900 378 1028 423 praedi-

275 435 344 463 ctae
361 431 508 464 securius
528 436 559 464 et
578 432 678 464 tutius
699 432 865 466 accedant.

317 484 332 527 ἓ
356 483 406 516 Μ.
434 484 503 517 Non
524 484 725 517 obstantibus
746 485 1029 518 constitutionibus

274 540 304 569 et
323 536 582 571 ordinationibus
601 538 798 581 apostolicis,
820 549 948 572 necnon
965 544 1028 571 sta-

273 589 349 622 tutis
369 595 400 623 et
419 591 719 631 consuetudinibus,
736 592 831 625 etiam
845 591 1027 636 municipa-

273 643 370 683 libus,
402 654 686 688 quarumcumque
703 649 863 678 terrarum
888 650 919 678 et
937 645 1027 678 loco-

273 706 346 728 rum
368 696 399 728 in
417 697 615 730 eontrarium
636 698 744 731 forsan
770 698 877 739 editis,
903 709 939 731 ac
959 697 1027 741 pri-

272 749 406 792 vilegiis,
428 750 562 784 indultis
582 757 612 784 et
632 752 734 785 literis
751 751 935 796 apostolicis
954 751 1027 794 qui-

273 803 378 836 busvis
398 805 557 848 personis,
581 815 708 838 necnon
724 806 915 845 civitatibus,
936 804 1028 849 oppi-

271 856 331 897 dis,
358 857 448 898 loeis,
481 858 593 891 eastris
612 869 649 891 ae
671 859 819 903 portibus
844 858 1025 897 maritimis,

271 908 331 942 sub
364 911 625 955 quibuscumque
655 913 826 946 verborum
858 912 971 945 formis
997 917 1028 944 et

271 963 450 1005 tenoribus,
483 975 520 998 ac
549 976 623 997 cum
652 966 916 1010 quibuscumque
936 966 1026 998 elau-

271 1016 366 1057 sulis‚
407 1017 546 1051 decretis
576 1023 606 1051 et
631 1020 850 1052 contractibus
878 1025 905 1052 et
936 1025 1027 1052 motu

271 1070 404 1114 proprio
432 1075 490 1104 etc.
521 1082 558 1105 ac
591 1072 670 1105 alias
695 1072 876 1113 concessis,
908 1073 1027 1115 quibus

270 1124 422 1157 omnibus
441 1130 514 1164 etc„
537 1125 668 1158 illorum
680 1131 808 1159 tenores
824 1130 882 1159 etc.
897 1136 956 1170 pro
973 1136 1026 1158 ex-

270 1178 389 1220 pressis
408 1178 575 1219 habentes,
604 1179 662 1212 hac
678 1179 746 1212 vice
766 1179 920 1212 latissime
937 1179 1027 1212 dero-

269 1241 345 1274 gare
372 1231 516 1276 placeat,
549 1232 728 1276 ceterisque
757 1232 926 1266 contrariis
953 1232 1026 1276 qui-

269 1284 486 1329 buscumque.
812 1313 819 1319 .

314 1339 329 1380 ἓ
354 1338 407 1371 12.
435 1339 591 1372 Volumus
611 1345 719 1372 autem
741 1339 828 1384 quod
849 1339 1027 1383 praesentis

269 1392 369 1426 nostri
390 1399 497 1427 motus
517 1395 641 1438 proprii
663 1395 730 1428 sola
748 1395 912 1437 signatura
936 1395 1024 1427 suffi-

269 1446 343 1486 ciat,
367 1452 395 1479 et
418 1447 538 1491 ubique
564 1448 660 1481 fidem
681 1448 787 1489 saciat,
810 1449 842 1481 in
864 1447 984 1481 iudicio
997 1453 1027 1481 et

269 1505 369 1540 extra,
390 1501 502 1543 regula
519 1501 681 1535 contraria
701 1512 766 1534 non
786 1502 942 1540 obstante,
959 1512 1026 1541 seu,

269 1552 295 1586 si
310 1552 481 1595 videbitur,
505 1554 616 1588 literae
637 1555 668 1587 in
690 1556 793 1588 forma
810 1555 914 1588 brevis
936 1565 1027 1598 expe-

269 1606 330 1640 diri
351 1608 484 1650 possint.

425 1661 543 1702 Placet,
561 1667 650 1695 motu
667 1663 812 1706 proprio.
829 1663 867 1695 M.

314 1715 430 1748 Datum
449 1715 570 1748 Romae
598 1716 684 1759 apud
705 1716 858 1749 Sanctum
880 1716 1024 1751 Petrum,

271 1773 382 1802 octavo
403 1769 556 1802 kalendas
576 1769 662 1808 maii,
689 1780 774 1802 anno
794 1770 912 1813 primo.

336 1826 398 1857 Dat.
419 1827 466 1858 die
486 1827 526 1857 ⁶24
545 1827 646 1866 aprilis
668 1827 758 1863 1566,
778 1832 856 1866 pont.
879 1836 924 1856 an.
946 1836 961 1856 t.

617 2006 681 2039 Xll.

272 2082 444 2115 Institutio
460 2082 572 2115 domus
589 2083 624 2114 in
648 2081 729 2114 Urbe
747 2092 806 2124 pro
821 2085 952 2114 sanctae
971 2080 1029 2113 In-

315 2136 502 2178 quisitiom‘s
531 2136 715 2169 ministerio
739 2134 924 2173 exercendo,
947 2135 1029 2167 eins-

316 2199 373 2232 que
393 2190 620 2222 ministrorum
645 2193 673 2222 el
700 2198 912 2232 personarum
943 2198 1028 2220 com-

315 2243 408 2275 modo
428 2243 604 2286 cooptando
622 2242 647 2273 1.

321 2314 383 2342 Pius
402 2313 473 2348 Papa
488 2313 517 2346 V.
532 2312 565 2340 ad
584 2313 748 2348 perpetuam
767 2312 809 2341 rei
825 2312 995 2340 memoriam.

319 2385 481 2419 Sollicitae
498 2389 626 2417 nostrae
643 2383 909 2417 considerationis
924 2383 1028 2427 provi-

275 2439 395 2479 dentia,
414 2444 512 2482 prout
530 2437 629 2471 nostri
650 2437 819 2481 pastoralis
835 2436 931 2470 officii
952 2448 1029 2470 cura

274 2492 423 2536 requirit,
454 2502 512 2524 nos
541 2491 690 2524 admonet
715 2496 746 2523 ut
768 2496 896 2523 sanetae
919 2490 1029 2533 Inqui—

276 2545 400 2579 sitionis
420 2545 523 2578 almae
540 2544 634 2577 Urbis
655 2549 782 2577 nostrae
803 2543 921 2582 officio,
944 2543 1031 2587 quod

277 2609 335 2643 per
360 2599 536 2632 nonnullos
556 2597 756 2631 venerabiles
773 2597 886 2630 fratres
905 2601 1031 2630 nostros

313 2663 324 2688 ¹
348 2662 387 2688 Ex
403 2661 510 2696 Regest.
531 2661 558 2687 in
575 2659 685 2687 Archiv.
707 2660 790 2687 Vatic.

1070 377 1119 409 bis
1140 377 1217 421 ipsis
1234 377 1329 410 etiam
1342 376 1609 422 praesidentibus,
1622 377 1828 411 laudabiliter

1071 431 1282 473 gubernatur,
1300 430 1339 463 de
1355 430 1459 464 stabili
1475 435 1506 463 et
1522 430 1692 464 commoda
1707 442 1743 464 ac
1756 442 1828 475 per-

1071 490 1167 527 petua
1191 484 1388 517 habitatione
1412 484 1421 512 l
1453 490 1581 518 nostrae
1609 485 1828 519 subventionis

1070 547 1165 580 opem
1186 548 1223 570 ac
1242 537 1457 571 ministerium
1479 548 1543 571 non
1565 537 1673 571 minus
1688 538 1827 572 libenter

1069 601 1166 633 quam
1190 590 1364 624 liberaliter
1385 591 1621 634 provideamus.

1114 644 1129 686 ξς
1153 643 1183 676 ’1.
1216 644 1297 677 llinc
1327 650 1374 677 est.
1397 644 1497 687 quod,
1520 655 1594 677 cum
1620 655 1726 689 nuper
1745 646 1825 678 dile·
1841 651 2026 688 ijauvsdotfw‘-

1070 701 1140 729 ctus
1156 697 1242 730 tilius
1262 697 1442 730 Alexander
1457 697 1622 741 quondam
1643 683 2026 743 Pandulphi51¹⁵1ffls22³ss³f¹13¹i¹l

1069 750 1107 782 de
1127 749 1266 790 Fucens,
1281 751 1394 791 laicus,
1418 751 1493 784 civis
1512 751 1734 793 Florentinus,
1762 763 1827 785 una
1840 746 1937 802 {giqufi'ffl
1958 745 2026 795 ⁰{¹{V,¹',{⁰

1070 813 1144 834 eum
1156 803 1296 836 Roberto
1314 804 1450 837 Ascanio
1471 809 1499 837 et
1517 804 1648 837 Horatio
1670 804 1736 838 suis
1756 816 1826 847 ger-
1841 808 1890 827 ‘¹¹¹⁰'

1069 856 1172 888 manis
1183 856 1347 898 fratribus,
1356 858 1435 890 duas
1447 858 1588 901 integras
1599 858 1709 892 tertias
1720 864 1827 902 partes

1069 920 1127 952 pro
1145 909 1278 943 indiviso
1300 912 1422 954 palatii,
1441 922 1514 944 cum
1528 911 1731 955 pertinentiis
1747 912 1824 953 suis,

1069 962 1118 995 siti
1149 962 1181 995 in
1206 964 1310 1007 burgo
1345 965 1451 998 Sancti
1478 965 1562 997 Petri
1589 970 1689 1009 prope
1719 966 1827 998 locum

1068 1017 1242 1059 vulgariter
1267 1017 1388 1051 dictum
1419 1018 1539 1062 Campo
1574 1019 1683 1058 Santo,
1719 1019 1828 1062 acqui-

1069 1069 1120 1102 siti
1140 1075 1171 1103 et
1191 1071 1367 1104 constructi
1399 1071 1476 1104 olim
1498 1082 1556 1116 per
1581 1072 1684 1105 bonae
1706 1083 1827 1105 memo-

1069 1122 1133 1155 riae
1154 1123 1374 1164 Laurentium,
1388 1129 1515 1158 sanctae
1534 1125 1697 1158 Romanae
1714 1126 1825 1159 Eccle-

1069 1176 1132 1208 siae
1149 1176 1347 1210 cardinalem
1369 1178 1453 1210 tituli
1472 1178 1665 1211 Sanctorum
1683 1179 1828 1217 Quatuor

1068 1229 1320 1271 Coronatorum,
1343 1231 1381 1264 de
1395 1231 1524 1264 Pucciis
1545 1237 1781 1276 nuncupatum,
1797 1237 1828 1265 et

1069 1283 1101 1316 in
1130 1295 1195 1328 quo
1225 1285 1263 1317 de
1294 1286 1456 1328 praesenti
1486 1291 1654 1318 exercetur
1683 1286 1826 1319 officium

1069 1337 1170 1380 ipsius
1186 1344 1313 1372 sanetae
1325 1338 1545 1382 Inquisitionis
1556 1338 1738 1372 baereticae
1754 1349 1827 1383 pra-

1069 1391 1182 1432 vitatis,
1195 1397 1258 1424 tam
1272 1403 1329 1425 suo
1342 1392 1488 1436 proprio,
1500 1404 1597 1435 quam
1609 1392 1742 1425 fratrum
1755 1403 1827 1425 suo·

1069 1455 1141 1477 rum
1154 1446 1407 1489 praedictorum,
1420 1457 1478 1489 pro
1492 1445 1611 1489 quibus
1622 1447 1660 1479 de
1672 1452 1741 1479 rato
1754 1456 1828 1490 pro-

1069 1497 1153 1531 misit
1166 1524 1173 1537 ,
1193 1498 1401 1540 nmninibus,
1420 1498 1531 1538 nobis,
1550 1510 1609 1541 pro
1631 1499 1734 1542 pretio
1757 1510 1827 1532 seu-

1068 1557 1174 1584 torum
1198 1562 1251 1584 sex
1272 1552 1410 1585 millium
1432 1558 1593 1591 monetae,
1614 1552 1652 1585 ad
1667 1552 1826 1585 rationem

1067 1605 1180 1638 decem
1202 1605 1358 1638 iuliorum
1380 1617 1438 1649 pro
1468 1606 1612 1650 quolibet
1634 1611 1736 1645 scuto,
1767 1605 1826 1638 sub

1069 1658 1171 1691 modis
1192 1664 1218 1691 et
1246 1659 1358 1692 formis
1383 1670 1419 1692 ac
1440 1659 1471 1691 in
1495 1659 1640 1692 terminis
1670 1664 1746 1691 tunc
1775 1670 1826 1692 ex-

1069 1708 1187 1749 pressis
1220 1708 1469 1745 wlvendorum,
1501 1707 1675 1740 vendiderit
1698 1718 1733 1740 ac
1756 1718 1826 1740 ces-

1068 1757 1155 1796 serit,
1176 1763 1270 1800 proin
1300 1757 1331 1789 in
1354 1757 1570 1790 instrumento
1601 1756 1745 1800 publico,
1769 1767 1827 1800 per

1069 1806 1223 1839 dilectum
1245 1806 1349 1839 filium
1374 1807 1516 1840 Marcum
1534 1806 1709 1839 Antonium
1730 1806 1826 1839 Pere—

1068 1855 1211 1896 grinum,
1234 1856 1387 1888 Gamerae
1399 1861 1528 1889 nostrae
1551 1854 1755 1899 Apostolicae
1771 1865 1826 1888 no-

1069 1903 1197 1943 tarium,
1219 1909 1341 1947 rogato,
1364 1903 1459 1937 latius
1480 1904 1676 1937 continetur.

1112 1954 1126 1996 ᾖ
1147 1953 1178 1986 9.
1197 1954 1259 1987 Nos
1274 1954 1381 1996 igitur,
1394 1953 1523 1987 easdem
1540 1953 1742 1986 duastertias
1752 1963 1824 1996 par·

1070 2007 1116 2035 tes
1136 2002 1245 2046 palatii
1267 2002 1455 2035 huiusmodi
1472 2014 1529 2046 pro
1550 2002 1693 2035 dominio
1715 2008 1742 2035 et
1760 2012 1826 2034 om-

1072 2051 1201 2084 nimoda
1221 2052 1418 2096 proprietate
1442 2063 1478 2085 ac
1499 2063 1560 2085 usu
1582 2056 1612 2085 et
1627 2051 1824 2084 habitatione

1071 2099 1170 2143 ipsius
1190 2101 1287 2133 oflicii
1322 2100 1541 2144 inquisitionis
1574 2105 1605 2133 et
1632 2100 1700 2133 eius
1728 2099 1824 2132 mini-

1070 2154 1210 2182 strorum
1238 2156 1395 2193 perpetuo
1417 2149 1597 2182 concedere
1617 2149 1769 2188 volentes,
1795 2153 1825 2181 et

1071 2197 1171 2241 ipsius
1197 2198 1306 2242 palatii
1339 2198 1565 2236 situationein,
1597 2197 1767 2240 qualitates
1796 2202 1825 2230 et

1071 2246 1229 2287 confinia,
1261 2258 1297 2280 ac
1326 2246 1530 2280 instrumenti
1561 2245 1749 2279 huiusmodi
1769 2245 1826 2279 de·

1070 2296 1314 2339 superconfecti
1331 2301 1361 2329 et
1378 2296 1451 2329 inde
1466 2300 1651 2328 secutorum
1669 2294 1826 2328 aliorum-

1071 2354 1134 2387 que
1154 2345 1205 2378 hic
1239 2345 1334 2378 etiam
1362 2346 1468 2378 forsan
1489 2345 1527 2378 de
1557 2343 1747 2378 necessitate
1772 2354 1825 2376 ex-

1071 2398 1316 2442 primendorum
1354 2405 1482 2433 tenores
1516 2398 1739 2442 praesentibus
1766 2408 1826 2441 pro

1071 2448 1268 2481 sufficienter
1293 2448 1451 2492 expressis
1471 2448 1637 2487 habentes,
1663 2458 1699 2480 ac
1719 2446 1827 2479 vendi-

1073 2496 1191 2530 tionem
1222 2503 1249 2530 et
1278 2498 1456 2531 cessionem
1494 2497 1824 2539 instrumentumque,

1072 2552 1102 2578 et
1123 2546 1196 2579 inde
1212 2553 1322 2580 secuta
1334 2545 1520 2579 huiusmodi
1541 2545 1731 2579 auctoritate
1747 2555 1825 2587 apo—

1072 2594 1184 2628 stolica
1211 2596 1440 2628 confirmantes
1467 2600 1497 2627 et
1525 2594 1757 2638 approbantes,
1789 2604 1826 2625 ac

1856 1980 1903 2001 l'ins
1920 1979 2025 2000 tendum

1840 2018 1889 2031 nem
1908 2011 2024 2030 huiusmodi

1841 2043 2018 2062 instrumentum-

1841 2078 1881 2099 qui·
1933 2072 2025 2098 desuper

1840 2103 1960 2124 consectum
1987 2109 2025 2129 apr-

1840 2133 1922 2160 prohat,

1111 2659 1121 2684 l
1140 2658 1263 2693 Legimus
1274 2658 1330 2684 Per
1337 2661 1445 2685 nostrae
1455 2659 1635 2685 subventionis
1644 2664 1718 2689 opem
1726 2655 1765 2690 (a.
1775 2654 1824 2689 T.).
