2237 3100
203 251 252 278 An.
269 251 297 278 C.
319 251 385 279 ¹567

235 2517 331 2538 Declarat
341 2518 403 2537 ettam

221 2549 307 2569 eosdem
328 2548 404 2568 tratres

221 2585 243 2600 ει
259 2579 311 2600 alias
328 2585 376 2606 pers
379 2585 404 2600 ο-

222 2617 259 2632 nas

220 2644 303 2665 Ordinis

446 239 510 274 592

401 313 419 335 a
439 301 567 335 nemine
583 328 590 341 ,
625 301 799 344 quominus
819 301 899 333 illud
928 301 1101 332 exerceatis
1121 304 1152 331 et

402 362 592 395 exerceant,
615 356 673 388 sub
694 354 801 397 aliquo
822 358 1007 402 praetffxtu,
1035 364 1071 386 ac
1092 354 1151 387 sub

402 408 742 442 excommunicationis
762 408 824 440 sive
840 406 1059 451 suspensionis
1071 419 1088 440 a
1103 407 1151 440 di-

402 462 480 495 vinis
505 463 585 495 latae
609 461 802 501 sententiae,
825 471 923 505 quam
948 471 985 494 eo
1012 461 1082 506 ipso
1102 461 1151 494 in-

403 527 533 549 currere
547 516 694 548 volumus
709 520 739 547 et
750 515 952 547 declaramus
967 515 1151 558 respective,

403 579 525 613 poena,
556 568 704 612 impediri
724 569 772 601 vel
793 568 954 601 molestari
976 568 1102 612 possitis
1123 574 1150 601 et

403 622 541 666 possint,
563 622 647 654 dicta
666 622 855 655 auctoritate
876 622 1079 665 deputamus.
1108 623 1153 656 lta

401 675 486 719 quod
511 686 566 708 vos
599 686 654 708 seu
675 674 728 707 alii
748 675 946 718 quicumque
973 675 1018 708 sic
1047 676 1150 716 electi,

401 730 461 762 sub
481 729 822 762 excommunicationis
842 734 873 761 et
892 739 946 761 seu
972 729 1153 773 suspensio-

401 783 451 816 nis
486 783 566 816 latae
601 783 775 816 sententiae
809 793 913 826 poena
946 782 1153 823 huiusmodi,

401 847 498 879 quam
525 837 629 870 statim
659 836 745 880 quod
774 847 893 869 munus
922 836 984 869 sive
1011 837 1153 870 officium

404 891 634 924 conservatoris
653 890 840 923 huiusmodi
860 895 1029 934 acceptare
1049 896 1079 924 et
1098 891 1151 923 de-

402 943 465 976 bite
486 954 522 976 ac
538 943 681 988 plenarie
703 943 816 987 exequi
832 943 1036 986 neglexcritis
1056 950 1084 976 et
1101 954 1154 976 ne·

402 998 557 1042 glexerint
571 1025 578 1038 ,
612 998 732 1041 absque
766 998 898 1031 alterius
932 997 1155 1031 declarationis

403 1051 581 1085 ministerio
599 1078 606 1092 ,
643 1052 811 1084 incurrere
838 1051 1008 1088 volumus,
1037 1062 1096 1084 nec
1117 1052 1156 1084 ab

404 1105 512 1149 aliquo
533 1115 630 1149 quam
651 1116 669 1138 a
689 1105 781 1138 nobis
797 1111 826 1138 et
847 1115 906 1149 pro
927 1111 1072 1149 tempore
1091 1105 1155 1138 exi-

404 1164 506 1192 stente
525 1158 670 1191 Romano
690 1159 843 1192 Pontifice
863 1160 1103 1202 (praeterquam
1124 1159 1156 1191 in

406 1213 517 1246 mortis
544 1213 705 1247 articulo)
736 1213 854 1246 absolvi
880 1223 992 1256 posse,
1026 1213 1155 1246 eosdem

407 1267 543 1310 priores,
561 1267 745 1310 superiores
761 1272 790 1299 et
806 1267 920 1300 fratres
935 1277 971 1299 ac
988 1266 1154 1302 moniales,

406 1320 501 1354 etiam
522 1320 773 1357 TertiiHabitus.
796 1320 920 1353 oblatos
938 1320 1159 1364 etaliosprae-

407 1374 498 1413 fatos
520 1385 557 1407 ac
577 1385 691 1407 eorum
711 1374 855 1416 singulos
870 1401 878 1414 ,
906 1374 1057 1407 adversus
1077 1374 1158 1407 infe—

408 1433 513 1460 rentes
525 1428 569 1461 eis
580 1434 635 1461 aut
647 1438 759 1461 eorum
776 1428 1054 1471 procuratoribus,
1065 1439 1159 1471 agen-

408 1481 504 1521 tibus,
521 1482 728 1515 servitoribus
743 1487 771 1515 et
790 1482 1011 1519 familiaribus,
1027 1482 1058 1514 in
1073 1493 1161 1526 prae-

409 1535 512 1568 missis
531 1541 561 1568 et
582 1536 770 1569 eorumdem
786 1536 906 1578 aliquo,
926 1536 1087 1569 molestias
1097 1536 1160 1569 sive

411 1589 667 1632 perturbationes
686 1589 821 1633 aliquas,
843 1601 898 1622 scu
920 1589 1066 1629 iniurias,
1089 1601 1161 1633 gra-

409 1643 535 1676 vamina
553 1644 601 1676 vel
622 1643 751 1684 damna,
774 1643 805 1675 in
826 1643 971 1686 personis
987 1670 994 1681 ,
1017 1644 1114 1676 rebus
1133 1649 1161 1676 et

411 1696 514 1736 bonis,
528 1707 585 1730 seu
597 1696 751 1739 exigendo
765 1697 804 1729 ab
816 1697 860 1730 eis
872 1696 1048 1740 vectigalia,
1069 1697 1162 1737 datia,

411 1750 556 1795 pedagia,
569 1751 720 1793 gabellas,
740 1751 890 1784 collectas
905 1756 957 1783 aut
975 1751 1035 1784 alia
1051 1762 1160 1791 onera,

411 1804 596 1843 defendere,
614 1810 833 1848 praesentare,
852 1816 887 1837 ac
904 1815 1032 1837 omnem
1050 1816 1163 1838 eorum
1183 1803 1186 1855 ξ

412 1858 666 1891 iurisdictionem
694 1869 855 1892 exercere.
878 1859 1008 1892 Necnon
1036 1858 1186 1892 senten-³

412 1912 471 1945 tias
486 1939 493 1949 ,
529 1922 682 1945 censuras
718 1918 747 1945 et
777 1923 897 1956 poenas
935 1913 1166 1946 ecclesiasticas

413 1972 525 2000 contra
542 1966 676 1999 rebelles
688 1971 717 1998 et
734 1965 954 1999 inobedientes
964 1977 1037 1999 cum
1050 1967 1165 2000 effectu

414 2020 633 2063 promulgare:
652 2031 688 2053 ac
701 2019 850 2053 omnibus
862 2020 1078 2059 facultatibus,
1095 2031 1166 2053 con-

414 2074 631 2106 servatoribus
650 2073 726 2106 dicti
748 2073 874 2107 Ordinis
890 2074 1024 2106 fratrum
1042 2075 1167 2108 Praedi-

416 2134 562 2161 catorum
579 2127 730 2171 illiusque
746 2127 897 2160 fratribus
908 2133 937 2160 et
954 2129 1099 2172 personis
1112 2140 1169 2173 per

415 2193 637 2225 quascumque
657 2182 765 2214 literas
785 2182 976 2224 apostolicas
994 2183 1169 2225 quomodo-

416 2235 491 2268 libet
513 2235 685 2275 concessis,
708 2235 766 2270 uti:
789 2246 826 2268 ac
842 2235 1006 2278 privilegia
1026 2237 1169 2279 superio·
1187 2239 1190 2249 '

416 2288 516 2325 ribus,
539 2289 702 2332 prioribus
716 2294 746 2322 et
757 2288 908 2321 fratribus
928 2298 962 2320 ac
976 2289 1170 2321 monialibus
1188 2273 1191 2328 i

418 2343 568 2386 praefatis
584 2354 643 2387 pro
662 2348 807 2387 tempore
824 2352 987 2378 concessa,
1005 2343 1049 2375 eis
1063 2343 1171 2376 obser-
1189 2329 1191 2344 Ι

417 2397 482 2429 vari
502 2397 607 2430 facere
633 2397 774 2430 debeatis
794 2403 824 2429 et
845 2397 992 2429 debeant.

463 2446 478 2488 ξ
506 2445 559 2478 «15.
586 2446 695 2489 Neque
725 2446 919 2490 superiores,
942 2445 1082 2489 priores,
1106 2457 1172 2479 mo-

418 2494 530 2533 niales,
553 2494 650 2527 oblati
671 2501 699 2527 et
721 2500 865 2528 caeterae
896 2505 1051 2537 personae
1079 2495 1171 2528 Ordi-

418 2543 468 2576 nis
483 2544 668 2576 huiusmodi
688 2549 718 2577 et
735 2545 774 2577 ab
788 2545 833 2577 eis
847 2544 1064 2588 dependentes
1082 2555 1128 2588 pr
1122 2555 1173 2577 a-e

997 246 1174 270 BL'LLARIUM

1198 245 1349 269 ROMANFM

1958 247 2007 271 An.
2028 244 2140 272 &156⁷

1193 306 1472 340 quarumcumque
1497 298 1761 332 constitutionum
1795 306 1822 333 et
1853 300 1941 333 oidi-
1956 314 2016 335 qnam
2032 313 2102 328 eoram
2115 312 2139 327 e—

1193 349 1360 382 nationum
1394 349 1577 393 aliquorum
1614 361 1805 394 1e0·,norum
1847 353 1940 386 etiam

1957 346 2015 361 orum
2026 345 2077 360 cons
2080 344 2140 359 ern-

1957 375 1996 392 tori
1992 371 2038 391 ibus
2059 374 2140 391 conve—

1193 403 1291 446 quod,
1324 413 1387 436 non
1416 404 1571 437 habentes
1595 405 1795 448 supeiiorem
1815 406 1847 439 in
1879 404 2140 440 illis¹¹¹‘.²'“³¹³⁰⁴’¹¹'e

1194 457 1313 499 legnis
1335 468 1444 490 notam
1470 458 1690 491 saecularibus
1710 459 1871 494 iudicibus
1891 472 1942 494 re-

1194 511 1353 555 spondere
1378 512 1515 545 debeant
1535 523 1571 545 ac
1592 517 1772 554 teneantur,
1795 514 1833 547 ad
1858 515 1943 548 iudi-

1195 564 1280 597 cium
1311 566 1430 602 vocari,
1453 566 1500 598 vot
1530 566 1609 599 alias
1634 567 1808 607 molestari,
1835 568 1945 611 quavis

1195 618 1364 651 occasione
1380 619 1426 651 vel
1453 630 1559 655 causa.
1585 620 1705 663 possint
1727 621 1774 653 vel
1795 621 1942 655 debeant.

1195 671 1350 715 Quodque
1370 673 1429 716 ipsi
1460 673 1571 705 fratres
1602 680 1632 706 et
1651 674 1818 711 moniales,
1849 675 1946 708 oblati

1196 734 1225 760 et
1251 728 1332 761 aliae
1363 739 1519 772 personae
1539 728 1712 772 praefatae,
1735 729 1798 762 sive
1823 735 1949 763 actores

1195 782 1258 814 sive
1286 782 1332 815 rei
1363 782 1507 822 existant,
1538 792 1646 815 coram
1672 783 1780 826 aliquo
1806 783 1869 816 alio
1898 783 1948 817 iu-

1196 835 1265 868 dice
1293 835 1456 868 ordinario
1477 836 1524 868 vel
1552 835 1708 879 delegato,
1730 847 1827 880 quam
1855 848 1949 882 prae-

1197 889 1282 922 dicto
1303 900 1360 922 suo
1379 894 1601 922 conservatore
1621 890 1743 931 (coram
1758 901 1823 934 quo
1843 891 1949 935 primo

1198 953 1294 975 unam
1322 943 1510 976 sententiam
1542 942 1747 984 definitivam,
1776 950 1948 988 antequam

1198 997 1256 1040 ipsi
1288 998 1326 1030 atl
1360 997 1447 1030 aliud
1474 997 1632 1030 iudicium
1666 1004 1857 1039 evocentur,
1893 1010 1948 1032 seu

1198 1061 1294 1083 causa
1319 1051 1538 1084 committatur
1557 1051 1604 1083 vel
1620 1052 1843 1092 transferatur,
1867 1052 1950 1086 obti-

1198 1115 1274 1137 nere
1294 1104 1468 1137 debeantet
1490 1106 1686 1143 teneantur),
1708 1111 1742 1138 ut
1755 1105 1948 1150 praefertur,

1198 1158 1293 1191 etiam
1326 1158 1437 1202 quavis
1456 1159 1625 1191 occasione
1645 1159 1693 1191 vel
1714 1169 1822 1201 causa,
1849 1160 1951 1193 mole-

1199 1212 1275 1244 stari
1294 1212 1341 1244 vel
1362 1212 1393 1244 in
1416 1212 1570 1245 iudicium
1592 1212 1689 1252 trabi,
1717 1212 1779 1245 sive
1808 1213 1847 1245 ad
1868 1213 1952 1246 iudi-

1200 1266 1284 1299 cium
1315 1267 1450 1306 evocari,
1483 1267 1529 1299 vel
1554 1277 1648 1310 agere
1669 1267 1801 1300 minime
1830 1268 1953 1312 possint

1200 1320 1262 1353 sive
1283 1320 1429 1360 debeant,
1451 1321 1571 1354 eisdem
1592 1321 1782 1354 auctoritate
1795 1326 1826 1354 et
1842 1327 1954 1355 tenore

1201 1373 1295 1406 etiam
1323 1373 1504 1413 statuimus,
1536 1373 1724 1407 ordinamus
1751 1380 1782 1407 et
1806 1375 1952 1409 decerni-

1202 1437 1284 1460 mus.
1891 1420 1897 1424 ..

1245 1481 1260 1524 ,ξ
1281 1480 1333 1513 16.
1351 1480 1385 1513 Et
1403 1481 1545 1524 insuper,
1557 1482 1708 1515 adversus
1722 1484 1954 1523 molestatores,

1203 1533 1431 1577 inquietatores
1462 1541 1488 1567 ct
1511 1535 1590 1567 alios
1610 1535 1815 1569 iniuriatores
1841 1537 1955 1570 huius-

1203 1587 1302 1628 modi,
1334 1589 1475 1621 volentes
1507 1588 1627 1622 eisdem
1652 1589 1776 1629 Ordini,
1804 1591 1955 1634 magistro

1203 1642 1355 1684 generali,
1376 1643 1552 1685 prioribus,
1584 1643 1818 1686 superioribus
1849 1644 1955 1677 fratri-

1205 1695 1276 1736 bus,
1299 1696 1503 1736 monialibus,
1525 1696 1651 1733 oblatis,
1670 1697 1888 1739 servitoribus,
1904 1709 1957 1731 oe-

1206 1750 1363 1789 conomis,
1397 1750 1664 1793 procuratoribus
1690 1757 1718 1783 et
1745 1750 1815 1783 aliis
1845 1761 1956 1785 eorum

1207 1804 1352 1846 personis
1376 1804 1526 1846 praefatis
1541 1804 1595 1837 illo
1616 1804 1753 1837 rimedio
1779 1805 1956 1848 providere,

1208 1868 1265 1900 per
1293 1858 1378 1901 quod
1406 1857 1549 1901 ipsorum
1580 1864 1806 1901 compescatur
1826 1859 1957 1892 temeri-

1207 1916 1265 1951 tas,
1289 1917 1316 1944 et
1343 1911 1413 1944 aliis
1446 1911 1550 1944 aditus
1579 1918 1607 1944 et
1636 1912 1783 1945 voluntas
1810 1913 1959 1946 commit-

1208 1966 1294 1998 tendi
1333 1965 1448 1998 similia
1483 1966 1732 2009 praecludatur,
1775 1966 1960 2000 discretioni

1208 2024 1328 2052 vestrae
1349 2030 1407 2063 per
1434 2026 1616 2063 praesentes
1637 2020 1827 2053 mandamus
1847 2026 1959 2065 quate-

1209 2084 1269 2106 nus
1288 2084 1343 2107 vos
1362 2074 1410 2107 vel
1436 2074 1500 2107 duo
1525 2080 1578 2107 aut
1615 2086 1698 2107 unus
1726 2080 1878 2115 vestrum,
1904 2086 1962 2119 per

1209 2138 1262 2160 vos
1282 2128 1330 2161 vel
1351 2128 1450 2161 alium
1467 2139 1521 2161 scu
1541 2128 1630 2169 alios,
1649 2128 1743 2162 etiam
1760 2129 1785 2162 si
1797 2129 1859 2162 sint
1873 2135 1961 2163 extra

1210 2182 1280 2214 loca
1301 2182 1333 2214 in
1360 2181 1477 2225 quibus
1500 2182 1574 2214 estis
1594 2182 1736 2226 deputati
1757 2187 1960 2216 conservato-

1212 2246 1262 2268 res
1286 2241 1313 2268 et
1341 2235 1475 2275 iudices,
1497 2235 1604 2269 Ordini
1633 2235 1766 2268 fratrum
1792 2236 1961 2269 Praedica-

1211 2294 1331 2326 torum.
1354 2301 1390 2322 ac
1410 2289 1496 2322 illius
1511 2300 1570 2333 pro
1591 2296 1736 2333 tempore
1756 2289 1963 2323 existentibus

1190 2351 1191 2380 j
1212 2343 1364 2386 magistro
1389 2343 1548 2385 generali,
1573 2343 1757 2387 prioribus,
1789 2342 1960 2383 fratribus,

1190 2415 1191 2418 =
1214 2396 1416 2436 monialibus,
1431 2396 1554 2431 oblatis,
1569 2396 1790 2440 praesentibus
1807 2401 1836 2429 et
1848 2395 1963 2429 futuris

1213 2446 1378 2489 quibusvis
1397 2445 1468 2478 aliis
1488 2445 1634 2489 personis
1649 2445 1810 2489 praefatis,
1827 2445 1964 2478 efficacis

1214 2494 1407 2527 defensionis
1424 2494 1592 2549 praesidio.
1599 2494 1792 2533 assistentes,
1814 2503 1877 2526 non
1894 2503 1966 2537 per-

1214 2544 1345 2577 mittatis
1365 2556 1430 2585 eos,
1459 2556 1557 2588 supet
1585 2544 1622 2577 iis
1646 2555 1682 2577 ac
1703 2553 1815 2576 eorum
1837 2543 1964 2586 privile-

310 2612 404 2632 fflsdem
420 2594 510 2633 satae,
523 2604 631 2626 coram
652 2593 721 2626 aliis
733 2604 829 2647 quam
840 2591 930 2626 vobis
942 2598 972 2625 et
982 2592 1075 2626 dictis
1094 2603 1172 2625 con-
1192 2596 1194 2628 t]
1214 2593 1283 2635 giis,
1305 2572 1574 2634 immunitatibus,
1603 2593 1723 2636 glanis,
1751 2591 1965 2625 concessioni-

355 2644 402 2664 ³¹¹b¹
421 2642 656 2679 seivatoribus
679 2643 774 2675 etiam
799 2641 907 2683 vigore
928 2652 985 2675 seu
1005 2646 1195 2687 praetextu
1193 2682 1196 2703 t
1214 2642 1284 2681 bus,
1305 2643 1521 2682 facultatibus,
1545 2641 1813 2686 exemptionibus,
1828 2641 1964 2675 indultis

1958 440 1997 454 mri
2014 437 2084 459 possm.

2008 1492 2151 1514 Conservato-
2168 1499 2170 1501 >

1969 1531 2013 1546 rum
2036 1524 2151 1545 iurisdictio

1970 1559 1991 1577 et
2005 1555 2124 1576 tuentia-s.
