2237 3100
853 245 950 269 mmzx
981 243 1087 268 annum
1635 225 1699 260 989

282 302 387 339 cendi,
417 300 544 333 reiectis
583 299 789 331 nullitatibus
819 303 1044 341 praeterquam
1075 308 1110 329 ex
1145 297 1272 329 defectu
1303 292 1553 329 iurisdictionis,
1584 291 1674 324 dicae
1713 297 1744 324 et

283 354 437 394 mandati,
466 353 562 392 ibid.;
588 351 724 393 cogendi
757 351 919 383 ‹toltum—cs
947 351 985 383 ad
1009 351 1219 389 solvendum,
1248 347 1370 381 etiamsi
1397 346 1504 379 adhuc
1529 344 1568 377 lis
1593 344 1742 388 pendeat,

283 408 355 440 data
377 413 482 440 tamen
508 405 655 439 cautione
681 416 698 437 a
721 404 910 443 sodalitate,
938 404 1034 441 ibid.,·
1067 403 1199 446 singulis
1219 402 1332 435 diebus
1361 398 1571 444 procedendi,
1606 398 1684 431 ibid.
1712 398 1744 437 h,-

286 460 474 494 tabelliones
496 457 690 503 deputandi,
714 457 812 495 ibid.;
834 457 922 489 dicas
951 467 1008 500 per
1034 456 1270 489 mandatarium
1288 452 1433 498 Capitolii
1450 451 1640 496 exequendi,
1662 452 1741 485 ibid.

284 515 477 550 Executores
490 511 702 545 tribunalium
715 510 808 543 Urbis
831 509 1017 543 huiusmodi
1039 509 1155 542 iudicis
1178 508 1336 541 mandatis
1356 517 1468 552 parere
1480 510 1642 546 tenentur,
1663 505 1742 538 ibid.

283 567 427 600 Aliorum
448 565 592 599 iudicum
609 574 780 608 processus
801 563 984 603 abolentur,
1006 563 1085 595 ibid.
1108 563 1195 595 Idem
1216 561 1359 595 Pontifex
1382 560 1566 593 facultatem
1587 557 1744 592 liberandi

286 631 386 653 unum
405 632 441 654 ex
462 617 685 653 condemnatis
706 618 864 650 sodalitati
891 617 1076 655 confirmat,
1107 616 1165 649 4⁹21
1201 627 1235 656 a,·
1268 626 1365 658 quam
1391 614 1422 647 in
1453 611 1746 648 archisodatitatem

283 674 388 717 erigit,
410 674 488 707 ibid.
513 675 545 715 b;
566 674 636 707 eius
652 678 769 707 statuta
792 672 936 710 roborat,
959 670 1131 713 eidemque
1151 669 1201 702 ius
1221 669 1276 701 illa
1302 668 1462 702 condendi
1483 666 1642 707 concedit,
1664 666 1745 700 ibid.

195 728 308 761 Crucis
327 728 390 770 (S.)
410 727 519 760 Fontis
538 728 707 760 Avellanae
725 724 944 767 congreg-atio,
967 723 1095 755 Ordinis
1115 723 1146 756 S.
1166 722 1342 762 Benedicti,
1364 733 1381 754 a
1397 721 1559 765 primaeva
1577 719 1747 764 disciplina

284 781 374 814 valde
395 780 542 821 deflexit,
575 781 638 814 788
668 781 696 813 b.
732 780 925 821 Regularem
959 777 1194 809 observantiam
1223 776 1383 809 incassum
1416 775 1585 808 restituere
1612 781 1748 808 conatur

284 835 359 867 Pius
378 835 413 875 V,
440 835 538 875 ibid.;
574 846 687 867 omnes
708 834 806 877 igitur
827 833 1046 877 prioratuum,
1070 831 1351 870 commendarum,
1377 834 1433 862 etc.
1457 828 1666 873 provisiones,
1689 829 1749 863 hu-

284 889 423 922 iusmodi
450 889 685 921 monachorum
709 889 815 920 favore
835 888 945 926 factas,
968 886 1074 918 nullas
1094 885 1248 924 declarat,
1283 883 1346 917 789
1373 895 1407 923 ας
1432 882 1649 923 fundationes,
1676 892 1747 915 ere-

284 943 417 983 ctiones,
438 942 506 975 iura
534 947 724 987 patronatus
744 953 781 975 ac
804 941 972 985 privilegia
994 940 1109 978 irritat,
1131 938 1290 971 beneficia
1305 948 1418 970 vacare
1436 936 1592 977 decernit,
1609 936 1688 969 ibid.
1711 936 1748 976 b,-

286 996 572 1040 congregationem
594 996 727 1039 eiusque
752 1006 871 1028 nomen
893 995 1011 1034 abolet,
1039 994 1140 1033 z'bid.;
1173 991 1407 1025 monasterium
1427 990 1536 1023 Fontis
1564 990 1747 1030 Avellanae,

286 1051 456 1085 ecclesiam
479 1051 614 1094 eiusque
639 1052 723 1084 bona
744 1048 989 1092 congregationi
1017 1046 1314 1081 Camaldulensium
1346 1044 1433 1085 unit,
1457 1044 1520 1078 790
1540 1055 1574 1084 a,·
1601 1044 1751 1087 antiquos

286 1105 464 1139 monachos
484 1105 530 1137 uti
552 1105 732 1138 desertores
754 1103 861 1147 puniri
883 1102 1050 1147 praecipit,
1075 1101 1136 1134 nisi
1163 1100 1245 1133 infra
1266 1109 1409 1132 mensem
1425 1098 1522 1131 alicui
1541 1097 1653 1132 Ordini
1674 1097 1749 1132 reli-

287 1159 376 1202 gioso
398 1169 516 1192 nomen
538 1158 706 1198 dederint,
746 1158 825 1189 ibid.
850 1158 882 1197 l›,·
907 1156 1095 1189 obedientes
1115 1154 1250 1188 absolvit
1269 1154 1308 1186 ab
1332 1152 1503 1196 apostasia,
1527 1150 1749 1185 excommuni-

286 1213 424 1253 catione,
451 1217 523 1249 etc..
552 1211 610 1246 791
636 1223 669 1247 a:
704 1212 886 1254 regularem
910 1211 1072 1243 abbatiam
1096 1209 1253 1242 extinctae
1274 1206 1532 1250 congregationis
1551 1205 1750 1239 saecularem

284 1266 393 1306 efficit,
415 1267 494 1299 ibid.
518 1266 550 1306 b;
575 1265 811 1298 beneficiorum
841 1264 1049 1297 collationem
1071 1275 1088 1297 a
1109 1263 1193 1297 dicta
1222 1261 1473 1305 congregatione
1498 1258 1750 1305 dependentium

284 1319 430 1353 Romano
450 1319 596 1352 Pontifici
618 1324 767 1354 reservat,
789 1318 867 1350 ibid.

198 1373 309 1407 Cultus
329 1372 466 1407 divinus.
493 1373 527 1406 V.
549 1372 652 1407 Divini
674 1372 781 1406 cultus
802 1372 1012 1406 observantia.

952 1537 995 1576 Ι)

195 1640 362 1673 Debitores
382 1644 526 1683 petentes
551 1637 755 1671 alternativas
773 1638 821 1669 vel
843 1636 1015 1669 dilationes
1036 1636 1137 1669 teneri
1148 1641 1273 1679 gestare
1296 1635 1443 1678 galerum
1462 1636 1564 1670 viride
1587 1636 1683 1670 etiam
1700 1645 1752 1670 co-

283 1705 353 1727 ram
374 1694 469 1727 Urbis
486 1694 650 1726 iudicibus
671 1698 702 1725 et
719 1702 887 1725 carcerum
909 1691 1146 1731 visitatoriluis;
1168 1691 1223 1735 qui
1244 1700 1320 1724 vero
1332 1702 1385 1724 eas
1395 1692 1610 1732 obtinuerint,
1624 1702 1752 1736 semper

282 1748 361 1780 illud
378 1747 508 1791 publice
529 1752 560 1779 et
580 1751 702 1779 secreto
722 1746 850 1778 deferre
867 1745 978 1777 statuit
997 1745 1116 1777 Paulus
1137 1745 1185 1784 lV⁷
1203 1743 1268 1777 1145
1289 1745 1305 1776 b
1326 1749 1357 1777 et
1370 1744 1435 1779 863
1455 1756 1485 1778 a.
1505 1744 1687 1779 Creditores
1703 1751 1750 1780 ta-

286 1811 360 1834 men
384 1801 471 1833 haud
493 1811 566 1833 raro
587 1811 604 1832 a
625 1799 827 1831 debitoribus
856 1799 1080 1831 fraudulenter
1106 1798 1359 1839 deludebantur,
1384 1798 1463 1833 ibid.
1486 1798 1609 1831 Idcirco
1632 1797 1707 1832 Pius
1728 1798 1752 1831 V

286 1853 429 1887 decrevit
452 1853 677 1885 fraudulentos
697 1852 884 1885 decoctores
906 1851 1020 1884 ultimo
1042 1851 1203 1895 supplicio
1228 1851 1429 1884 damnandos
1449 1862 1530 1891 esse,
1552 1852 1631 1884 ibid.
1645 1857 1748 1897 etseq.

197 1909 378 1941 Decanatus
397 1906 525 1949 collegii
558 1906 743 1939 auditorum
766 1906 865 1938 Rotae
886 1905 1049 1938 Romanae
1070 1910 1193 1949 spectat
1212 1905 1250 1937 ad
1272 1905 1453 1938 auditorem
1485 1904 1700 1949 antiquiorem
1718 1905 1750 1939 in

285 1961 381 1994 Curia
397 1966 544 2004 tempore
563 1959 739 1992 vacationis
755 1964 970 2003 praesentem,
992 1959 1039 1991 vel
1060 1965 1149 1991 extra
1172 1959 1321 1992 eamdem
1343 1958 1472 1992 Curiam
1490 1970 1549 2003 per
1568 1959 1750 1993 Romanum

287 2014 698 2053 Pontificemdestinatum,
726 2013 789 2046 227
815 2014 843 2046 b.

197 2070 389 2102 Dertusense
410 2069 585 2111 collegium
606 2068 646 2100 ad
667 2067 863 2100 erudierulos
885 2067 915 2100 in
938 2067 1001 2100 fide
1022 2066 1181 2100 catholica
1201 2076 1439 2105 neoconversos
1464 2072 1619 2106 erectum,
1641 2067 1706 2101 714
1730 2079 1753 2101 α,

286 2128 316 2155 et
335 2133 397 2166 seq.
421 2122 575 2156 Eiusdem
597 2127 726 2162 statuta,
751 2121 813 2154 715
833 2132 854 2153 α
873 2127 903 2153 et
923 2132 985 2164 seq.
1010 2122 1033 2153 A
1050 2120 1205 2154 Pontifice
1226 2120 1474 2160 confirmantur,
1497 2119 1560 2154 718
1580 2120 1610 2153 b.

197 2176 351 2220 Dignitas,
371 2176 620 2220 qualiscumque
646 2176 696 2213 sit,
725 2176 755 2207 in
778 2175 919 2219 peccatis
939 2175 1061 2208 nemini
1083 2175 1325 2208 excusationem
1346 2175 1505 2219 praebere
1525 2174 1632 2215 dehet,
1656 2174 1698 2208 19
1717 2173 1746 2209 b.

197 2229 372 2272 Dignitates
388 2229 626 2262 conventuales.
657 2229 691 2261 V.
715 2229 906 2262 Electiones.

197 2283 382 2316 Diversorcs
397 2288 429 2316 et
449 2292 612 2326 caupones
632 2281 726 2315 Urbis
753 2293 848 2326 saepe
876 2281 1063 2314 divexantur
1083 2282 1122 2314 ab
1150 2280 1280 2314 advenis
1306 2285 1473 2325 praetextu
1497 2279 1575 2314 furti
1599 2280 1633 2314 in
1661 2280 1748 2326 ipso-

286 2347 358 2370 rum
379 2336 535 2369 damnum
557 2336 719 2369 commissi
742 2337 772 2368 in
801 2336 958 2380 hospitiis,
979 2335 1045 2369 265
1064 2346 1095 2368 a.
1119 2335 1193 2368 Pius
1213 2335 1249 2367 IV
1270 2334 1379 2368 statuit
1404 2334 1587 2378 praedictos
1605 2335 1748 2380 hospites

285 2401 351 2423 non
368 2401 462 2434 posse
486 2389 632 2423 molestia
652 2390 750 2431 affici,
774 2390 834 2423 nisi
859 2395 972 2433 agatur
995 2390 1034 2423 dc
1061 2389 1099 2422 iis
1125 2390 1223 2422 rebus
1252 2399 1335 2432 quae
1361 2388 1502 2422 advenae
1530 2388 1748 2424 diversoribus

285 2444 531 2487 consignarunt,
546 2444 624 2476 ibid.
648 2444 684 2484 b,·
713 2443 882 2487 privilegia
901 2449 932 2477 et
951 2443 1172 2477 ordinationes
1193 2442 1354 2476 societatis
1375 2442 1541 2486 hospitum
1561 2443 1745 2484 confirmat,

284 2498 348 2531 3266
363 2509 405 2538 a,·
433 2498 604 2541 eidemque
628 2498 813 2531 facultatem
853 2498 1009 2541 elargitur
1029 2503 1145 2531 statuta
1166 2496 1327 2530 condendi
1353 2496 1455 2530 sacris
1481 2497 1662 2531 canonibus
1681 2508 1746 2531 non

284 2551 460 2591 contraria,
482 2551 561 2584 ibid.
585 2552 613 2583 b.

195 2606 297 2639 Divini
329 2606 435 2638 cultus
466 2605 680 2645 observantia,
711 2605 842 2639 adiectis
862 2605 986 2649 poenis,
1010 2605 1221 2650 praecipitur,
1244 2603 1309 2637 [435
1329 2604 1357 2637 b.
1382 2604 1544 2649 Pauperes
1560 2603 1594 2637 in
1615 2604 1745 2649 templis

284 2655 522 2706 eleemosynam
540 2666 649 2706 petere
669 2666 848 2705 nequeunt,
870 2660 948 2695 dum
969 2660 1074 2694 officia
1094 2659 1313 2700 celebrantur,
1331 2657 1397 2694 436
1411 2671 1442 2694 a.
1456 2658 1656 2695 Cadaverum
1671 2670 1745 2695 con-
