2237 3100
0 261 43 288 tn.
61 259 89 288 C.
109 259 176 287 ¹567

37 1276 185 1303 Indulgenttas

0 1310 45 1330 eius
61 1308 136 1329 ultan-ia
151 1309 185 1329 vi-

0 1340 113 1362 uitantibus
126 1355 131 1366 ‚

63 2082 189 2110 Festninque

8 2114 126 2136 celebrant.
143 2119 194 2135 con—

9 2146 76 2167 cedit.

874 253 943 279 PIUS
966 253 985 277 V
1009 253 1057 277 1³1².

192 320 256 354 qua
285 309 580 354 praestantissimus
609 309 723 342 doctor
752 307 898 351 migravit.
918 307 949 340 in

194 365 334 403 coelum,
365 358 499 407 posthac
519 373 648 406 semper
667 362 807 395 universi
829 362 949 395 utrius-

194 428 257 461 que
287 428 399 455 serum,
426 417 465 449 ab
486 416 637 450 omnibus
663 416 767 449 vetitis
787 426 823 448 ac
852 414 949 448 serri—

194 471 279 503 libus
299 469 455 514 operibus
480 470 712 513 laboribusque
737 469 949 507 abstinentes,

196 524 312 557 festum
323 524 384 557 divi
394 524 537 556 Thomae
548 523 744 563 solemniter,
757 523 816 555 sub
829 521 951 566 duplici

196 577 311 611 maiori
338 577 457 617 officio,
486 576 568 610 sieut
588 581 711 609 ceteras
732 576 801 609 eius
824 575 952 618 generis

195 631 357 664 solemnes
377 631 573 669 festivitates,
599 641 683 674 quae
708 630 746 663 de
767 629 869 673 ipsius
896 629 952 662 Ec-

196 685 312 718 clesiae
329 689 503 728 praecepto
519 688 700 719 servantur,
717 683 748 715 in
758 682 829 715 aliis
844 687 951 715 autem

195 737 285 771 orbis
325 743 430 771 terrae
471 737 634 781 partibus,
677 735 952 780 quemadmodum

196 796 383 825 sanctorum
411 795 553 833 quatuor
579 790 743 823 Ecclesiae
782 790 952 822 doctorum

196 844 392 885 festivitates,
406 844 479 887 piae
492 843 667 877 memoriae
684 843 839 876 Bonifacii
860 843 954 886 Papae

196 898 273 939 VIII,
290 898 385 932 etiam
398 897 646 942 praedecessoris
656 896 768 937 nostri,
782 901 954 940 praecepto,

198 952 417 992 celebrantur,
431 951 475 984 sic
492 952 643 984 eumdem
658 951 774 983 festum
787 950 872 983 diem
887 960 956 982 san-

198 1006 240 1039 cti
256 1006 399 1038 Thomae
422 1006 455 1038 in
477 1010 673 1049 perpetuum
692 1004 826 1047 posthac
844 1013 956 1036 omnes

198 1060 274 1093 item
304 1059 474 1102 utriusque
502 1069 594 1092 sexus
619 1057 844 1090 christifideles
871 1057 956 1089 eele-

197 1113 293 1146 brent
325 1119 355 1146 et
386 1118 593 1150 venerentur,
622 1110 798 1155 apostoliea
818 1110 957 1143 auctori-

199 1172 262 1200 tate
283 1167 454 1200 statuimus
473 1177 511 1199 ac
531 1165 704 1198 sancimus.

244 1220 259 1263 ἓ
282 1220 315 1253 4.
342 1220 381 1254 Ut
413 1231 488 1254 vero
521 1219 617 1253 etiam
646 1218 828 1252 memoriae
856 1217 956 1250 sancti

201 1273 343 1308 doctoris
370 1273 485 1307 maiori
511 1272 617 1306 studio
638 1283 675 1305 ac
705 1272 822 1315 pietate
851 1271 959 1304 cultus

200 1332 231 1360 et
250 1326 357 1360 debita
374 1327 539 1360 veneratio
564 1326 770 1365 adhibeatur,
793 1325 832 1357 de
853 1323 958 1358 omni-

200 1380 341 1425 potentis
368 1380 423 1413 Dei
463 1391 501 1413 ac
530 1380 701 1413 beatorum
735 1378 959 1422 apostolorum

200 1434 284 1467 Petri
311 1439 342 1467 et
365 1434 455 1467 Pauli
479 1433 669 1467 auctoritate
701 1431 831 1468 conlisi,
853 1431 959 1463 omm-

201 1484 262 1521 bus
287 1488 456 1532 utriusque
482 1498 576 1521 sexus
597 1486 864 1519 cliristifideliluis
889 1495 961 1517 vere

203 1541 447 1586 poenitentibus
480 1547 511 1574 et
536 1540 709 1579 confessis,
745 1539 801 1582 qui
832 1539 863 1571 in
894 1539 961 1582 ipso

203 1595 305 1628 sancti
325 1595 467 1628 Thomae
485 1594 660 1627 festivitatis
676 1594 727 1627 die
743 1594 898 1625 sacellum
916 1593 961 1625 vel

204 1649 304 1682 altare
325 1648 357 1682 in
378 1649 515 1682 ecclesia
536 1648 643 1682 Sancti
663 1646 823 1680 Dominici
843 1646 965 1689 Neapo-

206 1702 296 1735 titani
325 1702 440 1744 situm,
471 1702 503 1734 in
535 1713 600 1745 quo
631 1701 797 1745 scriptoris
826 1699 964 1741 angelici

207 1756 367 1796 doctrina,
389 1756 561 1789 Salvatoris
591 1755 735 1788 crucifixi
770 1765 825 1787 ore
858 1753 963 1797 (sicuti

207 1809 260 1853 pia
282 1815 415 1843 testatur
441 1809 601 1851 historia),
620 1808 812 1842 mirabiliter
832 1807 965 1851 probata

208 1863 279 1904 suit,
297 1874 315 1896 a
336 1863 449 1907 primis
469 1864 539 1896 eius
563 1863 625 1896 diei
642 1862 783 1906 vesperis
804 1872 906 1904 usque
927 1861 966 1893 ad

208 1927 361 1950 occasum
378 1917 466 1957 solis,
481 1917 592 1950 devote
617 1916 824 1956 visitaverint,
844 1921 965 1959 septem

207 1981 309 2003 annos
329 1976 360 2003 et
379 1970 513 2003 totidem
534 1971 767 2013 quadragenas.

253 2024 268 2066 ξ
289 2024 320 2056 5.
343 2024 378 2056 In
399 2023 513 2057 ceteris
533 2029 641 2056 autem
662 2023 750 2056 orbis
770 2028 875 2055 terrae
892 2032 967 2065 par-

209 2076 306 2116 tibus,
338 2076 375 2109 iis
399 2076 455 2120 qui
484 2076 635 2109 eumdem
665 2077 782 2109 festum
804 2075 907 2114 diem,
933 2080 968 2106 ut

208 2130 407 2174 praefertur,
442 2129 630 2163 solemniter
659 2128 909 2167 celebraverint,
937 2132 968 2160 et.

205 2184 248 2216 ad
281 2183 463 2223 ecclesiam,
495 2193 578 2227 quae
608 2183 695 2226 apud
719 2193 773 2215 eos
800 2181 896 2214 suerit
920 2182 967 2214 rel

207 2238 362 2271 sacellum
383 2243 438 2270 aut
466 2238 565 2273 almre
595 2237 654 2270 sub
688 2236 832 2270 eiusdem
867 2236 967 2269 sancti

206 2292 349 2324 Thomae
370 2291 585 2331 invocatione,
604 2291 654 2333 pie
671 2301 708 2323 ac
729 2291 840 2323 devote
860 2300 967 2323 acees-

207 2346 319 2385 serint,
343 2345 470 2389 quoties
494 2344 526 2377 id
547 2344 693 2384 fecerint,
722 2344 815 2376 toties
836 2348 965 2377 eentum

206 2399 275 2432 dies
285 2399 325 2432 de
337 2399 483 2432 iniuncta
499 2398 576 2442 ipsis
592 2397 791 2441 poenitentia
808 2408 867 2441 per
882 2408 965 2441 prze-

209 2448 433 2481 sentesliteras
446 2448 477 2481 in
494 2452 691 2491 perpetuum
703 2446 867 2486 valituras,
887 2457 967 2489 quas

207 2497 268 2529 sub
289 2498 360 2531 aliis
380 2497 618 2540 cuiuscumque
643 2496 771 2539 generis
797 2496 967 2538 indulgen-

210 2545 326 2578 tiarum
359 2546 625 2580 concessionibus
655 2551 686 2578 et.
715 2545 844 2577 illarum
875 2554 966 2577 revo-

208 2594 389 2629 cationibus
403 2596 494 2628 nullo
510 2595 606 2628 modo
622 2593 856 2638 comprehendi
875 2594 966 2625 volu-

209 2656 291 2685 mus,
306 2645 562 2679 misericorditer
573 2645 604 2677 in
620 2643 757 2678 Domino
771 2643 962 2677 relaxamus.

1635 239 1699 274 565
1758 246 1808 272 An.
1822 245 1850 273 c.
1876 245 1943 274 {567

1036 305 1100 349 ἓὸ.
1131 304 1167 337 Et
1194 303 1270 347 quia
1299 301 1428 335 difficile
1463 307 1544 335 esset
1576 301 1633 334 has
1660 302 1746 345 ipsas
1759 313 1865 342 Exemplis
1876 315 1948 335 buum

992 360 1100 392 literas
1115 358 1154 391 ad
1171 357 1297 400 singula
1313 356 1400 389 orbis
1411 361 1572 389 terrarum
1589 356 1660 388 loca
1670 366 1745 399 per·
1760 347 1818 367 “⁰¹¹³
1835 346 1900 367 ‘¹¹¹'st

992 412 1111 452 venire,
1131 412 1280 444 volumus
1306 414 1337 443 et
1360 409 1551 442 auctoritate
1572 408 1747 453 apostoliea

993 465 1200 499 decernimus
1221 470 1256 497 ut
1276 474 1387 497 earum
1409 462 1565 506 exemplis
1585 467 1642 496 etc.

1038 519 1052 561 ξ
1072 519 1103 551 7.
1130 518 1215 550 Nulli
1236 528 1312 560 ergo
1333 522 1390 550 etc.

1037 571 1151 604 Datum
1168 572 1288 604 Romae
1309 571 1395 614 apud
1415 570 1568 603 Sanctum
1596 570 1726 603 Petrum
1741 596 1748 609 ‚

993 635 1078 658 anno
1108 624 1340 658 Incarnationis
1363 624 1543 657 dominicae
1577 623 1751 656 millesimo

994 679 1253 722 quingentesimo
1275 678 1472 720 sexagesimo
1493 677 1642 721 septimo,
1657 677 1751 711 tertio

996 732 1067 765 idus
1086 732 1209 776 aprilis,
1236 731 1444 776 pontificatus
1465 731 1566 764 nostri
1587 741 1672 764 anno
1693 741 1727 764 11.

1036 785 1096 815 [lat.
1115 786 1161 815 die
1185 786 1218 815 tt
1237 786 1339 825 aprilis
1356 786 1442 821 1507,
1463 785 1565 825 pontis.
1582 793 1658 815 anno
1679 794 1708 814 11.

1791 521 1876 542 Sanctio
1901 527 1950 548 poe-

1765 552 1827 573 italia,

1338 936 1397 969 LV.

999 1012 1213 1055 Confirmatio
1243 1012 1414 1044 Iz’lerarwn
1448 1021 1542 1053 super
1570 1010 1755 1043 reductione

1041 1067 1313 1098 ont-masteriorum
1325 1065 1596 1098 Convenlemlium
1617 1064 1756 1096 nonnul-

1037 1120 1139 1152 lorum
1157 1120 1318 1153 Ordimtm
1332 1120 1366 1151 in
1391 1119 1499 1162 refluis
1515 1118 1755 1161 He'spam'armn

1043 1174 1086 1205 ad
1104 1184 1236 1206 snm‘mn
1253 1173 1414 1206 Orde'mtm
1431 1172 1685 1211 observcmtiam,
1701 1172 1757 1203 ad-

1044 1227 1122 1260 clitis
1151 1228 1251 1260 etiam
1280 1227 1322 1259 ad
1342 1227 1376 1259 ist
1401 1226 1654 1269 consequendum
1681 1225 1757 1258 aliis

1044 1281 1307 1314 ordinationibus
1332 1285 1361 1313 et
1386 1279 1672 1321 refornmtionibus
1685 1278 1710 1311 1.

1040 1372 1103 1401 Pius
1122 1373 1193 1407 Papa
1212 1371 1242 1404 V.
1263 1372 1296 1399 ad
1315 1373 1478 1407 perpetuam
1492 1370 1533 1399 rei
1547 1370 1717 1399 memoriam.

1047 1452 1061 1495 ξ
1083 1452 1113 1484 ’1.
1133 1451 1365 1495 Superioribus
1385 1450 1550 1484 mensibus
1566 1455 1759 1483 emanarunt

1004 1516 1019 1537 a
1050 1505 1142 1538 nobis
1168 1505 1279 1538 literae
1310 1505 1342 1537 in
1370 1504 1474 1537 forma
1494 1504 1610 1544 brevis,
1638 1504 1759 1537 tenoris

1005 1558 1241 1601 subsequentis:
1261 1558 1336 1591 Pius
1356 1558 1441 1602 Papa
1457 1558 1492 1598 V,
1506 1558 1545 1590 ad
1568 1563 1758 1601 perpetuam

1006 1612 1051 1644 rei
1075 1612 1278 1645 memoriam.
1310 1612 1443 1644 Maxime
1470 1621 1665 1654 cuperemus
1692 1622 1758 1651 eos,

1005 1666 1076 1709 qui,
1104 1666 1285 1709 religiosam
1307 1665 1402 1698 vitam
1427 1665 1573 1709 professi,
1590 1664 1696 1698 divino
1729 1676 1761 1699 se

1007 1719 1108 1753 eultui
1142 1719 1353 1760 dedicarunt,
1385 1720 1427 1752 ita
1451 1719 1555 1752 vivere
1584 1724 1618 1752 ut
1648 1730 1761 1752 eorum

1007 1773 1130 1816 Religio
1142 1773 1387 1807 immaculatum
1400 1773 1550 1805 decorem
1567 1783 1662 1805 suum
1679 1772 1763 1806 obti-

1008 1834 1110 1868 neret,
1129 1833 1159 1861 ct
1179 1839 1215 1860 ex
1236 1827 1367 1860 illorum
1387 1827 1469 1859 vitae
1500 1837 1536 1859 ac
1556 1837 1686 1859 morum
1706 1827 1764 1859 lio-

1009 1887 1130 1914 nestate
1158 1881 1317 1924 bonisque
1345 1879 1499 1924 operibus
1520 1880 1667 1913 coelestis
1697 1879 1764 1922 glo-

1009 1934 1192 1967 rificaretur
1211 1935 1316 1972 Pater;
1340 1934 1394 1967 sed
1410 1933 1485 1977 quia
1506 1933 1598 1966 multi
1619 1944 1636 1966 a
1654 1933 1764 1965 sunda-

1009 1993 1116 2021 torum
1133 1987 1261 2021 Ordinis
1277 1987 1327 2020 sui
1348 1987 1501 2020 institutis
1517 1986 1613 2020 nimis
1633 1986 1764 2031 iampri-

1009 2043 1081 2075 dem
1103 2042 1265 2082 aberrant,
1284 2041 1370 2086 ipsos
1391 2046 1541 2074 auctores
1561 2046 1591 2073 et
1611 2040 1763 2073 Ordinem

1009 2095 1156 2128 moribus
1185 2096 1251 2128 suis
1279 2106 1345 2128 non
1373 2105 1489 2139 parum
1518 2094 1762 2134 dedecorantes,

1010 2149 1093 2192 cogit
1113 2149 1200 2182 zelus
1225 2149 1341 2182 domus
1368 2148 1495 2181 Domini
1523 2158 1637 2181 eorum
1662 2147 1766 2180 irreli-

1008 2202 1115 2245 giosae
1123 2202 1204 2236 vitae
1219 2208 1314 2246 atque
1330 2202 1490 2243 licentiae,
1500 2200 1765 2245 quandoquidem

1010 2256 1069 2300 ipsi
1098 2257 1232 2290 modum
1261 2256 1330 2290 eius
1357 2256 1483 2288 nullum
1509 2254 1641 2295 faciunt,
1665 2255 1764 2288 finem

1009 2309 1188 2353 imponere.
1215 2310 1285 2343 Non
1313 2309 1380 2342 sine
1414 2319 1529 2352 magna
1556 2308 1654 2341 animi
1689 2319 1765 2342 sane
1807 2319 1881 2345 eausa,
1926 2324 1966 2346 qua

1009 2363 1154 2396 molestia
1184 2364 1277 2397 nobis
1310 2363 1451 2396 innotuit
1486 2362 1600 2395 fratres
1638 2361 1765 2395 Ordinis
1781 2350 1964 2402 ᾗᾚξῇῑζζῗὲζῗζ

1009 2417 1115 2450 Sancti
1140 2417 1302 2450 Francisci
1327 2416 1561 2450 Conventualcs
1582 2414 1613 2448 in
1634 2415 1765 2448 diversis
1780 2413 1966 2465 {5⁰²b0J503253mfflj

1010 2471 1180 2515 Hispaniae
1206 2470 1352 2514 partibus
1384 2475 1414 2503 et
1446 2469 1619 2513 provinciis
1646 2468 1764 2502 consti-
1781 2475 1832 2510 lippi
1847 2474 1864 2495 ¹¹
1890 2473 1963 2509 Risim-

1009 2529 1105 2564 tutos,
1119 2524 1328 2568 professionis
1339 2529 1367 2557 et
1380 2522 1491 2556 salutis
1507 2533 1584 2555 suae
1598 2521 1767 2555 immemo-
1781 2511 1862 2527 ”mum
1882 2510 1946 2531 ἐμ

1009 2589 1077 2618 res,
1107 2583 1138 2612 et
1165 2577 1340 2622 privilegiis
1360 2576 1556 2620 benignitate
1587 2576 1765 2620 impetratis

1800 1457 1848 1478 Pius
1859 1462 1896 1484 per
1903 1456 1957 1477 aliun

1773 1488 1857 1509 litteras
1887 1488 1957 1513 (euius

1774 1520 1807 1540 hie
1824 1522 1886 1540 tenor
1903 1520 1958 1539 tuse-

1775 1551 1845 1576 ritur)
1884 1551 1958 1570 domos

1774 1580 1860 1602 fratrum
1904 1580 1961 1601 Con-

1775 1612 1904 1633 ventualium
1940 1612 1960 1631 in

1776 1642 1875 1670 Hispania
1885 1642 1961 1663 tollen-

1776 1674 1812 1694 das
1828 1676 1939 1694 statuerat.

1047 2653 1055 2677 t
1079 2651 1116 2677 Ex
1136 2651 1241 2685 Regest.
1265 2651 1289 2677 iu
1310 2647 1410 2678 Secret,
1433 2649 1570 2676 Brevium.
