2237 3100
209 215 259 243 An.
277 215 308 244 C.
327 215 396 244 ¹560

234 434 392 463 scelestamque

208 464 230 486 S.
240 465 305 487 Roehi
316 465 392 487 nomae

208 498 331 519 aedificandi
372 502 392 519 et

207 530 329 550 consecrari
365 529 395 550 ta·

208 562 289 587 ciendi;

232 966 278 987 Pia:
299 966 390 987 oblatio—

205 1002 244 1018 nes
263 998 389 1024 recipiendi;

219 2120 312 2143 Mortuos
324 2124 343 2143 in
353 2123 384 2143 di-

201 2156 236 2174 cta
245 2154 338 2175 ecclesia
348 2160 385 2176 se-

454 207 496 244 70

1006 216 1184 243 BULLARIUM
1208 217 1358 242 ROMANUM

409 276 478 305 ctae
499 270 778 313 confraternitatis,
798 282 835 305 ac
855 270 1008 305 officiales
1025 282 1085 315 pro
1104 280 1161 314 gu-
1201 269 1233 302 in
1245 269 1456 304 casibus'Sedi
1472 267 1674 313 Apostolicae
1690 268 1869 310 reservatis,
1883 274 1956 312 post

407 325 595 359 hernatione
615 325 759 359 eiusdem
779 324 915 358 faciendi
937 331 967 359 et
986 325 1156 358 condendi.

452 379 516 424 §3
553 380 597 413 Ac
627 379 659 412 in
692 380 764 413 loco
797 379 899 413 dictae
929 379 1031 423 petiae
1057 385 1159 413 terrae

407 444 505 466 unam
540 433 707 467 ecclesiam
735 433 794 466 sub
828 433 1028 466 invocatione
1052 433 1159 466 Sancti

408 487 508 520 Roclii
528 486 727 525 huiusmodi,
750 487 817 519 sine
842 486 980 519 alicuius
999 486 1160 530 praeiudi-

408 540 469 581 cio,
493 540 635 574 construi
656 546 686 573 et
705 539 886 577 aedificari,
913 545 943 572 et.
967 551 1025 584 per
1049 552 1160 584 quem-

407 605 545 639 cumque
562 594 756 627 catholicum
772 593 944 627 antistitem
961 595 1157 636 consecrari,

405 655 436 682 et
455 649 486 683 in
508 660 561 689 ea,
584 655 753 693 postquam
781 654 965 682 constructa
994 654 1024 682 et
1049 660 1160 683 conse—

405 708 492 736 crata
516 703 616 743 foret,
638 713 693 735 seu
715 702 829 743 etiam,
852 707 1024 746 antequam
1045 714 1158 737 conse-

404 761 565 797 craretur,
589 767 687 800 super
713 757 805 790 altari
830 757 987 800 portatili,
1009 768 1066 801 per
1086 769 1160 801 cap-

404 810 569 854 pellanum
599 822 655 844 seu
682 811 889 855 cappellanos
915 812 1027 844 missas
1047 817 1077 844 et
1097 812 1156 845 alia

404 864 509 897 divina
525 864 630 898 officia
651 865 806 898 celebrari
828 866 978 899 faciendi.

448 918 463 961 ξ
482 917 514 951 4.
538 920 580 951 Ac
601 919 639 952 de
661 920 871 964 elecmosynis
891 925 921 953 et
941 920 1011 953 aliis
1027 921 1087 965 piis
1104 921 1159 954 ob-

404 971 596 1013 lationibus,
618 983 701 1016 quae
726 973 758 1005 in
783 973 867 1005 dicta
882 974 1027 1009 >ecclesia
1048 986 1159 1017 eroga-

405 1030 528 1066 rentur,
547 1038 583 1060 ac
600 1026 694 1059 bonis
710 1027 884 1060 mobilibus
896 1035 925 1061 et
937 1027 1157 1062 immobilibus

403 1080 677 1124 quibuscumque,
691 1093 772 1125 quae
784 1081 886 1115 dictae
903 1082 1156 1116 confraternitati

403 1134 646 1177 quomodolibet
660 1135 935 1178 relinquerentur,
958 1136 989 1168 in
1008 1143 1156 1170 constru-

403 1187 542 1221 ctionem
572 1189 675 1223 dictae
708 1190 863 1223 ecclesiae
884 1196 914 1223 et
934 1190 1021 1223 illius
1046 1202 1158 1223 manu-

402 1241 592 1282 tentionem,
615 1254 742 1276 necnon
764 1243 866 1276 dictae
887 1244 1158 1278 confraternitatis

402 1294 571 1329 utilitatem
601 1307 637 1330 ac
666 1296 727 1330 alia
751 1297 803 1340 pia
829 1308 927 1341 opera
955 1298 1095 1331 caritatis
1128 1304 1157 1331 et

403 1349 482 1382 alios
502 1350 573 1394 pios
592 1361 683 1390 usus,
706 1356 801 1394 prout
827 1362 886 1395 per
910 1351 1014 1384 dictos
1033 1352 1156 1385 confra-

402 1408 466 1435 tres
486 1409 640 1436 statutum
662 1410 692 1437 et
712 1405 895 1437 ordinatum
912 1405 1033 1445 fuisset,
1051 1406 1157 1450 dispo-

402 1456 518 1497 nendi;
553 1457 595 1490 ita
619 1463 654 1490 ut
678 1457 738 1502 ipsi
763 1458 940 1491 confratres
961 1470 1058 1502 super
1078 1459 1154 1496 illis,

402 1520 462 1553 per
481 1511 609 1554 quosvis
623 1538 630 1551 ,
652 1517 717 1544 tam
738 1511 907 1554 religiosos
931 1524 1027 1556 qnam
1049 1524 1158 1546 saecu-

403 1562 497 1605 lares,
520 1570 685 1609 tamquam
702 1565 746 1598 eis
762 1565 875 1598 debitis
889 1567 937 1598 vel
958 1566 997 1599 ad
1014 1577 1068 1599 eos
1083 1578 1157 1610 per-

402 1617 590 1660 tinentibus,
613 1619 709 1652 etiam
736 1625 901 1664 praetextu
926 1631 1159 1664 quorumcum-

402 1683 464 1715 que
486 1672 728 1717 privilegiorum
753 1674 798 1706 eis
823 1685 1069 1714 concessorum,
1093 1686 1158 1708 mo—

401 1726 508 1758 lestari
542 1727 730 1770 nequirent,
758 1727 811 1760 sed
837 1727 967 1760 illorum
993 1728 1157 1771 dispositio

401 1775 503 1808 libera
531 1777 569 1809 ad
597 1776 714 1809 dictam
741 1776 1035 1809 confraternitatem
1063 1778 1158 1821 perti-

401 1831 504 1858 neret.
526 1825 563 1858 Et
582 1825 641 1870 ipsi
663 1826 841 1859 confratres
860 1837 896 1858 ac
918 1837 1031 1858 eorum
1048 1827 1157 1859 ‘eccle-

401 1873 447 1906 sia
466 1874 547 1907 nulli
568 1885 725 1918 personae
748 1875 915 1917 religiosae
931 1875 979 1907 vel
1000 1876 1156 1908 saeculari

402 1929 457 1956 aut,
483 1923 575 1957 alteri
605 1924 748 1958 societati
779 1925 966 1965 subessent,
987 1930 1015 1957 et
1038 1936 1054 1957 a
1074 1936 1155 1968 quo-

400 1984 616 2018 rumcumque
629 1975 766 2008 aliorum
780 1974 985 2019 superiorum
1005 1974 1028 2014 l,
1050 1975 1156 2017 quoad

400 2023 588 2065 praemissa,
611 2024 751 2068 exempti
772 2022 954 2057 existerent.

448 2072 462 2115 ἕ
484 2072 515 2105 5.
539 2073 583 2105 Ac
602 2073 767 2117 quibusvis
787 2072 1050 2106 christifidelibus
1069 2073 1154 2116 apud

400 2120 517 2154 dictam
529 2123 697 2156 ecclesiam
714 2123 915 2167 sepulturam
931 2122 1081 2166 eligendi,
1100 2134 1154 2155 cu-

1202 324 1329 357 finitum
1345 334 1467 357 annum
1482 322 1613 356 iubilaei
1629 328 1706 356 tunc
1722 322 1868 367 proxime
1882 333 1956 355 vcn-

1201 378 1265 411 turi
1288 379 1534 422 (praeterquam
1559 377 1699 411 offensae
1719 377 1954 410 ecclesiasticae

1201 433 1374 472 libertatis,
1398 431 1569 465 criminum
1590 432 1732 465 haeresis
1752 437 1782 465 et
1802 431 1954 465 rebellio-

1201 485 1250 518 nis
1260 491 1314 519 aut
1325 484 1573 530 conspirationis
1593 485 1626 517 in
1641 495 1813 529 personam
1829 485 1876 517 vcl
1894 489 1956 517 sta-

1200 546 1268 573 tum
1296 540 1431 573 Romani
1463 539 1703 583 Pontificisjeu
1724 539 1954 583 Sedem'prae-

1200 595 1309 634 fatam,
1332 593 1477 627 falsitatis
1496 594 1663 626 literarum
1686 593 1952 638 apostolicarum,

1201 648 1475 692 supplicationum
1503 653 1533 680 et
1558 647 1841 689 commissionum,
1867 647 1971 680 inva-v

1202 702 1299 735 sionis
1315 713 1369 735 seu
1386 701 1644 746 depraedationis
1662 707 1716 734 aut
1732 700 1955 734 devastationis

1201 761 1359 789 terrarum
1378 762 1408 789 et
1423 756 1531 796 maris,
1547 755 1708 788 Romanae
1724 755 1875 788 Ecclesiae
1892 765 1956 787 me-

1201 809 1283 842 diate
1304 810 1351 842 vel
1373 809 1557 842 immediate
1579 808 1954 849 subiectorum,offensae

1201 863 1378 907 personalis
1399 863 1430 895 in
1453 862 1641 906 episcopum
1667 863 1715 895 vel
1740 862 1838 895 alium
1860 873 1954 906 prae-

1200 917 1312 958 latum,
1350 908 1577 960 prohibitionis
1604 915 1817 949 devolutionis
1841 927 1954 949 causa-

1200 981 1271 1002 rum
1293 971 1332 1003 ad
1351 970 1529 1003 Romanam
1550 970 1698 1009 Curiam,
1717 969 1886 1002 delationis
1906 980 1957 1002 ar-

1200 1035 1329 1057 morum
1340 1029 1370 1056 et
1386 1024 1525 1057 aliorum
1537 1023 1777 1067 prohibitorum
1794 1023 1831 1055 ad
1847 1029 1954 1067 partes

1201 1077 1403 1120 infidelium),
1425 1078 1524 1110 semel
1548 1077 1712 1109 dumtaxat
1736 1077 1769 1109 in
1788 1076 1861 1118 vita,
1884 1076 1953 1110 aliis

1199 1142 1273 1164 vero
1306 1132 1433 1175 quoties
1462 1136 1684 1175 opportunum
1706 1131 1804 1173 foret,
1828 1129 1953 1164 confes-

1199 1185 1343 1217 sionibus
1363 1186 1428 1219 suis
1448 1185 1618 1228 diligenter
1637 1184 1765 1226 auditis,
1788 1195 1846 1229 pro
1868 1195 1954 1218 com-

1200 1239 1303 1271 missis
1323 1239 1368 1271 eis
1395 1239 1533 1272 debitam
1569 1239 1804 1272 absolutionem
1825 1239 1953 1283 impen-

1199 1293 1303 1331 deret,
1327 1298 1357 1326 et
1377 1293 1560 1337 iniungeret
1583 1293 1813 1336 poenitentiam
1834 1293 1953 1326 saluta-

1199 1357 1278 1379 rem.
1302 1347 1434 1380 Necnon
1454 1352 1524 1379 rota
1545 1357 1769 1390 quaecumque
1790 1347 1954 1390 (ultrama-

1199 1400 1282 1440 rino,
1302 1400 1451 1433 liminum
1467 1401 1688 1444 apostolorum
1708 1400 1792 1432 Petri
1813 1405 1844 1433 et
1862 1400 1952 1433 Pauli

1199 1464 1233 1485 ac
1255 1453 1360 1486 Sancti
1385 1453 1491 1487 iacobi
1517 1454 1549 1486 in
1570 1453 1803 1497 Compostella,
1826 1464 1953 1487 necnon

1199 1507 1350 1540 castitatis
1376 1513 1405 1540 et
1431 1506 1595 1551 religionis
1620 1507 1699 1540 votis
1719 1507 1883 1541 dumtaxat
1903 1518 1953 1541 ex-

1183 1560 1311 1604 ·ceptis)
1336 1561 1367 1593 in
1393 1562 1454 1594 alia
1479 1562 1605 1605 pietatis
1630 1572 1728 1606 opera
1753 1567 1953 1595 commutare

1199 1616 1328 1648 valeret.
1356 1615 1514 1659 Quodque
1535 1616 1716 1658 confessor,
1739 1627 1835 1660 quem
1855 1615 1952 1659 quili-

1198 1669 1250 1702 bet
1286 1670 1431 1713 ipsorum
1458 1670 1658 1703 confratrum
1679 1670 1812 1704 duceret.
1832 1670 1952 1714 eligen-

1199 1723 1293 1764 dum,
1321 1723 1467 1756 omnium
1492 1729 1701 1768 peccatorum
1735 1735 1890 1766 suorum,
1914 1725 1952 1757 de

1199 1777 1317 1819 quilius
1337 1778 1433 1811 corde
1461 1777 1590 1811 contriti
1615 1783 1645 1811 et
1670 1788 1725 1811 ore
1747 1777 1883 1811 confessi
1903 1778 1951 1811 fo-

1199 1836 1281 1872 rent,
1304 1837 1375 1875 post
1395 1832 1516 1865 dictum
1538 1842 1659 1864 annum
1681 1831 1811 1865 iubilaei
1825 1858 1833 1873 ,
1856 1831 1951 1864 etiam

1199 1886 1297 1918 semel
1324 1885 1356 1918 in
1379 1885 1441 1918 vita
1465 1891 1495 1919 ct
1515 1885 1548 1918 in
1569 1885 1682 1918 mortis
1702 1885 1858 1925 articulo,
1881 1885 1951 1929 ple-

1199 1950 1271 1971 nam
1298 1940 1520 1973 remissionem
1546 1940 1590 1973 eis
1615 1945 1645 1972 et
1669 1950 1783 1973 eorum
1805 1939 1951 1978 cuilibet,

1198 1992 1228 2024 in
1250 1993 1432 2027 sinceritate
1459 1994 1532 2027 fidei
1561 1999 1591 2027 et
1616 1994 1738 2026 unitate
1762 1993 1866 2027 dictae
1888 1993 1952 2026 Ro-

1197 2057 1310 2080 manae
1339 2048 1520 2089 Ecclesiac,
1544 2059 1580 2080 ac
1601 2047 1783 2080 obedientia
1806 2053 1836 2080 et
1856 2047 1951 2080 devo-

1198 2100 1282 2134 tione
1304 2113 1360 2134 sna
1383 2113 1420 2135 ac
1442 2112 1665 2135 successorum
1682 2112 1816 2134 suorum
1837 2101 1952 2134 Roma-

1196 2164 1312 2187 norum
1344 2156 1537 2189 Pontificum
1573 2155 1727 2189 canonice
1763 2155 1949 2188 intrantium

1969 211 2019 240 An.
2036 212 2066 240 C.
2084 210 2153 241 {³60

201 2184 303 2212 peneum
400 2171 496 2205 iusvis
516 2172 644 2205 licentia
666 2183 764 2217 super
787 2178 818 2205 et
842 2173 919 2205 alias
948 2172 1080 2205 minime
1107 2184 1155 2205 re—
1273 2209 1278 2214 ¹
1370 2210 1375 2214 Ι
1490 2210 1494 2215 ,
1524 2209 1529 2214 ⁸
1574 2209 1579 2214 ·
1778 2210 1782 2214 ι

400 2221 529 2265 quisita,
549 2222 711 2255 licentiam
728 2233 765 2255 ac
781 2223 965 2255 facultatem
982 2221 1150 2255 concessit.
1196 2210 1452 2251 l'ffl'fflffffllbu&
1472 2210 1531 2242 Slbl
1550 2209 1634 2243 dlCffl
1660 2213 1850 2242 ὓΠΟῙΟΙἾῙὶΙῐθ
1874 2218 1950 2251 ἱίΡΟ·

445 2272 460 2313 ξ
479 2272 510 2305 6,
546 2272 677 2306 Necnon
703 2271 850 2305 dus-entis
877 2283 913 2304 cx
934 2271 1054 2304 eisdem
1075 2282 1153 2304 con-
1196 2263 1305 2296 stolica
1326 2264 1503 2297 concedere
1524 2270 1648 2308 posset,
1670 2263 1812 2296 indulsit.

240 2327 386 2348 Confessorem
401 2312 553 2355 fratribus
573 2328 603 2356 et
623 2333 735 2356 eorum
757 2321 901 2363 cuilibet,
924 2326 956 2354 ut
978 2321 1017 2353 ad
1033 2321 1153 2354 dictum
1240 2316 1254 2359 ξ
1274 2317 1304 2351 7.
1324 2318 1503 2359 Praeterea,
1522 2323 1554 2351 ut
1572 2317 1655 2351 dicta
1676 2315 1811 2350 ecclesia
1823 2317 1948 2350 facilius
1994 2326 2146 2353 indulgentiam

1196 2372 1338 2404 construi
1359 2378 1389 2405 et
1409 2373 1588 2414 aedificari,
1612 2378 1658 2413 et,
1680 2377 1851 2416 postquam
1872 2382 1948 2405 COH-
1961 2359 2146 2412 :iissnelc'iiessiiiri

1196 2426 1315 2454 structa
1336 2428 1365 2455 et
1384 2422 1551 2456 aedificata
1572 2423 1663 2461 soret,
1686 2421 1890 2454 manuteneri
1910 2432 1948 2455 ac
1961 2421 2134 2447 ‘¹³s8⁵¹¹¹⁵‘¹‘¹·

201 2364 238 2386 pro
247 2359 387 2380 confratribus

202 2390 294 2417 eugendi
312 2393 360 2416 m„
402 2381 575 2405 numerum
609 2372 774 2404 dumtaxat
806 2376 837 2403 et
869 2381 934 2404 non
962 2371 1046 2403 ultra
1077 2376 1153 2403 tunc

402 2420 624 2463 praesentibus
653 2426 683 2453 et
712 2419 845 2460 futuris,
869 2424 903 2452 ut
927 2420 1067 2463 aliquem
1088 2419 1154 2452 ido-

401 2479 499 2502 neum
519 2469 741 2513 presbyterum
762 2469 960 2502 saecularem
979 2470 1028 2501 vel
1049 2468 1154 2501 cuius-

400 2519 445 2551 vis
465 2518 593 2552 Ordinis
612 2519 794 2561 regularem
829 2518 862 2550 in
896 2528 991 2550 suum
1025 2522 1154 2561 possent

401 2569 520 2612 eligere
540 2569 769 2609 consessorem,
789 2567 857 2612 qui,
870 2567 932 2601 rita
944 2567 1002 2601 sibi
1024 2568 1152 2608 comite,

438 2629 449 2655 1
467 2627 568 2664 Supple
587 2629 748 2655 anctoritate
764 2627 803 2663 (n.
824 2626 871 2662 τ,).

1196 2471 1393 2504 ornamentis
1414 2471 1636 2505 ecclesiasticis
1660 2470 1806 2503 decorari
1832 2476 1863 2504 et
1887 2471 1948 2504 sul-

1234 2539 1241 2563 Ι
1262 2538 1331 2564 Haec
1348 2538 1508 2573 indulgentia
1525 2541 1564 2565 est
1584 2537 1710 2573 plenaria,
1738 2542 1766 2564 ut
1792 2546 1855 2565 mox
1880 2537 1946 2565 infra

1194 2581 1308 2615 dicetur;
1326 2583 1413 2618 quoad
1432 2591 1495 2610 vero
1506 2583 1672 2618 porrigentes
1684 2590 1776 2609 manus
1791 2582 1944 2616 adiutrices,

1195 2627 1392 2655 revocationem
1409 2628 1471 2657 vide
1486 2627 1512 2655 in
1532 2626 1723 2655 constitutione
1738 2627 1775 2656 Pii
1796 2627 1827 2658 V,
1844 2627 1910 2656 Etsi.
