2237 3100
62 284 112 310 An.
128 283 157 310 C.
177 282 245 311 1568

88 658 153 679 Poena
160 659 180 679 in
192 664 245 680 con-

63 691 199 712 trudictores.

92 1948 214 1970 ctausulae.

949 278 1017 303 PIUS
1041 279 1060 301 V
1078 278 1127 302 PP.

263 333 376 372 fertur,
395 337 610 372 concernunt,
622 331 753 365 realiter
764 335 794 364 et
804 341 877 363 cum
889 330 1017 370 effectu,

261 386 329 418 sine
349 385 415 417 ulla
436 395 526 417 mora
546 390 602 417 aut
621 385 785 424 dilatione,
808 383 932 417 restitui
961 395 1017 416 cu-

262 449 312 472 res
333 443 364 471 et
379 438 488 478 facias,
502 443 683 481 caeteraque
695 449 787 481 geras
803 442 833 470 et
850 437 1019 480 exequaris

262 502 346 536 quae
366 491 398 524 in
419 491 604 535 praemissis
616 490 795 524 necessaria
818 490 934 523 suerint
962 501 1016 523 scu

261 544 507 588 quomodolibet
532 550 727 588 opportuna.

307 598 321 642 ἓ
339 599 368 632 5.
392 599 455 631 Nos
476 598 562 631 enim
583 598 643 630 hoc
658 602 784 630 nostrae
802 597 915 629 firmae
927 602 957 629 et
973 595 1018 628 iu-

263 651 504 684 commutabilis
524 651 641 683 mentis
665 655 693 683 et
714 649 887 682 voluntatis
907 650 1016 688 fuisse,

262 714 330 737 esse
356 709 386 736 et
410 704 478 737 sore
503 704 620 736 harum
642 703 724 735 serie
750 702 957 735 decernimus
989 707 1019 735 et,

261 757 466 790 declaramus
483 784 490 797 ,
513 757 636 800 tibique
653 755 909 789 contradictores
920 766 1018 798 quos-

262 810 341 844 libet
360 815 391 843 et
410 810 572 849 rebelles,
613 821 650 843 ac
684 810 716 842 in
744 809 929 853 praemissis
962 809 1019 841 tibi

261 874 376 908 parcre
396 868 585 897 recusantes
620 874 677 896 seu
703 862 901 901 differentes,
924 862 948 894 si
967 873 1018 894 ar-

262 916 463 961 chiepiscopi
497 922 528 950 et
548 916 693 960 episcopi
714 915 834 949 fuerint.
852 942 859 955 ,
887 915 946 947 sub
970 915 1018 947 in-

262 970 389 1003 terdicti
409 969 575 1013 ingressus
595 969 753 1003 ecclesiae
781 980 816 1001 ac
832 967 1018 1013 suspensio-

261 1023 312 1056 nis
331 1033 349 1056 a
373 1023 501 1063 divinis;
524 1023 696 1056 inferiores
721 1032 795 1054 vero
817 1033 875 1065 per
900 1032 1020 1064 poenas

261 1076 319 1110 tibi
356 1076 438 1110 visas
456 1103 463 1117 ‚
492 1082 523 1110 et
556 1076 652 1109 etiam
677 1075 852 1108 sententias
893 1080 923 1107 et
943 1085 1018 1107 cen-

263 1140 354 1162 suras
387 1128 621 1163 ecclesiasticas
666 1129 793 1172 aliaque
837 1133 1019 1171 opportuna

263 1183 343 1216 iuris
351 1182 626 1223 etfactiremedia,
639 1181 856 1226 appellatione
865 1192 1020 1225 quacum-

263 1247 326 1280 que
346 1236 523 1280 postposita
558 1241 588 1269 et
613 1240 753 1275 remota,
772 1234 1018 1278 coinpescendi3

264 1299 484 1332 censurasque
510 1294 540 1322 et
552 1300 673 1333 poenas
685 1289 769 1332 ipsas
786 1288 882 1321 etiam
900 1287 1021 1320 iteratis

263 1342 386 1376 vicibus
406 1343 611 1386 aggravandi,
627 1342 903 1385 interdictumque
916 1342 1020 1374 eccle-

264 1396 428 1430 siasticum
445 1396 478 1430 in
494 1397 574 1430 locis
603 1397 635 1428 in
654 1395 773 1440 quibus
794 1395 849 1427 tibi
871 1395 1021 1439 expedire

263 1450 424 1483 videbitur
443 1450 643 1495 apponendi,
666 1449 791 1482 brachii
813 1459 942 1492 quoque
956 1458 1023 1480 sae-

265 1504 383 1537 cularis
402 1504 559 1537 auxilium
580 1504 620 1536 ad
639 1504 714 1543 hoc,
738 1502 763 1536 si
789 1512 870 1546 opus
898 1501 995 1534 suerit
1013 1527 1019 1541 ,

264 1557 454 1598 invocandi,
472 1557 600 1602 aliaque
620 1557 658 1589 ad
676 1556 930 1601 praemissorum
952 1565 1022 1587 exe-

264 1611 430 1645 cutionem
456 1611 635 1655 spectantia
673 1609 814 1643 faciendi
838 1636 845 1649 ,
891 1608 1020 1651 agendi,

264 1664 439 1698 mandandi
460 1672 491 1698 et
510 1664 703 1708 exequendi,
722 1664 864 1707 plenam,
887 1662 1022 1694 liberam

265 1723 296 1752 et
315 1718 537 1752 omnimodam
558 1718 744 1751 facultatem
762 1744 770 1757 ,
797 1715 1022 1749 auctoritatem

266 1777 296 1806 et
310 1777 503 1816 potestatem
526 1783 584 1815 per
604 1772 733 1805 easdem
750 1775 936 1814 praesentes
948 1779 1024 1802 con—

266 1826 412 1859 cedimus
438 1832 468 1859 et
488 1826 709 1870 impartimur.

311 1879 369 1924 56.
393 1879 463 1912 ‘Non
483 1879 687 1912 obstantibus
708 1878 893 1922 praemissis
910 1877 1024 1910 litteris

265 1936 296 1964 et
316 1930 391 1963 inde
412 1930 532 1962 secutis
571 1940 607 1962 ac
628 1929 797 1972 quibusvis
818 1928 1023 1961 constitutio-

265 1980 362 2014 nibus
383 1986 413 2013 et
442 1979 702 2012 ordinationibus
732 1978 941 2022 apostolicis,
965 1988 1025 2010 nec

265 2040 332 2064 non
353 2029 505 2062 omnibus
530 2028 593 2061 illis
613 2038 696 2071 quae
718 2027 749 2059 in
771 2026 892 2059 eisdem
911 2026 1025 2059 litteris

266 2078 428 2112 voluimus
449 2088 512 2110 non
529 2078 669 2117 obstare,
692 2076 883 2118 caeterisque
900 2082 1026 2109 contra-

266 2128 324 2161 riis
343 2128 620 2171 quibuscumque.
634 2126 697 2159 Seu
715 2126 738 2159 si
756 2125 1023 2169 archiepiscopis,

268 2177 432 2221 episcopis
459 2176 510 2209 vel
525 2176 679 2208 fratribus
689 2174 720 2208 S.
736 2174 923 2218 Hieronymi
934 2186 1025 2217 prae-

268 2224 360 2260 dictis
393 2230 448 2258 aut
467 2224 634 2268 quibusvis
645 2223 728 2263 aliis,
747 2223 965 2256 communiter
978 2224 1025 2256 vel

268 2274 455 2313 divisim,ab
468 2274 581 2307 eadem
604 2274 735 2306 sitSede
749 2272 912 2305 indultum
939 2274 1026 2316 quod

267 2324 429 2365 interdici,
446 2323 599 2367 suspendi
611 2324 660 2355 vel
672 2321 949 2355 excommunicari
961 2333 1024 2355 non

268 2371 787 2419 possintperlitterasapostolicas
798 2382 863 2403 non
873 2371 1027 2404 facientes

269 2424 400 2468 plenam
417 2429 447 2456 et
467 2433 651 2467 expressam
672 2432 709 2454 ac
730 2422 768 2454 de
791 2421 888 2453 verbo
904 2420 944 2452 ad
959 2432 1026 2453 vcr-

269 2476 348 2509 bum
366 2475 405 2508 de
426 2473 552 2506 indulto
574 2471 763 2505 huiusmodi
789 2470 1000 2504 mentionem.

313 2523 428 2556 Datum
463 2522 583 2554 Romae
608 2521 694 2564 apud
728 2521 757 2554 S.
784 2520 932 2559 Petrum,
968 2519 1026 2551 sub

271 2574 392 2607 annulo
403 2571 587 2611 Piscatoris‚
601 2570 651 2604 die
667 2581 742 2603 xvni
758 2570 864 2603 martii
875 2579 1026 2609 nntxvni,

273 2624 481 2668 pontificatus
502 2621 602 2656 nostri
627 2631 712 2654 anno
729 2630 774 2653 111.

312 2673 372 2704 Dat.
389 2674 436 2704 die
456 2672 493 2702 18
508 2672 606 2702 martii
624 2671 716 2708 1558,
733 2669 835 2710 pontis.
855 2677 930 2699 auno
947 2677 988 2699 ιιι.

1706 264 1771 298 663
1831 274 1880 299 An.
1901 274 1929 300 c.
1948 273 2015 301 1568

1399 326 1474 360 XCI.

1061 396 1198 428 Fructus
1219 394 1457 436 beneficiormn,
1476 392 1532 424 {ite
1541 391 1700 434 pendente
1721 392 1815 434 depo-

1107 448 1312 490 nendt',apnd
1326 448 1473 479 idoneam
1490 456 1663 489 personam
1680 456 1699 477 (ι
1713 446 1816 477 iudice

1106 502 1285 545 eligsenclam
1309 501 1426 543 deponi
1453 500 1576 537 debent,
1598 508 1664 530 non
1685 498 1815 530 obstan-

1107 557 1189 588 tibus
1207 556 1453 598 quibuscumque
1472 552 1606 585 statutis
1619 551 1817 594 disponente]-

1107 610 1162 641 [ηις
1191 608 1273 651 qnod
1307 607 1451 650 capitula.
1476 610 1505 637 et
1526 605 1677 638 canonici
1697 615 1746 636 cos
1767 615 1816 636 re-

1107 662 1234 705 cipiant
1257 661 1281 693 ¹.

1152 733 1214 761 Pius
1234 732 1374 768 episcopus
1395 738 1490 760 servus
1507 737 1648 760 servorum
1664 729 1720 763 Dei,

1210 787 1243 814 ad
1262 787 1423 822 perpetuam
1442 785 1484 813 rei
1501 784 1670 813 memoriam.

1105 848 1200 882 Cordi
1219 848 1311 881 nobis
1331 852 1378 880 est
1402 846 1472 880 lites
1493 846 1653 885 minuere,
1681 850 1712 878 et
1732 856 1749 878 a
1771 845 1818 877 la-

1062 902 1195 935 boribus
1216 901 1385 939 subditos,
1418 900 1555 932 maxime
1582 909 1736 943 personas
1765 909 1818 932 ec-

1062 955 1257 989 clesiasticas
1272 954 1380 986 divino
1397 952 1498 986 cultui
1515 953 1649 992 deditas,
1664 953 1815 985 relevare.

1107 1009 1120 1051 ξ
1142 1009 1170 1040 sl.
1188 1008 1270 1041 Sane
1283 1018 1370 1045 cum,
1385 1006 1468 1039 sicut
1483 1006 1680 1049 accepimuS,
1704 1005 1735 1037 in
1750 1005 1818 1048 ple·
1897 1017 2017 1038 senencia-

1064 1062 1172 1105 risque
1193 1061 1434 1093 cathedralibus
1455 1065 1485 1092 et
1502 1058 1682 1102 collegiatis
1714 1059 1818 1091 eccle·
1835 1056 1880 1102 ¹12¹,ss
1892 1049 2019 1100 „fflffi'sc'ffi

1063 1116 1128 1155 siis,
1159 1125 1272 1148 earum
1303 1113 1588 1146 constitutionibus
1621 1117 1651 1145 et
1681 1112 1817 1152 statutis,
1835 1113 1943 1147 PP¹U¹0¹¹¹⁹
1974 1116 2012 1138 Ῥεῖ

1063 1169 1159 1201 etiam
1195 1179 1212 1200 a
1238 1168 1318 1200 Sede
1349 1166 1532 1210 Apostolica
1565 1165 1752 1209 approbatis
1790 1170 1821 1198 et
1835 1143 1970 1200 {¹³2¹iii‘1ii'2hiz'1
1987 1148 2020 1192 c:

1063 1221 1274 1257 confirmatis,
1298 1225 1429 1254 cautum
1450 1219 1489 1251 sit
1504 1219 1603 1262 quod,
1622 1218 1821 1251 occurrenti-
1835 1208 2018 1256 ἓὲῗᾷζῗξίνῖυῗζε

1065 1276 1123 1307 bus
1144 1275 1253 1307 litibus
1273 1280 1303 1306 et
1324 1272 1550 1306 controversiis
1579 1272 1661 1304 inter
1678 1271 1821 1315 provisos
1835 1265 2020 1317 [ἒξέζξῗξῂὸξζζ

1064 1329 1103 1361 de
1125 1327 1348 1371 dignitatibus,
1375 1326 1504 1365 officiis,
1528 1325 1772 1358 canonicatibus
1791 1330 1822 1358 et
1836 1326 2010 1348 turim¹¹¹⁰r¹³¹e⁵

1066 1381 1269 1426 praebendis,
1298 1379 1503 1423 portionibus
1523 1384 1553 1412 et
1583 1378 1823 1422 praestimoniis

1065 1435 1265 1477 caeterisque
1290 1433 1456 1466 beneficiis
1477 1431 1703 1466 ecclesiasticis
1722 1431 1823 1475 quali-

1066 1494 1256 1531 tercumque
1292 1486 1486 1531 qualificatis
1509 1513 1517 1527 ,
1559 1490 1623 1518 tam
1661 1484 1824 1518 ordinaria

1064 1552 1162 1585 quam
1193 1540 1370 1585 apostolica
1390 1539 1582 1572 auctoritate
1603 1565 1609 1579 ,
1637 1543 1701 1571 tam
1726 1548 1825 1582 super

1065 1595 1198 1627 illorum
1229 1593 1411 1637 provisione
1432 1603 1488 1626 seu
1529 1591 1730 1624 institutione
1770 1596 1826 1624 aut

1066 1648 1281 1692 possessione,
1304 1657 1402 1690 quam
1428 1647 1560 1679 illorum
1597 1645 1770 1678 idoneitate
1796 1650 1826 1677 et

1066 1701 1242 1741 habilitate,
1264 1705 1318 1733 aut
1336 1711 1372 1732 ex
1393 1699 1504 1742 quavis
1517 1709 1627 1739 causa,
1645 1703 1676 1731 et
1693 1709 1824 1731 eorum-

1066 1756 1137 1788 dem
1160 1755 1199 1787 ad
1225 1754 1417 1797 dignitates,
1441 1751 1651 1785 canonicatus
1680 1757 1711 1784 et
1730 1762 1825 1796 prae-

1066 1808 1187 1841 bendas
1207 1813 1400 1850 caeteraque
1423 1805 1582 1839 beneficia
1608 1805 1825 1839 ecclesiastica

1067 1862 1231 1907 praedicta
1251 1860 1445 1895 admissione
1466 1866 1496 1893 et
1510 1859 1707 1904 receptione,
1721 1864 1752 1891 et
1772 1870 1825 1892 ca-

1067 1916 1207 1960 pitulum
1228 1922 1258 1950 et
1284 1915 1458 1948 canonicos
1493 1918 1701 1956 caeterasque
1735 1913 1825 1957 capi-

1067 1973 1188 2005 tulares
1218 1983 1397 2017 personas,
1433 1972 1472 2004 ad
1497 1982 1579 2014 quos
1610 1970 1761 2003 admissio
1796 1976 1825 2003 et

1068 2026 1210 2070 receptio
1225 2054 1232 2067 ‚
1266 2032 1329 2059 tam
1352 2026 1391 2059 de
1422 2027 1492 2058 iure
1508 2035 1606 2068 quam
1627 2036 1664 2058 ex
1690 2035 1826 2057 consue-

1069 2081 1335 2124 tiuline,·spectat
1357 2085 1388 2113 et
1404 2079 1552 2123 pertinet,
1569 2084 1624 2111 aut
1639 2078 1736 2111 etiam
1748 2078 1827 2111 alias

1069 2145 1222 2177 personas
1235 2134 1468 2167 ecclesiasticas
1480 2137 1657 2165 asserentes
1668 2132 1826 2166 beneficia

1068 2188 1233 2232 praedicta
1267 2188 1305 2220 ad
1328 2198 1360 2220 se
1382 2188 1420 2220 de
1436 2187 1506 2219 iure
1527 2190 1686 2229 spectare,
1710 2186 1769 2229 ipsi
1780 2186 1825 2219 sic

1069 2242 1187 2285 provisi
1216 2242 1346 2275 interim
1366 2240 1602 2273 beneficiorum
1622 2239 1823 2279 huiusmodi,

1068 2296 1193 2329 fructus
1222 2307 1259 2329 ac
1280 2294 1524 2328 distributiones
1544 2303 1610 2326 non
1631 2285 1823 2337 percipiant,

1069 2346 1123 2377 sed
1152 2344 1330 2388 capitulum
1361 2349 1391 2376 et
1425 2342 1572 2376 canonici
1603 2342 1674 2374 illas
1712 2343 1759 2375 vel
1793 2342 1826 2376 in

1069 2405 1143 2428 suos
1164 2405 1242 2427 usus
1263 2398 1293 2425 et
1307 2392 1477 2425 utilitatem
1497 2390 1741 2431 convertendas,
1769 2402 1826 2425 seu

1068 2443 1282 2477 restituendas
1303 2442 1343 2481 ei,
1364 2441 1415 2474 cui
1445 2441 1483 2474 de
1512 2440 1583 2473 iure
1608 2439 1826 2472 restituendae

1069 2498 1175 2534 erunt,
1202 2491 1480 2535 recipiant‚prout
1497 2489 1530 2522 in
1550 2488 1642 2522 dictis
1669 2489 1825 2522 constitu-

1860 855 1981 875 Exordium.

1109 2553 1116 2578 l
1136 2552 1174 2578 De
1189 2551 1336 2586 sequestris
1352 2553 1441 2575 autem
1462 2556 1475 2574 a
1497 2547 1628 2574 iudicibus
1650 2547 1827 2574 decernendis

1068 2600 1150 2626 super
1166 2591 1299 2618 fructibus
1316 2589 1504 2616 beneficiorum
1526 2588 1571 2615 lite
1591 2587 1740 2624 pendente,
1767 2586 1828 2614 vide

1071 2631 1109 2659 Pii
1131 2632 1164 2660 lV
1185 2631 1402 2658 constitutionem
1428 2635 1499 2661 xxti,
1530 2629 1727 2660 sanctissimus,
1750 2627 1828 2653 huius

1071 2676 1134 2700 tomi
1148 2680 1209 2707 pag.
1225 2673 1268 2699 77.
