2237 3100
53 267 103 294 Au.
119 265 148 293 C.
168 263 237 295 1566

84 1083 195 1104 etausutae
210 1083 245 1104 de*

58 1116 186 1140 rogatortae.

89 2040 156 2062 tussia
177 2039 247 2066 publi-

61 2075 130 2096 candi.

112 2321 173 2342 Fides
188 2323 247 2341 tran-

63 2359 201 2383 sumptorum.

933 269 999 293 ritis
1023 269 1040 292 V
1066 268 1112 291 PP.

255 324 362 365 motis,
383 334 440 358 seu
452 324 613 358 licentiam
630 323 779 358 medendi
800 323 1002 361 habentibus,

1693 252 1750 285 431

1091 320 1202 352 l'tatum
1220 318 1338 351 Romae
1361 316 1445 359 apud
1472 316 1624 347 Sanctum
1651 315 1795 353 Petrum,

255 377 407 412 omnibus
435 377 515 411 iuris
545 379 697 411 remediis
726 378 868 421 exigant,
900 388 1005 421 nequev
1048 368 1798 407 snt·a11111110Pis021t‹›1·is,dievninutrtiinnnxvi,

255 430 381 474 aliquos
414 432 453 464 ad
479 432 675 466 medendum
701 431 733 464 in
768 431 949 465 civitatibus
977 436 1007 464 et

254 485 458 518 dioecesibus
477 485 649 529 praedictis
668 485 849 525 admittant,
876 485 936 518 nisi
963 485 1007 518 eis

255 538 435 572 constiterit
445 539 575 573 eosdem
591 539 810 572 iuramentum
821 538 1007 571 huiusmodi

256 592 466 638 praestitisse,
496 597 527 626 et
556 597 764 626 contumaces
786 597 816 625 et.
842 591 950 625 iurare
971 602 1007 625 ae

257 646 476 679 iuramentum
507 645 695 680 huiusmodi
726 647 787 679 iam
818 646 1007 689 praestitum

258 699 410 732 exhibere
439 705 626 733 recusantes
650 699 752 743 gradu
781 697 959 732 medicinae
980 703 1009 731 et

257 752 409 785 omnibus
428 752 601 797 privilegiis
621 753 742 786 eisdem
762 752 915 793 medicis,
947 757 1008 785 tam

258 805 457 839 coniunctim
482 817 580 850 quam
609 806 744 848 divisim,
774 806 819 840 eis
848 811 1009 840 eteorum

258 859 392 893 cuilibet
411 860 572 894 concessis
592 871 651 904 per
666 861 806 904 quosvis,
832 860 927 894 etiam
948 860 1011 893 Ro-

259 923 373 946 manos
391 913 575 955 Pontifices,
589 914 726 958 privent,
749 925 787 948 ac
807 915 845 947 ab
866 914 1010 957 ingressu

258 966 415 1001 ecclesiae
434 973 578 1009 arceant,
600 969 704 1002 donec
723 965 930 1012 resipuerint.

303 1021 319 1065 ξ
343 1020 375 1054 8.
398 1022 468 1056 Non
496 1022 699 1056 obstantibus
719 1022 916 1066 praemissis,
945 1023 1014 1070 pri-

260 1076 393 1120 vilegiis,
420 1076 565 1117 indultis,
596 1077 698 1111 literis
717 1078 913 1122 apostolicis,
940 1080 1014 1124 qui-

260 1130 368 1164 busvis
396 1131 553 1175 personis,
581 1132 716 1175 collegio
741 1137 771 1165 et
792 1132 1013 1175 universitati,

260 1184 321 1218 sub
337 1184 503 1228 quibusvis
522 1185 695 1218 verborum
712 1185 823 1218 formis
843 1191 874 1218 et.
892 1187 1015 1220 tenori-

261 1238 334 1278 bus,
356 1238 529 1280 concessis,
556 1249 640 1281 qnae
665 1239 786 1279 omnia,
808 1240 915 1282 quoad
937 1241 1015 1274 ess'e-

262 1296 350 1324 ctum
363 1291 532 1324 validitatis
548 1291 787 1324 constitutionis
809 1298 937 1326 nostrae
950 1299 1016 1327 tan-

261 1350 342 1384 tum,
360 1354 560 1384 revocamus,
575 1354 741 1377 cassamus
752 1347 783 1378 e't
793 1347 1013 1388 annullamus3

261 1402 293 1431 et
322 1407 436 1431 omnes
465 1397 631 1442 principes
660 1399 843 1432 saeculares
866 1411 904 1433 ac
937 1401 1017 1435 alios

261 1451 410 1484 dominos
433 1456 464 1484 et
484 1451 690 1494 magistratus
711 1454 906 1497 temporales
923 1464 1016 1498 roga-

262 1514 346 1544 mus,
382 1504 581 1548 requirimus
609 1510 640 1538 et
668 1506 877 1539 obsecramus
898 1518 956 1551 per
976 1508 1018 1540 vi-

261 1567 352 1590 scera
371 1557 614 1592 misericordiae
641 1559 713 1592 Iesu
733 1558 863 1601 Christi,
896 1560 1015 1594 eisdem

262 1610 294 1643 in
318 1611 542 1645 remissionem
562 1617 772 1656 peccatorum
803 1613 1017 1648 nihilominus

262 1664 468 1707 iniungentes
489 1665 588 1709 quod,
603 1665 635 1698 in
651 1666 836 1709 praemissis
852 1667 1015 1708 omnibus,

262 1717 383 1751 eisdem
408 1718 617 1761 patriarchis,
653 1719 858 1763 primatibus,
894 1721 1018 1754 archie-

262 1771 404 1815 piscopis
430 1777 461 1805 et
485 1771 646 1816 episcopis
665 1772 831 1812 assistant,
863 1778 893 1805 et
922 1764 1017 1806 suum

261 1825 403 1858 favorem
425 1829 456 1858 et
475 1825 632 1858 auxilium
662 1830 845 1868 praestentf,
877 1837 914 1858 ac
940 1837 1017 1860 con-

263 1877 467 1911 trafacientes
487 1878 612 1922 poenis,
642 1879 737 1912 etiam
766 1879 1015 1922 temporalibus,

263 1931 414 1964 afficiant.

307 1984 374 2027 §9-
401 1984 557 2018 Volumus
586 1990 694 2018 autem
723 1986 809 2029 quod
835 1992 1019 2028 praesentes

262 2037 374 2070 literae
394 2037 426 2070 in
451 2038 651 2072 Cancellaria
676 2044 707 2071 et
726 2038 796 2071 acie
816 2038 927 2082 Campi
946 2039 1018 2072 Flo-

263 2101 317 2124 rae
338 2091 566 2134 publicentur,
602 2097 633 2125 et
661 2091 745 2125 inter
774 2092 1019 2126 constitutiones

262 2148 500 2189 extravagantes
520 2150 679 2189 perpetuo
698 2144 851 2177 valituras
875 2145 1018 2178 conscri-

262 2198 392 2231 bantur.

307 2253 322 2295 §
341 2251 396 2286 10.
422 2252 461 2285 Et
480 2251 557 2296 quia
576 2251 706 2284 difficile
730 2251 813 2284 foret
834 2258 1020 2295 praesentes

264 2311 303 2344 ad
324 2311 449 2354 singula
461 2321 610 2354 quaeque
630 2311 702 2343 loca
717 2310 848 2350 deferri,
869 2311 1020 2344 volumus

265 2374 296 2403 ct
320 2370 416 2402 etiam
441 2370 645 2403 declaramus
675 2369 763 2413 quod
793 2379 905 2401 earum
932 2374 1019 2403 tran-

265 2428 413 2473 sumptis,
440 2428 535 2461 etiam
556 2427 737 2471 impressis,
762 2437 861 2460 manu
882 2428 1020 2462 alicuius

265 2485 383 2520 notarii
394 2485 594 2529 subscriptis,
615 2495 652 2518 ac
668 2484 772 2527 sigillo
784 2484 922 2518 alicuius
938 2496 1019 2529 prze-

264 2544 320 2577 lati
344 2542 497 2583 munitis,
534 2543 646 2576 eadem
680 2552 814 2586 prorsus
846 2542 926 2575 fides
946 2543 1018 2575 ubi-

265 2611 407 2645 cumque
431 2600 642 2640 adhibeatur,
678 2610 761 2643 quae
794 2599 1019 2643 praesentibus

265 2659 485 2700 adhiberetur,
495 2658 631 2692 sisorent
641 2657 800 2692 exhibitae
810 2657 858 2691 vel
868 2662 1014 2691 ostenste.

1048 426 1255 470 pontificatus
1274 423 1373 457 nostri
1392 432 1477 455 anno
1499 432 1519 454 1.

1108 483 1168 513 Dat.
1188 483 1234 512 dic
1250 483 1267 512 8
1287 481 1383 511 martii
1408 480 1493 516 1506,
1507 479 1609 518 pontis.
1629 487 1706 508 anno
1725 488 1742 507 1.

1395 658 1455 690 Vll.

1051 739 1231 773 Iuln'laetcttm
1258 747 1317 779 pro
1343 735 1461 767 masone
1488 731 1751 773 a‘lcrislisialele'um
1775 735 1803 762 et

1096 792 1279 833 defensioue
1298 788 1491 831 reipublivtte
1512 785 1713 817 vlo-{stimmo
1730 794 1803 816 eon-

1099 851 1149 878 Ινιι
1171 843 1314 887 infideles
1338 841 1360 873 ί.

1054 928 1116 956 Pius
1129 925 1199 961 Papa
1214 924 1233 952 V
1249 921 1382 951 universis
1400 918 1625 948 christifidelibus
1647 916 1806 952 praesentes

1099 980 1198 1008 literas
1230 974 1398 1011 inspecturis
1424 973 1544 1002 satutem
1572 972 1602 999 et
1630 970 1807 1006 apostoticam

1099 1033 1324 1064 benedictionem..

1732 1107 1808 1117 nniu-

1101 1111 1181 1145 Cum
1201 1110 1386 1155 gravissima
1411 1114 1441 1141 et
1459 1102 1637 1153 asperi-ima,
1665 1103 1726 1146 11ἶῖἶῖ

1058 1166 1171 1209 populi
1191 1165 1369 1205 christiani,
1392 1165 1517 1210 inquae
1530 1165 1736 1210 pontificatus
1753 1178 1810 1201 no-

1058 1225 1122 1251 ster
1147 1218 1270 1260 incidit,
1299 1219 1564 1262 consideramus,
1601 1220 1810 1264 perturbatur

1058 1271 1172 1305 intimo
1187 1273 1299 1305 dolore
1312 1284 1368 1305 cor
1384 1279 1570 1307 nostrumet
1582 1284 1708 1307 summo
1726 1285 1812 1309 moc-

1060 1336 1132 1358 rore
1152 1326 1336 1366 conficitur,
1358 1331 1426 1359 tum
1442 1338 1479 1360 ex
1498 1328 1622 1361 (lamnis
1647 1330 1811 1363 calamita-

1060 1379 1210 1421 tibusque
1230 1381 1466 1423 praesentibus,
1499 1387 1566 1414 tum
1594 1392 1631 1415 ex
1651 1384 1812 1426 magnitu-

1059 1432 1133 1465 dine
1154 1433 1596 1476 periculoruminstantium.
1618 1436 1763 1479 Namque
1784 1444 1815 1469 et

1060 1486 1092 1518 in
1112 1486 1222 1518 multis
1243 1486 1428 1530 provinciis,
1453 1493 1583 1531 propter
1603 1489 1751 1523 haereses
1767 1490 1814 1522 in-

1061 1540 1236 1580 troductas,
1259 1550 1324 1572 non
1345 1540 1412 1572 sine
1438 1540 1611 1575 miserabili
1631 1542 1813 1576 animarum

1061 1592 1216 1635 pernicie,
1238 1593 1405 1626 christiani
1426 1595 1539 1637 populi
1556 1596 1662 1629 unitas
1679 1606 1814 1630 concor-

1060 1645 1176 1688 diaque
1198 1645 1356 1689 dirempta
1376 1652 1434 1687 cst,
1458 1652 1489 1680 et
1499 1639 1581 1680 dum
1596 1649 1739 1693 reliquae
1756 1661 1813 1683 na-

1061 1698 1163 1731 tiones
1195 1699 1385 1732 catholicam
1419 1700 1517 1734 fidem
1550 1702 1649 1735 verbo
1683 1703 1813 1746 quidem

1061 1751 1266 1794 profitentur,
1287 1753 1379 1786 sactis
1397 1760 1505 1787 autem
1536 1761 1567 1787 et
1587 1755 1733 1789 moribus
1758 1767 1814 1790 ne-

1060 1815 1225 1848 quaquam
1254 1806 1309 1839 tali
1337 1808 1529 1850 professioni
1562 1811 1816 1853 congruentibus

1060 1858 1161 1890 Deum
1181 1859 1320 1901 graviter
1339 1860 1524 1902 offendunt,
1555 1867 1650 1895 aucta
1677 1869 1725 1897 est
1754 1864 1815 1897 mi-

1061 1922 1134 1943 rum
1155 1911 1187 1944 in
1217 1913 1349 1945 modum
1376 1914 1552 1957 impiorum
1583 1916 1725 1949 hostium
1756 1928 1814 1960 po-

1063 1964 1160 1997 tentia
1180 1972 1209 1998 et
1237 1966 1317 1999 adeo
1342 1967 1456 2009 crevit,
1484 1973 1519 2000 ut
1538 1968 1601 2001 iam
1622 1970 1815 2004 christianae

1061 2017 1260 2061 reipublicae
1281 2020 1367 2053 salus
1387 2021 1419 2053 in
1441 2027 1619 2054 extremum
1641 2023 1815 2057 discrimen

1061 2070 1199 2104 adducta
1220 2071 1269 2105 sit.
1292 2073 1440 2112 Quotidie
1461 2074 1546 2106 enim
1574 2075 1613 2108 ad
1637 2085 1697 2108 nos
1725 2081 1756 2109 ct
1775 2076 1814 2108 li-

1062 2128 1148 2157 terae
1173 2131 1201 2157 et
1228 2126 1339 2159 nuncii
1368 2127 1550 2161 afferuntur
1579 2128 1618 2161 de
1645 2129 1813 2171 classibus,

1061 2176 1101 2209 de
1136 2178 1237 2221 copiis
1257 2185 1287 2212 et
1312 2181 1516 2223 pedestribus
1541 2186 1572 2214 et
1597 2183 1813 2225 equestribus,

1061 2230 1100 2263 de
1120 2231 1252 2275 reliquis
1272 2233 1369 2266 rebus
1396 2233 1436 2266 ad
1462 2234 1624 2268 bellorum
1658 2241 1687 2270 et
1712 2242 1814 2271 terre-

1062 2285 1175 2317 strium
1199 2291 1229 2319 et
1251 2287 1491 2321 maritimorum
1513 2300 1590 2322 usus
1610 2291 1812 2332 necessariis,

1061 2349 1141 2381 quas
1160 2340 1401 2383 potentissimus
1417 2347 1447 2374 et
1466 2341 1718 2377 immanissimus
1732 2345 1815 2378 Tur-

1062 2402 1173 2436 carum
1197 2397 1363 2436 tyrannus,
1386 2394 1566 2428 incredibili
1591 2396 1709 2437 studio,
1742 2398 1815 2431 dili-

1061 2445 1167 2488 gentia
1196 2457 1233 2479 ac
1258 2453 1390 2492 sumptu
1416 2454 1594 2491 comparat,
1624 2450 1663 2482 ad
1691 2450 1814 2484 bellum

1060 2503 1147 2531 terra
1176 2500 1323 2543 marique
1353 2500 1529 2534 christiano
1558 2503 1681 2545 populo
1708 2503 1813 2547 primo

1061 2561 1191 2595 quoque
1211 2559 1358 2597 tempore
1378 2553 1595 2595 inserendum,
1616 2561 1647 2588 et
1666 2555 1813 2590 christia-

1060 2614 1191 2645 norum,
1213 2616 1278 2639 non
1303 2606 1494 2650 religionem
1514 2608 1623 2649 modo,
1641 2609 1695 2642 sed
1716 2609 1812 2642 etiam

1097 2668 1107 2693 l
1126 2666 1166 2693 Ex
1186 2667 1249 2694 edit.
1269 2668 1341 2704 typis
1360 2669 1390 2695 R.
1411 2669 1438 2696 C.
1457 2670 1487 2697 A.
1507 2678 1553 2705 per
1573 2670 1694 2697 Baldum.

1818 261 1865 287 Αη.
1885 261 1913 286 C.
1931 260 2002 287 1566

1853 1101 1942 1121 Peccata
1952 1100 2010 1119 elui-

1731 1134 1811 1157 ιιυιιι
1851 1138 1853 1140 -

1825 1152 1940 1173 stiunnrum
1977 1155 2001 1179 pq

1825 1186 1939 1205 tenuiorem
1961 1182 2011 1205 red-

1824 1216 1875 1236 ‹tunt
1896 1216 2012 1235 exercituin

1825 1247 1945 1267 'l'urcarunr
