<?xml version="1.0" encoding="UTF-8"?>
<!DOCTYPE html PUBLIC "-//W3C//DTD XHTML 1.0 Transitional//EN"
    "http://www.w3.org/TR/xhtml1/DTD/xhtml1-transitional.dtd">
<html xmlns="http://www.w3.org/1999/xhtml" xml:lang="en" lang="en">
 <head>
  <title>
</title>
<meta http-equiv="Content-Type" content="text/html;charset=utf-8" />
  <meta name='ocr-system' content='tesseract 3.04.00' />
  <meta name='ocr-capabilities' content='ocr_page ocr_carea ocr_par ocr_line ocrx_word'/>
</head>
<body>
  <div class='ocr_page' id='page_1' title='image "./bullarumdiplomat07cath_0212.png"; bbox 0 0 2237 3100; ppageno 0'>
   <div class='ocr_carea' id='block_1_1' title="bbox 265 296 451 326">
    <p class='ocr_par' dir='ltr' id='par_1_1' title="bbox 265 296 451 326">
     <span class='ocr_line' id='line_1_1' title="bbox 265 296 451 326; baseline 0.005 -3"><span class='ocrx_word' id='word_1_1' title='bbox 265 296 315 324; x_wconf 76' lang='lat' dir='ltr'>An.</span> <span class='ocrx_word' id='word_1_2' title='bbox 333 297 368 326; x_wconf 89' lang='lat' dir='ltr'>C.</span> <span class='ocrx_word' id='word_1_3' title='bbox 383 297 451 326; x_wconf 70' lang='lat'>¹562</span> 
     </span>
    </p>
   </div>
   <div class='ocr_carea' id='block_1_2' title="bbox 246 2437 434 2556">
    <p class='ocr_par' dir='ltr' id='par_1_2' title="bbox 246 2437 434 2556">
     <span class='ocr_line' id='line_1_2' title="bbox 274 2437 433 2460; baseline 0 -1"><span class='ocrx_word' id='word_1_4' title='bbox 274 2437 433 2460; x_wconf 69' lang='lat' dir='ltr'>faculis-inlit-</span> 
     </span>
     <span class='ocr_line' id='line_1_3' title="bbox 246 2470 434 2497; baseline 0 -7"><span class='ocrx_word' id='word_1_5' title='bbox 246 2470 308 2490; x_wconf 83' lang='lat' dir='ltr'>bendi</span> <span class='ocrx_word' id='word_1_6' title='bbox 347 2470 434 2497; x_wconf 70' lang='lat' dir='ltr'>quibun-</span> 
     </span>
     <span class='ocr_line' id='line_1_4' title="bbox 247 2502 433 2527; baseline 0.005 -6"><span class='ocrx_word' id='word_1_7' title='bbox 247 2505 334 2527; x_wconf 82' lang='lat' dir='ltr'>cumque</span> <span class='ocrx_word' id='word_1_8' title='bbox 356 2502 433 2522; x_wconf 85' lang='lat' dir='ltr'>iudici-</span> 
     </span>
     <span class='ocr_line' id='line_1_5' title="bbox 246 2529 369 2556; baseline 0.008 -5"><span class='ocrx_word' id='word_1_9' title='bbox 246 2530 284 2551; x_wconf 73' lang='lat' dir='ltr'>bus</span> <span class='ocrx_word' id='word_1_10' title='bbox 299 2529 369 2556; x_wconf 53' lang='lat' dir='ltr'>Urbim</span> 
     </span>
    </p>
   </div>
   <div class='ocr_carea' id='block_1_3' title="bbox 510 287 576 321">
    <p class='ocr_par' dir='ltr' id='par_1_3' title="bbox 510 287 576 321">
     <span class='ocr_line' id='line_1_6' title="bbox 510 287 576 321; baseline 0.03 -2"><span class='ocrx_word' id='word_1_11' title='bbox 510 287 576 321; x_wconf 76' lang='lat'>174</span> 
     </span>
    </p>
   </div>
   <div class='ocr_carea' id='block_1_4' title="bbox 447 349 1217 2723">
    <p class='ocr_par' dir='ltr' id='par_1_4' title="bbox 447 349 1217 2372">
     <span class='ocr_line' id='line_1_7' title="bbox 464 349 1217 391; baseline -0.001 -7"><span class='ocrx_word' id='word_1_12' title='bbox 464 349 551 384; x_wconf 89' lang='lat' dir='ltr'>sterii</span> <span class='ocrx_word' id='word_1_13' title='bbox 570 350 836 391; x_wconf 87' lang='lat' dir='ltr'>Convertitarum,</span> <span class='ocrx_word' id='word_1_14' title='bbox 858 349 997 383; x_wconf 88' lang='lat' dir='ltr'>iudicem</span> <span class='ocrx_word' id='word_1_15' title='bbox 1017 350 1217 383; x_wconf 87' lang='lat' dir='ltr'>ordinarium</span> 
     </span>
     <span class='ocr_line' id='line_1_8' title="bbox 464 404 1216 448; baseline -0.001 -11"><span class='ocrx_word' id='word_1_16' title='bbox 464 410 495 437; x_wconf 88' lang='lat' dir='ltr'>et</span> <span class='ocrx_word' id='word_1_17' title='bbox 528 410 720 448; x_wconf 88' lang='lat' dir='ltr'>perpetuum</span> <span class='ocrx_word' id='word_1_18' title='bbox 739 432 746 445; x_wconf 92' lang='lat'>,</span> <span class='ocrx_word' id='word_1_19' title='bbox 787 405 826 438; x_wconf 89' lang='lat' dir='ltr'>ad</span> <span class='ocrx_word' id='word_1_20' title='bbox 865 404 1043 448; x_wconf 81' lang='lat' dir='ltr'>praedictas</span> <span class='ocrx_word' id='word_1_21' title='bbox 1089 414 1216 437; x_wconf 80' lang='lat' dir='ltr'>necnon</span> 
     </span>
     <span class='ocr_line' id='line_1_9' title="bbox 463 457 1212 502; baseline -0.001 -12"><span class='ocrx_word' id='word_1_22' title='bbox 463 468 685 502; x_wconf 88' lang='lat' dir='ltr'>quascumque</span> <span class='ocrx_word' id='word_1_23' title='bbox 706 458 801 495; x_wconf 84' lang='lat' dir='ltr'>alias,</span> <span class='ocrx_word' id='word_1_24' title='bbox 825 457 945 491; x_wconf 89' lang='lat' dir='ltr'>similes</span> <span class='ocrx_word' id='word_1_25' title='bbox 965 458 1011 490; x_wconf 88' lang='lat' dir='ltr'>vel</span> <span class='ocrx_word' id='word_1_26' title='bbox 1033 457 1212 495; x_wconf 76' lang='lat' dir='ltr'>dissimiles,</span> 
     </span>
     <span class='ocr_line' id='line_1_10' title="bbox 463 511 1214 552; baseline 0 -8"><span class='ocrx_word' id='word_1_27' title='bbox 463 521 593 544; x_wconf 88' lang='lat' dir='ltr'>causam</span> <span class='ocrx_word' id='word_1_28' title='bbox 614 517 644 544; x_wconf 90' lang='lat' dir='ltr'>et</span> <span class='ocrx_word' id='word_1_29' title='bbox 665 523 788 552; x_wconf 82' lang='lat' dir='ltr'>causas,</span> <span class='ocrx_word' id='word_1_30' title='bbox 809 522 845 544; x_wconf 87' lang='lat' dir='ltr'>ae</span> <span class='ocrx_word' id='word_1_31' title='bbox 865 511 960 543; x_wconf 84' lang='lat' dir='ltr'>etiam</span> <span class='ocrx_word' id='word_1_32' title='bbox 986 511 1171 544; x_wconf 77' lang='lat' dir='ltr'>criminales</span> <span class='ocrx_word' id='word_1_33' title='bbox 1187 516 1214 544; x_wconf 90' lang='lat' dir='ltr'>et</span> 
     </span>
     <span class='ocr_line' id='line_1_11' title="bbox 462 565 1214 609; baseline 0.004 -13"><span class='ocrx_word' id='word_1_34' title='bbox 462 565 586 605; x_wconf 85' lang='lat' dir='ltr'>mixtas,</span> <span class='ocrx_word' id='word_1_35' title='bbox 609 570 673 597; x_wconf 91' lang='lat' dir='ltr'>tam</span> <span class='ocrx_word' id='word_1_36' title='bbox 699 576 756 609; x_wconf 87' lang='lat' dir='ltr'>per</span> <span class='ocrx_word' id='word_1_37' title='bbox 779 576 832 598; x_wconf 86' lang='lat' dir='ltr'>eos</span> <span class='ocrx_word' id='word_1_38' title='bbox 853 569 883 597; x_wconf 87' lang='lat' dir='ltr'>et</span> <span class='ocrx_word' id='word_1_39' title='bbox 903 570 1015 597; x_wconf 85' lang='lat' dir='ltr'>contra</span> <span class='ocrx_word' id='word_1_40' title='bbox 1035 576 1089 598; x_wconf 83' lang='lat' dir='ltr'>eos</span> <span class='ocrx_word' id='word_1_41' title='bbox 1110 571 1138 598; x_wconf 88' lang='lat' dir='ltr'>et</span> <span class='ocrx_word' id='word_1_42' title='bbox 1160 576 1214 599; x_wconf 89' lang='lat' dir='ltr'>eo-</span> 
     </span>
     <span class='ocr_line' id='line_1_12' title="bbox 461 618 1215 663; baseline 0.001 -13"><span class='ocrx_word' id='word_1_43' title='bbox 461 629 534 650; x_wconf 90' lang='lat' dir='ltr'>rum</span> <span class='ocrx_word' id='word_1_44' title='bbox 563 618 741 660; x_wconf 71' lang='lat' dir='ltr'>singulares</span> <span class='ocrx_word' id='word_1_45' title='bbox 770 629 923 662; x_wconf 87' lang='lat' dir='ltr'>personas</span> <span class='ocrx_word' id='word_1_46' title='bbox 944 629 1041 661; x_wconf 88' lang='lat' dir='ltr'>super</span> <span class='ocrx_word' id='word_1_47' title='bbox 1061 620 1215 663; x_wconf 88' lang='lat' dir='ltr'>praemis-</span> 
     </span>
     <span class='ocr_line' id='line_1_13' title="bbox 461 671 1214 715; baseline 0.004 -11"><span class='ocrx_word' id='word_1_48' title='bbox 461 671 514 711; x_wconf 87' lang='lat' dir='ltr'>sis,</span> <span class='ocrx_word' id='word_1_49' title='bbox 536 682 573 704; x_wconf 86' lang='lat' dir='ltr'>ae</span> <span class='ocrx_word' id='word_1_50' title='bbox 593 671 852 715; x_wconf 89' lang='lat' dir='ltr'>quibuscumque</span> <span class='ocrx_word' id='word_1_51' title='bbox 868 672 938 705; x_wconf 88' lang='lat' dir='ltr'>aliis</span> <span class='ocrx_word' id='word_1_52' title='bbox 953 672 1068 713; x_wconf 76' lang='lat' dir='ltr'>rebuS,</span> <span class='ocrx_word' id='word_1_53' title='bbox 1090 673 1214 707; x_wconf 89' lang='lat' dir='ltr'>iuribus</span> 
     </span>
     <span class='ocr_line' id='line_1_14' title="bbox 460 724 1214 769; baseline 0.003 -11"><span class='ocrx_word' id='word_1_54' title='bbox 460 729 490 758; x_wconf 89' lang='lat' dir='ltr'>et</span> <span class='ocrx_word' id='word_1_55' title='bbox 509 724 701 765; x_wconf 77' lang='lat' dir='ltr'>actionibus,</span> <span class='ocrx_word' id='word_1_56' title='bbox 719 736 817 769; x_wconf 85' lang='lat' dir='ltr'>super</span> <span class='ocrx_word' id='word_1_57' title='bbox 831 726 924 759; x_wconf 88' lang='lat' dir='ltr'>bonis</span> <span class='ocrx_word' id='word_1_58' title='bbox 940 732 970 759; x_wconf 88' lang='lat' dir='ltr'>et</span> <span class='ocrx_word' id='word_1_59' title='bbox 986 727 1094 767; x_wconf 87' lang='lat' dir='ltr'>rebus,</span> <span class='ocrx_word' id='word_1_60' title='bbox 1109 728 1214 761; x_wconf 84' lang='lat' dir='ltr'>cuins-</span> 
     </span>
     <span class='ocr_line' id='line_1_15' title="bbox 460 778 1211 822; baseline 0.007 -13"><span class='ocrx_word' id='word_1_61' title='bbox 460 788 600 821; x_wconf 80' lang='lat' dir='ltr'>cumque</span> <span class='ocrx_word' id='word_1_62' title='bbox 625 778 799 821; x_wconf 76' lang='lat' dir='ltr'>qualitatis,</span> <span class='ocrx_word' id='word_1_63' title='bbox 827 779 1025 822; x_wconf 77' lang='lat' dir='ltr'>quantitatis,</span> <span class='ocrx_word' id='word_1_64' title='bbox 1047 781 1163 814; x_wconf 90' lang='lat' dir='ltr'>valoris</span> <span class='ocrx_word' id='word_1_65' title='bbox 1183 787 1211 814; x_wconf 83' lang='lat' dir='ltr'>et</span> 
     </span>
     <span class='ocr_line' id='line_1_16' title="bbox 458 831 1213 872; baseline 0.003 -9"><span class='ocrx_word' id='word_1_66' title='bbox 458 836 592 864; x_wconf 85' lang='lat' dir='ltr'>naturae</span> <span class='ocrx_word' id='word_1_67' title='bbox 613 831 759 872; x_wconf 80' lang='lat' dir='ltr'>existant,</span> <span class='ocrx_word' id='word_1_68' title='bbox 782 837 813 865; x_wconf 89' lang='lat' dir='ltr'>et</span> <span class='ocrx_word' id='word_1_69' title='bbox 845 833 884 865; x_wconf 91' lang='lat' dir='ltr'>ad</span> <span class='ocrx_word' id='word_1_70' title='bbox 916 834 1148 866; x_wconf 85' lang='lat' dir='ltr'>monasterium</span> <span class='ocrx_word' id='word_1_71' title='bbox 1183 841 1213 868; x_wconf 92' lang='lat' dir='ltr'>et</span> 
     </span>
     <span class='ocr_line' id='line_1_17' title="bbox 457 883 1208 931; baseline 0.004 -15"><span class='ocrx_word' id='word_1_72' title='bbox 457 883 613 917; x_wconf 81' lang='lat' dir='ltr'>moniales</span> <span class='ocrx_word' id='word_1_73' title='bbox 624 885 782 928; x_wconf 84' lang='lat' dir='ltr'>praefatas</span> <span class='ocrx_word' id='word_1_74' title='bbox 797 886 984 919; x_wconf 88' lang='lat' dir='ltr'>huiusmodi</span> <span class='ocrx_word' id='word_1_75' title='bbox 1002 888 1208 931; x_wconf 76' lang='lat' dir='ltr'>pertinentes,</span> 
     </span>
     <span class='ocr_line' id='line_1_18' title="bbox 456 937 1210 982; baseline 0.008 -13"><span class='ocrx_word' id='word_1_76' title='bbox 456 937 540 971; x_wconf 89' lang='lat' dir='ltr'>inter</span> <span class='ocrx_word' id='word_1_77' title='bbox 560 948 614 971; x_wconf 88' lang='lat' dir='ltr'>eos</span> <span class='ocrx_word' id='word_1_78' title='bbox 638 949 673 971; x_wconf 87' lang='lat' dir='ltr'>ac</span> <span class='ocrx_word' id='word_1_79' title='bbox 695 950 860 982; x_wconf 85' lang='lat' dir='ltr'>personas,</span> <span class='ocrx_word' id='word_1_80' title='bbox 887 940 1120 980; x_wconf 79' lang='lat' dir='ltr'>universitates,</span> <span class='ocrx_word' id='word_1_81' title='bbox 1144 942 1210 975; x_wconf 93' lang='lat' dir='ltr'>col-</span> 
     </span>
     <span class='ocr_line' id='line_1_19' title="bbox 456 991 1211 1037; baseline 0.003 -14"><span class='ocrx_word' id='word_1_82' title='bbox 456 991 537 1033; x_wconf 81' lang='lat' dir='ltr'>legia</span> <span class='ocrx_word' id='word_1_83' title='bbox 567 1002 623 1024; x_wconf 90' lang='lat' dir='ltr'>seu</span> <span class='ocrx_word' id='word_1_84' title='bbox 657 993 727 1026; x_wconf 88' lang='lat' dir='ltr'>loca</span> <span class='ocrx_word' id='word_1_85' title='bbox 748 993 819 1037; x_wconf 85' lang='lat' dir='ltr'>pia,</span> <span class='ocrx_word' id='word_1_86' title='bbox 843 994 936 1026; x_wconf 86' lang='lat' dir='ltr'>etiam</span> <span class='ocrx_word' id='word_1_87' title='bbox 963 994 1161 1037; x_wconf 73' lang='lat' dir='ltr'>privilegiata</span> <span class='ocrx_word' id='word_1_88' title='bbox 1182 999 1211 1027; x_wconf 60' lang='lat' dir='ltr'>et,</span> 
     </span>
     <span class='ocr_line' id='line_1_20' title="bbox 457 1047 1210 1092; baseline 0.005 -16"><span class='ocrx_word' id='word_1_89' title='bbox 457 1050 621 1088; x_wconf 82' lang='lat' dir='ltr'>exempta,</span> <span class='ocrx_word' id='word_1_90' title='bbox 645 1051 710 1078; x_wconf 91' lang='lat' dir='ltr'>tam</span> <span class='ocrx_word' id='word_1_91' title='bbox 737 1047 838 1079; x_wconf 82' lang='lat' dir='ltr'>active</span> <span class='ocrx_word' id='word_1_92' title='bbox 863 1057 960 1090; x_wconf 86' lang='lat' dir='ltr'>quam</span> <span class='ocrx_word' id='word_1_93' title='bbox 987 1047 1125 1090; x_wconf 79' lang='lat' dir='ltr'>passive,</span> <span class='ocrx_word' id='word_1_94' title='bbox 1151 1058 1210 1092; x_wconf 89' lang='lat' dir='ltr'>pro</span> 
     </span>
     <span class='ocr_line' id='line_1_21' title="bbox 456 1100 1210 1142; baseline 0.004 -12"><span class='ocrx_word' id='word_1_95' title='bbox 456 1102 601 1142; x_wconf 87' lang='lat' dir='ltr'>tempore</span> <span class='ocrx_word' id='word_1_96' title='bbox 622 1101 811 1140; x_wconf 79' lang='lat' dir='ltr'>movendas,</span> <span class='ocrx_word' id='word_1_97' title='bbox 833 1101 920 1133; x_wconf 87' lang='lat' dir='ltr'>iuxta</span> <span class='ocrx_word' id='word_1_98' title='bbox 945 1100 1141 1134; x_wconf 85' lang='lat' dir='ltr'>ordinariam</span> <span class='ocrx_word' id='word_1_99' title='bbox 1163 1101 1210 1133; x_wconf 92' lang='lat' dir='ltr'>iu-</span> 
     </span>
     <span class='ocr_line' id='line_1_22' title="bbox 455 1150 1209 1197; baseline 0.007 -15"><span class='ocrx_word' id='word_1_100' title='bbox 455 1150 674 1185; x_wconf 89' lang='lat' dir='ltr'>risdictionem</span> <span class='ocrx_word' id='word_1_101' title='bbox 691 1163 745 1186; x_wconf 91' lang='lat' dir='ltr'>seu</span> <span class='ocrx_word' id='word_1_102' title='bbox 759 1154 955 1193; x_wconf 77' lang='lat' dir='ltr'>facultatem,</span> <span class='ocrx_word' id='word_1_103' title='bbox 968 1159 1031 1187; x_wconf 91' lang='lat' dir='ltr'>tam</span> <span class='ocrx_word' id='word_1_104' title='bbox 1047 1154 1209 1197; x_wconf 71' lang='lat' dir='ltr'>guberna-</span> 
     </span>
     <span class='ocr_line' id='line_1_23' title="bbox 454 1205 1209 1248; baseline 0.005 -12"><span class='ocrx_word' id='word_1_105' title='bbox 454 1205 515 1237; x_wconf 88' lang='lat' dir='ltr'>tori</span> <span class='ocrx_word' id='word_1_106' title='bbox 537 1216 633 1248; x_wconf 86' lang='lat' dir='ltr'>quam</span> <span class='ocrx_word' id='word_1_107' title='bbox 655 1207 792 1240; x_wconf 86' lang='lat' dir='ltr'>auditori</span> <span class='ocrx_word' id='word_1_108' title='bbox 818 1207 969 1240; x_wconf 82' lang='lat' dir='ltr'>Gamerae</span> <span class='ocrx_word' id='word_1_109' title='bbox 1005 1219 1060 1240; x_wconf 87' lang='lat' dir='ltr'>seu</span> <span class='ocrx_word' id='word_1_110' title='bbox 1089 1207 1209 1241; x_wconf 89' lang='lat' dir='ltr'>vicario</span> 
     </span>
     <span class='ocr_line' id='line_1_24' title="bbox 455 1257 1209 1302; baseline 0.005 -13"><span class='ocrx_word' id='word_1_111' title='bbox 455 1257 547 1290; x_wconf 82' lang='lat' dir='ltr'>Urbis</span> <span class='ocrx_word' id='word_1_112' title='bbox 568 1260 710 1302; x_wconf 75' lang='lat' dir='ltr'>praefato</span> <span class='ocrx_word' id='word_1_113' title='bbox 731 1265 758 1292; x_wconf 90' lang='lat' dir='ltr'>et</span> <span class='ocrx_word' id='word_1_114' title='bbox 781 1271 894 1293; x_wconf 88' lang='lat' dir='ltr'>eorum</span> <span class='ocrx_word' id='word_1_115' title='bbox 918 1260 1047 1294; x_wconf 80' lang='lat' dir='ltr'>cuilibet</span> <span class='ocrx_word' id='word_1_116' title='bbox 1076 1261 1209 1294; x_wconf 88' lang='lat' dir='ltr'>attribu-</span> 
     </span>
     <span class='ocr_line' id='line_1_25' title="bbox 455 1312 1209 1356; baseline 0.007 -15"><span class='ocrx_word' id='word_1_117' title='bbox 455 1315 518 1342; x_wconf 86' lang='lat' dir='ltr'>tam</span> <span class='ocrx_word' id='word_1_118' title='bbox 546 1321 600 1343; x_wconf 89' lang='lat' dir='ltr'>seu</span> <span class='ocrx_word' id='word_1_119' title='bbox 631 1312 815 1352; x_wconf 86' lang='lat' dir='ltr'>attributas,</span> <span class='ocrx_word' id='word_1_120' title='bbox 839 1324 896 1356; x_wconf 88' lang='lat' dir='ltr'>per</span> <span class='ocrx_word' id='word_1_121' title='bbox 916 1324 948 1345; x_wconf 84' lang='lat' dir='ltr'>se</span> <span class='ocrx_word' id='word_1_122' title='bbox 964 1314 1011 1346; x_wconf 82' lang='lat' dir='ltr'>vel</span> <span class='ocrx_word' id='word_1_123' title='bbox 1033 1314 1102 1346; x_wconf 91' lang='lat' dir='ltr'>eius</span> <span class='ocrx_word' id='word_1_124' title='bbox 1122 1314 1209 1347; x_wconf 87' lang='lat' dir='ltr'>audi-</span> 
     </span>
     <span class='ocr_line' id='line_1_26' title="bbox 454 1367 1208 1410; baseline 0.005 -15"><span class='ocrx_word' id='word_1_125' title='bbox 454 1369 556 1396; x_wconf 86' lang='lat' dir='ltr'>torem</span> <span class='ocrx_word' id='word_1_126' title='bbox 582 1376 667 1398; x_wconf 90' lang='lat' dir='ltr'>nunc</span> <span class='ocrx_word' id='word_1_127' title='bbox 689 1372 742 1398; x_wconf 90' lang='lat' dir='ltr'>aut</span> <span class='ocrx_word' id='word_1_128' title='bbox 770 1377 828 1410; x_wconf 92' lang='lat' dir='ltr'>pro</span> <span class='ocrx_word' id='word_1_129' title='bbox 863 1372 1009 1410; x_wconf 86' lang='lat' dir='ltr'>tempore</span> <span class='ocrx_word' id='word_1_130' title='bbox 1040 1367 1208 1401; x_wconf 88' lang='lat' dir='ltr'>existentes</span> 
     </span>
     <span class='ocr_line' id='line_1_27' title="bbox 453 1417 1209 1465; baseline 0.005 -16"><span class='ocrx_word' id='word_1_131' title='bbox 453 1427 509 1449; x_wconf 84' lang='lat' dir='ltr'>seu</span> <span class='ocrx_word' id='word_1_132' title='bbox 530 1417 628 1450; x_wconf 87' lang='lat' dir='ltr'>alium</span> <span class='ocrx_word' id='word_1_133' title='bbox 659 1430 717 1462; x_wconf 92' lang='lat' dir='ltr'>per</span> <span class='ocrx_word' id='word_1_134' title='bbox 736 1430 810 1452; x_wconf 85' lang='lat' dir='ltr'>enm</span> <span class='ocrx_word' id='word_1_135' title='bbox 832 1420 1020 1463; x_wconf 89' lang='lat' dir='ltr'>deputatum</span> <span class='ocrx_word' id='word_1_136' title='bbox 1041 1420 1088 1452; x_wconf 87' lang='lat' dir='ltr'>vel</span> <span class='ocrx_word' id='word_1_137' title='bbox 1109 1421 1209 1465; x_wconf 89' lang='lat' dir='ltr'>depu-</span> 
     </span>
     <span class='ocr_line' id='line_1_28' title="bbox 452 1470 1208 1517; baseline 0.005 -15"><span class='ocrx_word' id='word_1_138' title='bbox 452 1470 586 1503; x_wconf 87' lang='lat' dir='ltr'>tandum</span> <span class='ocrx_word' id='word_1_139' title='bbox 607 1472 801 1512; x_wconf 82' lang='lat' dir='ltr'>audiendas,</span> <span class='ocrx_word' id='word_1_140' title='bbox 824 1473 953 1517; x_wconf 85' lang='lat' dir='ltr'>fineque</span> <span class='ocrx_word' id='word_1_141' title='bbox 974 1472 1080 1506; x_wconf 88' lang='lat' dir='ltr'>debito</span> <span class='ocrx_word' id='word_1_142' title='bbox 1101 1474 1208 1506; x_wconf 88' lang='lat' dir='ltr'>termi-</span> 
     </span>
     <span class='ocr_line' id='line_1_29' title="bbox 452 1523 1206 1570; baseline 0.005 -15"><span class='ocrx_word' id='word_1_143' title='bbox 452 1523 573 1557; x_wconf 87' lang='lat' dir='ltr'>nandas</span> <span class='ocrx_word' id='word_1_144' title='bbox 594 1528 623 1557; x_wconf 92' lang='lat' dir='ltr'>et</span> <span class='ocrx_word' id='word_1_145' title='bbox 644 1525 848 1565; x_wconf 88' lang='lat' dir='ltr'>decidendas;</span> <span class='ocrx_word' id='word_1_146' title='bbox 867 1532 896 1559; x_wconf 92' lang='lat' dir='ltr'>et</span> <span class='ocrx_word' id='word_1_147' title='bbox 917 1526 1004 1570; x_wconf 88' lang='lat' dir='ltr'>quod</span> <span class='ocrx_word' id='word_1_148' title='bbox 1021 1526 1159 1559; x_wconf 88' lang='lat' dir='ltr'>decrevit</span> <span class='ocrx_word' id='word_1_149' title='bbox 1175 1527 1206 1559; x_wconf 91' lang='lat' dir='ltr'>in</span> 
     </span>
     <span class='ocr_line' id='line_1_30' title="bbox 451 1579 1206 1623; baseline 0.005 -14"><span class='ocrx_word' id='word_1_150' title='bbox 451 1586 660 1621; x_wconf 87' lang='lat' dir='ltr'>quocumque</span> <span class='ocrx_word' id='word_1_151' title='bbox 695 1579 766 1612; x_wconf 89' lang='lat' dir='ltr'>loco</span> <span class='ocrx_word' id='word_1_152' title='bbox 801 1585 831 1612; x_wconf 87' lang='lat' dir='ltr'>et</span> <span class='ocrx_word' id='word_1_153' title='bbox 852 1585 962 1612; x_wconf 88' lang='lat' dir='ltr'>contra</span> <span class='ocrx_word' id='word_1_154' title='bbox 983 1591 1206 1623; x_wconf 85' lang='lat' dir='ltr'>quascumque</span> 
     </span>
     <span class='ocr_line' id='line_1_31' title="bbox 451 1632 1202 1677; baseline 0.004 -14"><span class='ocrx_word' id='word_1_155' title='bbox 451 1640 616 1673; x_wconf 87' lang='lat' dir='ltr'>personas,</span> <span class='ocrx_word' id='word_1_156' title='bbox 640 1638 942 1676; x_wconf 85' lang='lat' dir='ltr'>quantumcumque</span> <span class='ocrx_word' id='word_1_157' title='bbox 977 1632 1202 1677; x_wconf 79' lang='lat' dir='ltr'>privilegiatas,</span> 
     </span>
     <span class='ocr_line' id='line_1_32' title="bbox 450 1682 1205 1729; baseline 0.004 -13"><span class='ocrx_word' id='word_1_158' title='bbox 450 1682 593 1727; x_wconf 86' lang='lat' dir='ltr'>plenarie</span> <span class='ocrx_word' id='word_1_159' title='bbox 623 1686 845 1729; x_wconf 85' lang='lat' dir='ltr'>exequendum</span> <span class='ocrx_word' id='word_1_160' title='bbox 867 1697 923 1719; x_wconf 88' lang='lat' dir='ltr'>seu</span> <span class='ocrx_word' id='word_1_161' title='bbox 945 1686 1057 1729; x_wconf 85' lang='lat' dir='ltr'>exequi</span> <span class='ocrx_word' id='word_1_162' title='bbox 1088 1687 1205 1720; x_wconf 88' lang='lat' dir='ltr'>facien-</span> 
     </span>
     <span class='ocr_line' id='line_1_33' title="bbox 449 1736 1204 1782; baseline 0.004 -12"><span class='ocrx_word' id='word_1_163' title='bbox 449 1736 538 1778; x_wconf 89' lang='lat' dir='ltr'>dum,</span> <span class='ocrx_word' id='word_1_164' title='bbox 550 1738 713 1782; x_wconf 87' lang='lat' dir='ltr'>quibusvis</span> <span class='ocrx_word' id='word_1_165' title='bbox 728 1738 983 1780; x_wconf 84' lang='lat' dir='ltr'>inhibitionibus,</span> <span class='ocrx_word' id='word_1_166' title='bbox 994 1740 1088 1772; x_wconf 83' lang='lat' dir='ltr'>etiam</span> <span class='ocrx_word' id='word_1_167' title='bbox 1097 1740 1204 1782; x_wconf 67' lang='lat' dir='ltr'>vigore</span> 
     </span>
     <span class='ocr_line' id='line_1_34' title="bbox 449 1791 1204 1835; baseline 0.004 -11"><span class='ocrx_word' id='word_1_168' title='bbox 449 1791 638 1835; x_wconf 84' lang='lat' dir='ltr'>specialium</span> <span class='ocrx_word' id='word_1_169' title='bbox 669 1793 953 1833; x_wconf 82' lang='lat' dir='ltr'>commissionum,</span> <span class='ocrx_word' id='word_1_170' title='bbox 974 1794 1069 1826; x_wconf 87' lang='lat' dir='ltr'>etiam</span> <span class='ocrx_word' id='word_1_171' title='bbox 1095 1800 1204 1827; x_wconf 88' lang='lat' dir='ltr'>nostra</span> 
     </span>
     <span class='ocr_line' id='line_1_35' title="bbox 449 1847 1203 1881; baseline 0.003 -4"><span class='ocrx_word' id='word_1_172' title='bbox 449 1850 479 1876; x_wconf 83' lang='lat' dir='ltr'>et</span> <span class='ocrx_word' id='word_1_173' title='bbox 522 1856 746 1879; x_wconf 87' lang='lat' dir='ltr'>successorum</span> <span class='ocrx_word' id='word_1_174' title='bbox 789 1853 974 1879; x_wconf 87' lang='lat' dir='ltr'>nostrorum</span> <span class='ocrx_word' id='word_1_175' title='bbox 1018 1847 1203 1881; x_wconf 88' lang='lat' dir='ltr'>huiusmodi</span> 
     </span>
     <span class='ocr_line' id='line_1_36' title="bbox 449 1899 1200 1942; baseline 0.005 -12"><span class='ocrx_word' id='word_1_176' title='bbox 449 1908 547 1931; x_wconf 86' lang='lat' dir='ltr'>manu</span> <span class='ocrx_word' id='word_1_177' title='bbox 581 1899 722 1942; x_wconf 78' lang='lat' dir='ltr'>signata,</span> <span class='ocrx_word' id='word_1_178' title='bbox 759 1906 906 1933; x_wconf 84' lang='lat' dir='ltr'>emanata</span> <span class='ocrx_word' id='word_1_179' title='bbox 940 1907 969 1934; x_wconf 84' lang='lat' dir='ltr'>et</span> <span class='ocrx_word' id='word_1_180' title='bbox 1001 1901 1200 1940; x_wconf 85' lang='lat' dir='ltr'>emananda,</span> 
     </span>
     <span class='ocr_line' id='line_1_37' title="bbox 448 1952 1203 1998; baseline 0.005 -14"><span class='ocrx_word' id='word_1_181' title='bbox 448 1962 513 1985; x_wconf 90' lang='lat' dir='ltr'>non</span> <span class='ocrx_word' id='word_1_182' title='bbox 528 1952 741 1995; x_wconf 85' lang='lat' dir='ltr'>obstantibus,</span> <span class='ocrx_word' id='word_1_183' title='bbox 754 1954 943 1988; x_wconf 87' lang='lat' dir='ltr'>auctoritate</span> <span class='ocrx_word' id='word_1_184' title='bbox 959 1955 1146 1998; x_wconf 86' lang='lat' dir='ltr'>apostolica,</span> <span class='ocrx_word' id='word_1_185' title='bbox 1160 1960 1203 1988; x_wconf 88' lang='lat' dir='ltr'>te—</span> 
     </span>
     <span class='ocr_line' id='line_1_38' title="bbox 448 2007 1202 2052; baseline 0.005 -15"><span class='ocrx_word' id='word_1_186' title='bbox 448 2015 527 2038; x_wconf 85' lang='lat' dir='ltr'>nore</span> <span class='ocrx_word' id='word_1_187' title='bbox 542 2007 773 2049; x_wconf 86' lang='lat' dir='ltr'>praesentium,</span> <span class='ocrx_word' id='word_1_188' title='bbox 799 2013 956 2052; x_wconf 89' lang='lat' dir='ltr'>perpetuo</span> <span class='ocrx_word' id='word_1_189' title='bbox 977 2008 1202 2041; x_wconf 85' lang='lat' dir='ltr'>constituimus</span> 
     </span>
     <span class='ocr_line' id='line_1_39' title="bbox 449 2059 1199 2103; baseline 0.004 -12"><span class='ocrx_word' id='word_1_190' title='bbox 449 2064 477 2091; x_wconf 88' lang='lat' dir='ltr'>et</span> <span class='ocrx_word' id='word_1_191' title='bbox 498 2059 702 2102; x_wconf 85' lang='lat' dir='ltr'>deputamus,</span> <span class='ocrx_word' id='word_1_192' title='bbox 730 2066 760 2094; x_wconf 90' lang='lat' dir='ltr'>et</span> <span class='ocrx_word' id='word_1_193' title='bbox 789 2062 827 2093; x_wconf 91' lang='lat' dir='ltr'>ad</span> <span class='ocrx_word' id='word_1_194' title='bbox 854 2062 941 2094; x_wconf 90' lang='lat' dir='ltr'>hunc</span> <span class='ocrx_word' id='word_1_195' title='bbox 962 2062 1111 2095; x_wconf 78' lang='lat' dir='ltr'>effectum</span> <span class='ocrx_word' id='word_1_196' title='bbox 1133 2062 1199 2103; x_wconf 90' lang='lat' dir='ltr'>illi,</span> 
     </span>
     <span class='ocr_line' id='line_1_40' title="bbox 449 2112 1198 2158; baseline 0.005 -14"><span class='ocrx_word' id='word_1_197' title='bbox 449 2112 543 2145; x_wconf 86' lang='lat' dir='ltr'>etiam</span> <span class='ocrx_word' id='word_1_198' title='bbox 565 2124 623 2156; x_wconf 88' lang='lat' dir='ltr'>per</span> <span class='ocrx_word' id='word_1_199' title='bbox 642 2114 741 2146; x_wconf 88' lang='lat' dir='ltr'>alium</span> <span class='ocrx_word' id='word_1_200' title='bbox 766 2125 822 2147; x_wconf 89' lang='lat' dir='ltr'>seu</span> <span class='ocrx_word' id='word_1_201' title='bbox 854 2114 932 2147; x_wconf 85' lang='lat' dir='ltr'>alios</span> <span class='ocrx_word' id='word_1_202' title='bbox 956 2126 1198 2158; x_wconf 88' lang='lat' dir='ltr'>quoscumque,</span> 
     </span>
     <span class='ocr_line' id='line_1_41' title="bbox 448 2165 1198 2212; baseline 0.005 -15"><span class='ocrx_word' id='word_1_203' title='bbox 448 2170 511 2198; x_wconf 91' lang='lat' dir='ltr'>tam</span> <span class='ocrx_word' id='word_1_204' title='bbox 532 2165 564 2198; x_wconf 91' lang='lat' dir='ltr'>in</span> <span class='ocrx_word' id='word_1_205' title='bbox 585 2166 728 2200; x_wconf 85' lang='lat' dir='ltr'>Romana</span> <span class='ocrx_word' id='word_1_206' title='bbox 748 2167 842 2201; x_wconf 86' lang='lat' dir='ltr'>Curia</span> <span class='ocrx_word' id='word_1_207' title='bbox 862 2179 960 2212; x_wconf 89' lang='lat' dir='ltr'>quam</span> <span class='ocrx_word' id='word_1_208' title='bbox 993 2174 1079 2201; x_wconf 86' lang='lat' dir='ltr'>extra</span> <span class='ocrx_word' id='word_1_209' title='bbox 1108 2179 1176 2201; x_wconf 83' lang='lat' dir='ltr'>eam</span> <span class='ocrx_word' id='word_1_210' title='bbox 1191 2197 1198 2209; x_wconf 92' lang='lat'>,</span> 
     </span>
     <span class='ocr_line' id='line_1_42' title="bbox 447 2219 1200 2264; baseline 0.004 -13"><span class='ocrx_word' id='word_1_211' title='bbox 447 2224 477 2251; x_wconf 88' lang='lat' dir='ltr'>et</span> <span class='ocrx_word' id='word_1_212' title='bbox 498 2229 555 2262; x_wconf 88' lang='lat' dir='ltr'>per</span> <span class='ocrx_word' id='word_1_213' title='bbox 575 2219 715 2253; x_wconf 89' lang='lat' dir='ltr'>edietum</span> <span class='ocrx_word' id='word_1_214' title='bbox 746 2221 925 2264; x_wconf 86' lang='lat' dir='ltr'>publicum,</span> <span class='ocrx_word' id='word_1_215' title='bbox 949 2221 1085 2254; x_wconf 83' lang='lat' dir='ltr'>constito</span> <span class='ocrx_word' id='word_1_216' title='bbox 1115 2232 1200 2255; x_wconf 89' lang='lat' dir='ltr'>sum-</span> 
     </span>
     <span class='ocr_line' id='line_1_43' title="bbox 447 2273 1199 2314; baseline 0.005 -10"><span class='ocrx_word' id='word_1_217' title='bbox 447 2273 546 2305; x_wconf 88' lang='lat' dir='ltr'>marie</span> <span class='ocrx_word' id='word_1_218' title='bbox 567 2273 626 2306; x_wconf 90' lang='lat' dir='ltr'>sibi</span> <span class='ocrx_word' id='word_1_219' title='bbox 647 2274 685 2306; x_wconf 91' lang='lat' dir='ltr'>de</span> <span class='ocrx_word' id='word_1_220' title='bbox 703 2285 767 2307; x_wconf 88' lang='lat' dir='ltr'>non</span> <span class='ocrx_word' id='word_1_221' title='bbox 786 2280 852 2308; x_wconf 90' lang='lat' dir='ltr'>tuto</span> <span class='ocrx_word' id='word_1_222' title='bbox 873 2286 1014 2314; x_wconf 85' lang='lat' dir='ltr'>accessu,</span> <span class='ocrx_word' id='word_1_223' title='bbox 1032 2274 1149 2308; x_wconf 81' lang='lat' dir='ltr'>citandi</span> <span class='ocrx_word' id='word_1_224' title='bbox 1170 2282 1199 2309; x_wconf 86' lang='lat' dir='ltr'>et</span> 
     </span>
     <span class='ocr_line' id='line_1_44' title="bbox 447 2326 1041 2372; baseline 0.007 -15"><span class='ocrx_word' id='word_1_225' title='bbox 447 2326 611 2366; x_wconf 90' lang='lat' dir='ltr'>monendi,</span> <span class='ocrx_word' id='word_1_226' title='bbox 634 2338 670 2360; x_wconf 86' lang='lat' dir='ltr'>ac</span> <span class='ocrx_word' id='word_1_227' title='bbox 691 2327 811 2361; x_wconf 88' lang='lat' dir='ltr'>eisdem</span> <span class='ocrx_word' id='word_1_228' title='bbox 832 2334 862 2361; x_wconf 87' lang='lat' dir='ltr'>et</span> <span class='ocrx_word' id='word_1_229' title='bbox 881 2329 1041 2372; x_wconf 81' lang='lat' dir='ltr'>praefatis.</span> 
     </span>
    </p>

    <p class='ocr_par' dir='ltr' id='par_1_5' title="bbox 448 2379 1200 2723">
     <span class='ocr_line' id='line_1_45' title="bbox 491 2379 1198 2424; baseline 0.003 -12"><span class='ocrx_word' id='word_1_230' title='bbox 491 2380 506 2423; x_wconf 58' lang='grc' dir='ltr'>ς’</span> <span class='ocrx_word' id='word_1_231' title='bbox 525 2379 557 2413; x_wconf 84' lang='lat'>3.</span> <span class='ocrx_word' id='word_1_232' title='bbox 581 2380 711 2414; x_wconf 90' lang='lat' dir='ltr'>Necnon</span> <span class='ocrx_word' id='word_1_233' title='bbox 732 2382 896 2424; x_wconf 88' lang='lat' dir='ltr'>quibusvis</span> <span class='ocrx_word' id='word_1_234' title='bbox 916 2381 997 2422; x_wconf 87' lang='lat' dir='ltr'>aliis,</span> <span class='ocrx_word' id='word_1_235' title='bbox 1021 2383 1115 2414; x_wconf 91' lang='lat' dir='ltr'>etiam</span> <span class='ocrx_word' id='word_1_236' title='bbox 1136 2383 1198 2416; x_wconf 89' lang='lat' dir='ltr'>Cu-</span> 
     </span>
     <span class='ocr_line' id='line_1_46' title="bbox 448 2432 1199 2478; baseline 0.005 -14"><span class='ocrx_word' id='word_1_237' title='bbox 448 2432 512 2465; x_wconf 83' lang='lat' dir='ltr'>riae</span> <span class='ocrx_word' id='word_1_238' title='bbox 546 2432 713 2477; x_wconf 89' lang='lat' dir='ltr'>Capitolii,</span> <span class='ocrx_word' id='word_1_239' title='bbox 737 2435 842 2478; x_wconf 60' lang='lat' dir='ltr'>prii‘no</span> <span class='ocrx_word' id='word_1_240' title='bbox 876 2441 906 2468; x_wconf 92' lang='lat' dir='ltr'>et</span> <span class='ocrx_word' id='word_1_241' title='bbox 941 2435 1083 2468; x_wconf 88' lang='lat' dir='ltr'>secundo</span> <span class='ocrx_word' id='word_1_242' title='bbox 1114 2436 1199 2468; x_wconf 90' lang='lat' dir='ltr'>illius</span> 
     </span>
     <span class='ocr_line' id='line_1_47' title="bbox 448 2481 1196 2528; baseline 0.005 -15"><span class='ocrx_word' id='word_1_243' title='bbox 448 2481 686 2516; x_wconf 84' lang='lat' dir='ltr'>collateralibus</span> <span class='ocrx_word' id='word_1_244' title='bbox 697 2494 733 2516; x_wconf 88' lang='lat' dir='ltr'>ac</span> <span class='ocrx_word' id='word_1_245' title='bbox 741 2484 995 2527; x_wconf 85' lang='lat' dir='ltr'>appellationum</span> <span class='ocrx_word' id='word_1_246' title='bbox 1017 2485 1196 2528; x_wconf 75' lang='lat' dir='ltr'>capitaneo,</span> 
     </span>
     <span class='ocr_line' id='line_1_48' title="bbox 448 2531 1199 2574; baseline 0.004 -12"><span class='ocrx_word' id='word_1_247' title='bbox 448 2541 544 2574; x_wconf 87' lang='lat' dir='ltr'>quam</span> <span class='ocrx_word' id='word_1_248' title='bbox 570 2531 706 2564; x_wconf 83' lang='lat' dir='ltr'>aliarum</span> <span class='ocrx_word' id='word_1_249' title='bbox 732 2533 874 2565; x_wconf 88' lang='lat' dir='ltr'>eiusdem</span> <span class='ocrx_word' id='word_1_250' title='bbox 908 2533 1001 2566; x_wconf 84' lang='lat' dir='ltr'>Urbis</span> <span class='ocrx_word' id='word_1_251' title='bbox 1035 2533 1199 2565; x_wconf 87' lang='lat' dir='ltr'>curiarum</span> 
     </span>
     <span class='ocr_line' id='line_1_49' title="bbox 448 2580 1199 2624; baseline 0.004 -12"><span class='ocrx_word' id='word_1_252' title='bbox 448 2580 610 2614; x_wconf 88' lang='lat' dir='ltr'>iudicibus</span> <span class='ocrx_word' id='word_1_253' title='bbox 639 2587 669 2613; x_wconf 85' lang='lat' dir='ltr'>et</span> <span class='ocrx_word' id='word_1_254' title='bbox 697 2582 861 2624; x_wconf 89' lang='lat' dir='ltr'>personis,</span> <span class='ocrx_word' id='word_1_255' title='bbox 885 2587 949 2614; x_wconf 86' lang='lat' dir='ltr'>tam</span> <span class='ocrx_word' id='word_1_256' title='bbox 974 2582 1199 2615; x_wconf 81' lang='lat' dir='ltr'>ecclesiasticis</span> 
     </span>
     <span class='ocr_line' id='line_1_50' title="bbox 448 2629 1200 2675; baseline 0.004 -15"><span class='ocrx_word' id='word_1_257' title='bbox 448 2639 545 2672; x_wconf 87' lang='lat' dir='ltr'>quam</span> <span class='ocrx_word' id='word_1_258' title='bbox 559 2629 789 2670; x_wconf 83' lang='lat' dir='ltr'>saecularibus,</span> <span class='ocrx_word' id='word_1_259' title='bbox 803 2630 921 2674; x_wconf 87' lang='lat' dir='ltr'>quibus</span> <span class='ocrx_word' id='word_1_260' title='bbox 937 2636 967 2663; x_wconf 89' lang='lat' dir='ltr'>et</span> <span class='ocrx_word' id='word_1_261' title='bbox 981 2631 1107 2674; x_wconf 84' lang='lat' dir='ltr'>quoties</span> <span class='ocrx_word' id='word_1_262' title='bbox 1118 2642 1200 2675; x_wconf 90' lang='lat' dir='ltr'>opus</span> 
     </span>
     <span class='ocr_line' id='line_1_51' title="bbox 448 2677 1199 2723; baseline 0.003 -13"><span class='ocrx_word' id='word_1_263' title='bbox 448 2677 555 2718; x_wconf 85' lang='lat' dir='ltr'>fuerit,</span> <span class='ocrx_word' id='word_1_264' title='bbox 578 2678 637 2711; x_wconf 87' lang='lat' dir='ltr'>sub</span> <span class='ocrx_word' id='word_1_265' title='bbox 657 2679 814 2720; x_wconf 84' lang='lat' dir='ltr'>censuris,</span> <span class='ocrx_word' id='word_1_266' title='bbox 832 2679 995 2713; x_wconf 83' lang='lat' dir='ltr'>sententiis</span> <span class='ocrx_word' id='word_1_267' title='bbox 1024 2685 1053 2713; x_wconf 90' lang='lat' dir='ltr'>et</span> <span class='ocrx_word' id='word_1_268' title='bbox 1087 2679 1199 2723; x_wconf 85' lang='lat' dir='ltr'>poenis</span> 
     </span>
    </p>
   </div>
   <div class='ocr_carea' id='block_1_5' title="bbox 1063 296 1416 322">
    <p class='ocr_par' dir='ltr' id='par_1_6' title="bbox 1063 296 1416 322">
     <span class='ocr_line' id='line_1_52' title="bbox 1063 296 1416 322; baseline 0 -1"><span class='ocrx_word' id='word_1_269' title='bbox 1063 297 1242 322; x_wconf 79' lang='lat' dir='ltr'><strong>BULLARIUM</strong></span> <span class='ocrx_word' id='word_1_270' title='bbox 1265 296 1416 322; x_wconf 80' lang='lat' dir='ltr'>ROMANUM</span> 
     </span>
    </p>
   </div>
   <div class='ocr_carea' id='block_1_6' title="bbox 1223 933 1234 2025">
    <p class='ocr_par' dir='ltr' id='par_1_7' title="bbox 1223 933 1234 2025">
     <span class='ocr_line' id='line_1_53' title="bbox 1223 933 1234 2025; baseline 0 0"><span class='ocrx_word' id='word_1_271' title='bbox 1223 933 1234 2025; x_wconf 95' lang='lat' dir='ltr'> </span> 
     </span>
    </p>
   </div>
   <div class='ocr_carea' id='block_1_7' title="bbox 2027 295 2208 327">
    <p class='ocr_par' dir='ltr' id='par_1_8' title="bbox 2027 295 2208 327">
     <span class='ocr_line' id='line_1_54' title="bbox 2027 295 2208 327; baseline 0.017 -3"><span class='ocrx_word' id='word_1_272' title='bbox 2027 296 2078 324; x_wconf 80' lang='lat' dir='ltr'>An.</span> <span class='ocrx_word' id='word_1_273' title='bbox 2095 298 2126 326; x_wconf 90' lang='lat' dir='ltr'>C.</span> <span class='ocrx_word' id='word_1_274' title='bbox 2139 295 2208 327; x_wconf 61' lang='lat'>1⁸62</span> 
     </span>
    </p>
   </div>
   <div class='ocr_carea' id='block_1_8' title="bbox 1241 349 2206 2725">
    <p class='ocr_par' dir='ltr' id='par_1_9' title="bbox 1255 349 2013 876">
     <span class='ocr_line' id='line_1_55' title="bbox 1260 349 2013 395; baseline 0.003 -12"><span class='ocrx_word' id='word_1_275' title='bbox 1260 349 1482 383; x_wconf 84' lang='lat' dir='ltr'>ecclesiasticis</span> <span class='ocrx_word' id='word_1_276' title='bbox 1497 361 1533 384; x_wconf 86' lang='lat' dir='ltr'>ac</span> <span class='ocrx_word' id='word_1_277' title='bbox 1549 349 1644 383; x_wconf 88' lang='lat' dir='ltr'>etiam</span> <span class='ocrx_word' id='word_1_278' title='bbox 1663 351 1868 395; x_wconf 83' lang='lat' dir='ltr'>pecuniariis,</span> <span class='ocrx_word' id='word_1_279' title='bbox 1889 352 1927 385; x_wconf 88' lang='lat' dir='ltr'>de</span> <span class='ocrx_word' id='word_1_280' title='bbox 1943 351 2013 395; x_wconf 90' lang='lat' dir='ltr'>qui-</span> 
     </span>
     <span class='ocr_line' id='line_1_56' title="bbox 1260 403 2011 450; baseline 0.003 -14"><span class='ocrx_word' id='word_1_281' title='bbox 1260 404 1319 437; x_wconf 90' lang='lat' dir='ltr'>bus</span> <span class='ocrx_word' id='word_1_282' title='bbox 1339 404 1443 437; x_wconf 85' lang='lat' dir='ltr'>eidem</span> <span class='ocrx_word' id='word_1_283' title='bbox 1464 403 1639 448; x_wconf 88' lang='lat' dir='ltr'>protectori</span> <span class='ocrx_word' id='word_1_284' title='bbox 1655 404 1718 438; x_wconf 85' lang='lat' dir='ltr'>sive</span> <span class='ocrx_word' id='word_1_285' title='bbox 1738 406 1807 440; x_wconf 90' lang='lat' dir='ltr'>eius</span> <span class='ocrx_word' id='word_1_286' title='bbox 1826 406 2011 450; x_wconf 89' lang='lat' dir='ltr'>deputando</span> 
     </span>
     <span class='ocr_line' id='line_1_57' title="bbox 1259 457 2012 500; baseline 0.003 -10"><span class='ocrx_word' id='word_1_287' title='bbox 1259 457 1397 491; x_wconf 88' lang='lat' dir='ltr'>auditori</span> <span class='ocrx_word' id='word_1_288' title='bbox 1417 457 1587 497; x_wconf 88' lang='lat' dir='ltr'>videbitur,</span> <span class='ocrx_word' id='word_1_289' title='bbox 1610 457 1795 500; x_wconf 75' lang='lat' dir='ltr'>inhibendi,</span> <span class='ocrx_word' id='word_1_290' title='bbox 1819 466 1849 494; x_wconf 84' lang='lat' dir='ltr'>et</span> <span class='ocrx_word' id='word_1_291' title='bbox 1869 460 1901 492; x_wconf 91' lang='lat' dir='ltr'>in</span> <span class='ocrx_word' id='word_1_292' title='bbox 1922 470 2012 493; x_wconf 85' lang='lat' dir='ltr'>even-</span> 
     </span>
     <span class='ocr_line' id='line_1_58' title="bbox 1258 511 2012 554; baseline 0.003 -11"><span class='ocrx_word' id='word_1_293' title='bbox 1258 518 1326 544; x_wconf 85' lang='lat' dir='ltr'>tum</span> <span class='ocrx_word' id='word_1_294' title='bbox 1352 521 1417 544; x_wconf 89' lang='lat' dir='ltr'>non</span> <span class='ocrx_word' id='word_1_295' title='bbox 1443 511 1610 554; x_wconf 88' lang='lat' dir='ltr'>paritionis</span> <span class='ocrx_word' id='word_1_296' title='bbox 1628 537 1635 551; x_wconf 87' lang='lat'>‚</span> <span class='ocrx_word' id='word_1_297' title='bbox 1658 518 1769 546; x_wconf 87' lang='lat' dir='ltr'>eontra</span> <span class='ocrx_word' id='word_1_298' title='bbox 1790 513 2012 547; x_wconf 85' lang='lat' dir='ltr'>inobedientes</span> 
     </span>
     <span class='ocr_line' id='line_1_59' title="bbox 1258 564 2011 604; baseline 0 -6"><span class='ocrx_word' id='word_1_299' title='bbox 1258 570 1286 598; x_wconf 91' lang='lat' dir='ltr'>et</span> <span class='ocrx_word' id='word_1_300' title='bbox 1320 565 1457 598; x_wconf 84' lang='lat' dir='ltr'>rebelles</span> <span class='ocrx_word' id='word_1_301' title='bbox 1475 591 1482 604; x_wconf 90' lang='lat'>‚</span> <span class='ocrx_word' id='word_1_302' title='bbox 1513 565 1551 597; x_wconf 90' lang='lat' dir='ltr'>ad</span> <span class='ocrx_word' id='word_1_303' title='bbox 1585 564 1836 600; x_wconf 83' lang='lat' dir='ltr'>declarationem</span> <span class='ocrx_word' id='word_1_304' title='bbox 1861 568 2011 600; x_wconf 86' lang='lat' dir='ltr'>incursus</span> 
     </span>
     <span class='ocr_line' id='line_1_60' title="bbox 1258 620 2011 662; baseline 0.001 -11"><span class='ocrx_word' id='word_1_305' title='bbox 1258 629 1469 651; x_wconf 85' lang='lat' dir='ltr'>censurarum</span> <span class='ocrx_word' id='word_1_306' title='bbox 1491 623 1521 651; x_wconf 88' lang='lat' dir='ltr'>et</span> <span class='ocrx_word' id='word_1_307' title='bbox 1541 629 1719 662; x_wconf 87' lang='lat' dir='ltr'>poenarum</span> <span class='ocrx_word' id='word_1_308' title='bbox 1739 620 1926 654; x_wconf 87' lang='lat' dir='ltr'>huiusmodi</span> <span class='ocrx_word' id='word_1_309' title='bbox 1942 620 2011 653; x_wconf 92' lang='lat' dir='ltr'>illa-</span> 
     </span>
     <span class='ocr_line' id='line_1_61' title="bbox 1257 671 2009 717; baseline 0.004 -13"><span class='ocrx_word' id='word_1_310' title='bbox 1257 683 1394 715; x_wconf 86' lang='lat' dir='ltr'>rumque</span> <span class='ocrx_word' id='word_1_311' title='bbox 1416 671 1672 714; x_wconf 76' lang='lat' dir='ltr'>aggravationem</span> <span class='ocrx_word' id='word_1_312' title='bbox 1693 678 1723 706; x_wconf 93' lang='lat' dir='ltr'>et</span> <span class='ocrx_word' id='word_1_313' title='bbox 1742 674 1815 714; x_wconf 86' lang='lat' dir='ltr'>alia,</span> <span class='ocrx_word' id='word_1_314' title='bbox 1838 674 1923 707; x_wconf 87' lang='lat' dir='ltr'>iuxta</span> <span class='ocrx_word' id='word_1_315' title='bbox 1947 678 2009 717; x_wconf 81' lang='lat' dir='ltr'>sty-</span> 
     </span>
     <span class='ocr_line' id='line_1_62' title="bbox 1256 725 2009 769; baseline 0.003 -11"><span class='ocrx_word' id='word_1_316' title='bbox 1256 726 1323 758; x_wconf 86' lang='lat' dir='ltr'>lum</span> <span class='ocrx_word' id='word_1_317' title='bbox 1358 730 1388 758; x_wconf 89' lang='lat' dir='ltr'>et</span> <span class='ocrx_word' id='word_1_318' title='bbox 1420 736 1543 759; x_wconf 89' lang='lat' dir='ltr'>morem</span> <span class='ocrx_word' id='word_1_319' title='bbox 1577 725 1735 759; x_wconf 86' lang='lat' dir='ltr'>dictarum</span> <span class='ocrx_word' id='word_1_320' title='bbox 1771 727 1954 769; x_wconf 88' lang='lat' dir='ltr'>curiarum,</span> <span class='ocrx_word' id='word_1_321' title='bbox 1976 728 2009 760; x_wconf 91' lang='lat' dir='ltr'>in</span> 
     </span>
     <span class='ocr_line' id='line_1_63' title="bbox 1256 779 2011 825; baseline 0.003 -14"><span class='ocrx_word' id='word_1_322' title='bbox 1256 779 1415 812; x_wconf 88' lang='lat' dir='ltr'>similibus</span> <span class='ocrx_word' id='word_1_323' title='bbox 1445 779 1562 812; x_wconf 86' lang='lat' dir='ltr'>servari</span> <span class='ocrx_word' id='word_1_324' title='bbox 1592 779 1722 813; x_wconf 86' lang='lat' dir='ltr'>solitum</span> <span class='ocrx_word' id='word_1_325' title='bbox 1749 786 1779 814; x_wconf 92' lang='lat' dir='ltr'>et</span> <span class='ocrx_word' id='word_1_326' title='bbox 1798 781 1888 822; x_wconf 82' lang='lat' dir='ltr'>alias,</span> <span class='ocrx_word' id='word_1_327' title='bbox 1911 785 2011 825; x_wconf 85' lang='lat' dir='ltr'>prout</span> 
     </span>
     <span class='ocr_line' id='line_1_64' title="bbox 1255 832 1732 876; baseline 0.002 -11"><span class='ocrx_word' id='word_1_328' title='bbox 1255 833 1314 865; x_wconf 88' lang='lat' dir='ltr'>sibi</span> <span class='ocrx_word' id='word_1_329' title='bbox 1329 832 1501 872; x_wconf 85' lang='lat' dir='ltr'>videbitur,</span> <span class='ocrx_word' id='word_1_330' title='bbox 1524 833 1732 876; x_wconf 87' lang='lat' dir='ltr'>procedendi.</span> 
     </span>
    </p>

    <p class='ocr_par' dir='ltr' id='par_1_10' title="bbox 1252 886 2010 1197">
     <span class='ocr_line' id='line_1_65' title="bbox 1298 886 2009 930; baseline 0.001 -11"><span class='ocrx_word' id='word_1_331' title='bbox 1298 887 1312 930; x_wconf 60' lang='grc' dir='ltr'><strong><em>ξ</em></strong></span> <span class='ocrx_word' id='word_1_332' title='bbox 1332 886 1362 919; x_wconf 71' lang='lat'>4.</span> <span class='ocrx_word' id='word_1_333' title='bbox 1391 886 1653 930; x_wconf 88' lang='lat' dir='ltr'>Sententiamque</span> <span class='ocrx_word' id='word_1_334' title='bbox 1672 886 1734 920; x_wconf 85' lang='lat' dir='ltr'>sive</span> <span class='ocrx_word' id='word_1_335' title='bbox 1755 887 1927 921; x_wconf 87' lang='lat' dir='ltr'>sententias</span> <span class='ocrx_word' id='word_1_336' title='bbox 1956 887 2009 920; x_wconf 90' lang='lat' dir='ltr'>de-</span> 
     </span>
     <span class='ocr_line' id='line_1_66' title="bbox 1253 939 2010 974; baseline 0.004 -3"><span class='ocrx_word' id='word_1_337' title='bbox 1253 939 1336 972; x_wconf 85' lang='lat' dir='ltr'>bitae</span> <span class='ocrx_word' id='word_1_338' title='bbox 1357 940 1536 973; x_wconf 78' lang='lat' dir='ltr'>executioni</span> <span class='ocrx_word' id='word_1_339' title='bbox 1563 939 1777 973; x_wconf 86' lang='lat' dir='ltr'>demandandi</span> <span class='ocrx_word' id='word_1_340' title='bbox 1801 951 1857 974; x_wconf 86' lang='lat' dir='ltr'>sen</span> <span class='ocrx_word' id='word_1_341' title='bbox 1878 940 2010 974; x_wconf 87' lang='lat' dir='ltr'>deman-</span> 
     </span>
     <span class='ocr_line' id='line_1_67' title="bbox 1253 993 2005 1038; baseline 0.003 -13"><span class='ocrx_word' id='word_1_342' title='bbox 1253 993 1321 1025; x_wconf 91' lang='lat' dir='ltr'>dari</span> <span class='ocrx_word' id='word_1_343' title='bbox 1352 993 1488 1026; x_wconf 76' lang='lat' dir='ltr'>faciendi</span> <span class='ocrx_word' id='word_1_344' title='bbox 1519 993 1551 1026; x_wconf 92' lang='lat' dir='ltr'>in</span> <span class='ocrx_word' id='word_1_345' title='bbox 1582 993 1733 1026; x_wconf 89' lang='lat' dir='ltr'>omnibus</span> <span class='ocrx_word' id='word_1_346' title='bbox 1753 999 1784 1026; x_wconf 87' lang='lat' dir='ltr'>et</span> <span class='ocrx_word' id='word_1_347' title='bbox 1804 1005 1862 1038; x_wconf 88' lang='lat' dir='ltr'>per</span> <span class='ocrx_word' id='word_1_348' title='bbox 1881 994 2005 1034; x_wconf 91' lang='lat' dir='ltr'>omnia,</span> 
     </span>
     <span class='ocr_line' id='line_1_68' title="bbox 1253 1046 2008 1081; baseline 0.004 -3"><span class='ocrx_word' id='word_1_349' title='bbox 1253 1052 1283 1079; x_wconf 88' lang='lat' dir='ltr'>et</span> <span class='ocrx_word' id='word_1_350' title='bbox 1304 1046 1390 1079; x_wconf 86' lang='lat' dir='ltr'>iuxta</span> <span class='ocrx_word' id='word_1_351' title='bbox 1411 1047 1506 1079; x_wconf 88' lang='lat' dir='ltr'>etiam</span> <span class='ocrx_word' id='word_1_352' title='bbox 1532 1046 1714 1079; x_wconf 80' lang='lat' dir='ltr'>facultatem</span> <span class='ocrx_word' id='word_1_353' title='bbox 1746 1046 1839 1080; x_wconf 89' lang='lat' dir='ltr'>dictis</span> <span class='ocrx_word' id='word_1_354' title='bbox 1867 1047 2008 1081; x_wconf 85' lang='lat' dir='ltr'>auditori</span> 
     </span>
     <span class='ocr_line' id='line_1_69' title="bbox 1252 1099 2008 1143; baseline 0.003 -11"><span class='ocrx_word' id='word_1_355' title='bbox 1252 1099 1415 1137; x_wconf 78' lang='lat' dir='ltr'>Gamerae,</span> <span class='ocrx_word' id='word_1_356' title='bbox 1437 1100 1529 1133; x_wconf 81' lang='lat' dir='ltr'>Urbis</span> <span class='ocrx_word' id='word_1_357' title='bbox 1549 1100 1758 1143; x_wconf 72' lang='lat' dir='ltr'>gubernatori</span> <span class='ocrx_word' id='word_1_358' title='bbox 1791 1105 1822 1133; x_wconf 90' lang='lat' dir='ltr'>et</span> <span class='ocrx_word' id='word_1_359' title='bbox 1850 1099 2008 1134; x_wconf 86' lang='lat' dir='ltr'>vice-can-</span> 
     </span>
     <span class='ocr_line' id='line_1_70' title="bbox 1252 1153 2003 1197; baseline 0.001 -11"><span class='ocrx_word' id='word_1_360' title='bbox 1252 1153 1383 1186; x_wconf 86' lang='lat' dir='ltr'>cellario</span> <span class='ocrx_word' id='word_1_361' title='bbox 1412 1164 1469 1197; x_wconf 87' lang='lat' dir='ltr'>per</span> <span class='ocrx_word' id='word_1_362' title='bbox 1492 1153 1638 1187; x_wconf 86' lang='lat' dir='ltr'>eamdem</span> <span class='ocrx_word' id='word_1_363' title='bbox 1663 1153 1786 1186; x_wconf 88' lang='lat' dir='ltr'>bullam</span> <span class='ocrx_word' id='word_1_364' title='bbox 1806 1164 2003 1187; x_wconf 86' lang='lat' dir='ltr'>concessam.</span> 
     </span>
    </p>

    <p class='ocr_par' dir='ltr' id='par_1_11' title="bbox 1250 1206 2007 1560">
     <span class='ocr_line' id='line_1_71' title="bbox 1296 1206 2006 1250; baseline 0 -10"><span class='ocrx_word' id='word_1_365' title='bbox 1296 1206 1310 1249; x_wconf 65' lang='grc' dir='ltr'><strong>ἓ</strong></span> <span class='ocrx_word' id='word_1_366' title='bbox 1331 1206 1361 1240; x_wconf 87' lang='grc'>5.</span> <span class='ocrx_word' id='word_1_367' title='bbox 1389 1206 1647 1240; x_wconf 83' lang='lat' dir='ltr'>Contradietores</span> <span class='ocrx_word' id='word_1_368' title='bbox 1666 1206 1829 1250; x_wconf 86' lang='lat' dir='ltr'>quoslibet</span> <span class='ocrx_word' id='word_1_369' title='bbox 1853 1212 1883 1241; x_wconf 90' lang='lat' dir='ltr'>et</span> <span class='ocrx_word' id='word_1_370' title='bbox 1903 1207 2006 1241; x_wconf 87' lang='lat' dir='ltr'>rebel-</span> 
     </span>
     <span class='ocr_line' id='line_1_72' title="bbox 1252 1260 2007 1303; baseline 0.004 -12"><span class='ocrx_word' id='word_1_371' title='bbox 1252 1260 1308 1298; x_wconf 89' lang='lat' dir='ltr'>les,</span> <span class='ocrx_word' id='word_1_372' title='bbox 1333 1271 1390 1303; x_wconf 90' lang='lat' dir='ltr'>per</span> <span class='ocrx_word' id='word_1_373' title='bbox 1410 1270 1562 1294; x_wconf 89' lang='lat' dir='ltr'>censuras</span> <span class='ocrx_word' id='word_1_374' title='bbox 1582 1266 1612 1293; x_wconf 89' lang='lat' dir='ltr'>et</span> <span class='ocrx_word' id='word_1_375' title='bbox 1632 1271 1752 1303; x_wconf 89' lang='lat' dir='ltr'>poenas</span> <span class='ocrx_word' id='word_1_376' title='bbox 1773 1261 2007 1295; x_wconf 87' lang='lat' dir='ltr'>ecclesiasticas</span> 
     </span>
     <span class='ocr_line' id='line_1_73' title="bbox 1251 1313 2007 1358; baseline 0.005 -14"><span class='ocrx_word' id='word_1_377' title='bbox 1251 1323 1287 1344; x_wconf 84' lang='lat' dir='ltr'>ac</span> <span class='ocrx_word' id='word_1_378' title='bbox 1322 1313 1416 1346; x_wconf 89' lang='lat' dir='ltr'>etiam</span> <span class='ocrx_word' id='word_1_379' title='bbox 1451 1313 1674 1358; x_wconf 88' lang='lat' dir='ltr'>pecuniarias,</span> <span class='ocrx_word' id='word_1_380' title='bbox 1703 1314 1829 1357; x_wconf 87' lang='lat' dir='ltr'>aliaque</span> <span class='ocrx_word' id='word_1_381' title='bbox 1863 1314 1943 1348; x_wconf 87' lang='lat' dir='ltr'>iuris</span> <span class='ocrx_word' id='word_1_382' title='bbox 1975 1319 2007 1348; x_wconf 88' lang='lat' dir='ltr'>et</span> 
     </span>
     <span class='ocr_line' id='line_1_74' title="bbox 1251 1363 2005 1411; baseline 0.004 -13"><span class='ocrx_word' id='word_1_383' title='bbox 1251 1366 1323 1398; x_wconf 84' lang='lat' dir='ltr'>facti</span> <span class='ocrx_word' id='word_1_384' title='bbox 1362 1373 1545 1410; x_wconf 89' lang='lat' dir='ltr'>opportuna</span> <span class='ocrx_word' id='word_1_385' title='bbox 1585 1367 1725 1400; x_wconf 87' lang='lat' dir='ltr'>remedia</span> <span class='ocrx_word' id='word_1_386' title='bbox 1740 1394 1747 1407; x_wconf 94' lang='lat'>,</span> <span class='ocrx_word' id='word_1_387' title='bbox 1789 1363 2005 1411; x_wconf 67' lang='lat' dir='ltr'>appellatione</span> 
     </span>
     <span class='ocr_line' id='line_1_75' title="bbox 1252 1420 2006 1465; baseline 0.004 -14"><span class='ocrx_word' id='word_1_388' title='bbox 1252 1420 1444 1463; x_wconf 83' lang='lat' dir='ltr'>postposita,</span> <span class='ocrx_word' id='word_1_389' title='bbox 1484 1421 1719 1464; x_wconf 85' lang='lat' dir='ltr'>compescendo</span> <span class='ocrx_word' id='word_1_390' title='bbox 1738 1447 1745 1461; x_wconf 90' lang='lat'>,</span> <span class='ocrx_word' id='word_1_391' title='bbox 1785 1420 2006 1465; x_wconf 84' lang='lat' dir='ltr'>auxiliumque</span> 
     </span>
     <span class='ocr_line' id='line_1_76' title="bbox 1250 1472 2004 1518; baseline 0.005 -14"><span class='ocrx_word' id='word_1_392' title='bbox 1250 1472 1372 1505; x_wconf 79' lang='lat' dir='ltr'>brachii</span> <span class='ocrx_word' id='word_1_393' title='bbox 1395 1474 1569 1507; x_wconf 84' lang='lat' dir='ltr'>saecularis</span> <span class='ocrx_word' id='word_1_394' title='bbox 1589 1473 1629 1506; x_wconf 88' lang='lat' dir='ltr'>ad</span> <span class='ocrx_word' id='word_1_395' title='bbox 1649 1474 1720 1513; x_wconf 86' lang='lat' dir='ltr'>hoc,</span> <span class='ocrx_word' id='word_1_396' title='bbox 1742 1474 1768 1508; x_wconf 91' lang='lat' dir='ltr'>si</span> <span class='ocrx_word' id='word_1_397' title='bbox 1789 1484 1871 1518; x_wconf 92' lang='lat' dir='ltr'>opus</span> <span class='ocrx_word' id='word_1_398' title='bbox 1888 1474 2004 1516; x_wconf 87' lang='lat' dir='ltr'>suerit,</span> 
     </span>
     <span class='ocr_line' id='line_1_77' title="bbox 1250 1525 1476 1560; baseline 0.009 -3"><span class='ocrx_word' id='word_1_399' title='bbox 1250 1525 1476 1560; x_wconf 85' lang='lat' dir='ltr'>invocandum.</span> 
     </span>
    </p>

    <p class='ocr_par' dir='ltr' id='par_1_12' title="bbox 1247 1578 2206 1731">
     <span class='ocr_line' id='line_1_78' title="bbox 1293 1578 2206 1625; baseline 0.004 -13"><span class='ocrx_word' id='word_1_400' title='bbox 1293 1578 1351 1622; x_wconf 58' lang='lat'>56.</span> <span class='ocrx_word' id='word_1_401' title='bbox 1376 1579 1554 1624; x_wconf 85' lang='lat' dir='ltr'>Omniaque</span> <span class='ocrx_word' id='word_1_402' title='bbox 1579 1580 1639 1613; x_wconf 83' lang='lat' dir='ltr'>alia</span> <span class='ocrx_word' id='word_1_403' title='bbox 1661 1585 1691 1614; x_wconf 87' lang='lat' dir='ltr'>et</span> <span class='ocrx_word' id='word_1_404' title='bbox 1713 1580 1837 1623; x_wconf 85' lang='lat' dir='ltr'>singula</span> <span class='ocrx_word' id='word_1_405' title='bbox 1859 1579 1892 1613; x_wconf 89' lang='lat' dir='ltr'>in</span> <span class='ocrx_word' id='word_1_406' title='bbox 1912 1591 2005 1625; x_wconf 85' lang='lat' dir='ltr'>prae·</span> <span class='ocrx_word' id='word_1_407' title='bbox 2045 1585 2206 1622; x_wconf 53' lang='lat' dir='ltr'>cuer-*flem-</span> 
     </span>
     <span class='ocr_line' id='line_1_79' title="bbox 1249 1616 2191 1677; baseline 0.003 -13"><span class='ocrx_word' id='word_1_408' title='bbox 1249 1632 1352 1665; x_wconf 89' lang='lat' dir='ltr'>missis</span> <span class='ocrx_word' id='word_1_409' title='bbox 1373 1639 1402 1666; x_wconf 86' lang='lat' dir='ltr'>et</span> <span class='ocrx_word' id='word_1_410' title='bbox 1423 1634 1507 1666; x_wconf 89' lang='lat' dir='ltr'>circa</span> <span class='ocrx_word' id='word_1_411' title='bbox 1529 1645 1564 1666; x_wconf 91' lang='lat' dir='ltr'>ea</span> <span class='ocrx_word' id='word_1_412' title='bbox 1583 1633 1764 1667; x_wconf 86' lang='lat' dir='ltr'>necessaria</span> <span class='ocrx_word' id='word_1_413' title='bbox 1789 1644 1844 1666; x_wconf 89' lang='lat' dir='ltr'>seu</span> <span class='ocrx_word' id='word_1_414' title='bbox 1868 1644 2004 1677; x_wconf 89' lang='lat' dir='ltr'>quomo·</span> <span class='ocrx_word' id='word_1_415' title='bbox 2018 1618 2074 1638; x_wconf 49' lang='grc' dir='ltr'>’ΠΜ</span> <span class='ocrx_word' id='word_1_416' title='bbox 2089 1616 2191 1644; x_wconf 55' lang='lat' dir='ltr'><strong>¹⁰⁰¹⁰¹¹d¹³</strong></span> 
     </span>
     <span class='ocr_line' id='line_1_80' title="bbox 1247 1686 1998 1731; baseline 0.005 -14"><span class='ocrx_word' id='word_1_417' title='bbox 1247 1686 1365 1719; x_wconf 90' lang='lat' dir='ltr'>dolibet</span> <span class='ocrx_word' id='word_1_418' title='bbox 1386 1693 1568 1731; x_wconf 88' lang='lat' dir='ltr'>opportuna</span> <span class='ocrx_word' id='word_1_419' title='bbox 1581 1713 1588 1726; x_wconf 90' lang='lat'>,</span> <span class='ocrx_word' id='word_1_420' title='bbox 1609 1687 1745 1720; x_wconf 84' lang='lat' dir='ltr'>faciendi</span> <span class='ocrx_word' id='word_1_421' title='bbox 1762 1692 1792 1720; x_wconf 90' lang='lat' dir='ltr'>et</span> <span class='ocrx_word' id='word_1_422' title='bbox 1810 1687 1998 1730; x_wconf 83' lang='lat' dir='ltr'>exequendi.</span> 
     </span>
    </p>

    <p class='ocr_par' dir='ltr' id='par_1_13' title="bbox 1245 1739 2203 2041">
     <span class='ocr_line' id='line_1_81' title="bbox 1291 1739 2203 1788; baseline 0.003 -16"><span class='ocrx_word' id='word_1_423' title='bbox 1291 1740 1305 1782; x_wconf 60' lang='lat' dir='ltr'>g</span> <span class='ocrx_word' id='word_1_424' title='bbox 1326 1739 1355 1772; x_wconf 95' lang='lat'>7.</span> <span class='ocrx_word' id='word_1_425' title='bbox 1379 1740 1422 1773; x_wconf 89' lang='lat' dir='ltr'>Ac</span> <span class='ocrx_word' id='word_1_426' title='bbox 1439 1751 1568 1773; x_wconf 87' lang='lat' dir='ltr'>causam</span> <span class='ocrx_word' id='word_1_427' title='bbox 1587 1746 1617 1773; x_wconf 90' lang='lat' dir='ltr'>et</span> <span class='ocrx_word' id='word_1_428' title='bbox 1638 1751 1750 1774; x_wconf 88' lang='lat' dir='ltr'>causas</span> <span class='ocrx_word' id='word_1_429' title='bbox 1770 1745 1873 1774; x_wconf 86' lang='lat' dir='ltr'>motas</span> <span class='ocrx_word' id='word_1_430' title='bbox 1888 1746 1919 1774; x_wconf 91' lang='lat' dir='ltr'>et</span> <span class='ocrx_word' id='word_1_431' title='bbox 1935 1752 2002 1775; x_wconf 88' lang='lat' dir='ltr'>mo·</span> <span class='ocrx_word' id='word_1_432' title='bbox 2042 1749 2120 1788; x_wconf 54' lang='lat' dir='ltr'>caustis</span> <span class='ocrx_word' id='word_1_433' title='bbox 2140 1758 2203 1775; x_wconf 74' lang='lat' dir='ltr'>rea·-</span> 
     </span>
     <span class='ocr_line' id='line_1_82' title="bbox 1247 1783 2202 1836; baseline 0.004 -12"><span class='ocrx_word' id='word_1_434' title='bbox 1247 1792 1372 1833; x_wconf 87' lang='lat' dir='ltr'>vendas,</span> <span class='ocrx_word' id='word_1_435' title='bbox 1385 1793 1572 1827; x_wconf 85' lang='lat' dir='ltr'>commissas</span> <span class='ocrx_word' id='word_1_436' title='bbox 1588 1799 1618 1827; x_wconf 88' lang='lat' dir='ltr'>et</span> <span class='ocrx_word' id='word_1_437' title='bbox 1633 1794 1890 1835; x_wconf 87' lang='lat' dir='ltr'>committendas,</span> <span class='ocrx_word' id='word_1_438' title='bbox 1909 1794 2001 1829; x_wconf 84' lang='lat' dir='ltr'>toties</span> <span class='ocrx_word' id='word_1_439' title='bbox 2015 1783 2202 1836; x_wconf 47' lang='lat' dir='ltr'>ssfflssfflffb&#39;un</span> 
     </span>
     <span class='ocr_line' id='line_1_83' title="bbox 1246 1846 2001 1892; baseline 0.005 -14"><span class='ocrx_word' id='word_1_440' title='bbox 1246 1846 1372 1890; x_wconf 87' lang='lat' dir='ltr'>quoties</span> <span class='ocrx_word' id='word_1_441' title='bbox 1388 1858 1469 1891; x_wconf 90' lang='lat' dir='ltr'>opus</span> <span class='ocrx_word' id='word_1_442' title='bbox 1487 1848 1595 1886; x_wconf 83' lang='lat' dir='ltr'>fuerit,</span> <span class='ocrx_word' id='word_1_443' title='bbox 1607 1848 1706 1881; x_wconf 89' lang='lat' dir='ltr'>semel</span> <span class='ocrx_word' id='word_1_444' title='bbox 1723 1853 1753 1881; x_wconf 91' lang='lat' dir='ltr'>et</span> <span class='ocrx_word' id='word_1_445' title='bbox 1769 1848 1902 1892; x_wconf 87' lang='lat' dir='ltr'>pluries,</span> <span class='ocrx_word' id='word_1_446' title='bbox 1917 1848 2001 1883; x_wconf 83' lang='lat' dir='ltr'>eius-</span> 
     </span>
     <span class='ocr_line' id='line_1_84' title="bbox 1246 1900 2000 1947; baseline 0.004 -15"><span class='ocrx_word' id='word_1_447' title='bbox 1246 1900 1318 1933; x_wconf 86' lang='lat' dir='ltr'>dem</span> <span class='ocrx_word' id='word_1_448' title='bbox 1335 1901 1507 1935; x_wconf 84' lang='lat' dir='ltr'>cardinalis</span> <span class='ocrx_word' id='word_1_449' title='bbox 1530 1901 1663 1935; x_wconf 85' lang='lat' dir='ltr'>arbitrio</span> <span class='ocrx_word' id='word_1_450' title='bbox 1682 1901 1915 1943; x_wconf 87' lang='lat' dir='ltr'>reassumendi,</span> <span class='ocrx_word' id='word_1_451' title='bbox 1934 1902 2000 1947; x_wconf 91' lang='lat' dir='ltr'>ple-</span> 
     </span>
     <span class='ocr_line' id='line_1_85' title="bbox 1245 1955 1999 1989; baseline 0.005 -4"><span class='ocrx_word' id='word_1_452' title='bbox 1245 1964 1317 1985; x_wconf 92' lang='lat' dir='ltr'>nam</span> <span class='ocrx_word' id='word_1_453' title='bbox 1350 1959 1380 1987; x_wconf 91' lang='lat' dir='ltr'>et</span> <span class='ocrx_word' id='word_1_454' title='bbox 1412 1955 1546 1988; x_wconf 91' lang='lat' dir='ltr'>liberam</span> <span class='ocrx_word' id='word_1_455' title='bbox 1581 1955 1744 1989; x_wconf 85' lang='lat' dir='ltr'>licentiam</span> <span class='ocrx_word' id='word_1_456' title='bbox 1765 1961 1796 1989; x_wconf 88' lang='lat' dir='ltr'>et</span> <span class='ocrx_word' id='word_1_457' title='bbox 1814 1956 1999 1989; x_wconf 80' lang='lat' dir='ltr'>facultatem</span> 
     </span>
     <span class='ocr_line' id='line_1_86' title="bbox 1245 2007 1463 2041; baseline 0.005 -2"><span class='ocrx_word' id='word_1_458' title='bbox 1245 2007 1463 2041; x_wconf 85' lang='lat' dir='ltr'>concedimus.</span> 
     </span>
    </p>

    <p class='ocr_par' dir='ltr' id='par_1_14' title="bbox 1241 2061 2199 2725">
     <span class='ocr_line' id='line_1_87' title="bbox 1288 2061 2199 2103; baseline 0.002 -9"><span class='ocrx_word' id='word_1_459' title='bbox 1288 2061 1302 2103; x_wconf 54' lang='grc' dir='ltr'>ᾗ</span> <span class='ocrx_word' id='word_1_460' title='bbox 1323 2061 1353 2095; x_wconf 81' lang='grc'>8.</span> <span class='ocrx_word' id='word_1_461' title='bbox 1376 2062 1591 2095; x_wconf 87' lang='lat' dir='ltr'>Decernentes</span> <span class='ocrx_word' id='word_1_462' title='bbox 1611 2061 1842 2095; x_wconf 88' lang='lat' dir='ltr'>monasterium</span> <span class='ocrx_word' id='word_1_463' title='bbox 1863 2061 1999 2096; x_wconf 84' lang='lat' dir='ltr'>Conver-</span> <span class='ocrx_word' id='word_1_464' title='bbox 2053 2070 2132 2091; x_wconf 67' lang='lat' dir='ltr'>Caum</span> <span class='ocrx_word' id='word_1_465' title='bbox 2149 2068 2199 2091; x_wconf 67' lang='lat' dir='ltr'>alib!</span> 
     </span>
     <span class='ocr_line' id='line_1_88' title="bbox 1244 2100 2196 2158; baseline 0.004 -12"><span class='ocrx_word' id='word_1_466' title='bbox 1244 2114 1373 2147; x_wconf 88' lang='lat' dir='ltr'>titarum</span> <span class='ocrx_word' id='word_1_467' title='bbox 1402 2116 1639 2158; x_wconf 87' lang='lat' dir='ltr'>praedictarum</span> <span class='ocrx_word' id='word_1_468' title='bbox 1669 2122 1699 2149; x_wconf 87' lang='lat' dir='ltr'>et</span> <span class='ocrx_word' id='word_1_469' title='bbox 1729 2115 1815 2149; x_wconf 90' lang='lat' dir='ltr'>illius</span> <span class='ocrx_word' id='word_1_470' title='bbox 1841 2115 1998 2149; x_wconf 84' lang='lat' dir='ltr'>moniales</span> <span class='ocrx_word' id='word_1_471' title='bbox 2012 2100 2113 2158; x_wconf 53' lang='grc' dir='ltr'>ζῖἷὲιῗῗῗι</span> <span class='ocrx_word' id='word_1_472' title='bbox 2154 2104 2196 2121; x_wconf 56' lang='lat'>&#39;³⁹&#39;</span> 
     </span>
     <span class='ocr_line' id='line_1_89' title="bbox 1244 2168 1998 2212; baseline 0.003 -12"><span class='ocrx_word' id='word_1_473' title='bbox 1244 2173 1273 2200; x_wconf 89' lang='lat' dir='ltr'>et</span> <span class='ocrx_word' id='word_1_474' title='bbox 1292 2168 1524 2211; x_wconf 75' lang='lat' dir='ltr'>gubernatores</span> <span class='ocrx_word' id='word_1_475' title='bbox 1544 2180 1600 2202; x_wconf 90' lang='lat' dir='ltr'>seu</span> <span class='ocrx_word' id='word_1_476' title='bbox 1626 2174 1853 2212; x_wconf 80' lang='lat' dir='ltr'>procuratores</span> <span class='ocrx_word' id='word_1_477' title='bbox 1881 2174 1998 2202; x_wconf 62' lang='lat' dir='ltr'>et‘eo-</span> 
     </span>
     <span class='ocr_line' id='line_1_90' title="bbox 1243 2222 1996 2267; baseline 0.003 -14"><span class='ocrx_word' id='word_1_478' title='bbox 1243 2231 1315 2253; x_wconf 89' lang='lat' dir='ltr'>rum</span> <span class='ocrx_word' id='word_1_479' title='bbox 1349 2227 1479 2264; x_wconf 73' lang='lat' dir='ltr'>agentes</span> <span class='ocrx_word' id='word_1_480' title='bbox 1504 2232 1721 2266; x_wconf 88' lang='lat' dir='ltr'>personasque</span> <span class='ocrx_word' id='word_1_481' title='bbox 1742 2222 1937 2267; x_wconf 88' lang='lat' dir='ltr'>praedictas,</span> <span class='ocrx_word' id='word_1_482' title='bbox 1959 2232 1996 2255; x_wconf 89' lang='lat' dir='ltr'>ex</span> 
     </span>
     <span class='ocr_line' id='line_1_91' title="bbox 1243 2275 1996 2320; baseline 0.001 -13"><span class='ocrx_word' id='word_1_483' title='bbox 1243 2286 1329 2308; x_wconf 88' lang='lat' dir='ltr'>nunc</span> <span class='ocrx_word' id='word_1_484' title='bbox 1359 2275 1512 2320; x_wconf 87' lang='lat' dir='ltr'>deinceps</span> <span class='ocrx_word' id='word_1_485' title='bbox 1545 2276 1714 2309; x_wconf 89' lang='lat' dir='ltr'>occasione</span> <span class='ocrx_word' id='word_1_486' title='bbox 1743 2275 1996 2319; x_wconf 88' lang='lat' dir='ltr'>praemissorum</span> 
     </span>
     <span class='ocr_line' id='line_1_92' title="bbox 1242 2328 1994 2372; baseline 0.001 -12"><span class='ocrx_word' id='word_1_487' title='bbox 1242 2328 1316 2361; x_wconf 88' lang='lat' dir='ltr'>alibi</span> <span class='ocrx_word' id='word_1_488' title='bbox 1338 2339 1434 2371; x_wconf 89' lang='lat' dir='ltr'>quam</span> <span class='ocrx_word' id='word_1_489' title='bbox 1456 2339 1565 2361; x_wconf 90' lang='lat' dir='ltr'>coram</span> <span class='ocrx_word' id='word_1_490' title='bbox 1587 2329 1751 2372; x_wconf 85' lang='lat' dir='ltr'>praedicto</span> <span class='ocrx_word' id='word_1_491' title='bbox 1773 2339 1858 2362; x_wconf 89' lang='lat' dir='ltr'>nunc</span> <span class='ocrx_word' id='word_1_492' title='bbox 1881 2333 1912 2361; x_wconf 89' lang='lat' dir='ltr'>et</span> <span class='ocrx_word' id='word_1_493' title='bbox 1934 2339 1994 2372; x_wconf 90' lang='lat' dir='ltr'>pro</span> 
     </span>
     <span class='ocr_line' id='line_1_93' title="bbox 1243 2381 1995 2425; baseline 0 -11"><span class='ocrx_word' id='word_1_494' title='bbox 1243 2388 1387 2425; x_wconf 88' lang='lat' dir='ltr'>tempore</span> <span class='ocrx_word' id='word_1_495' title='bbox 1418 2382 1493 2415; x_wconf 84' lang='lat' dir='ltr'>dicti</span> <span class='ocrx_word' id='word_1_496' title='bbox 1529 2382 1714 2415; x_wconf 88' lang='lat' dir='ltr'>monasterii</span> <span class='ocrx_word' id='word_1_497' title='bbox 1738 2381 1995 2415; x_wconf 85' lang='lat' dir='ltr'>Convertitarum</span> 
     </span>
     <span class='ocr_line' id='line_1_94' title="bbox 1242 2435 1995 2479; baseline 0.001 -12"><span class='ocrx_word' id='word_1_498' title='bbox 1242 2436 1393 2469; x_wconf 85' lang='lat' dir='ltr'>existente</span> <span class='ocrx_word' id='word_1_499' title='bbox 1428 2442 1609 2479; x_wconf 85' lang='lat' dir='ltr'>protectore</span> <span class='ocrx_word' id='word_1_500' title='bbox 1640 2435 1803 2469; x_wconf 87' lang='lat' dir='ltr'>conveniri</span> <span class='ocrx_word' id='word_1_501' title='bbox 1836 2441 1891 2469; x_wconf 87' lang='lat' dir='ltr'>aut</span> <span class='ocrx_word' id='word_1_502' title='bbox 1916 2436 1995 2469; x_wconf 88' lang='lat' dir='ltr'>alios</span> 
     </span>
     <span class='ocr_line' id='line_1_95' title="bbox 1242 2485 1995 2528; baseline 0.001 -11"><span class='ocrx_word' id='word_1_503' title='bbox 1242 2485 1478 2518; x_wconf 85' lang='lat' dir='ltr'>conveniendos</span> <span class='ocrx_word' id='word_1_504' title='bbox 1508 2485 1683 2528; x_wconf 81' lang='lat' dir='ltr'>constringi</span> <span class='ocrx_word' id='word_1_505' title='bbox 1716 2495 1781 2517; x_wconf 91' lang='lat' dir='ltr'>non</span> <span class='ocrx_word' id='word_1_506' title='bbox 1815 2495 1918 2528; x_wconf 87' lang='lat' dir='ltr'>posse.</span> <span class='ocrx_word' id='word_1_507' title='bbox 1952 2485 1995 2518; x_wconf 85' lang='lat' dir='ltr'>Ac</span> 
     </span>
     <span class='ocr_line' id='line_1_96' title="bbox 1243 2533 1995 2577; baseline 0 -11"><span class='ocrx_word' id='word_1_508' title='bbox 1243 2544 1423 2576; x_wconf 88' lang='lat' dir='ltr'>processus,</span> <span class='ocrx_word' id='word_1_509' title='bbox 1443 2533 1614 2567; x_wconf 87' lang='lat' dir='ltr'>sententias</span> <span class='ocrx_word' id='word_1_510' title='bbox 1634 2539 1665 2566; x_wconf 88' lang='lat' dir='ltr'>et</span> <span class='ocrx_word' id='word_1_511' title='bbox 1680 2533 1806 2566; x_wconf 85' lang='lat' dir='ltr'>decreta</span> <span class='ocrx_word' id='word_1_512' title='bbox 1823 2544 1881 2577; x_wconf 87' lang='lat' dir='ltr'>per</span> <span class='ocrx_word' id='word_1_513' title='bbox 1895 2533 1995 2566; x_wconf 89' lang='lat' dir='ltr'>alium</span> 
     </span>
     <span class='ocr_line' id='line_1_97' title="bbox 1241 2582 1994 2626; baseline 0.001 -12"><span class='ocrx_word' id='word_1_514' title='bbox 1241 2583 1289 2614; x_wconf 79' lang='lat' dir='ltr'>vel</span> <span class='ocrx_word' id='word_1_515' title='bbox 1309 2583 1400 2621; x_wconf 86' lang='lat' dir='ltr'>alios,</span> <span class='ocrx_word' id='word_1_516' title='bbox 1422 2588 1487 2615; x_wconf 87' lang='lat' dir='ltr'>tam</span> <span class='ocrx_word' id='word_1_517' title='bbox 1505 2582 1684 2615; x_wconf 87' lang='lat' dir='ltr'>ordinarios</span> <span class='ocrx_word' id='word_1_518' title='bbox 1704 2593 1801 2626; x_wconf 86' lang='lat' dir='ltr'>quam</span> <span class='ocrx_word' id='word_1_519' title='bbox 1822 2583 1994 2625; x_wconf 80' lang='lat' dir='ltr'>delegatos,</span> 
     </span>
     <span class='ocr_line' id='line_1_98' title="bbox 1242 2630 1994 2675; baseline 0.003 -13"><span class='ocrx_word' id='word_1_520' title='bbox 1242 2630 1274 2662; x_wconf 92' lang='lat' dir='ltr'>in</span> <span class='ocrx_word' id='word_1_521' title='bbox 1307 2631 1412 2664; x_wconf 77' lang='lat' dir='ltr'>causis</span> <span class='ocrx_word' id='word_1_522' title='bbox 1450 2631 1620 2674; x_wconf 84' lang='lat' dir='ltr'>praedictis</span> <span class='ocrx_word' id='word_1_523' title='bbox 1654 2632 1898 2675; x_wconf 88' lang='lat' dir='ltr'>quomodolibet</span> <span class='ocrx_word' id='word_1_524' title='bbox 1935 2642 1994 2675; x_wconf 90' lang='lat' dir='ltr'>pro</span> 
     </span>
     <span class='ocr_line' id='line_1_99' title="bbox 1241 2680 1994 2725; baseline 0 -12"><span class='ocrx_word' id='word_1_525' title='bbox 1241 2686 1386 2725; x_wconf 85' lang='lat' dir='ltr'>tempore</span> <span class='ocrx_word' id='word_1_526' title='bbox 1420 2682 1588 2720; x_wconf 86' lang='lat' dir='ltr'>formatas,</span> <span class='ocrx_word' id='word_1_527' title='bbox 1609 2680 1688 2714; x_wconf 89' lang='lat' dir='ltr'>latas</span> <span class='ocrx_word' id='word_1_528' title='bbox 1716 2686 1744 2714; x_wconf 86' lang='lat' dir='ltr'>et</span> <span class='ocrx_word' id='word_1_529' title='bbox 1778 2681 1891 2722; x_wconf 82' lang='lat' dir='ltr'>factas,</span> <span class='ocrx_word' id='word_1_530' title='bbox 1919 2690 1994 2715; x_wconf 87' lang='lat' dir='ltr'>cum</span> 
     </span>
    </p>
   </div>
   <div class='ocr_carea' id='block_1_9' title="bbox 2023 897 2208 955">
    <p class='ocr_par' dir='ltr' id='par_1_15' title="bbox 2023 897 2208 955">
     <span class='ocr_line' id='line_1_100' title="bbox 2086 897 2208 919; baseline 0.008 -1"><span class='ocrx_word' id='word_1_531' title='bbox 2086 897 2208 919; x_wconf 78' lang='lat' dir='ltr'>Sententtn</span> 
     </span>
     <span class='ocr_line' id='line_1_101' title="bbox 2023 929 2151 955; baseline 0.008 -6"><span class='ocrx_word' id='word_1_532' title='bbox 2023 929 2151 955; x_wconf 56' lang='lat' dir='ltr'>exequenda</span> 
     </span>
    </p>
   </div>
   <div class='ocr_carea' id='block_1_10' title="bbox 2021 1213 2206 1272">
    <p class='ocr_par' dir='ltr' id='par_1_16' title="bbox 2021 1213 2206 1272">
     <span class='ocr_line' id='line_1_102' title="bbox 2054 1213 2206 1236; baseline 0 -1"><span class='ocrx_word' id='word_1_533' title='bbox 2054 1213 2206 1236; x_wconf 76' lang='lat' dir='ltr'>tuobedtenten</span> 
     </span>
     <span class='ocr_line' id='line_1_103' title="bbox 2021 1246 2144 1272; baseline 0 -6"><span class='ocrx_word' id='word_1_534' title='bbox 2021 1246 2144 1272; x_wconf 81' lang='lat' dir='ltr'>coercendl;</span> 
     </span>
    </p>
   </div>
  </div>
 </body>
</html>
