2237 3100
248 238 298 266 An.
315 239 344 268 C.
363 239 431 269 1568

488 232 553 268 698

444 299 481 328 ut
498 295 633 328 instituti
653 295 753 329 nostri
772 295 906 328 effeetus
931 299 961 327 et
986 292 1131 326 executio
1158 303 1194 326 o-

445 348 515 383 cius
534 349 761 392 subsequatur,

489 403 504 443 ξ
527 402 560 436 4.
592 403 769 441 Monemus,
792 400 824 433 in
850 400 982 444 primis,
1022 399 1131 433 omnia
1164 405 1195 433 et

299 458 384 494 l¹⁰¹¹ffi⁰
404 459 429 479 ³¹¹
444 466 688 498 quaecumquae
725 453 910 488 communia
954 453 1193 498 provinciarum

247 493 384 544 igitiffi'ssgiii'
402 495 431 544 αἳ
444 508 672 552 civitatumque
705 513 736 541 et
768 509 916 541 locorum
948 507 1191 552 praelatorum,

248 557 293 575 ctas
303 556 427 582 scripturas.

443 571 570 594 necnon
595 561 804 594 ecelesiarum
827 562 1000 606 praelatos,
1038 561 1191 605 capitula,

443 620 619 648 conventus
642 620 673 648 et
702 614 850 657 collegia,
877 626 989 649 omnes
1012 615 1089 650 item
1114 616 1193 650 alios

442 672 473 700 et
497 667 640 711 singulos
660 668 805 702 ciusdem
825 669 856 703 S.
884 669 920 702 R.
948 669 984 702 E.
1013 669 1193 704 cardinales

441 727 496 754 aut
516 722 659 762 comites,
683 722 781 756 duces
805 728 836 755 et
857 723 968 766 quovis
991 723 1054 756 alio
1073 723 1191 768 potiori

441 775 533 808 titulo
545 776 685 809 illustres
696 776 770 817 sint,
783 782 846 810 tam
857 776 960 810 dietae
976 777 1080 815 Urbis,
1094 789 1191 821 quam

441 829 536 862 etiam
553 829 806 873 provinciarum,
825 830 988 864 civitatum
1004 831 1190 864 etlocorum

440 882 626 916 immediate
651 889 681 917 et
705 884 843 917 mediate
868 884 1102 925 subiectorum,
1129 896 1190 928 pu-

439 936 523 969 blice
544 942 573 969 et
590 936 750 981 privatim,
770 944 804 971 ut
828 938 910 971 infra
934 938 1111 971 terminum
1132 949 1191 982 per

439 990 662 1034 supradictum
691 991 842 1024 Carolum
873 992 1062 1036 episcopum
1091 997 1121 1025 et
1149 992 1190 1025 O-

439 1043 617 1087 nuphrium
632 1044 782 1085 arbitros,
794 1050 963 1088 postquam
972 1046 1189 1089 praesentium

439 1095 622 1130 litterarum
640 1098 856 1141 promulgatio
868 1098 900 1131 in
916 1099 1000 1132 Urbe
1014 1104 1044 1133 et
1060 1110 1189 1143 quaque

439 1150 502 1183 alia
521 1150 657 1191 civitate,
676 1152 854 1196 provincia,
882 1158 966 1186 terra
987 1159 1017 1186 et
1033 1154 1116 1194 loco,
1134 1153 1189 1187 ubi

438 1203 628 1246 consistunt,
651 1205 733 1238 sacta
757 1206 872 1245 suerit,
900 1206 1009 1240 onmia
1036 1212 1067 1240 et
1090 1219 1188 1251 quae-

438 1268 579 1302 cumque
606 1259 819 1302 exemplaria,
847 1260 966 1301 libros,
989 1262 1186 1305 protocolla,

437 1311 625 1355 scripturas,
648 1314 807 1358 exempla,
834 1314 1048 1349 instrumenta
1067 1322 1099 1349 et
1118 1327 1187 1349 mo-

437 1371 592 1398 numenta
604 1376 713 1399 rerum
726 1372 755 1402 et
766 1367 887 1401 iurium
904 1380 1189 1414 quorumcumque

438 1419 473 1452 R.
496 1419 531 1452 E.
558 1431 595 1453 ac
620 1420 710 1454 Sedis
729 1427 760 1454 et.
773 1421 925 1456 Gamerae
951 1424 1188 1467 praedictarum

437 1483 536 1516 penes
560 1484 593 1507 se
613 1473 791 1516 existentia,
809 1476 872 1509 sive
887 1477 926 1510 ad
942 1477 1028 1521 ipsas
1047 1478 1188 1521 legitime

436 1527 632 1571 pertineant,
655 1528 718 1561 sive
744 1531 950 1564 commodato
974 1532 1022 1565 vel
1043 1532 1188 1575 deposito

437 1585 492 1613 aut
518 1581 581 1614 alio
606 1592 815 1626 quocumque
843 1584 914 1617 iure
945 1590 975 1618 et
1009 1585 1101 1619 titulo
1136 1587 1189 1620 illa

437 1634 614 1676 obtineant,
640 1637 687 1670 vel
713 1636 809 1670 etiam
834 1638 987 1683 subrepta
1012 1645 1043 1673 et
1066 1646 1188 1675 extorta

437 1688 623 1730 detineant,
663 1691 813 1734 praefatis
842 1692 956 1726 Carolo
981 1693 1134 1739 episcopo
1159 1701 1189 1728 et

436 1741 602 1786 Onuphrio
616 1744 821 1787 praesidenti,
839 1757 895 1779 seu
915 1757 1027 1780 eorum
1045 1747 1077 1781 in
1096 1749 1188 1783 dictis

437 1795 634 1837 civitatibus,
664 1798 834 1841 provinciis
868 1805 895 1832 et
930 1801 1009 1834 locis
1034 1803 1186 1836 commis-

436 1850 544 1891 sartis,
580 1851 712 1884 omnino
746 1853 888 1886 revelare
922 1862 1116 1897 procurent,
1153 1861 1188 1889 ut

436 1903 557 1937 scilicet
572 1915 685 1937 corum
701 1905 845 1938 omnium
867 1912 897 1939 et
917 1907 1119 1951 singulorum
1140 1910 1187 1942 in-

435 1957 613 1991 ventarium
639 1959 840 1992 conficiatur.
868 1960 1003 2002 Deinde,
1029 1962 1186 1996 adnotatis

436 2011 736 2052 communitatibus,
755 2012 947 2052 antiatibus,
965 2015 1121 2057 ccelesiis,
1135 2028 1186 2050 ca-

435 2064 557 2108 pitulis,
589 2066 810 2106 conventibus,
843 2067 1013 2109 archiviis,
1048 2070 1126 2103 locis
1155 2076 1183 2104 et

435 2119 580 2162 personis
604 2120 658 2152 ubi
684 2126 843 2161 constant,
865 2120 934 2164 ipsa
953 2133 1084 2166 <pioque
1104 2135 1184 2167 prze-

434 2176 497 2207 l'ato
517 2173 676 2207 breviario
702 2185 758 2207 seu
779 2175 972 2218 compendio
1001 2178 1184 2211 asdcriban-

434 2233 497 2268 tur,
512 2227 752 2271 exemplaribus
768 2228 832 2261 sive
850 2229 1015 2272 exemplis,
1034 2232 1184 2274 regestris

433 2287 463 2314 et
488 2281 721 2322 instrumentis,
748 2292 846 2325 penes
870 2292 925 2315 eos
949 2283 988 2315 ad
1018 2295 1099 2327 quos
1129 2285 1183 2319 illa

433 2338 504 2372 iure
527 2340 708 2384 pertinent,
734 2346 899 2383 tamquam
931 2341 1077 2386 ipsorum
1108 2344 1182 2378 fidei

433 2397 610 2431 commissis
626 2399 877 2440 remanentibus,
893 2399 935 2433 ita
951 2405 987 2433 nt
1000 2411 1179 2445 nunquam,

433 2454 501 2488 sine
521 2455 611 2490 Sedis
627 2457 827 2501 Apostolicae
847 2457 976 2502 speciali
988 2464 1018 2491 et
1035 2469 1182 2503 expressa

431 2512 571 2554 licentia,
587 2514 660 2548 inde
675 2516 828 2558 amoveri,
851 2516 1015 2550 transferri
1030 2524 1085 2551 aut
1105 2519 1182 2552 alias

431 2570 595 2605 immutari
624 2574 765 2617 possint,
798 2575 950 2619 subrepta
978 2585 1052 2608 vcro
1077 2582 1108 2608 et
1131 2587 1182 2609 ex-

431 2634 514 2670 torta
542 2631 589 2663 vel
624 2631 747 2666 incerta
779 2634 819 2666 ad
860 2634 1035 2677 praefatam
1067 2634 1180 2668 Came-

1039 239 1216 264 BIILLARIUM
1239 239 1390 265 Romanum

1237 303 1306 325 ram
1326 294 1507 328 reserantur
1522 299 1553 328 et
1567 296 1601 329 in
1617 296 1739 330 dictum
1755 299 1983 343 compendium

1236 351 1332 389 atque
1351 347 1491 381 indicem
1512 349 1732 384 conserantur.

1279 399 1294 442 ἓ
1315 400 1345 434 5.
1363 401 1455 440 Quod
1466 401 1491 434 si
1502 402 1584 435 sorte
1603 402 1714 446 aliqui,
1730 404 1820 448 lapso
1839 411 1986 450 tempore

1236 453 1412 497 praedicto,
1435 465 1500 488 non
1520 456 1700 500 paruerint,
1723 467 1778 491 eos
1793 463 1824 492 et
1840 458 1986 502 ipsorum

1236 507 1391 551 singulos,
1414 508 1516 549 libris,
1533 508 1660 543 iuribus
1679 515 1710 544 et
1725 510 1894 555 scripturis
1915 524 1986 547 om-

1235 560 1330 594 nibus
1351 562 1518 604 praefatis,
1541 573 1722 608 eorumque
1746 564 1894 599 omniurn
1924 578 1987 601 usu

1235 620 1266 649 et
1289 615 1460 648 commodo
1485 615 1658 659 privamus.
1686 617 1857 652 Praeterea
1881 620 1986 654 eccle-

1234 669 1307 710 sias,
1329 669 1470 713 capitula
1486 675 1516 703 et
1535 669 1742 712 monasteria,
1766 677 1941 707 conventus
1956 679 1987 707 et

1235 722 1369 766 collegia
1381 723 1608 764 ecclesiastiea,
1621 734 1750 758 necnon
1761 724 1902 759 civitates
1912 737 1987 770 pro-

1232 775 1352 809 vincias
1367 782 1398 810 et
1416 777 1486 810 loca
1501 787 1748 821 quaecumquae
1768 779 1985 814 eeclesiastico

1233 830 1404 863 interdicto
1420 829 1622 871 subiiciinus;
1639 831 1820 875 singulares
1827 843 1903 866 vero
1914 844 1985 877 per—

1233 893 1328 916 sonas
1356 884 1565 925 eorumdem,
1600 890 1791 929 ceterosque
1824 886 1986 930 praefatos

1233 937 1576 970 excommunicationis
1605 938 1763 972 sententia
1790 938 1986 974 innodamus

1233 1001 1271 1024 eo
1287 990 1370 1034 ipso,
1383 1002 1447 1035 qua
1463 991 1652 1034 illaqueatos
1662 993 1774 1026 nullus
1788 993 1871 1026 alius
1886 1004 1984 1038 quam

1231 1044 1396 1077 Romanus
1406 1045 1559 1086 Pontifex,
1573 1051 1705 1090 excepto
1716 1046 1828 1080 mortis
1837 1046 1983 1088 articulo,

1231 1099 1334 1132 valeat
1343 1099 1494 1132 liberare.

1276 1153 1290 1196 ξ
1315 1151 1348 1186 6.
1375 1153 1538 1194 Ceterum,
1565 1159 1599 1186 ut
1632 1154 1776 1198 praefata
1799 1155 1984 1199 promptius

1232 1212 1444 1249 exequantur,
1466 1206 1617 1249 praelatis
1636 1207 1750 1241 Carolo
1775 1207 1928 1252 episcopo
1952 1214 1984 1242 et

1231 1259 1398 1303 Onuplirio
1432 1260 1645 1304 praesidenti,
1679 1266 1769 1294 motu
1794 1261 1927 1305 proprio
1953 1268 1984 1296 et

1231 1325 1268 1347 ex
1290 1320 1377 1347 certa
1406 1321 1515 1348 nostra
1545 1314 1696 1356 scicntia,
1727 1316 1919 1349 mandamus
1947 1322 1984 1350 ut

1231 1367 1290 1411 ipsi
1313 1368 1352 1401 ad
1377 1379 1502 1409 arcem,
1535 1368 1703 1412 palatium,
1738 1368 1981 1411 bibliothecam,

1229 1422 1425 1463 vestiarium,
1437 1421 1641 1466 Capitolium,
1654 1422 1817 1464 eeclesias,
1827 1422 1980 1467 capitula,

1231 1476 1437 1515 monasteria,
1467 1482 1654 1517 conventus,
1689 1475 1843 1517 archivia,
1869 1477 1983 1511 domos

1231 1535 1261 1562 et
1277 1530 1349 1563 loca
1368 1529 1521 1573 praefata,
1545 1535 1618 1562 tani·
1635 1529 1766 1574 publica
1790 1541 1888 1574 quam
1915 1531 1981 1575 pri-

1230 1589 1310 1624 vata,
1334 1583 1475 1627 itemque
1496 1583 1740 1627 particularium
1751 1594 1979 1628 personarum,

1230 1637 1325 1671 etiam
1346 1638 1377 1672 S.
1400 1638 1436 1671 lt.
1460 1638 1494 1670 E.
1518 1637 1751 1679 cardinalium,
1773 1649 1900 1672 necnon
1918 1639 1980 1673 du-

1231 1702 1305 1724 eum
1330 1698 1359 1724 et
1387 1692 1526 1725 aliorum
1560 1702 1846 1735 quorumcumque
1870 1693 1979 1734 aedes,

1229 1746 1262 1778 in
1282 1745 1366 1778 dieta
1390 1746 1474 1778 Urbe
1495 1751 1525 1778 et
1541 1745 1609 1779 eius
1631 1745 1778 1779 districtu
1798 1746 1932 1790 positas,
1948 1752 1980 1781 et

1230 1799 1430 1844 ubicumque
1449 1800 1504 1832 illa
1524 1810 1592 1833 esse
1611 1799 1829 1834 intellexerint
1841 1801 1890 1834 vel
1905 1812 1980 1835 eon-

1228 1854 1375 1893 iecerint,
1401 1853 1544 1886 adhibita
1564 1853 1659 1886 etiam
1679 1853 1719 1886 ad
1734 1853 1821 1898 ipsos
1839 1854 1980 1898 privatos

1228 1913 1350 1940 armata
1374 1906 1506 1947 familia,
1529 1906 1626 1940 etiam
1650 1912 1723 1940 ante
1743 1908 1978 1951 promulgatio-

1228 1972 1302 1994 nem
1314 1960 1534 2005 praesentium
1548 1971 1585 1993 ac
1597 1960 1840 2005 quamprimum
1853 1971 1886 1995 se
1903 1972 1979 1995 con-

1228 2016 1342 2054 serant,
1365 2020 1395 2048 et
1419 2014 1507 2047 omni
1531 2013 1736 2047 cunctatione
1761 2014 1979 2059 respondendi

1227 2069 1274 2101 vel
1300 2067 1489 2102 consulendi
1504 2068 1662 2111 praecisa,
1688 2069 1737 2101 vel
1761 2068 1978 2113 appellatione

1227 2128 1362 2163 remota,
1376 2122 1415 2154 ad
1427 2122 1569 2166 praefata
1577 2122 1685 2155 omnia
1695 2132 1713 2155 e
1723 2122 1867 2166 vestigio,
1883 2123 1976 2156 adhi-

1225 2175 1290 2208 bita
1319 2175 1414 2208 etiam
1444 2186 1542 2208 manu
1573 2175 1678 2218 regia,
1704 2186 1742 2209 ac
1770 2187 1829 2220 per
1860 2187 1977 2211 censu-

1225 2240 1276 2262 ras
1301 2235 1329 2262 et
1355 2240 1475 2273 poenas
1506 2230 1664 2274 praefatas
1687 2240 1724 2262 ac
1749 2229 1844 2263 etiam
1876 2241 1977 2274 pecu-

1225 2282 1343 2316 niarias
1375 2283 1518 2326 aliasque
1554 2283 1716 2326 graviores
1753 2283 1886 2318 arbitrio
1917 2295 1977 2319 suo

1225 2336 1424 2380 irrogandas,
1453 2337 1666 2370 moderandas
1695 2341 1727 2371 et
1746 2337 1974 2382 applicandas,

1225 2394 1396 2432 ceteraque
1408 2389 1486 2423 iuris
1497 2395 1528 2423 et
1542 2390 1616 2423 sacti
1626 2390 1770 2424 remedia
1780 2396 1975 2435 opportuna,

1223 2439 1440 2483 appellatione
1460 2440 1635 2483 posposita,
1657 2440 1864 2484 compellant;
1885 2441 1975 2474 exhi-

1222 2488 1299 2528 bita,
1326 2489 1483 2532 producta
1513 2494 1545 2522 et
1572 2489 1700 2523 inventa
1728 2496 1973 2533 recognoscant,

1223 2548 1260 2571 ac
1280 2538 1319 2570 de
1349 2537 1395 2571 eis
1419 2537 1632 2571 inventarium
1658 2549 1695 2571 ac
1719 2538 1916 2572 breviarium
1941 2545 1976 2575 et

1223 2586 1362 2620 indicem
1374 2588 1553 2632 praefatum
1565 2587 1748 2628 conficiant;
1765 2598 1914 2631 quaeque
1929 2589 1974 2622 ibi

1223 2636 1445 2680 relinquenda,
1454 2678 1457 2681 ι
1467 2638 1518 2671 vel
1537 2637 1652 2674 deinde
1664 2637 1703 2671 ad
1713 2637 1879 2672 Cameram
1891 2649 1972 2683 prae·

2219 0 2237 126 ἒ

2227 125 2237 159 l

2229 165 2237 207 i

2000 248 2053 276 An.
2072 248 2102 278 C.
2115 249 2184 281 ¹⁵68
2228 211 2237 259 1

2014 411 2126 448 Poenaetn
2135 417 2185 434 eon·
2222 261 2237 723 1

2001 446 2155 465 truculentus.

2018 1161 2138 1186 Inrtsdtctio
2147 1165 2180 1185 (lii⁴

1997 1194 2088 1215 iudicum
2098 1195 2118 1215 in
2132 1201 2182 1222 prm-

1997 1226 2059 1246 dictis
2073 1231 2183 1252 exequen-

1997 1258 2036 1279 dis.
