2237 3100
275 221 324 247 An.
342 220 370 247 C.
388 220 454 251 ¹571

332 614 379 635 lure
396 613 452 633 civili

270 649 357 665 vax-euu-
372 646 453 665 iudices

270 681 291 698 et
302 678 354 697 alins
369 677 452 696 iustitia*

270 710 376 728 ministros
406 708 452 727 sine

271 745 373 765 quoquam
407 737 451 758 sus-

269 771 333 796 angio
350 770 398 795 eligi
413 769 453 789 de-

269 801 356 825 bere,ut
366 801 450 820 inautb.

270 836 292 853 ut
304 834 393 857 iudices,
407 833 451 853 sive

270 868 310 884 otc.

333 1901 369 1922 llic
385 1905 454 1922 autem

271 1933 368 1955 Pontifex
384 1940 454 1960 pamas

271 1971 345 1986 omnes
355 1966 376 1985 in
388 1968 455 1985 trans-

271 2002 382 2023 gressores
397 1997 455 2017 intti-

271 2032 316 2049 ctas
332 2029 419 2049 innovat
434 2030 454 2050 et

271 2060 387 2085 consirmiit3

517 212 581 245 950

472 284 591 318 pressa,
625 273 751 317 singula
771 273 801 305 iu
823 273 890 305 dies
910 272 1053 314 singulos
1073 270 1220 303 conside-

472 339 557 367 rans,
581 327 710 359 illorum
732 326 966 363 executionem,
998 324 1092 358 etiam
1111 324 1219 356 dietim

471 381 622 425 disponit,
642 386 675 413 ut
695 385 724 412 et
744 379 878 422 negocia
898 379 966 422 ipsa
992 377 1152 411 salubrius
1172 378 1219 410 ‹li-

471 434 625 477 rigantur,
646 445 682 466 ac
716 433 775 476 ipsi
796 433 911 466 subditi
942 433 1096 476 paulatim
1118 432 1167 465 sui
1189 432 1220 465 in

470 498 524 520 eos
544 487 662 520 amoris
682 492 878 529 cognoscant
898 486 1026 518 indicia.

513 542 527 581 ,ξ
548 541 577 572 ·1.
602 542 683 573 Sane
704 541 778 573 lieet
797 540 887 580 alias,
917 550 956 572 ne
982 539 1061 572 ordo
1082 539 1219 572 iustitiae

469 599 717 638 perverteretur,
741 599 771 626 et
791 604 826 626 ex
851 593 947 626 certis
967 593 1037 625 aliis
1066 592 1144 624 inibi
1165 604 1219 625 ex-

468 648 585 691 pressis
611 647 727 688 causis,
760 658 818 691 per
842 647 948 680 civiles
977 646 1220 679 constitutiones

468 701 640 734 salubriter
665 701 760 734 suerit
791 706 944 733 statutum
975 706 1007 732 ut
1034 700 1156 733 iudices
1190 706 1216 733 et

467 755 520 788 alii
541 755 678 789 iustitiae
701 755 979 787 administratores
999 754 1067 787 sine
1088 765 1219 798 (pioque

467 809 619 851 sutl'ragio
640 809 709 841 lieri
730 809 877 846 debeant,
911 807 1105 851 gravissimis
1124 808 1217 841 etiam

467 862 619 895 iniunctis
639 862 754 906 pionis,
790 862 845 905 qui
867 862 1077 906 praemissam
1103 861 1219 894 consti-

467 916 623 949 tutionem
658 915 837 958 transgredi
875 915 943 948 ausi
987 916 1218 958 quoquomodo

467 971 620 1009 fuissent;
655 970 842 1013 accepimus
875 975 981 1002 tamen
1010 980 1126 1013 nuper,
1155 980 1217 1001 non

466 1026 534 1059 sinc
554 1025 652 1058 animi
674 1024 772 1057 nostri
794 1022 1006 1067 displicentia,
1030 1023 1217 1061 nonnullos,

466 1090 525 1123 pro
550 1077 785 1121 consequendis
819 1077 933 1110 officiis
954 1082 983 1109 et
1012 1076 1219 1119 dignitatibus

467 1131 700 1165 iurisdictionis
720 1130 908 1164 exercitium
935 1130 1139 1170 habentibus,
1163 1142 1217 1173 pe-

467 1186 578 1220 cunias
606 1192 636 1218 et
657 1185 734 1218 alias
754 1196 804 1218 res
839 1184 960 1217 solvere
981 1189 1011 1216 et
1032 1184 1218 1228 promittere

467 1240 629 1283 aliquibus
649 1239 836 1278 curialibus,
853 1248 995 1281 quorum
1017 1233 1218 1271 intercessio-

467 1295 562 1328 nibus
596 1299 626 1327 et
646 1293 807 1326 favoribus
836 1292 911 1325 talia
931 1291 1037 1324 officia
1068 1298 1098 1324 et
1118 1291 1219 1334 digni-

468 1354 546 1382 tates
579 1347 734 1380 obtinent.
769 1347 920 1388 Licetque
946 1356 1015 1384 nos,
1039 1356 1097 1389 pro
1118 1346 1218 1378 nostri

467 1401 634 1448 pastoralis
654 1400 750 1434 ostie-ii
771 1399 888 1438 debito,
903 1399 1078 1442 praemissa
1106 1399 1218 1431 ‹tamni-

466 1455 613 1490 ventibus
641 1453 744 1487 oculis
777 1453 972 1496 pertransire
1004 1458 1216 1495 nequeuntes,

468 1520 596 1543 omnem
618 1507 863 1541 adhibuerimus
878 1506 1087 1548 diligentiam,
1106 1512 1139 1539 ut
1156 1512 1218 1539 tam

466 1563 628 1597 ambitiosi
660 1561 847 1594 huiusmodi
878 1571 974 1604 quam
1005 1560 1217 1603 pecuniarum

467 1616 653 1651 huiusmodi
678 1621 861 1660 receptores
881 1620 911 1647 et
930 1614 1135 1657 stipulatores
1156 1620 1218 1647 tam

467 1671 596 1715 publice
619 1680 716 1713 quam
738 1674 860 1702 secrete
881 1668 1113 1711 reperirentur;
1134 1668 1218 1701 nibi-

467 1724 609 1758 lominus
629 1723 740 1757 exinde
757 1723 836 1756 nibil
853 1722 930 1755 certi
943 1721 1097 1765 expiscari
1111 1722 1219 1755 bacte-

468 1780 529 1811 n'us
550 1778 725 1822 potuimus.

512 1833 527 1876 ἓ
547 1832 579 1866 ⁶2.
593 1832 766 1876 Cupientes
782 1830 879 1873 igitur
890 1829 1073 1874 praemissis
1087 1829 1218 1862 modum

469 1887 609 1931 aliquem
630 1886 809 1930 imponere,
830 1895 867 1917 ac
887 1895 953 1922 eos,
975 1894 1056 1927 quos
1078 1883 1218 1915 civilium

469 1951 639 1986 poenarum
661 1941 757 1973 timor
777 1950 794 1972 a
815 1938 973 1971 similibus
993 1948 1058 1971 non
1078 1947 1218 1978 coercet,

470 2006 528 2040 per
552 1994 724 2028 canonicas
743 1992 923 2026 sanctiones
943 1991 1131 2024 auctoritate
1147 2002 1221 2034 apo-

470 2049 581 2083 stoliea
601 2048 734 2082 omnino
754 2046 921 2086 deterreri,
945 2052 972 2079 et
990 2046 1138 2089 avaritiae
1158 2046 1219 2078 lm-

471 2103 609 2138 iusmodi
629 2112 740 2145 genus,
757 2101 819 2133 iuri
835 2100 1014 2134 etiustitiae
1034 2094 1219 2132 huiusmodi

470 2164 535 2192 tam
555 2156 744 2194 obnoxium,
767 2155 805 2187 de
826 2154 932 2187 medio
955 2154 1079 2193 tollere,
1101 2153 1219 2186 consti-

471 2211 602 2245 tutionis
621 2210 731 2249 civilis,
753 2218 970 2252 acpoenarum
990 2219 1045 2251 per
1068 2208 1137 2241 illas
1158 2214 1220 2241 sta-

471 2270 613 2298 tutarum
628 2270 774 2297 tenorem
791 2268 821 2295 et
840 2263 977 2295 formam
998 2262 1221 2305 praesentibus

470 2330 528 2364 pro
549 2317 706 2362 expressis
722 2317 886 2357 babentes,
910 2320 997 2348 motu
1019 2315 1131 2355 simili,
1151 2320 1220 2351 etc..

470 2378 502 2406 et
521 2383 558 2405 ex
578 2378 665 2405 certa
693 2376 803 2404 nostra
823 2369 955 2403 seientia
975 2380 1011 2402 ac
1033 2370 1072 2402 de
1092 2375 1220 2413 aposto-

471 2421 552 2454 licae
572 2420 735 2465 potestatis
756 2419 968 2463 plenitudine,
982 2428 1093 2451 omnes
1113 2424 1143 2450 et
1159 2418 1221 2450 sin-

472 2471 563 2513 gulas
582 2471 679 2512 leges,
703 2469 959 2511 constitutiones,
983 2472 1098 2500 statuta
1119 2472 1147 2499 et
1169 2467 1221 2499 de-

473 2524 559 2552 creta
573 2524 685 2551 contra
703 2515 1138 2561 delinquenteshuiusmodi,
1160 2521 1220 2547 tam

473 2580 490 2601 a
523 2567 593 2601 iure
621 2568 704 2601 civili
736 2578 833 2610 quam
865 2577 882 2599 a
913 2565 1011 2600 sacris
1045 2565 1222 2598 canonibus

471 2618 566 2658 sacta,
587 2628 624 2651 ae
654 2617 686 2652 in
715 2616 777 2650 illis
797 2621 959 2656 contenta,
982 2614 1165 2659 punitiones
1192 2619 1223 2647 et

1069 217 1247 242 ntiLLAnttntt
1268 216 1417 241 ROMANUM

1264 280 1374 313 pinnas
1398 280 1619 313 quascumque
1640 270 1671 302 in
1703 271 1778 303 tales
1799 270 1934 303 iuttictas
1955 271 2011 303 ba-

1265 333 1335 354 rum
1354 323 1434 355 serie
1465 323 1665 363 innovamus,
1685 334 1801 366 easque
1816 323 1898 356 idem
1914 324 2014 357 robur

1263 377 1474 419 earndemque
1496 377 1557 409 vim
1578 377 1722 409 obtinere
1743 378 1890 409 volumus
1918 382 2013 421 atque

1264 429 1444 469 statuimus,
1471 430 1556 472 quod
1587 436 1617 462 et
1647 441 1743 473 quam
1778 430 1963 464 habuissent
1984 436 2014 464 et

1263 482 1428 523 baberent,
1446 483 1470 515 si
1501 484 1656 516 hactenus
1676 484 1714 516 ad
1744 494 1884 525 unguem
1906 484 2014 517 obser·

1263 541 1350 569 vatae
1372 537 1513 577 fuissent,
1535 538 1581 570 vel
1602 548 1619 570 a
1640 537 1731 571 nobis
1753 548 1810 581 per
1830 543 2014 581 praesentes

1263 597 1461 624 emanarent.

1307 644 1321 684 ἓ
1342 644 1372 676 3,
1397 644 1532 688 Insuper
1560 656 1702 687 quoque,
1735 650 1767 677 ut
1803 656 1914 677 earum
1937 656 2014 679 usus

1264 708 1431 739 pwnarum
1444 698 1710 741 multiplicatione
1731 698 1875 731 stabilior
1895 699 2014 732 estleia-

1263 755 1326 790 tur,
1343 750 1404 783 bae
1426 757 1534 784 nostra
1554 757 1711 795 perpetuo
1732 751 1866 785 valitura
1895 753 2012 785 eonsti-

1263 804 1397 845 tutione,
1420 816 1583 849 quamque
1604 806 1663 838 vim
1688 806 1765 847 legis
1799 806 1894 839 etiam
1916 806 2014 839 invio-

1262 857 1367 891 labilis
1388 859 1507 892 babere
1528 859 1702 900 sancimus,
1734 860 1870 902 legibus,
1894 860 2013 893 consti-

1263 911 1452 949 unionibus,
1476 913 1601 945 statutis
1622 919 1651 946 et
1671 914 1808 946 decretis
1841 913 2015 957 praedietis

1263 965 1497 1008 praeiudicium
1530 978 1593 999 non
1628 967 1806 1007 inserendo,
1834 967 2014 1010 quinimmo

1262 1018 1324 1051 illis
1356 1020 1513 1061 addendo,
1543 1021 1748 1054 decernimus
1769 1026 1798 1053 et
1827 1021 2015 1055 ordinamus

1261 1073 1348 1115 quod
1370 1074 1408 1106 de
1430 1080 1536 1107 cetero
1558 1075 1722 1118 perpetuis
1752 1075 1868 1108 suturis
1889 1081 2014 1120 tempo—

1261 1126 1350 1159 ribus
1363 1128 1496 1168 nemini,
1513 1128 1749 1172 cuiuscumque
1765 1128 1938 1171 dignitatis,
1957 1135 2016 1163 sta-

1262 1186 1321 1217 tus,
1342 1181 1474 1223 gradus,
1497 1181 1619 1214 ordinis
1640 1187 1670 1214 et
1691 1182 1885 1216 conditionis
1905 1183 2012 1223 fuerit,

1262 1234 1367 1273 liceat,
1391 1234 1550 1267 mediante
1572 1235 1709 1278 pcfflniia
1730 1236 1777 1268 vel
1805 1235 1965 1269 solutione
1985 1244 2016 1271 et

1263 1288 1430 1321 traditione
1451 1300 1486 1321 ac
1509 1289 1721 1332 promissione
1741 1289 1877 1322 aliarum
1905 1301 2015 1324 rerum

1262 1341 1356 1373 etiam
1380 1353 1437 1384 per
1457 1342 1664 1385 interpositas
1685 1353 1839 1386 personas
1863 1349 1918 1376 aut
1937 1344 2015 1379 alias

1261 1395 1373 1437 «plevis
1393 1396 1488 1427 modo
1507 1396 1680 1436 taciendas,
1703 1396 1828 1440 aliquas
1847 1397 2015 1439 dignitates

1262 1453 1292 1480 et
1312 1449 1430 1488 ot'tieiav.
1449 1449 1638 1482 exercitium
1656 1455 1686 1481 et
1702 1450 2014 1485 administrationem

1263 1502 1494 1536 iurisdictionis
1507 1504 1669 1545 habentia,
1687 1515 1876 1548 procurare,
1888 1506 2015 1550 assequi

1262 1557 1308 1589 vel
1339 1556 1504 1594 obtinere:
1528 1568 1564 1590 ac
1584 1557 1609 1590 si
1629 1557 1700 1601 quis
1721 1558 1770 1591 his
1791 1560 2015 1602 praesentibus

1262 1612 1499 1644 contravenisse
1525 1612 1756 1655 quoquomodo
1776 1612 1837 1646 diei
1858 1619 1913 1646 aut
1938 1624 2014 1647 cen-

1262 1665 1322 1697 seri
1344 1664 1502 1708 potuerit,
1525 1665 1630 1709 ipsum
1659 1666 1952 1700 contravenientem
1977 1678 2014 1701 eo

1263 1718 1332 1761 ipso
1349 1718 1589 1751 confiscationis
1609 1719 1756 1751 omnium
1772 1719 1944 1761 bonorum,
1961 1720 2015 1753 de-

1261 1772 1457 1814 gradationis
1485 1777 1515 1804 et
1549 1772 1733 1805 amissionis
1762 1778 1824 1805 tam
1857 1773 2015 1817 privilegii

1263 1827 1447 1859 doctoratus
1459 1838 1555 1870 quam
1568 1838 1852 1871 quorumcumque
1869 1839 1926 1872 per
1941 1839 2015 1861 eum

1262 1881 1468 1913 obtentorum
1492 1880 1689 1921 officiorum,
1714 1886 1776 1913 tam
1799 1882 2015 1915 saecularium

1263 1945 1360 1977 quam
1381 1935 1688 1975 ecclesiasticorum,
1702 1946 1738 1968 ae
1761 1935 1892 1968 demum
1909 1936 2014 1969 ultimi

1263 1989 1416 2033 supplicii
1438 2000 1548 2033 poenas
1564 1989 1828 2022 irremissibiliter
1848 1989 2016 2023 incurrere

1263 2044 1423 2076 volumus.

1307 2098 1321 2139 ,ξ
1340 2097 1370 2129 li.
1395 2097 1555 2136 Ceterum,
1578 2102 1613 2130 ut
1628 2097 1807 2138 fraudibus,
1826 2108 1909 2141 quae
1929 2097 2016 2132 eirca

1264 2152 1439 2195 praemissa
1459 2151 1575 2184 exoriri
1597 2158 1737 2194 possent,
1756 2151 1882 2194 facilius
1898 2162 2014 2186 oecur-

1265 2210 1364 2246 ratur,
1390 2205 1457 2249 pari
1483 2205 1578 2237 modo
1613 2198 1782 2239 statuimus
1806 2205 1913 2249 quod,
1941 2205 2013 2238 ubi-

2030 216 2079 243 Λιι.
2097 216 2126 241 C.
2145 215 2209 242 1571
2224 245 2227 249 ³

2046 648 2142 675 Quinimo
2159 650 2212 671 alins

2027 686 2108 706 poenas
2122 681 2154 700 bit·
2172 687 2211 701 ex-

2027 717 2114 738 pressas
2125 713 2214 738 imponit

2035 743 2198 769 procurantibus

2028 774 2061 794 vel
2109 774 2211 794 obtinen-

2028 805 2090 829 tibus,
2105 806 2212 826 mediante

2028 837 2117 863 pecunia
2127 837 2215 861 etc.,di-

2028 865 2120 893 gnitates
2132 870 2152 888 et
2168 867 2214 889 offi-

2030 900 2072 924 cim

2061 2104 2086 2126 Ει
2101 2105 2213 2131 exceptio-

2029 2141 2077 2157 nem
2086 2136 2212 2162 ignorantia

2028 2172 2070 2187 non
2081 2167 2162 2187 admitti
2177 2166 2212 2187 de-

2029 2198 2106 2223 carnin

1264 2270 1403 2302 cumque
1438 2264 1468 2291 et
1501 2259 1773 2303 quandocumque
1810 2263 2027 2303 compertum=

1264 2313 1360 2346 suerit
1380 2324 1438 2357 per
1454 2313 1674 2356 interpositam
1706 2323 1875 2356 personam
1890 2311 2014 2356 aliquas

1265 2367 1417 2410 pecmiias
1442 2377 1497 2400 seu
1532 2366 1608 2399 alias
1633 2377 1684 2399 res
1703 2366 1835 2399 traditas
1855 2360 1911 2399 seu
1940 2375 2015 2409 pro-

1265 2416 1375 2448 missas
1395 2416 1491 2449 fuisse
1517 2416 1614 2448 alicui
1639 2414 1771 2455 curiali,
1794 2413 1945 2453 familiari
1965 2413 2014 2447 vel

1264 2465 1460 2508 cuicumque
1486 2465 1577 2497 alteri
1602 2474 1771 2508 personae,
1809 2474 1866 2507 pro
1900 2461 2014 2496 officiis

1265 2520 1295 2547 ct
1319 2514 1525 2558 dignitatibus
1551 2513 1781 2547 iurisdictionis
1813 2511 2014 2545 administra-

1265 2564 1384 2597 tionem
1405 2563 1610 2603 habentibus,
1628 2563 1663 2603 is,
1676 2562 1730 2605 qui
1744 2561 1886 2595 ot'ticium
1903 2560 2014 2593 huius-

1265 2613 1351 2646 modi
1377 2612 1570 2653 obtinuerit,
1597 2622 1629 2645 se
1649 2623 1666 2644 a
1686 2610 2012 2655 praemissis,attenta
