<?xml version="1.0" encoding="UTF-8"?>
<!DOCTYPE html PUBLIC "-//W3C//DTD XHTML 1.0 Transitional//EN"
    "http://www.w3.org/TR/xhtml1/DTD/xhtml1-transitional.dtd">
<html xmlns="http://www.w3.org/1999/xhtml" xml:lang="en" lang="en">
 <head>
  <title>
</title>
<meta http-equiv="Content-Type" content="text/html;charset=utf-8" />
  <meta name='ocr-system' content='tesseract 3.04.00' />
  <meta name='ocr-capabilities' content='ocr_page ocr_carea ocr_par ocr_line ocrx_word'/>
</head>
<body>
  <div class='ocr_page' id='page_1' title='image "./bullarumdiplomat07cath_0515.png"; bbox 0 0 2237 3100; ppageno 0'>
   <div class='ocr_carea' id='block_1_1' title="bbox 1427 227 1438 240">
    <p class='ocr_par' dir='ltr' id='par_1_1' title="bbox 1427 227 1438 240">
     <span class='ocr_line' id='line_1_1' title="bbox 1427 227 1438 240; baseline 0 0"><span class='ocrx_word' id='word_1_1' title='bbox 1427 227 1438 240; x_wconf 67' lang='lat' dir='ltr'><em>D</em></span> 
     </span>
    </p>
   </div>
   <div class='ocr_carea' id='block_1_2' title="bbox 1047 277 1997 437">
    <p class='ocr_par' dir='ltr' id='par_1_2' title="bbox 1047 277 1997 437">
     <span class='ocr_line' id='line_1_2' title="bbox 1688 277 1996 316; baseline 0.016 -7"><span class='ocrx_word' id='word_1_2' title='bbox 1688 277 1752 311; x_wconf 67' lang='grc'>465</span> <span class='ocrx_word' id='word_1_3' title='bbox 1814 292 1861 316; x_wconf 68' lang='lat' dir='ltr'>Au,</span> <span class='ocrx_word' id='word_1_4' title='bbox 1880 289 1907 316; x_wconf 89' lang='lat' dir='ltr'>c.</span> <span class='ocrx_word' id='word_1_5' title='bbox 1929 290 1996 316; x_wconf 72' lang='lat'>¹565</span> 
     </span>
     <span class='ocr_line' id='line_1_3' title="bbox 1047 340 1997 385; baseline -0.001 -12"><span class='ocrx_word' id='word_1_6' title='bbox 1047 341 1070 373; x_wconf 86' lang='lat' dir='ltr'>si</span> <span class='ocrx_word' id='word_1_7' title='bbox 1093 348 1234 383; x_wconf 75' lang='lat' dir='ltr'>treguae,</span> <span class='ocrx_word' id='word_1_8' title='bbox 1258 352 1317 385; x_wconf 83' lang='lat' dir='ltr'>pax</span> <span class='ocrx_word' id='word_1_9' title='bbox 1351 352 1407 373; x_wconf 83' lang='lat' dir='ltr'>scu</span> <span class='ocrx_word' id='word_1_10' title='bbox 1430 340 1652 373; x_wconf 80' lang='lat' dir='ltr'>tideiussiones</span> <span class='ocrx_word' id='word_1_11' title='bbox 1672 340 1710 372; x_wconf 62' lang='lat' dir='ltr'>ds·</span> <span class='ocrx_word' id='word_1_12' title='bbox 1732 350 1796 372; x_wconf 83' lang='lat' dir='ltr'>non</span> <span class='ocrx_word' id='word_1_13' title='bbox 1815 354 1997 381; x_wconf 63' lang='lat' dir='ltr'>i›·¹·=⁰·1¹-·¹0=¹=··¹·</span> 
     </span>
     <span class='ocr_line' id='line_1_4' title="bbox 1047 386 1995 437; baseline -0.003 -11"><span class='ocrx_word' id='word_1_14' title='bbox 1047 395 1256 435; x_wconf 61' lang='lat' dir='ltr'>eliensis-ndo,</span> <span class='ocrx_word' id='word_1_15' title='bbox 1291 400 1398 437; x_wconf 80' lang='lat' dir='ltr'>postea</span> <span class='ocrx_word' id='word_1_16' title='bbox 1437 406 1473 427; x_wconf 83' lang='lat' dir='ltr'>ex</span> <span class='ocrx_word' id='word_1_17' title='bbox 1505 405 1585 426; x_wconf 82' lang='lat' dir='ltr'>nova</span> <span class='ocrx_word' id='word_1_18' title='bbox 1614 400 1797 435; x_wconf 58' lang='lat' dir='ltr'>emergente</span> <span class='ocrx_word' id='word_1_19' title='bbox 1816 386 1995 411; x_wconf 64' lang='lat'>&#39;&#39;¹¹¹¹‘&#39;&#39;‘&#39;&#39;¹&#39;&#39;&#39;¹&#39;⁴²“&#39;&#39;</span> 
     </span>
    </p>
   </div>
   <div class='ocr_carea' id='block_1_3' title="bbox 1816 419 1997 441">
    <p class='ocr_par' dir='ltr' id='par_1_3' title="bbox 1816 419 1997 441">
     <span class='ocr_line' id='line_1_5' title="bbox 1816 419 1997 441; baseline -0.017 -5"><span class='ocrx_word' id='word_1_20' title='bbox 1816 423 1856 436; x_wconf 69' lang='lat' dir='ltr'>urnii</span> <span class='ocrx_word' id='word_1_21' title='bbox 1869 419 1937 435; x_wconf 69' lang='lat' dir='ltr'>antu-m</span> <span class='ocrx_word' id='word_1_22' title='bbox 1950 422 1997 441; x_wconf 63' lang='lat' dir='ltr'>quw</span> 
     </span>
    </p>
   </div>
   <div class='ocr_carea' id='block_1_4' title="bbox 56 289 1106 376">
    <p class='ocr_par' dir='ltr' id='par_1_4' title="bbox 56 289 1106 376">
     <span class='ocr_line' id='line_1_6' title="bbox 56 289 1106 323; baseline -0.011 0"><span class='ocrx_word' id='word_1_23' title='bbox 56 297 104 323; x_wconf 78' lang='lat' dir='ltr'>An.</span> <span class='ocrx_word' id='word_1_24' title='bbox 123 296 150 323; x_wconf 90' lang='lat' dir='ltr'>C.</span> <span class='ocrx_word' id='word_1_25' title='bbox 174 295 240 323; x_wconf 80' lang='lat'>1566</span> <span class='ocrx_word' id='word_1_26' title='bbox 938 289 1003 313; x_wconf 71' lang='lat' dir='ltr'>ptus</span> <span class='ocrx_word' id='word_1_27' title='bbox 1023 290 1041 312; x_wconf 95' lang='lat' dir='ltr'>v</span> <span class='ocrx_word' id='word_1_28' title='bbox 1061 289 1106 312; x_wconf 76' lang='lat' dir='ltr'>rr.</span> 
     </span>
     <span class='ocr_line' id='line_1_7' title="bbox 579 342 679 376; baseline -0.01 0"><span class='ocrx_word' id='word_1_29' title='bbox 579 342 679 376; x_wconf 81' lang='lat' dir='ltr'>xvtss.</span> 
     </span>
    </p>
   </div>
   <div class='ocr_carea' id='block_1_5' title="bbox 252 410 1005 452">
    <p class='ocr_par' dir='ltr' id='par_1_5' title="bbox 252 410 1005 452">
     <span class='ocr_line' id='line_1_8' title="bbox 252 410 1005 452; baseline -0.009 -7"><span class='ocrx_word' id='word_1_30' title='bbox 252 411 492 445; x_wconf 59' lang='lat' dir='ltr'>Det-lavationes</span> <span class='ocrx_word' id='word_1_31' title='bbox 526 412 612 443; x_wconf 73' lang='lat' dir='ltr'>circa</span> <span class='ocrx_word' id='word_1_32' title='bbox 641 410 867 452; x_wconf 57' lang='lat' dir='ltr'>alienationem</span> <span class='ocrx_word' id='word_1_33' title='bbox 908 419 1005 440; x_wconf 65' lang='lat' dir='ltr'>novae</span> 
     </span>
    </p>
   </div>
   <div class='ocr_carea' id='block_1_6' title="bbox 87 996 206 1017">
    <p class='ocr_par' dir='ltr' id='par_1_6' title="bbox 87 996 206 1017">
     <span class='ocr_line' id='line_1_9' title="bbox 87 996 206 1017; baseline -0.008 0"><span class='ocrx_word' id='word_1_34' title='bbox 87 996 206 1017; x_wconf 82' lang='lat' dir='ltr'>Exordium.</span> 
     </span>
    </p>
   </div>
   <div class='ocr_carea' id='block_1_7' title="bbox 56 1703 240 1887">
    <p class='ocr_par' dir='ltr' id='par_1_7' title="bbox 56 1703 240 1887">
     <span class='ocr_line' id='line_1_10' title="bbox 83 1703 239 1724; baseline -0.006 0"><span class='ocrx_word' id='word_1_35' title='bbox 83 1703 131 1724; x_wconf 87' lang='lat' dir='ltr'>Pius</span> <span class='ocrx_word' id='word_1_36' title='bbox 142 1703 169 1724; x_wconf 89' lang='lat' dir='ltr'>lV</span> <span class='ocrx_word' id='word_1_37' title='bbox 189 1703 239 1724; x_wconf 80' lang='lat' dir='ltr'>altc-</span> 
     </span>
     <span class='ocr_line' id='line_1_11' title="bbox 56 1735 240 1761; baseline -0.005 -6"><span class='ocrx_word' id='word_1_38' title='bbox 56 1735 162 1761; x_wconf 75' lang='lat' dir='ltr'>gationem</span> <span class='ocrx_word' id='word_1_39' title='bbox 181 1741 240 1755; x_wconf 52' lang='lat' dir='ltr'>novas</span> 
     </span>
     <span class='ocr_line' id='line_1_12' title="bbox 56 1767 240 1794; baseline -0.005 -6"><span class='ocrx_word' id='word_1_40' title='bbox 56 1773 133 1788; x_wconf 75' lang='lat' dir='ltr'>causae</span> <span class='ocrx_word' id='word_1_41' title='bbox 168 1767 240 1794; x_wconf 82' lang='lat' dir='ltr'>prohi-</span> 
     </span>
     <span class='ocr_line' id='line_1_13' title="bbox 56 1799 240 1824; baseline 0 -5"><span class='ocrx_word' id='word_1_42' title='bbox 56 1800 115 1824; x_wconf 84' lang='lat' dir='ltr'>buit,</span> <span class='ocrx_word' id='word_1_43' title='bbox 140 1799 161 1819; x_wconf 92' lang='lat' dir='ltr'>in</span> <span class='ocrx_word' id='word_1_44' title='bbox 190 1804 240 1819; x_wconf 78' lang='lat' dir='ltr'>casu</span> 
     </span>
     <span class='ocr_line' id='line_1_14' title="bbox 56 1831 240 1857; baseline -0.005 -6"><span class='ocrx_word' id='word_1_45' title='bbox 56 1831 113 1857; x_wconf 77' lang='lat' dir='ltr'>pacis</span> <span class='ocrx_word' id='word_1_46' title='bbox 124 1833 146 1851; x_wconf 83' lang='lat' dir='ltr'>et</span> <span class='ocrx_word' id='word_1_47' title='bbox 164 1833 240 1856; x_wconf 66' lang='lat' dir='ltr'>tregua·</span> 
     </span>
     <span class='ocr_line' id='line_1_15' title="bbox 57 1862 143 1887; baseline -0.012 -4"><span class='ocrx_word' id='word_1_48' title='bbox 57 1862 143 1887; x_wconf 72' lang='lat' dir='ltr'>tractae,</span> 
     </span>
    </p>
   </div>
   <div class='ocr_carea' id='block_1_8' title="bbox 57 2242 242 2333">
    <p class='ocr_par' dir='ltr' id='par_1_8' title="bbox 57 2242 242 2333">
     <span class='ocr_line' id='line_1_16' title="bbox 92 2242 242 2264; baseline -0.007 0"><span class='ocrx_word' id='word_1_49' title='bbox 92 2242 149 2264; x_wconf 80' lang='lat' dir='ltr'>Etin</span> <span class='ocrx_word' id='word_1_50' title='bbox 172 2243 242 2264; x_wconf 81' lang='lat' dir='ltr'>causis</span> 
     </span>
     <span class='ocr_line' id='line_1_17' title="bbox 59 2274 240 2295; baseline -0.006 0"><span class='ocrx_word' id='word_1_51' title='bbox 59 2275 127 2295; x_wconf 81' lang='lat' dir='ltr'>mixtis</span> <span class='ocrx_word' id='word_1_52' title='bbox 151 2274 240 2294; x_wconf 88' lang='lat' dir='ltr'>iudicum</span> 
     </span>
     <span class='ocr_line' id='line_1_18' title="bbox 57 2306 240 2333; baseline -0.005 -6"><span class='ocrx_word' id='word_1_53' title='bbox 57 2306 240 2333; x_wconf 71' lang='lat' dir='ltr'>praeventionem.</span> 
     </span>
    </p>
   </div>
   <div class='ocr_carea' id='block_1_9' title="bbox 293 463 1008 825">
    <p class='ocr_par' dir='ltr' id='par_1_9' title="bbox 293 463 1008 825">
     <span class='ocr_line' id='line_1_19' title="bbox 296 463 1006 506; baseline -0.007 -9"><span class='ocrx_word' id='word_1_54' title='bbox 296 475 421 504; x_wconf 63' lang='lat' dir='ltr'>antistio,</span> <span class='ocrx_word' id='word_1_55' title='bbox 444 465 478 496; x_wconf 65' lang='lat' dir='ltr'>iii</span> <span class='ocrx_word' id='word_1_56' title='bbox 500 475 572 497; x_wconf 72' lang='lat' dir='ltr'>casn</span> <span class='ocrx_word' id='word_1_57' title='bbox 597 465 720 506; x_wconf 67' lang='lat' dir='ltr'>fractus</span> <span class='ocrx_word' id='word_1_58' title='bbox 743 463 834 506; x_wconf 65' lang='lat' dir='ltr'>pacis·</span> <span class='ocrx_word' id='word_1_59' title='bbox 872 463 920 493; x_wconf 68' lang='lat' dir='ltr'>vet</span> <span class='ocrx_word' id='word_1_60' title='bbox 946 466 1006 493; x_wconf 68' lang='lat' dir='ltr'>trc-</span> 
     </span>
     <span class='ocr_line' id='line_1_20' title="bbox 294 516 1005 561; baseline -0.006 -11"><span class='ocrx_word' id='word_1_61' title='bbox 294 528 390 561; x_wconf 75' lang='lat' dir='ltr'>9uae;</span> <span class='ocrx_word' id='word_1_62' title='bbox 419 518 708 560; x_wconf 63' lang='lat' dir='ltr'>adim‘ssiwmnque</span> <span class='ocrx_word' id='word_1_63' title='bbox 727 526 853 549; x_wconf 39' lang='lat' dir='ltr'>reormns</span> <span class='ocrx_word' id='word_1_64' title='bbox 880 516 915 547; x_wconf 71' lang='lat' dir='ltr'>in</span> <span class='ocrx_word' id='word_1_65' title='bbox 931 525 1005 547; x_wconf 73' lang='lat' dir='ltr'>eun·</span> 
     </span>
     <span class='ocr_line' id='line_1_21' title="bbox 298 568 1005 604; baseline -0.006 0"><span class='ocrx_word' id='word_1_66' title='bbox 298 572 474 604; x_wconf 60' lang='lat' dir='ltr'>ramat-amn</span> <span class='ocrx_word' id='word_1_67' title='bbox 494 572 780 604; x_wconf 74' lang='lat' dir='ltr'>condenmalorwn</span> <span class='ocrx_word' id='word_1_68' title='bbox 794 570 830 602; x_wconf 76' lang='lat' dir='ltr'>in</span> <span class='ocrx_word' id='word_1_69' title='bbox 838 568 1005 602; x_wconf 67' lang='lat' dir='ltr'>Sn-tmEae-</span> 
     </span>
     <span class='ocr_line' id='line_1_22' title="bbox 296 623 1004 667; baseline -0.004 -10"><span class='ocrx_word' id='word_1_70' title='bbox 296 626 471 658; x_wconf 66' lang='lat' dir='ltr'>‹zlesiasct&#39;co</span> <span class='ocrx_word' id='word_1_71' title='bbox 505 626 546 658; x_wconf 72' lang='lat' dir='ltr'>ad</span> <span class='ocrx_word' id='word_1_72' title='bbox 579 625 747 667; x_wconf 53' lang='lat' dir='ltr'>facientes</span> <span class='ocrx_word' id='word_1_73' title='bbox 780 623 1004 665; x_wconf 71' lang='lat' dir='ltr'>defensiones,</span> 
     </span>
     <span class='ocr_line' id='line_1_23' title="bbox 298 677 1007 722; baseline -0.006 -11"><span class='ocrx_word' id='word_1_74' title='bbox 298 679 389 721; x_wconf 73' lang='lat' dir='ltr'>infra</span> <span class='ocrx_word' id='word_1_75' title='bbox 425 679 470 711; x_wconf 74' lang='lat' dir='ltr'>vel</span> <span class='ocrx_word' id='word_1_76' title='bbox 494 683 566 722; x_wconf 71' lang='lat' dir='ltr'>pos!</span> <span class='ocrx_word' id='word_1_77' title='bbox 596 689 741 715; x_wconf 57' lang='lat' dir='ltr'>&lt;eitimam</span> <span class='ocrx_word' id='word_1_78' title='bbox 765 688 889 710; x_wconf 76' lang='lat' dir='ltr'>necnon</span> <span class='ocrx_word' id='word_1_79' title='bbox 921 677 1007 708; x_wconf 67' lang='grc' dir='ltr'>εἶναι</span> 
     </span>
     <span class='ocr_line' id='line_1_24' title="bbox 293 731 1008 776; baseline -0.004 -11"><span class='ocrx_word' id='word_1_80' title='bbox 293 733 559 776; x_wconf 70' lang='lat' dir='ltr'><em>praeventionem</em></span> <span class='ocrx_word' id='word_1_81' title='bbox 579 733 665 765; x_wconf 69' lang='lat' dir='ltr'>inter</span> <span class='ocrx_word' id='word_1_82' title='bbox 694 732 831 764; x_wconf 64' lang='lat' dir='ltr'>italicam</span> <span class='ocrx_word' id='word_1_83' title='bbox 864 731 1008 763; x_wconf 61' lang='lat' dir='ltr'>ecelesia-</span> 
     </span>
     <span class='ocr_line' id='line_1_25' title="bbox 296 784 1004 825; baseline -0.004 -6"><span class='ocrx_word' id='word_1_84' title='bbox 296 787 411 820; x_wconf 65' lang='lat' dir='ltr'>sticam</span> <span class='ocrx_word' id='word_1_85' title='bbox 445 791 475 819; x_wconf 77' lang='lat' dir='ltr'>et</span> <span class='ocrx_word' id='word_1_86' title='bbox 490 786 609 823; x_wconf 65' lang='lat' dir='ltr'>laicum</span> <span class='ocrx_word' id='word_1_87' title='bbox 629 787 666 818; x_wconf 71' lang='lat' dir='ltr'>‘in</span> <span class='ocrx_word' id='word_1_88' title='bbox 686 786 790 818; x_wconf 72' lang='lat' dir='ltr'>causis</span> <span class='ocrx_word' id='word_1_89' title='bbox 810 785 910 817; x_wconf 60' lang='lat' dir='ltr'>mimi</span> <span class='ocrx_word' id='word_1_90' title='bbox 928 784 1004 825; x_wconf 79' lang='lat' dir='ltr'>fori.</span> 
     </span>
    </p>
   </div>
   <div class='ocr_carea' id='block_1_10' title="bbox 370 861 899 898">
    <p class='ocr_par' dir='ltr' id='par_1_10' title="bbox 370 861 899 898">
     <span class='ocr_line' id='line_1_26' title="bbox 370 861 899 898; baseline -0.006 -6"><span class='ocrx_word' id='word_1_91' title='bbox 370 863 433 893; x_wconf 74' lang='lat' dir='ltr'>rius</span> <span class='ocrx_word' id='word_1_92' title='bbox 457 863 525 898; x_wconf 75' lang='lat' dir='ltr'>Papa</span> <span class='ocrx_word' id='word_1_93' title='bbox 550 862 581 896; x_wconf 84' lang='lat' dir='ltr'>V.</span> <span class='ocrx_word' id='word_1_94' title='bbox 602 864 679 891; x_wconf 81' lang='lat' dir='ltr'>motu</span> <span class='ocrx_word' id='word_1_95' title='bbox 698 861 824 898; x_wconf 83' lang='lat' dir='ltr'>proprio,</span> <span class='ocrx_word' id='word_1_96' title='bbox 846 862 899 890; x_wconf 83' lang='lat' dir='ltr'>etc.</span> 
     </span>
    </p>
   </div>
   <div class='ocr_carea' id='block_1_11' title="bbox 252 928 1012 2539">
    <p class='ocr_par' dir='ltr' id='par_1_11' title="bbox 252 928 1011 1622">
     <span class='ocr_line' id='line_1_27' title="bbox 296 928 1008 970; baseline -0.004 -6"><span class='ocrx_word' id='word_1_97' title='bbox 296 931 389 970; x_wconf 77' lang='lat' dir='ltr'>Cum,</span> <span class='ocrx_word' id='word_1_98' title='bbox 411 931 452 963; x_wconf 90' lang='lat' dir='ltr'>ob</span> <span class='ocrx_word' id='word_1_99' title='bbox 473 930 660 963; x_wconf 86' lang='lat' dir='ltr'>innumeras</span> <span class='ocrx_word' id='word_1_100' title='bbox 688 929 824 962; x_wconf 85' lang='lat' dir='ltr'>Romani</span> <span class='ocrx_word' id='word_1_101' title='bbox 844 928 1008 962; x_wconf 85' lang='lat' dir='ltr'>Pontificis</span> 
     </span>
     <span class='ocr_line' id='line_1_28' title="bbox 252 983 1009 1028; baseline -0.004 -10"><span class='ocrx_word' id='word_1_102' title='bbox 252 985 493 1028; x_wconf 67' lang='lat' dir='ltr'>occupationes,</span> <span class='ocrx_word' id='word_1_103' title='bbox 503 996 540 1017; x_wconf 88' lang='lat' dir='ltr'>ac</span> <span class='ocrx_word' id='word_1_104' title='bbox 553 983 797 1028; x_wconf 83' lang='lat' dir='ltr'>particularium</span> <span class='ocrx_word' id='word_1_105' title='bbox 811 994 919 1016; x_wconf 82' lang='lat' dir='ltr'>rerum</span> <span class='ocrx_word' id='word_1_106' title='bbox 932 994 1009 1026; x_wconf 86' lang='lat' dir='ltr'>qua-</span> 
     </span>
     <span class='ocr_line' id='line_1_29' title="bbox 253 1036 1009 1081; baseline -0.003 -10"><span class='ocrx_word' id='word_1_107' title='bbox 253 1038 405 1072; x_wconf 83' lang='lat' dir='ltr'>rumlibet</span> <span class='ocrx_word' id='word_1_108' title='bbox 424 1038 529 1071; x_wconf 85' lang='lat' dir='ltr'>Status</span> <span class='ocrx_word' id='word_1_109' title='bbox 549 1037 774 1081; x_wconf 68' lang='lat' dir='ltr'>ignorantiam,</span> <span class='ocrx_word' id='word_1_110' title='bbox 793 1036 956 1079; x_wconf 79' lang='lat' dir='ltr'>contingat</span> <span class='ocrx_word' id='word_1_111' title='bbox 969 1036 1009 1069; x_wconf 89' lang='lat' dir='ltr'>ab</span> 
     </span>
     <span class='ocr_line' id='line_1_30' title="bbox 253 1090 1008 1137; baseline -0.004 -11"><span class='ocrx_word' id='word_1_112' title='bbox 253 1104 291 1127; x_wconf 89' lang='lat' dir='ltr'>eo</span> <span class='ocrx_word' id='word_1_113' title='bbox 316 1092 513 1137; x_wconf 79' lang='lat' dir='ltr'>quandoque</span> <span class='ocrx_word' id='word_1_114' title='bbox 543 1092 650 1125; x_wconf 80' lang='lat' dir='ltr'>literas</span> <span class='ocrx_word' id='word_1_115' title='bbox 674 1101 848 1131; x_wconf 82' lang='lat' dir='ltr'>emanare,</span> <span class='ocrx_word' id='word_1_116' title='bbox 869 1101 952 1135; x_wconf 88' lang='lat' dir='ltr'>quae</span> <span class='ocrx_word' id='word_1_117' title='bbox 977 1090 1008 1123; x_wconf 93' lang='lat' dir='ltr'>in</span> 
     </span>
     <span class='ocr_line' id='line_1_31' title="bbox 253 1144 1010 1190; baseline -0.007 -9"><span class='ocrx_word' id='word_1_118' title='bbox 253 1157 407 1190; x_wconf 82' lang='lat' dir='ltr'>magnum</span> <span class='ocrx_word' id='word_1_119' title='bbox 429 1146 614 1190; x_wconf 87' lang='lat' dir='ltr'>aliquorum</span> <span class='ocrx_word' id='word_1_120' title='bbox 636 1144 872 1189; x_wconf 84' lang='lat' dir='ltr'>praeiudicium</span> <span class='ocrx_word' id='word_1_121' title='bbox 892 1144 1010 1178; x_wconf 90' lang='lat' dir='ltr'>redun-</span> 
     </span>
     <span class='ocr_line' id='line_1_32' title="bbox 252 1198 1008 1242; baseline -0.005 -8"><span class='ocrx_word' id='word_1_122' title='bbox 252 1202 330 1234; x_wconf 89' lang='lat' dir='ltr'>dare</span> <span class='ocrx_word' id='word_1_123' title='bbox 342 1206 535 1240; x_wconf 84' lang='lat' dir='ltr'>noscuntur,</span> <span class='ocrx_word' id='word_1_124' title='bbox 554 1199 687 1232; x_wconf 88' lang='lat' dir='ltr'>minime</span> <span class='ocrx_word' id='word_1_125' title='bbox 703 1198 1008 1242; x_wconf 81' lang='lat' dir='ltr'>reprehemlendum</span> 
     </span>
     <span class='ocr_line' id='line_1_33' title="bbox 253 1251 1009 1296; baseline -0.005 -8"><span class='ocrx_word' id='word_1_126' title='bbox 253 1266 322 1289; x_wconf 86' lang='lat' dir='ltr'>esse</span> <span class='ocrx_word' id='word_1_127' title='bbox 347 1255 482 1295; x_wconf 85' lang='lat' dir='ltr'>videtur,</span> <span class='ocrx_word' id='word_1_128' title='bbox 508 1253 533 1287; x_wconf 90' lang='lat' dir='ltr'>si</span> <span class='ocrx_word' id='word_1_129' title='bbox 558 1253 698 1293; x_wconf 82' lang='lat' dir='ltr'>tandem,</span> <span class='ocrx_word' id='word_1_130' title='bbox 722 1251 920 1296; x_wconf 83' lang='lat' dir='ltr'>praeiudicio</span> <span class='ocrx_word' id='word_1_131' title='bbox 954 1262 1009 1285; x_wconf 86' lang='lat' dir='ltr'>co—</span> 
     </span>
     <span class='ocr_line' id='line_1_34' title="bbox 253 1305 1010 1352; baseline -0.005 -10"><span class='ocrx_word' id='word_1_132' title='bbox 253 1308 355 1352; x_wconf 75' lang='lat' dir='ltr'>gnito,</span> <span class='ocrx_word' id='word_1_133' title='bbox 373 1308 482 1341; x_wconf 81' lang='lat' dir='ltr'>literas</span> <span class='ocrx_word' id='word_1_134' title='bbox 492 1306 692 1347; x_wconf 87' lang='lat' dir='ltr'>huiusmodi,</span> <span class='ocrx_word' id='word_1_135' title='bbox 710 1305 805 1339; x_wconf 87' lang='lat' dir='ltr'>etiam</span> <span class='ocrx_word' id='word_1_136' title='bbox 821 1305 847 1339; x_wconf 88' lang='lat' dir='ltr'>si</span> <span class='ocrx_word' id='word_1_137' title='bbox 868 1316 926 1349; x_wconf 86' lang='lat' dir='ltr'>per</span> <span class='ocrx_word' id='word_1_138' title='bbox 941 1305 1010 1338; x_wconf 84' lang='lat' dir='ltr'>eius</span> 
     </span>
     <span class='ocr_line' id='line_1_35' title="bbox 254 1360 1009 1407; baseline -0.007 -11"><span class='ocrx_word' id='word_1_139' title='bbox 254 1363 537 1407; x_wconf 80' lang='lat' dir='ltr'>praedecessorem</span> <span class='ocrx_word' id='word_1_140' title='bbox 572 1360 812 1400; x_wconf 81' lang='lat' dir='ltr'>emanaverint,</span> <span class='ocrx_word' id='word_1_141' title='bbox 843 1365 1009 1403; x_wconf 84' lang='lat' dir='ltr'>tamquam</span> 
     </span>
     <span class='ocr_line' id='line_1_36' title="bbox 253 1414 1010 1461; baseline -0.005 -11"><span class='ocrx_word' id='word_1_142' title='bbox 253 1427 311 1461; x_wconf 86' lang='lat' dir='ltr'>per</span> <span class='ocrx_word' id='word_1_143' title='bbox 326 1415 590 1450; x_wconf 86' lang='lat' dir='ltr'>inadvertentiam</span> <span class='ocrx_word' id='word_1_144' title='bbox 611 1414 723 1454; x_wconf 89' lang='lat' dir='ltr'>editas,</span> <span class='ocrx_word' id='word_1_145' title='bbox 741 1419 868 1447; x_wconf 88' lang='lat' dir='ltr'>revocat</span> <span class='ocrx_word' id='word_1_146' title='bbox 888 1414 1010 1446; x_wconf 86' lang='lat' dir='ltr'>etlimi-</span> 
     </span>
     <span class='ocr_line' id='line_1_37' title="bbox 254 1467 1010 1514; baseline -0.007 -10"><span class='ocrx_word' id='word_1_147' title='bbox 254 1476 309 1511; x_wconf 84' lang='lat' dir='ltr'>tat,</span> <span class='ocrx_word' id='word_1_148' title='bbox 331 1470 474 1514; x_wconf 82' lang='lat' dir='ltr'>aliasque</span> <span class='ocrx_word' id='word_1_149' title='bbox 494 1469 634 1513; x_wconf 82' lang='lat' dir='ltr'>desuper</span> <span class='ocrx_word' id='word_1_150' title='bbox 653 1467 804 1512; x_wconf 74' lang='lat' dir='ltr'>disponit,</span> <span class='ocrx_word' id='word_1_151' title='bbox 826 1473 939 1511; x_wconf 87' lang='lat' dir='ltr'>prout,</span> <span class='ocrx_word' id='word_1_152' title='bbox 962 1478 1010 1500; x_wconf 83' lang='lat' dir='ltr'>re-</span> 
     </span>
     <span class='ocr_line' id='line_1_38' title="bbox 253 1522 1011 1568; baseline -0.004 -11"><span class='ocrx_word' id='word_1_153' title='bbox 253 1535 326 1557; x_wconf 90' lang='lat' dir='ltr'>rum</span> <span class='ocrx_word' id='word_1_154' title='bbox 347 1529 376 1558; x_wconf 85' lang='lat' dir='ltr'>et</span> <span class='ocrx_word' id='word_1_155' title='bbox 403 1530 587 1568; x_wconf 85' lang='lat' dir='ltr'>temporum</span> <span class='ocrx_word' id='word_1_156' title='bbox 603 1522 756 1566; x_wconf 71' lang='lat' dir='ltr'>qualitate</span> <span class='ocrx_word' id='word_1_157' title='bbox 774 1527 917 1565; x_wconf 80' lang='lat' dir='ltr'>pensata,</span> <span class='ocrx_word' id='word_1_158' title='bbox 936 1532 1011 1555; x_wconf 89' lang='lat' dir='ltr'>con-</span> 
     </span>
     <span class='ocr_line' id='line_1_39' title="bbox 253 1575 919 1622; baseline -0.005 -11"><span class='ocrx_word' id='word_1_159' title='bbox 253 1578 348 1622; x_wconf 89' lang='lat' dir='ltr'>spicit</span> <span class='ocrx_word' id='word_1_160' title='bbox 367 1578 399 1611; x_wconf 91' lang='lat' dir='ltr'>in</span> <span class='ocrx_word' id='word_1_161' title='bbox 419 1577 555 1611; x_wconf 88' lang='lat' dir='ltr'>Domino</span> <span class='ocrx_word' id='word_1_162' title='bbox 571 1576 743 1610; x_wconf 78' lang='lat' dir='ltr'>salubriter</span> <span class='ocrx_word' id='word_1_163' title='bbox 757 1575 919 1619; x_wconf 87' lang='lat' dir='ltr'>expedire.</span> 
     </span>
    </p>

    <p class='ocr_par' dir='ltr' id='par_1_12' title="bbox 254 1629 1011 2163">
     <span class='ocr_line' id='line_1_40' title="bbox 297 1629 1011 1677; baseline -0.006 -11"><span class='ocrx_word' id='word_1_164' title='bbox 297 1632 335 1677; x_wconf 71' lang='lat' dir='ltr'>§l</span> <span class='ocrx_word' id='word_1_165' title='bbox 345 1659 352 1666; x_wconf 88' lang='lat'><strong>.</strong></span> <span class='ocrx_word' id='word_1_166' title='bbox 362 1632 490 1666; x_wconf 81' lang='lat' dir='ltr'>Dudum</span> <span class='ocrx_word' id='word_1_167' title='bbox 498 1631 657 1675; x_wconf 77' lang='lat' dir='ltr'>siquidem</span> <span class='ocrx_word' id='word_1_168' title='bbox 666 1629 768 1663; x_wconf 79' lang='lat' dir='ltr'>felicis</span> <span class='ocrx_word' id='word_1_169' title='bbox 777 1629 1011 1663; x_wconf 85' lang='lat' dir='ltr'>recordationis</span> 
     </span>
     <span class='ocr_line' id='line_1_41' title="bbox 254 1684 1011 1731; baseline -0.007 -10"><span class='ocrx_word' id='word_1_170' title='bbox 254 1687 328 1721; x_wconf 90' lang='lat' dir='ltr'>Pius</span> <span class='ocrx_word' id='word_1_171' title='bbox 338 1687 424 1731; x_wconf 83' lang='lat' dir='ltr'>Papa</span> <span class='ocrx_word' id='word_1_172' title='bbox 435 1691 569 1730; x_wconf 85' lang='lat' dir='ltr'>quartus</span> <span class='ocrx_word' id='word_1_173' title='bbox 585 1684 813 1729; x_wconf 86' lang='lat' dir='ltr'>praedecessor</span> <span class='ocrx_word' id='word_1_174' title='bbox 823 1689 944 1724; x_wconf 86' lang='lat' dir='ltr'>noster,</span> <span class='ocrx_word' id='word_1_175' title='bbox 956 1695 1011 1717; x_wconf 86' lang='lat' dir='ltr'>eu-</span> 
     </span>
     <span class='ocr_line' id='line_1_42' title="bbox 254 1738 1011 1787; baseline -0.007 -12"><span class='ocrx_word' id='word_1_176' title='bbox 254 1742 346 1787; x_wconf 87' lang='lat' dir='ltr'>piens</span> <span class='ocrx_word' id='word_1_177' title='bbox 362 1740 553 1775; x_wconf 83' lang='lat' dir='ltr'>criminibus</span> <span class='ocrx_word' id='word_1_178' title='bbox 574 1745 604 1773; x_wconf 84' lang='lat' dir='ltr'>et</span> <span class='ocrx_word' id='word_1_179' title='bbox 619 1738 813 1779; x_wconf 83' lang='lat' dir='ltr'>excessibus,</span> <span class='ocrx_word' id='word_1_180' title='bbox 826 1738 927 1782; x_wconf 88' lang='lat' dir='ltr'>quiin</span> <span class='ocrx_word' id='word_1_181' title='bbox 943 1738 1011 1771; x_wconf 85' lang='lat' dir='ltr'>dies</span> 
     </span>
     <span class='ocr_line' id='line_1_43' title="bbox 254 1792 1010 1839; baseline -0.007 -10"><span class='ocrx_word' id='word_1_182' title='bbox 254 1796 453 1836; x_wconf 84' lang='lat' dir='ltr'>oriebantur,</span> <span class='ocrx_word' id='word_1_183' title='bbox 463 1794 644 1839; x_wconf 81' lang='lat' dir='ltr'>providere,</span> <span class='ocrx_word' id='word_1_184' title='bbox 654 1804 712 1838; x_wconf 89' lang='lat' dir='ltr'>per</span> <span class='ocrx_word' id='word_1_185' title='bbox 721 1792 875 1837; x_wconf 85' lang='lat' dir='ltr'>quasdam</span> <span class='ocrx_word' id='word_1_186' title='bbox 894 1802 967 1825; x_wconf 88' lang='lat' dir='ltr'>suas</span> <span class='ocrx_word' id='word_1_187' title='bbox 979 1792 1010 1825; x_wconf 89' lang='lat' dir='ltr'>in</span> 
     </span>
     <span class='ocr_line' id='line_1_44' title="bbox 255 1846 1011 1892; baseline -0.007 -9"><span class='ocrx_word' id='word_1_188' title='bbox 255 1850 357 1883; x_wconf 83' lang='lat' dir='ltr'>forma</span> <span class='ocrx_word' id='word_1_189' title='bbox 378 1854 484 1883; x_wconf 85' lang='lat' dir='ltr'>motus</span> <span class='ocrx_word' id='word_1_190' title='bbox 509 1847 633 1892; x_wconf 88' lang='lat' dir='ltr'>proprii</span> <span class='ocrx_word' id='word_1_191' title='bbox 663 1847 762 1880; x_wconf 88' lang='lat' dir='ltr'>editas</span> <span class='ocrx_word' id='word_1_192' title='bbox 790 1846 910 1886; x_wconf 83' lang='lat' dir='ltr'>literas,</span> <span class='ocrx_word' id='word_1_193' title='bbox 928 1846 1011 1879; x_wconf 89' lang='lat' dir='ltr'>inter</span> 
     </span>
     <span class='ocr_line' id='line_1_45' title="bbox 255 1901 1008 1946; baseline -0.007 -9"><span class='ocrx_word' id='word_1_194' title='bbox 255 1903 326 1943; x_wconf 82' lang='lat' dir='ltr'>alia,</span> <span class='ocrx_word' id='word_1_195' title='bbox 347 1903 458 1936; x_wconf 83' lang='lat' dir='ltr'>statuit</span> <span class='ocrx_word' id='word_1_196' title='bbox 477 1902 576 1946; x_wconf 89' lang='lat' dir='ltr'>quod,</span> <span class='ocrx_word' id='word_1_197' title='bbox 601 1902 632 1934; x_wconf 90' lang='lat' dir='ltr'>in</span> <span class='ocrx_word' id='word_1_198' title='bbox 653 1901 758 1935; x_wconf 85' lang='lat' dir='ltr'>causis</span> <span class='ocrx_word' id='word_1_199' title='bbox 778 1906 964 1943; x_wconf 82' lang='lat' dir='ltr'>treguarum</span> <span class='ocrx_word' id='word_1_200' title='bbox 981 1905 1008 1933; x_wconf 90' lang='lat' dir='ltr'>et</span> 
     </span>
     <span class='ocr_line' id='line_1_46' title="bbox 256 1954 1010 2002; baseline -0.007 -11"><span class='ocrx_word' id='word_1_201' title='bbox 256 1957 343 2002; x_wconf 83' lang='lat' dir='ltr'>pacis</span> <span class='ocrx_word' id='word_1_202' title='bbox 362 1958 548 1997; x_wconf 84' lang='lat' dir='ltr'>fractarum,</span> <span class='ocrx_word' id='word_1_203' title='bbox 569 1955 628 2000; x_wconf 90' lang='lat' dir='ltr'>ipsi</span> <span class='ocrx_word' id='word_1_204' title='bbox 649 1955 804 1988; x_wconf 81' lang='lat' dir='ltr'>fractores</span> <span class='ocrx_word' id='word_1_205' title='bbox 828 1954 877 1987; x_wconf 89' lang='lat' dir='ltr'>vel</span> <span class='ocrx_word' id='word_1_206' title='bbox 898 1964 1010 1987; x_wconf 90' lang='lat' dir='ltr'>eorum</span> 
     </span>
     <span class='ocr_line' id='line_1_47' title="bbox 256 2008 1011 2053; baseline -0.005 -9"><span class='ocrx_word' id='word_1_207' title='bbox 256 2011 462 2045; x_wconf 87' lang='lat' dir='ltr'>fideiussores</span> <span class='ocrx_word' id='word_1_208' title='bbox 483 2010 622 2052; x_wconf 76' lang='lat' dir='ltr'>allegare</span> <span class='ocrx_word' id='word_1_209' title='bbox 656 2019 721 2042; x_wconf 90' lang='lat' dir='ltr'>non</span> <span class='ocrx_word' id='word_1_210' title='bbox 752 2013 881 2053; x_wconf 80' lang='lat' dir='ltr'>possent</span> <span class='ocrx_word' id='word_1_211' title='bbox 924 2008 1011 2051; x_wconf 87' lang='lat' dir='ltr'>quod</span> 
     </span>
     <span class='ocr_line' id='line_1_48' title="bbox 256 2062 1011 2107; baseline -0.005 -8"><span class='ocrx_word' id='word_1_212' title='bbox 256 2065 378 2099; x_wconf 80' lang='lat' dir='ltr'>offensa</span> <span class='ocrx_word' id='word_1_213' title='bbox 401 2075 438 2098; x_wconf 85' lang='lat' dir='ltr'>ex</span> <span class='ocrx_word' id='word_1_214' title='bbox 463 2075 543 2098; x_wconf 81' lang='lat' dir='ltr'>nova</span> <span class='ocrx_word' id='word_1_215' title='bbox 572 2074 667 2097; x_wconf 83' lang='lat' dir='ltr'>causa</span> <span class='ocrx_word' id='word_1_216' title='bbox 694 2062 919 2107; x_wconf 80' lang='lat' dir='ltr'>processisset,</span> <span class='ocrx_word' id='word_1_217' title='bbox 951 2072 1011 2095; x_wconf 86' lang='lat' dir='ltr'>nec</span> 
     </span>
     <span class='ocr_line' id='line_1_49' title="bbox 256 2118 827 2163; baseline -0.007 -10"><span class='ocrx_word' id='word_1_218' title='bbox 256 2120 390 2163; x_wconf 79' lang='lat' dir='ltr'>allegata</span> <span class='ocrx_word' id='word_1_219' title='bbox 411 2119 563 2162; x_wconf 87' lang='lat' dir='ltr'>cuiquam</span> <span class='ocrx_word' id='word_1_220' title='bbox 585 2118 827 2161; x_wconf 78' lang='lat' dir='ltr'>suffragaretur.</span> 
     </span>
    </p>

    <p class='ocr_par' dir='ltr' id='par_1_13' title="bbox 256 2169 1012 2539">
     <span class='ocr_line' id='line_1_50' title="bbox 301 2169 1012 2218; baseline -0.006 -11"><span class='ocrx_word' id='word_1_221' title='bbox 301 2174 316 2218; x_wconf 65' lang='lat' dir='ltr'>g</span> <span class='ocrx_word' id='word_1_222' title='bbox 330 2173 361 2207; x_wconf 69' lang='lat'>2.</span> <span class='ocrx_word' id='word_1_223' title='bbox 380 2173 417 2206; x_wconf 89' lang='lat' dir='ltr'>Et</span> <span class='ocrx_word' id='word_1_224' title='bbox 433 2172 528 2207; x_wconf 85' lang='lat' dir='ltr'>etiam</span> <span class='ocrx_word' id='word_1_225' title='bbox 544 2171 632 2216; x_wconf 90' lang='lat' dir='ltr'>quod</span> <span class='ocrx_word' id='word_1_226' title='bbox 647 2172 680 2205; x_wconf 91' lang='lat' dir='ltr'>in</span> <span class='ocrx_word' id='word_1_227' title='bbox 692 2171 797 2205; x_wconf 88' lang='lat' dir='ltr'>causis</span> <span class='ocrx_word' id='word_1_228' title='bbox 812 2169 917 2204; x_wconf 83' lang='lat' dir='ltr'>mixtis</span> <span class='ocrx_word' id='word_1_229' title='bbox 928 2170 1012 2203; x_wconf 87' lang='lat' dir='ltr'>inter</span> 
     </span>
     <span class='ocr_line' id='line_1_51' title="bbox 256 2224 1012 2262; baseline -0.007 0"><span class='ocrx_word' id='word_1_230' title='bbox 256 2228 398 2262; x_wconf 87' lang='lat' dir='ltr'>iudicem</span> <span class='ocrx_word' id='word_1_231' title='bbox 426 2225 678 2261; x_wconf 86' lang='lat' dir='ltr'>ecclesiasticum</span> <span class='ocrx_word' id='word_1_232' title='bbox 708 2230 739 2258; x_wconf 85' lang='lat' dir='ltr'>et</span> <span class='ocrx_word' id='word_1_233' title='bbox 771 2224 890 2258; x_wconf 88' lang='lat' dir='ltr'>laicum</span> <span class='ocrx_word' id='word_1_234' title='bbox 920 2224 1012 2257; x_wconf 88' lang='lat' dir='ltr'>locus</span> 
     </span>
     <span class='ocr_line' id='line_1_52' title="bbox 257 2278 1012 2326; baseline -0.007 -10"><span class='ocrx_word' id='word_1_235' title='bbox 257 2283 296 2316; x_wconf 85' lang='lat' dir='ltr'>sit</span> <span class='ocrx_word' id='word_1_236' title='bbox 316 2280 549 2326; x_wconf 88' lang='lat' dir='ltr'>praeventioni,</span> <span class='ocrx_word' id='word_1_237' title='bbox 569 2280 612 2313; x_wconf 88' lang='lat' dir='ltr'>ita</span> <span class='ocrx_word' id='word_1_238' title='bbox 628 2286 735 2313; x_wconf 81' lang='lat' dir='ltr'>tamen</span> <span class='ocrx_word' id='word_1_239' title='bbox 752 2279 839 2322; x_wconf 87' lang='lat' dir='ltr'>quod</span> <span class='ocrx_word' id='word_1_240' title='bbox 856 2278 950 2312; x_wconf 86' lang='lat' dir='ltr'>iudex</span> <span class='ocrx_word' id='word_1_241' title='bbox 961 2289 1012 2312; x_wconf 89' lang='lat' dir='ltr'>ec-</span> 
     </span>
     <span class='ocr_line' id='line_1_53' title="bbox 257 2333 1010 2378; baseline -0.008 -7"><span class='ocrx_word' id='word_1_242' title='bbox 257 2335 453 2371; x_wconf 83' lang='lat' dir='ltr'>clesiasticus</span> <span class='ocrx_word' id='word_1_243' title='bbox 468 2335 501 2368; x_wconf 90' lang='lat' dir='ltr'>in</span> <span class='ocrx_word' id='word_1_244' title='bbox 517 2345 593 2369; x_wconf 81' lang='lat' dir='ltr'>casu</span> <span class='ocrx_word' id='word_1_245' title='bbox 609 2333 844 2378; x_wconf 81' lang='lat' dir='ltr'>praeventionis</span> <span class='ocrx_word' id='word_1_246' title='bbox 856 2343 920 2367; x_wconf 92' lang='lat' dir='ltr'>non</span> <span class='ocrx_word' id='word_1_247' title='bbox 936 2343 1010 2377; x_wconf 87' lang='lat' dir='ltr'>pos-</span> 
     </span>
     <span class='ocr_line' id='line_1_54' title="bbox 257 2387 1011 2435; baseline -0.008 -10"><span class='ocrx_word' id='word_1_248' title='bbox 257 2391 296 2424; x_wconf 86' lang='lat' dir='ltr'>sit</span> <span class='ocrx_word' id='word_1_249' title='bbox 324 2391 503 2435; x_wconf 84' lang='lat' dir='ltr'>procedere</span> <span class='ocrx_word' id='word_1_250' title='bbox 533 2394 646 2423; x_wconf 81' lang='lat' dir='ltr'>contra</span> <span class='ocrx_word' id='word_1_251' title='bbox 670 2387 815 2429; x_wconf 86' lang='lat' dir='ltr'>laicum,</span> <span class='ocrx_word' id='word_1_252' title='bbox 838 2387 893 2421; x_wconf 84' lang='lat' dir='ltr'>sed</span> <span class='ocrx_word' id='word_1_253' title='bbox 918 2387 1011 2420; x_wconf 88' lang='lat' dir='ltr'>illum</span> 
     </span>
     <span class='ocr_line' id='line_1_55' title="bbox 257 2442 1012 2482; baseline -0.007 -3"><span class='ocrx_word' id='word_1_254' title='bbox 257 2445 371 2479; x_wconf 81' lang='lat' dir='ltr'>debeat</span> <span class='ocrx_word' id='word_1_255' title='bbox 390 2445 553 2478; x_wconf 82' lang='lat' dir='ltr'>remittere</span> <span class='ocrx_word' id='word_1_256' title='bbox 583 2444 622 2477; x_wconf 91' lang='lat' dir='ltr'>ad</span> <span class='ocrx_word' id='word_1_257' title='bbox 642 2443 782 2476; x_wconf 86' lang='lat' dir='ltr'>iudicem</span> <span class='ocrx_word' id='word_1_258' title='bbox 811 2442 929 2475; x_wconf 85' lang='lat' dir='ltr'>laicum</span> <span class='ocrx_word' id='word_1_259' title='bbox 947 2468 954 2482; x_wconf 89' lang='lat'>,</span> <span class='ocrx_word' id='word_1_260' title='bbox 982 2447 1012 2475; x_wconf 87' lang='lat' dir='ltr'>et</span> 
     </span>
     <span class='ocr_line' id='line_1_56' title="bbox 256 2491 1010 2539; baseline -0.001 -12"><span class='ocrx_word' id='word_1_261' title='bbox 256 2494 335 2528; x_wconf 83' lang='lat' dir='ltr'>alias</span> <span class='ocrx_word' id='word_1_262' title='bbox 354 2500 454 2539; x_wconf 83' lang='lat' dir='ltr'>prout</span> <span class='ocrx_word' id='word_1_263' title='bbox 473 2494 505 2528; x_wconf 90' lang='lat' dir='ltr'>in</span> <span class='ocrx_word' id='word_1_264' title='bbox 526 2493 646 2528; x_wconf 84' lang='lat' dir='ltr'>eisdem</span> <span class='ocrx_word' id='word_1_265' title='bbox 666 2492 766 2526; x_wconf 85' lang='lat' dir='ltr'>literis</span> <span class='ocrx_word' id='word_1_266' title='bbox 785 2491 913 2537; x_wconf 87' lang='lat' dir='ltr'>plenius</span> <span class='ocrx_word' id='word_1_267' title='bbox 934 2502 1010 2526; x_wconf 90' lang='lat' dir='ltr'>con-</span> 
     </span>
    </p>
   </div>
   <div class='ocr_carea' id='block_1_12' title="bbox 258 2544 1013 2637">
    <p class='ocr_par' dir='ltr' id='par_1_14' title="bbox 258 2544 1013 2637">
     <span class='ocr_line' id='line_1_57' title="bbox 258 2544 390 2578; baseline 0 -1"><span class='ocrx_word' id='word_1_268' title='bbox 258 2544 390 2578; x_wconf 88' lang='lat' dir='ltr'>tinetur.</span> 
     </span>
     <span class='ocr_line' id='line_1_58' title="bbox 302 2590 1013 2637; baseline -0.006 -10"><span class='ocrx_word' id='word_1_269' title='bbox 302 2592 368 2637; x_wconf 60' lang='lat'>53.</span> <span class='ocrx_word' id='word_1_270' title='bbox 390 2593 478 2635; x_wconf 89' lang='lat' dir='ltr'>Nos,</span> <span class='ocrx_word' id='word_1_271' title='bbox 514 2591 754 2626; x_wconf 84' lang='lat' dir='ltr'>considerantes</span> <span class='ocrx_word' id='word_1_272' title='bbox 779 2601 796 2623; x_wconf 92' lang='lat' dir='ltr'>a</span> <span class='ocrx_word' id='word_1_273' title='bbox 820 2590 945 2624; x_wconf 85' lang='lat' dir='ltr'>ratione</span> <span class='ocrx_word' id='word_1_274' title='bbox 983 2595 1013 2623; x_wconf 88' lang='lat' dir='ltr'>et</span> 
     </span>
    </p>
   </div>
   <div class='ocr_carea' id='block_1_13' title="bbox 59 2639 1013 2745">
    <p class='ocr_par' dir='ltr' id='par_1_15' title="bbox 59 2639 1013 2745">
     <span class='ocr_line' id='line_1_59' title="bbox 95 2639 1013 2688; baseline -0.003 -13"><span class='ocrx_word' id='word_1_275' title='bbox 95 2653 131 2675; x_wconf 67' lang='lat' dir='ltr'>flu·</span> <span class='ocrx_word' id='word_1_276' title='bbox 146 2653 243 2688; x_wconf 50' lang='lat' dir='ltr'>Pontifex</span> <span class='ocrx_word' id='word_1_277' title='bbox 259 2642 338 2676; x_wconf 87' lang='lat' dir='ltr'>iuris</span> <span class='ocrx_word' id='word_1_278' title='bbox 350 2642 457 2676; x_wconf 88' lang='lat' dir='ltr'>debito</span> <span class='ocrx_word' id='word_1_279' title='bbox 472 2641 615 2675; x_wconf 83' lang='lat' dir='ltr'>alienum</span> <span class='ocrx_word' id='word_1_280' title='bbox 631 2651 698 2674; x_wconf 88' lang='lat' dir='ltr'>esse</span> <span class='ocrx_word' id='word_1_281' title='bbox 719 2650 782 2681; x_wconf 87' lang='lat' dir='ltr'>eos,</span> <span class='ocrx_word' id='word_1_282' title='bbox 799 2640 854 2684; x_wconf 90' lang='lat' dir='ltr'>qui</span> <span class='ocrx_word' id='word_1_283' title='bbox 871 2639 1013 2673; x_wconf 85' lang='lat' dir='ltr'>criminis</span> 
     </span>
     <span class='ocr_line' id='line_1_60' title="bbox 59 2685 242 2745; baseline -0.005 -7"><span class='ocrx_word' id='word_1_284' title='bbox 59 2685 160 2740; x_wconf 62' lang='grc' dir='ltr'>ξῗιῗέἰὲἓ,</span> <span class='ocrx_word' id='word_1_285' title='bbox 173 2685 242 2745; x_wconf 53' lang='lat' dir='ltr'>liiii</span> 
     </span>
    </p>
   </div>
   <div class='ocr_carea' id='block_1_14' title="bbox 258 2689 1009 2777">
    <p class='ocr_par' dir='ltr' id='par_1_16' title="bbox 258 2689 1009 2777">
     <span class='ocr_line' id='line_1_61' title="bbox 258 2689 1009 2734; baseline -0.003 -8"><span class='ocrx_word' id='word_1_286' title='bbox 258 2692 378 2727; x_wconf 83' lang='lat' dir='ltr'>innoxii</span> <span class='ocrx_word' id='word_1_287' title='bbox 409 2692 528 2726; x_wconf 86' lang='lat' dir='ltr'>suerint</span> <span class='ocrx_word' id='word_1_288' title='bbox 546 2718 553 2732; x_wconf 92' lang='lat'>‚</span> <span class='ocrx_word' id='word_1_289' title='bbox 581 2701 759 2734; x_wconf 86' lang='lat' dir='ltr'>eorumque</span> <span class='ocrx_word' id='word_1_290' title='bbox 792 2689 1009 2732; x_wconf 51' lang='lat' dir='ltr'>fideiussores</span> 
     </span>
     <span class='ocr_line' id='line_1_62' title="bbox 336 2743 894 2777; baseline -0.004 0"><span class='ocrx_word' id='word_1_291' title='bbox 336 2745 412 2777; x_wconf 74' lang='lat' dir='ltr'>Ball.</span> <span class='ocrx_word' id='word_1_292' title='bbox 430 2745 508 2777; x_wconf 84' lang='lat' dir='ltr'>Rom.</span> <span class='ocrx_word' id='word_1_293' title='bbox 531 2744 585 2776; x_wconf 80' lang='lat' dir='ltr'><em>Vol.</em></span> <span class='ocrx_word' id='word_1_294' title='bbox 607 2744 658 2776; x_wconf 89' lang='lat' dir='ltr'>VII</span> <span class='ocrx_word' id='word_1_295' title='bbox 856 2743 894 2775; x_wconf 82' lang='lat'>59</span> 
     </span>
    </p>
   </div>
   <div class='ocr_carea' id='block_1_15' title="bbox 1047 447 1996 498">
    <p class='ocr_par' dir='ltr' id='par_1_17' title="bbox 1047 447 1996 498">
     <span class='ocr_line' id='line_1_63' title="bbox 1047 447 1996 498; baseline -0.001 -18"><span class='ocrx_word' id='word_1_296' title='bbox 1047 448 1216 481; x_wconf 75' lang='lat' dir='ltr'>occasione</span> <span class='ocrx_word' id='word_1_297' title='bbox 1251 448 1368 481; x_wconf 81' lang='lat' dir='ltr'>fractae</span> <span class='ocrx_word' id='word_1_298' title='bbox 1402 447 1532 487; x_wconf 81' lang='lat' dir='ltr'>suerint,</span> <span class='ocrx_word' id='word_1_299' title='bbox 1564 458 1674 480; x_wconf 84' lang='lat' dir='ltr'>earum</span> <span class='ocrx_word' id='word_1_300' title='bbox 1705 458 1798 480; x_wconf 81' lang='lat' dir='ltr'>occa·</span> <span class='ocrx_word' id='word_1_301' title='bbox 1817 448 1996 498; x_wconf 48' lang='lat' dir='ltr'>22}S†‘³¹¹¹¹&#39;‘⁰h“&#39;¹‘</span> 
     </span>
    </p>
   </div>
   <div class='ocr_carea' id='block_1_16' title="bbox 1048 500 1809 2435">
    <p class='ocr_par' dir='ltr' id='par_1_18' title="bbox 1048 500 1809 2435">
     <span class='ocr_line' id='line_1_64' title="bbox 1048 500 1801 545; baseline 0.001 -13"><span class='ocrx_word' id='word_1_302' title='bbox 1048 501 1136 533; x_wconf 77' lang='lat' dir='ltr'>sione</span> <span class='ocrx_word' id='word_1_303' title='bbox 1152 501 1275 543; x_wconf 71' lang='lat' dir='ltr'>gravari</span> <span class='ocrx_word' id='word_1_304' title='bbox 1285 502 1413 539; x_wconf 77' lang='lat' dir='ltr'>debere,</span> <span class='ocrx_word' id='word_1_305' title='bbox 1427 511 1500 534; x_wconf 84' lang='lat' dir='ltr'>cum</span> <span class='ocrx_word' id='word_1_306' title='bbox 1513 500 1685 545; x_wconf 85' lang='lat' dir='ltr'>praecipue</span> <span class='ocrx_word' id='word_1_307' title='bbox 1696 512 1801 544; x_wconf 72' lang='lat' dir='ltr'>paces,</span> 
     </span>
     <span class='ocr_line' id='line_1_65' title="bbox 1050 554 1802 597; baseline 0 -11"><span class='ocrx_word' id='word_1_308' title='bbox 1050 560 1179 597; x_wconf 75' lang='lat' dir='ltr'>treguae</span> <span class='ocrx_word' id='word_1_309' title='bbox 1215 566 1271 588; x_wconf 81' lang='lat' dir='ltr'>seu</span> <span class='ocrx_word' id='word_1_310' title='bbox 1298 554 1521 588; x_wconf 78' lang='lat' dir='ltr'>tideiussiones</span> <span class='ocrx_word' id='word_1_311' title='bbox 1549 554 1735 587; x_wconf 85' lang='lat' dir='ltr'>huiusmodi</span> <span class='ocrx_word' id='word_1_312' title='bbox 1765 554 1802 587; x_wconf 81' lang='lat' dir='ltr'>dc</span> 
     </span>
     <span class='ocr_line' id='line_1_66' title="bbox 1049 608 1802 649; baseline 0.001 -10"><span class='ocrx_word' id='word_1_313' title='bbox 1049 618 1112 640; x_wconf 83' lang='lat' dir='ltr'>non</span> <span class='ocrx_word' id='word_1_314' title='bbox 1143 608 1349 649; x_wconf 77' lang='lat' dir='ltr'>offendendo,</span> <span class='ocrx_word' id='word_1_315' title='bbox 1372 619 1437 641; x_wconf 91' lang='lat' dir='ltr'>non</span> <span class='ocrx_word' id='word_1_316' title='bbox 1458 609 1496 641; x_wconf 89' lang='lat' dir='ltr'>ad</span> <span class='ocrx_word' id='word_1_317' title='bbox 1526 608 1737 641; x_wconf 75' lang='lat' dir='ltr'>offensionem</span> <span class='ocrx_word' id='word_1_318' title='bbox 1766 618 1802 640; x_wconf 84' lang='lat' dir='ltr'>ex</span> 
     </span>
     <span class='ocr_line' id='line_1_67' title="bbox 1049 662 1803 706; baseline 0.001 -13"><span class='ocrx_word' id='word_1_319' title='bbox 1049 662 1164 694; x_wconf 85' lang='lat' dir='ltr'>suturis</span> <span class='ocrx_word' id='word_1_320' title='bbox 1182 663 1297 702; x_wconf 83' lang='lat' dir='ltr'>causis,</span> <span class='ocrx_word' id='word_1_321' title='bbox 1315 664 1369 696; x_wconf 88' lang='lat' dir='ltr'>sed</span> <span class='ocrx_word' id='word_1_322' title='bbox 1387 674 1423 695; x_wconf 79' lang='lat' dir='ltr'>cx</span> <span class='ocrx_word' id='word_1_323' title='bbox 1439 662 1619 706; x_wconf 84' lang='lat' dir='ltr'>praeteritis</span> <span class='ocrx_word' id='word_1_324' title='bbox 1631 667 1754 695; x_wconf 86' lang='lat' dir='ltr'>tantum</span> <span class='ocrx_word' id='word_1_325' title='bbox 1771 673 1803 695; x_wconf 93' lang='lat' dir='ltr'>o-</span> 
     </span>
     <span class='ocr_line' id='line_1_68' title="bbox 1049 714 1801 759; baseline 0.001 -12"><span class='ocrx_word' id='word_1_326' title='bbox 1049 714 1186 755; x_wconf 86' lang='lat' dir='ltr'>riantur,</span> <span class='ocrx_word' id='word_1_327' title='bbox 1195 715 1303 748; x_wconf 80' lang='lat' dir='ltr'>literas</span> <span class='ocrx_word' id='word_1_328' title='bbox 1316 717 1485 759; x_wconf 81' lang='lat' dir='ltr'>praefatas,</span> <span class='ocrx_word' id='word_1_329' title='bbox 1498 716 1604 759; x_wconf 87' lang='lat' dir='ltr'>quoad</span> <span class='ocrx_word' id='word_1_330' title='bbox 1613 716 1801 759; x_wconf 83' lang='lat' dir='ltr'>praemissa,</span> 
     </span>
     <span class='ocr_line' id='line_1_69' title="bbox 1050 770 1802 811; baseline 0.001 -10"><span class='ocrx_word' id='word_1_331' title='bbox 1050 774 1256 809; x_wconf 88' lang='lat' dir='ltr'>revocantes,</span> <span class='ocrx_word' id='word_1_332' title='bbox 1280 775 1439 802; x_wconf 85' lang='lat' dir='ltr'>cassantes</span> <span class='ocrx_word' id='word_1_333' title='bbox 1459 775 1489 802; x_wconf 80' lang='lat' dir='ltr'>et</span> <span class='ocrx_word' id='word_1_334' title='bbox 1510 770 1713 803; x_wconf 83' lang='lat' dir='ltr'>moderantes</span> <span class='ocrx_word' id='word_1_335' title='bbox 1727 798 1734 811; x_wconf 85' lang='lat'>,</span> <span class='ocrx_word' id='word_1_336' title='bbox 1757 770 1802 803; x_wconf 87' lang='lat' dir='ltr'>es-</span> 
     </span>
     <span class='ocr_line' id='line_1_70' title="bbox 1051 823 1803 868; baseline 0.001 -12"><span class='ocrx_word' id='word_1_337' title='bbox 1051 824 1235 865; x_wconf 86' lang='lat' dir='ltr'>seetumque</span> <span class='ocrx_word' id='word_1_338' title='bbox 1256 833 1351 856; x_wconf 88' lang='lat' dir='ltr'>suum</span> <span class='ocrx_word' id='word_1_339' title='bbox 1368 823 1473 856; x_wconf 84' lang='lat' dir='ltr'>sortiri</span> <span class='ocrx_word' id='word_1_340' title='bbox 1487 824 1517 857; x_wconf 91' lang='lat' dir='ltr'>in</span> <span class='ocrx_word' id='word_1_341' title='bbox 1539 824 1724 868; x_wconf 82' lang='lat' dir='ltr'>praemissis</span> <span class='ocrx_word' id='word_1_342' title='bbox 1739 834 1803 857; x_wconf 89' lang='lat' dir='ltr'>non</span> 
     </span>
     <span class='ocr_line' id='line_1_71' title="bbox 1050 878 1805 921; baseline 0.003 -11"><span class='ocrx_word' id='word_1_343' title='bbox 1050 888 1143 921; x_wconf 88' lang='lat' dir='ltr'>posse</span> <span class='ocrx_word' id='word_1_344' title='bbox 1163 878 1385 918; x_wconf 78' lang='lat' dir='ltr'>decernentes,</span> <span class='ocrx_word' id='word_1_345' title='bbox 1408 884 1497 911; x_wconf 87' lang='lat' dir='ltr'>motu</span> <span class='ocrx_word' id='word_1_346' title='bbox 1518 878 1632 918; x_wconf 79' lang='lat' dir='ltr'>simili,</span> <span class='ocrx_word' id='word_1_347' title='bbox 1655 883 1727 919; x_wconf 60' lang='lat' dir='ltr'>etc„</span> <span class='ocrx_word' id='word_1_348' title='bbox 1750 889 1805 911; x_wconf 89' lang='lat' dir='ltr'>no-</span> 
     </span>
     <span class='ocr_line' id='line_1_72' title="bbox 1050 931 1803 975; baseline 0.003 -12"><span class='ocrx_word' id='word_1_349' title='bbox 1050 942 1120 963; x_wconf 86' lang='lat' dir='ltr'>vam</span> <span class='ocrx_word' id='word_1_350' title='bbox 1141 942 1284 971; x_wconf 89' lang='lat' dir='ltr'>causam,</span> <span class='ocrx_word' id='word_1_351' title='bbox 1308 931 1339 964; x_wconf 92' lang='lat' dir='ltr'>in</span> <span class='ocrx_word' id='word_1_352' title='bbox 1360 931 1459 975; x_wconf 85' lang='lat' dir='ltr'>pacis,</span> <span class='ocrx_word' id='word_1_353' title='bbox 1483 937 1670 974; x_wconf 80' lang='lat' dir='ltr'>treguarum</span> <span class='ocrx_word' id='word_1_354' title='bbox 1691 943 1747 965; x_wconf 84' lang='lat' dir='ltr'>seu</span> <span class='ocrx_word' id='word_1_355' title='bbox 1768 933 1803 965; x_wconf 85' lang='lat' dir='ltr'>fi-</span> 
     </span>
     <span class='ocr_line' id='line_1_73' title="bbox 1050 984 1803 1030; baseline 0.001 -12"><span class='ocrx_word' id='word_1_356' title='bbox 1050 985 1272 1018; x_wconf 87' lang='lat' dir='ltr'>deiussionum</span> <span class='ocrx_word' id='word_1_357' title='bbox 1299 984 1485 1018; x_wconf 88' lang='lat' dir='ltr'>huiusmodi</span> <span class='ocrx_word' id='word_1_358' title='bbox 1501 985 1668 1027; x_wconf 76' lang='lat' dir='ltr'>fractione,</span> <span class='ocrx_word' id='word_1_359' title='bbox 1682 987 1803 1030; x_wconf 87' lang='lat' dir='ltr'>princi-</span> 
     </span>
     <span class='ocr_line' id='line_1_74' title="bbox 1051 1039 1805 1082; baseline 0.001 -11"><span class='ocrx_word' id='word_1_360' title='bbox 1051 1040 1139 1082; x_wconf 89' lang='lat' dir='ltr'>pales</span> <span class='ocrx_word' id='word_1_361' title='bbox 1165 1044 1302 1079; x_wconf 78' lang='lat' dir='ltr'>tantum,</span> <span class='ocrx_word' id='word_1_362' title='bbox 1320 1039 1467 1072; x_wconf 77' lang='lat' dir='ltr'>videlicet</span> <span class='ocrx_word' id='word_1_363' title='bbox 1487 1039 1541 1082; x_wconf 88' lang='lat' dir='ltr'>qui</span> <span class='ocrx_word' id='word_1_364' title='bbox 1559 1039 1687 1072; x_wconf 85' lang='lat' dir='ltr'>fuerunt</span> <span class='ocrx_word' id='word_1_365' title='bbox 1710 1052 1805 1073; x_wconf 79' lang='lat' dir='ltr'>causa</span> 
     </span>
     <span class='ocr_line' id='line_1_75' title="bbox 1051 1092 1804 1137; baseline -0.003 -11"><span class='ocrx_word' id='word_1_366' title='bbox 1051 1092 1152 1137; x_wconf 88' lang='lat' dir='ltr'>pacis,</span> <span class='ocrx_word' id='word_1_367' title='bbox 1179 1098 1367 1136; x_wconf 75' lang='lat' dir='ltr'>treguaruin</span> <span class='ocrx_word' id='word_1_368' title='bbox 1408 1103 1464 1126; x_wconf 88' lang='lat' dir='ltr'>seu</span> <span class='ocrx_word' id='word_1_369' title='bbox 1495 1092 1740 1126; x_wconf 80' lang='lat' dir='ltr'>fideiussionum</span> <span class='ocrx_word' id='word_1_370' title='bbox 1766 1094 1804 1126; x_wconf 68' lang='lat' dir='ltr'>de</span> 
     </span>
     <span class='ocr_line' id='line_1_76' title="bbox 1051 1146 1804 1181; baseline 0.003 -2"><span class='ocrx_word' id='word_1_371' title='bbox 1051 1157 1116 1180; x_wconf 89' lang='lat' dir='ltr'>non</span> <span class='ocrx_word' id='word_1_372' title='bbox 1137 1146 1331 1180; x_wconf 79' lang='lat' dir='ltr'>offendendo</span> <span class='ocrx_word' id='word_1_373' title='bbox 1351 1146 1538 1180; x_wconf 86' lang='lat' dir='ltr'>huiusmodi</span> <span class='ocrx_word' id='word_1_374' title='bbox 1560 1148 1715 1180; x_wconf 85' lang='lat' dir='ltr'>factarum</span> <span class='ocrx_word' id='word_1_375' title='bbox 1750 1159 1804 1181; x_wconf 86' lang='lat' dir='ltr'>seu</span> 
     </span>
     <span class='ocr_line' id='line_1_77' title="bbox 1051 1200 1806 1245; baseline 0.003 -13"><span class='ocrx_word' id='word_1_376' title='bbox 1051 1200 1286 1240; x_wconf 83' lang='lat' dir='ltr'>faciendarum,</span> <span class='ocrx_word' id='word_1_377' title='bbox 1310 1200 1535 1244; x_wconf 86' lang='lat' dir='ltr'>praestitarum</span> <span class='ocrx_word' id='word_1_378' title='bbox 1571 1212 1626 1233; x_wconf 79' lang='lat' dir='ltr'>seu</span> <span class='ocrx_word' id='word_1_379' title='bbox 1644 1206 1806 1245; x_wconf 80' lang='lat' dir='ltr'>praestan-</span> 
     </span>
     <span class='ocr_line' id='line_1_78' title="bbox 1051 1254 1806 1298; baseline 0.001 -11"><span class='ocrx_word' id='word_1_380' title='bbox 1051 1255 1179 1295; x_wconf 85' lang='lat' dir='ltr'>darum,</span> <span class='ocrx_word' id='word_1_381' title='bbox 1206 1255 1230 1287; x_wconf 90' lang='lat' dir='ltr'>si</span> <span class='ocrx_word' id='word_1_382' title='bbox 1253 1254 1313 1298; x_wconf 81' lang='lat' dir='ltr'>ipsi</span> <span class='ocrx_word' id='word_1_383' title='bbox 1342 1254 1450 1298; x_wconf 87' lang='lat' dir='ltr'>aliquo</span> <span class='ocrx_word' id='word_1_384' title='bbox 1477 1254 1583 1294; x_wconf 79' lang='lat' dir='ltr'>mode,</span> <span class='ocrx_word' id='word_1_385' title='bbox 1605 1266 1661 1287; x_wconf 90' lang='lat' dir='ltr'>seu</span> <span class='ocrx_word' id='word_1_386' title='bbox 1690 1255 1806 1298; x_wconf 85' lang='lat' dir='ltr'>aliquis</span> 
     </span>
     <span class='ocr_line' id='line_1_79' title="bbox 1051 1308 1805 1342; baseline 0.003 -1"><span class='ocrx_word' id='word_1_387' title='bbox 1051 1319 1164 1341; x_wconf 89' lang='lat' dir='ltr'>corum</span> <span class='ocrx_word' id='word_1_388' title='bbox 1200 1308 1232 1341; x_wconf 92' lang='lat' dir='ltr'>in</span> <span class='ocrx_word' id='word_1_389' title='bbox 1261 1308 1354 1342; x_wconf 80' lang='lat' dir='ltr'>dictis</span> <span class='ocrx_word' id='word_1_390' title='bbox 1383 1308 1593 1341; x_wconf 82' lang='lat' dir='ltr'>fractionilms</span> <span class='ocrx_word' id='word_1_391' title='bbox 1627 1308 1805 1342; x_wconf 79' lang='lat' dir='ltr'>intervene—</span> 
     </span>
     <span class='ocr_line' id='line_1_80' title="bbox 1052 1361 1805 1406; baseline 0.001 -12"><span class='ocrx_word' id='word_1_392' title='bbox 1052 1362 1115 1395; x_wconf 89' lang='lat' dir='ltr'>rint</span> <span class='ocrx_word' id='word_1_393' title='bbox 1130 1373 1185 1395; x_wconf 88' lang='lat' dir='ltr'>seu</span> <span class='ocrx_word' id='word_1_394' title='bbox 1207 1362 1425 1402; x_wconf 82' lang='lat' dir='ltr'>intervenerit,</span> <span class='ocrx_word' id='word_1_395' title='bbox 1438 1362 1585 1395; x_wconf 73' lang='lat' dir='ltr'>videlicet.</span> <span class='ocrx_word' id='word_1_396' title='bbox 1601 1361 1625 1395; x_wconf 87' lang='lat' dir='ltr'>si</span> <span class='ocrx_word' id='word_1_397' title='bbox 1638 1362 1754 1406; x_wconf 86' lang='lat' dir='ltr'>aliquis</span> <span class='ocrx_word' id='word_1_398' title='bbox 1770 1374 1805 1395; x_wconf 73' lang='lat' dir='ltr'>ex</span> 
     </span>
     <span class='ocr_line' id='line_1_81' title="bbox 1052 1415 1805 1460; baseline 0.001 -11"><span class='ocrx_word' id='word_1_399' title='bbox 1052 1416 1143 1449; x_wconf 87' lang='lat' dir='ltr'>dictis</span> <span class='ocrx_word' id='word_1_400' title='bbox 1169 1415 1403 1460; x_wconf 87' lang='lat' dir='ltr'>principalibus</span> <span class='ocrx_word' id='word_1_401' title='bbox 1428 1416 1569 1460; x_wconf 86' lang='lat' dir='ltr'>aliquem</span> <span class='ocrx_word' id='word_1_402' title='bbox 1591 1428 1627 1449; x_wconf 83' lang='lat' dir='ltr'>ex</span> <span class='ocrx_word' id='word_1_403' title='bbox 1657 1427 1805 1460; x_wconf 85' lang='lat' dir='ltr'>compre-</span> 
     </span>
     <span class='ocr_line' id='line_1_82' title="bbox 1052 1470 1807 1515; baseline 0 -12"><span class='ocrx_word' id='word_1_404' title='bbox 1052 1470 1160 1504; x_wconf 85' lang='lat' dir='ltr'>hensis</span> <span class='ocrx_word' id='word_1_405' title='bbox 1182 1470 1213 1503; x_wconf 86' lang='lat' dir='ltr'>in</span> <span class='ocrx_word' id='word_1_406' title='bbox 1238 1481 1339 1515; x_wconf 88' lang='lat' dir='ltr'>pace,</span> <span class='ocrx_word' id='word_1_407' title='bbox 1367 1476 1480 1513; x_wconf 77' lang='lat' dir='ltr'>tregua</span> <span class='ocrx_word' id='word_1_408' title='bbox 1510 1481 1565 1503; x_wconf 90' lang='lat' dir='ltr'>seu</span> <span class='ocrx_word' id='word_1_409' title='bbox 1600 1470 1807 1503; x_wconf 83' lang='lat' dir='ltr'>fideiussione</span> 
     </span>
     <span class='ocr_line' id='line_1_83' title="bbox 1052 1515 1807 1568; baseline 0 -11"><span class='ocrx_word' id='word_1_410' title='bbox 1052 1524 1091 1557; x_wconf 86' lang='lat' dir='ltr'>de</span> <span class='ocrx_word' id='word_1_411' title='bbox 1112 1534 1176 1557; x_wconf 91' lang='lat' dir='ltr'>non</span> <span class='ocrx_word' id='word_1_412' title='bbox 1202 1523 1396 1557; x_wconf 73' lang='lat' dir='ltr'>ostendendo</span> <span class='ocrx_word' id='word_1_413' title='bbox 1416 1523 1598 1565; x_wconf 77' lang='lat' dir='ltr'>offenderit,</span> <span class='ocrx_word' id='word_1_414' title='bbox 1619 1515 1669 1557; x_wconf 65' lang='lat' dir='ltr'>rel</span> <span class='ocrx_word' id='word_1_415' title='bbox 1684 1524 1750 1568; x_wconf 83' lang='lat' dir='ltr'>ipse</span> <span class='ocrx_word' id='word_1_416' title='bbox 1767 1524 1807 1557; x_wconf 79' lang='lat' dir='ltr'>ab</span> 
     </span>
     <span class='ocr_line' id='line_1_84' title="bbox 1052 1577 1804 1622; baseline 0 -11"><span class='ocrx_word' id='word_1_417' title='bbox 1052 1578 1161 1621; x_wconf 87' lang='lat' dir='ltr'>aliquo</span> <span class='ocrx_word' id='word_1_418' title='bbox 1182 1589 1218 1611; x_wconf 87' lang='lat' dir='ltr'>ex</span> <span class='ocrx_word' id='word_1_419' title='bbox 1239 1578 1316 1621; x_wconf 81' lang='lat' dir='ltr'>ipsis</span> <span class='ocrx_word' id='word_1_420' title='bbox 1337 1577 1581 1622; x_wconf 88' lang='lat' dir='ltr'>comprehensis</span> <span class='ocrx_word' id='word_1_421' title='bbox 1610 1578 1804 1619; x_wconf 79' lang='lat' dir='ltr'>offendatur,</span> 
     </span>
     <span class='ocr_line' id='line_1_85' title="bbox 1052 1631 1805 1676; baseline -0.001 -11"><span class='ocrx_word' id='word_1_422' title='bbox 1052 1643 1117 1665; x_wconf 89' lang='lat' dir='ltr'>non</span> <span class='ocrx_word' id='word_1_423' title='bbox 1138 1643 1303 1666; x_wconf 79' lang='lat' dir='ltr'>excusare,</span> <span class='ocrx_word' id='word_1_424' title='bbox 1326 1632 1357 1666; x_wconf 83' lang='lat' dir='ltr'>si</span> <span class='ocrx_word' id='word_1_425' title='bbox 1387 1642 1462 1665; x_wconf 86' lang='lat' dir='ltr'>vero</span> <span class='ocrx_word' id='word_1_426' title='bbox 1483 1631 1658 1676; x_wconf 82' lang='lat' dir='ltr'>supradicti</span> <span class='ocrx_word' id='word_1_427' title='bbox 1684 1632 1805 1676; x_wconf 86' lang='lat' dir='ltr'>prinei-</span> 
     </span>
     <span class='ocr_line' id='line_1_86' title="bbox 1052 1685 1808 1731; baseline -0.001 -12"><span class='ocrx_word' id='word_1_428' title='bbox 1052 1687 1152 1730; x_wconf 87' lang='lat' dir='ltr'>pales,</span> <span class='ocrx_word' id='word_1_429' title='bbox 1180 1696 1237 1720; x_wconf 87' lang='lat' dir='ltr'>seu</span> <span class='ocrx_word' id='word_1_430' title='bbox 1257 1686 1374 1730; x_wconf 87' lang='lat' dir='ltr'>aliquis</span> <span class='ocrx_word' id='word_1_431' title='bbox 1394 1696 1508 1720; x_wconf 90' lang='lat' dir='ltr'>eorum</span> <span class='ocrx_word' id='word_1_432' title='bbox 1528 1686 1561 1719; x_wconf 91' lang='lat' dir='ltr'>in</span> <span class='ocrx_word' id='word_1_433' title='bbox 1582 1685 1737 1719; x_wconf 87' lang='lat' dir='ltr'>fractione</span> <span class='ocrx_word' id='word_1_434' title='bbox 1753 1697 1808 1731; x_wconf 84' lang='lat' dir='ltr'>pa-</span> 
     </span>
     <span class='ocr_line' id='line_1_87' title="bbox 1052 1740 1806 1783; baseline 0 -11"><span class='ocrx_word' id='word_1_435' title='bbox 1052 1740 1109 1781; x_wconf 79' lang='lat' dir='ltr'>cis,</span> <span class='ocrx_word' id='word_1_436' title='bbox 1131 1745 1262 1783; x_wconf 82' lang='lat' dir='ltr'>treguae</span> <span class='ocrx_word' id='word_1_437' title='bbox 1296 1751 1353 1774; x_wconf 85' lang='lat' dir='ltr'>seu</span> <span class='ocrx_word' id='word_1_438' title='bbox 1373 1740 1589 1774; x_wconf 87' lang='lat' dir='ltr'>fideiussionis</span> <span class='ocrx_word' id='word_1_439' title='bbox 1622 1740 1806 1774; x_wconf 89' lang='lat' dir='ltr'>huiusmodi</span> 
     </span>
     <span class='ocr_line' id='line_1_88' title="bbox 1053 1794 1806 1839; baseline 0.001 -12"><span class='ocrx_word' id='word_1_440' title='bbox 1053 1800 1084 1828; x_wconf 90' lang='lat' dir='ltr'>ut</span> <span class='ocrx_word' id='word_1_441' title='bbox 1106 1805 1203 1839; x_wconf 88' lang='lat' dir='ltr'>supra</span> <span class='ocrx_word' id='word_1_442' title='bbox 1227 1805 1293 1827; x_wconf 90' lang='lat' dir='ltr'>non</span> <span class='ocrx_word' id='word_1_443' title='bbox 1313 1794 1544 1829; x_wconf 76' lang='lat' dir='ltr'>intervenerint</span> <span class='ocrx_word' id='word_1_444' title='bbox 1577 1805 1634 1828; x_wconf 85' lang='lat' dir='ltr'>seu</span> <span class='ocrx_word' id='word_1_445' title='bbox 1668 1794 1806 1828; x_wconf 85' lang='lat' dir='ltr'>interve-</span> 
     </span>
     <span class='ocr_line' id='line_1_89' title="bbox 1052 1848 1809 1893; baseline 0 -12"><span class='ocrx_word' id='word_1_446' title='bbox 1052 1849 1146 1890; x_wconf 86' lang='lat' dir='ltr'>nerit,</span> <span class='ocrx_word' id='word_1_447' title='bbox 1170 1848 1254 1893; x_wconf 89' lang='lat' dir='ltr'>ipsos</span> <span class='ocrx_word' id='word_1_448' title='bbox 1288 1859 1467 1893; x_wconf 86' lang='lat' dir='ltr'>eorumque</span> <span class='ocrx_word' id='word_1_449' title='bbox 1493 1848 1749 1892; x_wconf 78' lang='lat' dir='ltr'>consanguineos</span> <span class='ocrx_word' id='word_1_450' title='bbox 1779 1855 1809 1882; x_wconf 84' lang='lat' dir='ltr'>et</span> 
     </span>
     <span class='ocr_line' id='line_1_90' title="bbox 1052 1902 1808 1947; baseline -0.001 -11"><span class='ocrx_word' id='word_1_451' title='bbox 1052 1903 1257 1936; x_wconf 79' lang='lat' dir='ltr'>fideiussores</span> <span class='ocrx_word' id='word_1_452' title='bbox 1273 1930 1280 1944; x_wconf 92' lang='lat'>,</span> <span class='ocrx_word' id='word_1_453' title='bbox 1297 1908 1484 1947; x_wconf 85' lang='lat' dir='ltr'>ceterosque</span> <span class='ocrx_word' id='word_1_454' title='bbox 1496 1902 1527 1935; x_wconf 88' lang='lat' dir='ltr'>in</span> <span class='ocrx_word' id='word_1_455' title='bbox 1544 1913 1622 1947; x_wconf 87' lang='lat' dir='ltr'>pace</span> <span class='ocrx_word' id='word_1_456' title='bbox 1642 1908 1669 1935; x_wconf 88' lang='lat' dir='ltr'>et</span> <span class='ocrx_word' id='word_1_457' title='bbox 1697 1908 1808 1946; x_wconf 76' lang='lat' dir='ltr'>tregua</span> 
     </span>
     <span class='ocr_line' id='line_1_91' title="bbox 1052 1956 1807 1991; baseline -0.003 0"><span class='ocrx_word' id='word_1_458' title='bbox 1052 1968 1109 1991; x_wconf 89' lang='lat' dir='ltr'>seu</span> <span class='ocrx_word' id='word_1_459' title='bbox 1129 1956 1336 1991; x_wconf 85' lang='lat' dir='ltr'>fideiussione</span> <span class='ocrx_word' id='word_1_460' title='bbox 1356 1957 1395 1990; x_wconf 90' lang='lat' dir='ltr'>de</span> <span class='ocrx_word' id='word_1_461' title='bbox 1415 1968 1480 1990; x_wconf 89' lang='lat' dir='ltr'>non</span> <span class='ocrx_word' id='word_1_462' title='bbox 1500 1956 1693 1990; x_wconf 80' lang='lat' dir='ltr'>offendendo</span> <span class='ocrx_word' id='word_1_463' title='bbox 1719 1967 1807 1990; x_wconf 77' lang='lat' dir='ltr'>com-</span> 
     </span>
     <span class='ocr_line' id='line_1_92' title="bbox 1053 2011 1807 2057; baseline -0.001 -12"><span class='ocrx_word' id='word_1_464' title='bbox 1053 2011 1229 2057; x_wconf 88' lang='lat' dir='ltr'>prehensos</span> <span class='ocrx_word' id='word_1_465' title='bbox 1247 2039 1254 2053; x_wconf 88' lang='lat'>‚</span> <span class='ocrx_word' id='word_1_466' title='bbox 1286 2017 1317 2045; x_wconf 88' lang='lat' dir='ltr'>et</span> <span class='ocrx_word' id='word_1_467' title='bbox 1341 2011 1518 2055; x_wconf 87' lang='lat' dir='ltr'>quemlibet</span> <span class='ocrx_word' id='word_1_468' title='bbox 1551 2022 1663 2045; x_wconf 89' lang='lat' dir='ltr'>corum</span> <span class='ocrx_word' id='word_1_469' title='bbox 1693 2021 1807 2045; x_wconf 78' lang='lat' dir='ltr'>novam</span> 
     </span>
     <span class='ocr_line' id='line_1_93' title="bbox 1053 2065 1807 2109; baseline 0 -11"><span class='ocrx_word' id='word_1_470' title='bbox 1053 2076 1183 2099; x_wconf 89' lang='lat' dir='ltr'>causam</span> <span class='ocrx_word' id='word_1_471' title='bbox 1202 2065 1390 2099; x_wconf 88' lang='lat' dir='ltr'>huiusmodi</span> <span class='ocrx_word' id='word_1_472' title='bbox 1415 2065 1554 2108; x_wconf 80' lang='lat' dir='ltr'>allegare</span> <span class='ocrx_word' id='word_1_473' title='bbox 1580 2075 1684 2109; x_wconf 83' lang='lat' dir='ltr'>posse,</span> <span class='ocrx_word' id='word_1_474' title='bbox 1713 2070 1743 2098; x_wconf 88' lang='lat' dir='ltr'>et</span> <span class='ocrx_word' id='word_1_475' title='bbox 1771 2075 1807 2098; x_wconf 88' lang='lat' dir='ltr'>ea</span> 
     </span>
     <span class='ocr_line' id='line_1_94' title="bbox 1054 2119 1807 2164; baseline 0.001 -12"><span class='ocrx_word' id='word_1_476' title='bbox 1054 2120 1197 2164; x_wconf 87' lang='lat' dir='ltr'>probata,</span> <span class='ocrx_word' id='word_1_477' title='bbox 1210 2120 1355 2154; x_wconf 85' lang='lat' dir='ltr'>excusari</span> <span class='ocrx_word' id='word_1_478' title='bbox 1376 2120 1506 2161; x_wconf 83' lang='lat' dir='ltr'>debere,</span> <span class='ocrx_word' id='word_1_479' title='bbox 1528 2123 1558 2153; x_wconf 86' lang='lat' dir='ltr'>et</span> <span class='ocrx_word' id='word_1_480' title='bbox 1575 2119 1807 2163; x_wconf 88' lang='lat' dir='ltr'>quoquomodo</span> 
     </span>
     <span class='ocr_line' id='line_1_95' title="bbox 1052 2173 1806 2218; baseline 0 -10"><span class='ocrx_word' id='word_1_481' title='bbox 1052 2174 1198 2217; x_wconf 78' lang='lat' dir='ltr'>gravari,</span> <span class='ocrx_word' id='word_1_482' title='bbox 1233 2174 1419 2218; x_wconf 90' lang='lat' dir='ltr'>perturbari</span> <span class='ocrx_word' id='word_1_483' title='bbox 1453 2179 1507 2208; x_wconf 86' lang='lat' dir='ltr'>aut</span> <span class='ocrx_word' id='word_1_484' title='bbox 1536 2173 1707 2217; x_wconf 84' lang='lat' dir='ltr'>inquietari</span> <span class='ocrx_word' id='word_1_485' title='bbox 1741 2183 1806 2208; x_wconf 90' lang='lat' dir='ltr'>non</span> 
     </span>
     <span class='ocr_line' id='line_1_96' title="bbox 1053 2227 1808 2272; baseline -0.001 -10"><span class='ocrx_word' id='word_1_486' title='bbox 1053 2239 1146 2272; x_wconf 86' lang='lat' dir='ltr'>posse</span> <span class='ocrx_word' id='word_1_487' title='bbox 1170 2239 1276 2272; x_wconf 89' lang='lat' dir='ltr'>neque</span> <span class='ocrx_word' id='word_1_488' title='bbox 1297 2228 1435 2268; x_wconf 82' lang='lat' dir='ltr'>debere3</span> <span class='ocrx_word' id='word_1_489' title='bbox 1457 2227 1553 2272; x_wconf 87' lang='lat' dir='ltr'>idque</span> <span class='ocrx_word' id='word_1_490' title='bbox 1571 2232 1633 2260; x_wconf 85' lang='lat' dir='ltr'>tam</span> <span class='ocrx_word' id='word_1_491' title='bbox 1654 2227 1687 2260; x_wconf 91' lang='lat' dir='ltr'>in</span> <span class='ocrx_word' id='word_1_492' title='bbox 1702 2227 1808 2261; x_wconf 86' lang='lat' dir='ltr'>causis</span> 
     </span>
     <span class='ocr_line' id='line_1_97' title="bbox 1054 2281 1806 2327; baseline -0.003 -11"><span class='ocrx_word' id='word_1_493' title='bbox 1054 2283 1147 2316; x_wconf 88' lang='lat' dir='ltr'>motis</span> <span class='ocrx_word' id='word_1_494' title='bbox 1158 2288 1189 2316; x_wconf 85' lang='lat' dir='ltr'>et</span> <span class='ocrx_word' id='word_1_495' title='bbox 1200 2282 1351 2316; x_wconf 88' lang='lat' dir='ltr'>indecisis</span> <span class='ocrx_word' id='word_1_496' title='bbox 1362 2281 1589 2327; x_wconf 84' lang='lat' dir='ltr'>pendentibus,</span> <span class='ocrx_word' id='word_1_497' title='bbox 1601 2292 1698 2325; x_wconf 90' lang='lat' dir='ltr'>quam</span> <span class='ocrx_word' id='word_1_498' title='bbox 1711 2281 1806 2315; x_wconf 80' lang='lat' dir='ltr'>etiam</span> 
     </span>
     <span class='ocr_line' id='line_1_98' title="bbox 1053 2335 1806 2381; baseline -0.003 -11"><span class='ocrx_word' id='word_1_499' title='bbox 1053 2336 1163 2378; x_wconf 88' lang='lat' dir='ltr'>finitis,</span> <span class='ocrx_word' id='word_1_500' title='bbox 1186 2342 1217 2371; x_wconf 86' lang='lat' dir='ltr'>et</span> <span class='ocrx_word' id='word_1_501' title='bbox 1235 2337 1268 2370; x_wconf 92' lang='lat' dir='ltr'>in</span> <span class='ocrx_word' id='word_1_502' title='bbox 1292 2336 1412 2381; x_wconf 88' lang='lat' dir='ltr'>quibus</span> <span class='ocrx_word' id='word_1_503' title='bbox 1433 2335 1528 2369; x_wconf 83' lang='lat' dir='ltr'>etiam</span> <span class='ocrx_word' id='word_1_504' title='bbox 1554 2335 1806 2380; x_wconf 83' lang='lat' dir='ltr'>pronunciatum</span> 
     </span>
     <span class='ocr_line' id='line_1_99' title="bbox 1053 2389 1807 2435; baseline -0.003 -11"><span class='ocrx_word' id='word_1_505' title='bbox 1053 2390 1112 2424; x_wconf 81' lang='lat' dir='ltr'>fuit</span> <span class='ocrx_word' id='word_1_506' title='bbox 1137 2390 1327 2435; x_wconf 89' lang='lat' dir='ltr'>(dummodo</span> <span class='ocrx_word' id='word_1_507' title='bbox 1353 2389 1529 2424; x_wconf 84' lang='lat' dir='ltr'>sententiae</span> <span class='ocrx_word' id='word_1_508' title='bbox 1556 2389 1697 2434; x_wconf 86' lang='lat' dir='ltr'>desuper</span> <span class='ocrx_word' id='word_1_509' title='bbox 1725 2390 1807 2423; x_wconf 82' lang='lat' dir='ltr'>latae</span> 
     </span>
    </p>
   </div>
   <div class='ocr_carea' id='block_1_17' title="bbox 1052 2443 1808 2578">
    <p class='ocr_par' dir='ltr' id='par_1_19' title="bbox 1052 2443 1808 2578">
     <span class='ocr_line' id='line_1_100' title="bbox 1053 2443 1805 2486; baseline -0.001 -8"><span class='ocrx_word' id='word_1_510' title='bbox 1053 2445 1193 2478; x_wconf 84' lang='lat' dir='ltr'>totaliter</span> <span class='ocrx_word' id='word_1_511' title='bbox 1207 2455 1273 2478; x_wconf 90' lang='lat' dir='ltr'>non</span> <span class='ocrx_word' id='word_1_512' title='bbox 1289 2445 1352 2478; x_wconf 86' lang='lat' dir='ltr'>sint</span> <span class='ocrx_word' id='word_1_513' title='bbox 1372 2443 1554 2478; x_wconf 78' lang='lat' dir='ltr'>executioni</span> <span class='ocrx_word' id='word_1_514' title='bbox 1569 2443 1805 2486; x_wconf 82' lang='lat' dir='ltr'>demandatae),</span> 
     </span>
     <span class='ocr_line' id='line_1_101' title="bbox 1052 2492 1808 2537; baseline -0.001 -10"><span class='ocrx_word' id='word_1_515' title='bbox 1052 2494 1160 2528; x_wconf 90' lang='lat' dir='ltr'>locum</span> <span class='ocrx_word' id='word_1_516' title='bbox 1181 2494 1241 2528; x_wconf 88' lang='lat' dir='ltr'>sibi</span> <span class='ocrx_word' id='word_1_517' title='bbox 1260 2493 1423 2528; x_wconf 87' lang='lat' dir='ltr'>vindicare</span> <span class='ocrx_word' id='word_1_518' title='bbox 1446 2503 1540 2537; x_wconf 87' lang='lat' dir='ltr'>posse</span> <span class='ocrx_word' id='word_1_519' title='bbox 1573 2499 1605 2526; x_wconf 87' lang='lat' dir='ltr'>et</span> <span class='ocrx_word' id='word_1_520' title='bbox 1623 2492 1740 2527; x_wconf 87' lang='lat' dir='ltr'>debere</span> <span class='ocrx_word' id='word_1_521' title='bbox 1755 2492 1808 2526; x_wconf 90' lang='lat' dir='ltr'>de-</span> 
     </span>
     <span class='ocr_line' id='line_1_102' title="bbox 1053 2544 1225 2578; baseline 0.006 -1"><span class='ocrx_word' id='word_1_522' title='bbox 1053 2544 1225 2578; x_wconf 82' lang='lat' dir='ltr'>claramuS.</span> 
     </span>
    </p>
   </div>
   <div class='ocr_carea' id='block_1_18' title="bbox 1097 2592 2003 2695">
    <p class='ocr_par' dir='ltr' id='par_1_20' title="bbox 1097 2592 2003 2695">
     <span class='ocr_line' id='line_1_103' title="bbox 1097 2592 2003 2637; baseline -0.002 -10"><span class='ocrx_word' id='word_1_523' title='bbox 1097 2593 1162 2637; x_wconf 58' lang='lat' dir='ltr'>§ln</span> <span class='ocrx_word' id='word_1_524' title='bbox 1203 2593 1349 2637; x_wconf 88' lang='lat' dir='ltr'>Cumque</span> <span class='ocrx_word' id='word_1_525' title='bbox 1383 2592 1478 2626; x_wconf 84' lang='lat' dir='ltr'>etiam</span> <span class='ocrx_word' id='word_1_526' title='bbox 1517 2602 1613 2637; x_wconf 85' lang='lat' dir='ltr'>saepe</span> <span class='ocrx_word' id='word_1_527' title='bbox 1646 2592 1809 2636; x_wconf 82' lang='lat' dir='ltr'>contingat</span> <span class='ocrx_word' id='word_1_528' title='bbox 1843 2604 2003 2626; x_wconf 76' lang='lat' dir='ltr'>Contumacihm</span> 
     </span>
     <span class='ocr_line' id='line_1_104' title="bbox 1820 2636 2003 2695; baseline 0.011 -6"><span class='ocrx_word' id='word_1_529' title='bbox 1820 2636 2003 2695; x_wconf 51' lang='lat' dir='ltr'>tassaria?</span> 
     </span>
    </p>
   </div>
   <div class='ocr_carea' id='block_1_19' title="bbox 1053 2641 1807 2738">
    <p class='ocr_par' dir='ltr' id='par_1_21' title="bbox 1053 2641 1807 2738">
     <span class='ocr_line' id='line_1_105' title="bbox 1053 2641 1807 2688; baseline -0.003 -12"><span class='ocrx_word' id='word_1_530' title='bbox 1053 2648 1159 2688; x_wconf 85' lang='lat' dir='ltr'>partes</span> <span class='ocrx_word' id='word_1_531' title='bbox 1179 2643 1274 2687; x_wconf 85' lang='lat' dir='ltr'>ipsas,</span> <span class='ocrx_word' id='word_1_532' title='bbox 1294 2647 1406 2676; x_wconf 81' lang='lat' dir='ltr'>contra</span> <span class='ocrx_word' id='word_1_533' title='bbox 1425 2653 1505 2686; x_wconf 84' lang='lat' dir='ltr'>quas</span> <span class='ocrx_word' id='word_1_534' title='bbox 1525 2641 1557 2675; x_wconf 93' lang='lat' dir='ltr'>in</span> <span class='ocrx_word' id='word_1_535' title='bbox 1571 2641 1807 2676; x_wconf 85' lang='lat' dir='ltr'>contumaciam</span> 
     </span>
     <span class='ocr_line' id='line_1_106' title="bbox 1053 2691 1805 2738; baseline -0.004 -10"><span class='ocrx_word' id='word_1_536' title='bbox 1053 2693 1185 2738; x_wconf 86' lang='lat' dir='ltr'>procedi</span> <span class='ocrx_word' id='word_1_537' title='bbox 1199 2691 1374 2735; x_wconf 80' lang='lat' dir='ltr'>consuevit,</span> <span class='ocrx_word' id='word_1_538' title='bbox 1385 2693 1433 2727; x_wconf 87' lang='lat' dir='ltr'>vel</span> <span class='ocrx_word' id='word_1_539' title='bbox 1444 2693 1488 2727; x_wconf 85' lang='lat' dir='ltr'>ita</span> <span class='ocrx_word' id='word_1_540' title='bbox 1498 2692 1709 2737; x_wconf 79' lang='lat' dir='ltr'>negociorum</span> <span class='ocrx_word' id='word_1_541' title='bbox 1721 2691 1805 2726; x_wconf 85' lang='lat' dir='ltr'>mole</span> 
     </span>
    </p>
   </div>
  </div>
 </body>
</html>
