2237 3100
483 196 573 231 1044
1063 203 1209 228 nummu

524 259 875 293 OrdinesMendicantes
886 257 1184 300 comprehenditur,

525 323 703 355 corumque
731 311 838 353 gratiis
863 316 893 343 ct
918 310 1090 353 privilegiis
1111 321 1185 354 per-

527 365 654 404 fruitur,
676 365 749 398 6:33.

440 419 565 452 LXXVI.
588 419 764 452 Declaratio
790 418 875 461 quod
897 417 1101 460 congregatio
1122 417 1185 450 sra-

528 479 613 505 trum
628 473 657 505 S.
681 471 866 515 Hieronymi
886 471 1083 504 Iesuatorum
1106 481 1187 503 nun-

526 531 661 568 cupata,
688 535 761 557 vere
786 525 1080 567 comprehendatur
1105 524 1187 557 inter

527 577 659 611 Ordines
701 577 948 610 ltlcndicantium
966 604 973 617 ,
1009 588 1186 620 eorumque

528 632 712 674 perfruatur
731 631 840 674 gratiis
860 636 890 664 et
910 631 1054 671 indultis,
1069 630 1143 663 636.

439 684 577 718 LXXVII.
601 683 1062 727 FacultasCongregationibus
1082 684 1186 728 impo-

528 737 624 770 nendi
653 748 767 771 census
792 745 822 771 et
848 738 1009 771 alienandi
1033 738 1117 770 bona
1147 737 1187 770 ob

527 791 720 824 solutionem
741 791 874 824 subsidii
900 791 1029 833 triginta
1050 790 1186 823 millium

527 850 704 884 scutorum,
725 855 784 888 pro
809 844 1017 877 subventione
1035 844 1102 887 regi
1115 844 1186 877 Gal-

525 898 654 938 liarum,
678 904 709 931 et
724 897 809 931 bello
830 904 941 931 contra
965 898 1094 938 TurcaS,
1108 896 1183 930 638.

441 952 592 986 LXXVIII.
624 951 786 984 Innovatio
824 952 1004 984 litterarum
1046 951 1117 984 Iulii
1150 951 1187 984 III

529 1015 628 1049 super
651 1004 879 1038 donationibus
903 1016 968 1038 non
994 1005 1147 1038 faciendis
1171 1016 1188 1038 a

529 1058 674 1102 personis
698 1059 923 1092 ecclesiasticis
947 1060 1186 1104 Hispaniarum,

528 1113 562 1146 in
582 1113 728 1145 fraudem
745 1112 897 1145 Gamerae
917 1113 1134 1157 Apostolicae,
1160 1119 1190 1146 ct

528 1167 712 1200 commissio
734 1166 898 1199 collectori
919 1177 1029 1199 earum
1048 1167 1189 1210 partium

528 1231 626 1265 super
645 1220 774 1253 illarum
799 1220 1002 1261 executione,
1025 1220 1099 1254 (5411.

443 1275 570 1309 LXXIX.
585 1272 747 1306 Innovatio
768 1273 948 1305 litterarum
967 1274 1038 1306 Iulii
1053 1274 1103 1313 ΙΙΙ,
1122 1275 1191 1318 qui-

528 1328 588 1360 bus
609 1326 766 1360 concessit
785 1331 861 1359 tunc
880 1326 1046 1359 collectori
1069 1328 1189 1361 iurium

529 1381 681 1414 Gamerae
697 1380 899 1423 Apostolicae
915 1380 947 1412 in
959 1381 1066 1423 regnis
1081 1381 1191 1425 IIispa-

530 1434 657 1468 niarum
668 1434 849 1467 facultatem
859 1434 1057 1478 percipiendi
1068 1435 1192 1468 fructus

529 1488 737 1522 ecclesiarum
747 1488 992 1528 cathedralium,
1010 1499 1027 1520 a
1039 1488 1089 1521 die
1104 1500 1192 1521 vaca-

530 1542 625 1575 tionis
634 1553 737 1585 usquc
751 1541 791 1574 ad
801 1541 886 1574 diem
895 1542 1085 1586 provisionis
1099 1543 1190 1576 colli-

529 1596 661 1639 gendos,
684 1595 758 1628 042.

444 1649 556 1683 LXXX.
570 1649 777 1683 Confirmatio
791 1648 983 1682 concordiae
999 1649 1096 1682 initae
1108 1649 1192 1683 inter

532 1702 700 1746 episcopos
712 1702 896 1745 provinciae
911 1703 1081 1736 Toletanae
1093 1709 1123 1736 et
1140 1703 1192 1735 de-

531 1756 744 1789 clarationum
769 1756 925 1789 factarum
950 1767 968 1788 a
992 1756 1111 1789 nuncio
1138 1756 1191 1789 IIi-

533 1809 719 1853 spaniarum
760 1820 858 1853 super
894 1809 1030 1843 decretis
1078 1810 1191 1853 synodi

532 1863 675 1896 eiusdem
702 1863 885 1906 provinciae
910 1864 1092 1903 Toletanae,
1113 1863 1188 1896 643.

445 1916 573 1950 LXXXI.
591 1916 768 1949 Prohibitio
785 1916 931 1959 signandi
947 1922 978 1949 ct
1002 1917 1191 1961 expediendi

533 1970 776 2004 commissiones
787 1981 973 2003 caussarum
989 1975 1019 2003 et
1030 1970 1192 2003 inhibitio-

532 2034 588 2056 nes
613 2023 644 2056 in
670 2023 790 2056 caussis
818 2024 996 2067 spoliorum
1016 2029 1045 2057 et
1062 2024 1192 2057 illicitae

533 2076 768 2120 negotiationis,
796 2088 860 2110 non
880 2077 975 2110 citato
996 2077 1086 2121 prius
1106 2089 1192 2111 com-

533 2130 678 2163 missario
703 2131 904 2164 Reverendae
929 2131 1081 2164 Gamerae
1111 2133 1193 2176 Apo-

536 2184 676 2225 stolicae,
697 2184 772 2218 646.

448 2237 589 2271 LXXXII.
607 2238 698 2277 Quod
713 2240 826 2271 fratres
842 2237 969 2271 Ordinis
984 2238 1141 2272 Minorum
1158 2239 1190 2273 S.

535 2291 694 2324 Francisci
708 2292 746 2325 de
761 2291 965 2325 Observantia
979 2302 1106 2336 semper
1119 2304 1192 2336 pos-

537 2344 615 2385 sint,
653 2351 739 2378 extra
766 2351 894 2389 tempus
930 2346 1193 2389 quadragesimae

538 2398 568 2425 et
585 2394 750 2434 adventus,
778 2395 809 2427 in
830 2395 908 2428 seria
933 2395 1056 2438 quinta,
1080 2396 1111 2427 in
1131 2407 1195 2439 qua

537 2451 602 2474 non
614 2443 756 2475 occurrit
771 2443 902 2487 aliquod
913 2444 1029 2476 festum
1050 2451 1105 2477 aut
1125 2445 1194 2478 eius

537 2496 657 2531 octava,
679 2492 814 2525 recitare
834 2493 978 2526 officium
998 2493 1194 2527 Sanctissimi
1213 2532 1215 2540 γ

537 2539 686 2583 Corporis
705 2541 832 2583 Christi,
853 2542 929 2575 647.
1213 2543 1217 2585 Ι

451 2587 606 2622 LXXXIII.
641 2590 818 2624 Declaratio
852 2602 950 2635 super
979 2591 1136 2624 fructibus
1166 2587 1217 2644 etl

1233 202 1351 228 ROMANI

1315 256 1466 290 censibus
1490 266 1527 290 ac
1552 257 1622 290 aliis
1645 257 1742 291 rebus
1771 268 1837 292 non
1861 259 1979 293 exactis

1316 320 1374 354 per
1410 310 1642 343 ecclesiasticos
1663 311 1755 354 regni
1778 311 1978 356 Neapolitani

1320 369 1465 407 tempore
1482 374 1593 397 eorum
1611 364 1734 404 obitus,
1752 370 1787 397 ut
1800 365 1980 400 habeantur

1318 417 1402 449 inter
1428 417 1543 460 spolia,
1570 423 1600 450 et
1624 417 1772 451 similiter
1791 418 1902 451 relicta
1927 430 1981 462 per

1318 481 1541 514 quoscumque
1573 470 1718 511 clericos,
1748 470 1906 504 beneficia
1930 482 1981 505 ec-

1318 523 1495 556 clesiastica
1512 524 1596 556 ultra
1620 524 1760 557 valorem
1776 524 1905 568 triginta
1923 524 1982 558 du-

1318 582 1463 609 catorum
1489 577 1682 618 obtinentes,
1709 577 1784 611 648.

1228 630 1380 664 LXXXIV.
1404 631 1443 664 Ut.
1462 630 1602 664 nuncius
1621 630 1711 674 regni
1721 631 1923 675 Neapolitani
1933 631 1981 665 in-

1315 683 1422 716 hibeat
1451 684 1623 717 ordinariis
1652 684 1727 718 dicti
1752 685 1855 727 regni,
1883 695 1922 719 ne
1946 694 1980 719 se

1316 738 1465 781 ingerant
1490 738 1523 771 in
1546 738 1712 772 beneficiis
1742 738 1855 782 quovis
1886 739 1981 773 modo

1316 791 1484 836 rcseryatis
1505 791 1578 825 Sedi
1598 791 1801 835 Apostolicae
1822 803 1880 837 pro
1900 798 1981 827 tem-

1316 855 1394 888 pore
1417 845 1614 885 vacantibus,
1641 845 1715 879 649.

1229 898 1368 932 LXXXV.
1386 898 1467 931 Unio
1488 899 1623 932 fratrum
1639 899 1855 933 Amadeorum
1868 905 1899 934 et
1910 900 1981 936 Cla-

1317 963 1470 985 renorum
1488 952 1598 986 Ordini
1623 953 1757 991 fratrum
1771 953 1930 987 Minorum
1947 955 1980 989 S.

1317 1006 1479 1039 Francisci
1500 1006 1538 1039 de
1558 1006 1779 1047 observantia,
1805 1007 1880 1041 650.

1230 1059 1370 1092 LXXXVI
1404 1059 1584 1093 lurisdictio
1610 1066 1640 1093 et
1663 1060 1830 1093 facultates
1853 1066 1982 1095 sanctae

1318 1114 1480 1147 Romanae
1501 1114 1662 1147 Ecclesiae
1685 1114 1856 1148 cardinalis
1876 1121 1983 1159 prote-

1320 1167 1416 1201 ctoris
1426 1179 1462 1201 ac
1475 1167 1591 1201 iudicis.
1601 1178 1787 1201 caussarum
1799 1170 1984 1203 monasterii

1319 1221 1350 1254 S.
1378 1221 1566 1255 Catherinae
1591 1222 1630 1255 de
1650 1222 1733 1255 Rosa
1756 1228 1982 1267 nuncupatae,

1320 1280 1350 1307 et
1377 1274 1635 1317 congregationis
1659 1275 1692 1307 in
1712 1275 1796 1308 Urbe
1821 1275 1985 1310 institutae

1319 1328 1357 1360 ad
1379 1327 1423 1360 ibi
1443 1327 1643 1371 recipiendas
1662 1327 1780 1372 pieque
1802 1329 1986 1363 educandas

1319 1380 1455 1423 virgines
1469 1380 1677 1422 miserabiles,
1689 1381 1722 1414 in
1732 1381 1984 1425 periculo’amit-

1320 1435 1432 1468 tcndae
1448 1435 1619 1477 pudicitiae
1638 1441 1887 1476 commorantes,
1903 1435 1978 1470 655.

1232 1487 1399 1521 LXXXVII.
1427 1488 1593 1521 'Mandatur
1617 1489 1737 1522 nuncio
1762 1488 1981 1530 Venetiarum,

1320 1548 1354 1575 ut
1374 1541 1406 1575 in
1423 1543 1574 1576 omnibus
1585 1543 1729 1576 ecclesiis
1745 1543 1983 1577 cathedralibus

1322 1596 1465 1629 eiusdem
1497 1595 1646 1637 dominii,
1672 1596 1706 1629 in
1730 1596 1847 1640 quibus
1876 1597 1985 1631 adhuc

1321 1650 1447 1682 nullum
1480 1649 1674 1693 stipendium
1700 1649 1830 1683 lectioni
1860 1650 1984 1684 theolo-

1320 1702 1382 1745 gali
1398 1703 1589 1745 deputatum
1604 1708 1662 1743 est,
1676 1702 1862 1746 praebenda
1877 1702 1983 1748 primo

1320 1761 1469 1788 vacatura
1478 1756 1517 1788 ad
1530 1755 1616 1789 hunc
1627 1766 1722 1789 usum
1737 1756 1891 1800 applicet,
1906 1756 1982 1791 658.

1233 1808 1413 1842 LXXXVIII.
1441 1809 1623 1842 Reservatio
1651 1809 1887 1843 beneficiorum
1914 1820 1984 1843 om-

1320 1862 1411 1895 nium
1436 1863 1631 1903 vacantium,
1649 1863 1724 1896 sede
1742 1863 1918 1908 episcopali
1929 1863 1994 1898 va-‘

1321 1921 1425 1957 cante,
1453 1915 1529 1951 659.

1233 1969 1386 2003 LXXXIX.
1402 1969 1548 2002 Facultas
1559 1969 1685 2011 collegii
1696 1968 1835 2009 fabricae
1851 1969 1882 2003 S.
1898 1969 1984 2003 Petri

1319 2024 1539 2066 apostolorum
1560 2023 1713 2067 principis
1733 2023 1772 2056 de
1792 2023 1876 2056 Urbe
1896 2023 1984 2057 circa

1320 2078 1423 2119 legata
1442 2088 1525 2121 quae
1545 2076 1627 2109 fiunt
1647 2076 1799 2110 ecclesiae
1814 2077 1848 2110 B.
1867 2076 1984 2110 Mariae

1321 2132 1535 2171 Lauretanae,
1558 2130 1583 2164 si
1608 2131 1677 2163 eius
1711 2129 1849 2163 ministri
1868 2129 1902 2163 in
1922 2129 1985 2164 illis

1322 2184 1483 2227 exigendis
1506 2184 1626 2217 fuerint
1646 2178 1857 2227 negligentes,
1879 2183 1953 2218 659.

1234 2237 1294 2272 XC.
1326 2238 1508 2270 Mandatum
1533 2237 1652 2270 nuncio
1684 2236 1922 2280 Hispaniarum,
1948 2242 1984 2270 ut

1284 2322 1290 2329 ,
1321 2291 1649 2324 Praemonstratenses
1673 2290 1851 2323 secundum
1871 2289 1981 2324 obser-

1322 2345 1459 2377 vantiam
1477 2355 1590 2377 eorum
1604 2344 1744 2387 Regulae
1760 2344 1982 2377 reformandos

1323 2405 1389 2427 esse
1414 2394 1564 2433 declaret,
1590 2404 1655 2427 non
1679 2398 1783 2426 autem
1804 2393 1982 2427 secundum

1322 2444 1476 2486 Regulam
1502 2444 1637 2476 fratrum
1652 2442 1758 2476 Sancti
1782 2441 1978 2486 Hieronymi,

1325 2503 1406 2535 quos
1425 2503 1443 2524 a
1462 2492 1639 2525 directione
1660 2497 1691 2525 et
1706 2491 1927 2525 iurisdictione
1947 2491 1980 2524 in

1324 2541 1396 2574 illos
1414 2541 1540 2585 penitus
1556 2546 1723 2575 extraneos
1743 2551 1811 2574 esse
1820 2539 1975 2580 decernit,

1325 2589 1400 2625 661.
