2237 3100
197 238 248 266 An.
264 237 292 265 C.
314 235 382 264 {570

250 343 317 364 (lausa
332 350 382 365 con·

199 377 322 399 stitutionis.

229 888 340 908 Dat-retum
361 884 385 904 ile

204 925 243 946 qun
259 919 278 938 111
295 917 385 938 rubrica-

440 225 504 259 812

440 288 455 329 ,ξ
475 287 506 319 1.
530 287 612 320 Sane
632 297 719 326 eum,
742 287 835 325 sieut,
859 294 922 318 nou
954 284 1022 316 sine
1049 283 1146 316 animi

396 341 497 374 nostri
514 342 637 381 dolore,
660 340 857 383 accepimus,
876 338 1024 371 nonnulli
1043 348 1078 370 ex
1096 348 1149 370 03-

397 394 522 427 nonicis
542 392 799 436 congregationis
819 392 850 424 S.
868 391 1039 424 Salvatoris
1056 402 1151 424 cano-

398 447 546 480 nicorum
559 446 766 488 Regularium
777 444 905 477 Ordinis
919 444 950 477 S.
969 444 1151 487 Augustini,

398 501 456 539 sibi
472 500 549 544 ipsis
569 499 706 532 nimium
728 497 949 537 assentientes,
966 498 1107 530 honoros
1123 503 1151 530 et

398 555 591 598 plerumque
622 553 821 595 praelaturas
851 556 881 583 et,
901 551 1073 593 dignitates
1104 552 1152 583 in-

400 607 585 651 tempestive
606 613 636 640 et.
666 612 739 639 ante
773 606 902 639 illarum
938 606 1151 643 vacationem,

399 660 532 693 diversis
543 660 639 693 etiam
653 659 913 702 modis,adipisci
931 665 961 692 et
976 670 1152 699 assumere,

400 727 464 749 11011
478 715 687 749 sineillorum
702 713 883 746 animarum
899 713 1046 757 periculo
1061 718 1088 746 et
1100 713 1156 746 110-

400 770 524 802 minum
550 768 715 806 scandalo,
737 772 882 809 satagunt
905 772 935 798 et
969 766 1152 807 etllagitant.

445 824 460 865 ,ξ
480 822 512 855 ΕΣ.
534 822 598 854 Nos
618 822 727 864 igitur,
755 819 942 852 huiusmodi
963 819 1102 852 ambitus
1128 825 1156 852 et

401 876 447 908 illi
479 875 671 909 coniunctae
691 874 848 907 simoniae
870 874 992 906 crimen
1027 873 1157 905 abolere

401 935 432 963 et
464 940 501 962 ex
522 940 582 961 usu
603 929 758 962 radicitus
778 928 926 965 evellere,
954 938 991 960 30
1025 927 1103 959 alias
1128 927 1158 959 in

402 983 586 1029 praemissis
613 987 797 1026 opportune
819 981 989 1025 providere
1024 981 1158 1024 cupien-

403 1045 460 1079 tes,
483 1038 591 1071 liabita
611 1038 751 1079 desuper
772 1041 897 1067 matura
927 1035 1160 1068 deliberatione

404 1102 477 1126 cum
499 1092 616 1125 dilecto
637 1090 704 1123 filio
725 1094 834 1122 nostro
855 1089 961 1123 Flavio
997 1089 1079 1120 tituli
1110 1089 1157 1121 Ss.

404 1146 487 1179 Petri
523 1151 554 1178 et
578 1143 753 1177 Marcellini
789 1143 976 1186 presbytero
1005 1143 1160 1174 ‹antinatt

406 1199 520 1232 Ursino
547 1202 750 1240 nuncupato,
774 1197 877 1229 dietae
903 1196 1162 1238 cmigreeationis

407 1257 601 1296 protectore,
621 1256 710 1283 metu
724 1250 870 1294 proprio,
888 1260 953 1282 non
971 1249 1008 1281 ad
1026 1249 1163 1282 alicuius

407 1305 500 1338 nobis
519 1315 617 1348 super
634 1305 695 1337 hoc
717 1304 842 1336 oblatae
856 1303 1020 1347 petitionis
1042 1302 1163 1335 instan-

409 1359 498 1399 tiam,
534 1359 589 1392 sed
615 1359 654 1391 de
679 1363 788 1390 nostra
809 1368 897 1389 mera
916 1357 1106 1389 liberalitate
1135 1363 1162 1390 et

409 1425 445 1447 ex
471 1418 558 1446 certa
578 1412 721 1452 scientia,
738 1412 797 1444 1130
811 1417 918 1444 nostra
931 1411 1164 1455 iuperp‹1·tuum

409 1467 544 1500 valitura
576 1467 646 1509 lege
679 1465 862 1503 statuunus,
896 1463 1102 1497 decernimus
1137 1469 1167 1496 et

410 1521 599 1555 ordinamus
610 1520 697 1563 quod
710 1520 819 1552 nullus
829 1529 865 1552 ex
880 1518 972 1551 dietis
988 1518 1164 1555 canonicis,

411 1574 553 1608 cuiusvis
573 1574 748 1618 dignitatis,
771 1578 883 1610 status,
895 1573 1015 1616 gradus
1030 1579 1060 1605 et
1076 1582 1168 1615 prae-

411 1629 606 1662 eminentiae
627 1628 776 1667 existens,
798 1627 911 1671 quovis
932 1627 1044 1667 modo,
1071 1626 1168 1658 verbo

412 1683 460 1715 vel
486 1682 519 1715 in
539 1681 678 1725 scriptis,
702 1692 759 1724 per
778 1691 811 1714 se
830 1681 879 1713 vel
901 1691 958 1723 per
984 1680 1082 1713 alium
1112 1690 1169 1712 seu

413 1735 506 1775 alios,
529 1735 651 1768 directe
676 1735 723 1766 vel
753 1733 923 1773 indirecte,
962 1743 1035 1766 cum
1062 1733 1170 1776 aliquo

415 1788 584 1833 superiore
604 1788 653 1821 vel
670 1787 822 1820 inscwiore
843 1792 898 1819 aut
918 1787 987 1819 aliis
1007 1785 1171 1829 quibusvis

417 1842 577 1887 personis,
591 1842 630 1874 de
651 1841 765 1874 otta-iis
795 1842 1010 1883 generalatus,
1034 1840 1172 1872 visitato-

417 1906 556 1940 rumque
591 1895 695 1928 dictae
729 1895 986 1937 congrfgatittuiis
1017 1894 1172 1927 electione

418 1960 475 1983 seu
496 1949 710 1993 promotione,
730 1953 957 1992 praeterquam
980 1948 1011 1981 in
1032 1949 1174 1992 capitulo

419 2003 562 2047 generali
575 2014 593 2035 3
613 2002 697 2035 (11013
709 2002 959 2045 congregatione
981 2002 1050 2034 lieri
1067 2002 1173 2041 solito,

420 2061 569 2097 tractare,
604 2055 802 2095 ratiocinari,
829 2060 884 2087 aut
918 2056 1116 2098 praelaturas
1147 2060 1177 2087 et

421 2109 593 2153 dignitates
613 2111 771 2153 praefatas
787 2120 844 2152 per
864 2109 1020 2141 ambitum
1036 2108 1174 2152 assequi,

423 2175 581 2209 quaerere
600 2164 650 2197 vel
669 2174 847 2207 procurare
868 2163 985 2195 audeat
1009 2163 1055 2195 vel
1084 2173 1177 2206 prac-

424 2224 539 2259 sumat,
559 2219 618 2252 sub
643 2216 987 2252 excommunicationis
1009 2217 1088 2249 latae
1106 2227 1178 2250 sen-

426 2273 554 2314 tentiae,
582 2272 770 2317 privationis
790 2270 973 2304 officiorum
995 2281 1048 2302 ¹seu
1075 2270 1178 2314 digni-

426 2333 527 2362 tatum
551 2337 634 2371 quae
650 2326 822 2365 obtineret,
845 2330 872 2357 et
896 2329 1070 2367 perpetuae
1092 2324 1181 2356 111113-

424 2381 555 2414 bilitatis
575 2381 614 2413 ad
640 2390 676 2413 ea
693 2385 723 2412 et
739 2378 801 2412 alia
818 2388 1047 2422 qusecumque,
1067 2383 1097 2409 et
1113 2378 1182 2410 31115

428 2429 540 2473 poenis
564 2440 623 2473 per
643 2439 751 2461 saeros
783 2437 922 2460 canones
944 2432 974 2459 et
1002 2425 1079 2458 alias
1109 2436 1183 2458 cou-

428 2478 608 2511 stitutiones
628 2476 798 2521 impositis,
818 2476 887 2519 ipso
908 2475 990 2507 sacto
1016 2474 1184 2507 incurren-

430 2527 491 2567 dis,
514 2538 531 2559 a
543 2527 674 2570 quibus,
692 2524 822 2559 nonnisi
837 2525 876 2558 de
892 2533 1051 2557 consensu
1067 2522 1184 2566 prioris

431 2575 589 2620 generalis
619 2581 649 2608 et
679 2575 880 2608 visitatorum
911 2573 1016 2606 dietae
1048 2581 1183 2614 congre-

432 2624 568 2670 gationis
583 2635 642 2669 pro
657 2630 801 2668 tempore
818 2622 1035 2662 existentium,
1046 2625 1185 2664 praeter-

996 230 1176 255 BULLARIUM
1197 228 1349 254 ROMANUM

1191 292 1288 326 quam
1310 282 1341 313 111
1367 281 1478 314 mortis
1503 281 1641 315 articulo
1666 285 1868 326 constitutus,
1890 286 1946 319 ab·

1192 335 1269 368 solvi
1291 334 1387 378 possit
1407 340 1461 367 aut
1480 335 1591 368 valeat.

1238 390 1252 430 ,ξ
1281 388 1311 421 3,
1346 389 1412 422 Νο11
1441 389 1642 422 obstantibus
1668 391 1949 426 constitutionibus

1194 447 1222 474 et
1251 441 1509 475 ordinationiluis
1535 439 1739 487 apostolicis:
1777 456 1813 478 30
1847 446 1951 480 dietae

1195 495 1464 537 congregationis,
1491 495 1587 528 etiam
1608 496 1802 537 iuramento,
1833 499 1952 532 confir-

1197 548 1337 581 matione
1372 549 1548 592 apostolica
1576 550 1624 583 vel
1656 551 1767 593 quavis
1802 552 1954 586 firmitate

1197 602 1259 634 alia
1276 601 1446 638 roboratis,
1465 602 1590 635 statutis
1603 609 1633 636 et
1650 606 1952 646 consuetudinibus3

1199 654 1371 698 privilegiis
1392 666 1536 699 quoque,
1556 656 1689 689 indultis
1709 659 1864 692 etlitteris
1880 670 1956 704 apo-

1198 709 1320 741 stolicis
1339 709 1443 741 eidem
1465 710 1708 753 congregationi
1729 712 1881 757 illiusque
1902 725 1956 747 su-

1200 762 1383 805 perioribus
1396 767 1423 795 et
1441 764 1599 806 personis,
1618 765 1677 797 sub
1694 766 1957 811 quibuscumque

1201 815 1366 848 tenoribus
1399 821 1429 848 et
1461 817 1583 857 t'ormis,
1611 828 1647 851 ac
1668 829 1743 851 eum
1777 819 1956 862 quibusvis,

1201 869 1296 902 etiam
1311 869 1592 912 derogatoriarnm
1609 871 1821 914 derogatoriis
1844 880 1875 906 et
1888 874 1959 907 aliis

1202 922 1367 962 clausulis,
1388 923 1652 968 irritantibusque
1673 931 1703 958 et
1732 926 1802 959 aliis
1822 927 1960 961 decretis

1203 976 1234 1008 iu
1268 977 1467 1009 eontrarium
1502 979 1747 1020 quomodolibet
1785 980 1957 1022 concessis,

1203 1030 1361 1063 innovatis
1380 1036 1408 1063 et
1428 1031 1632 1074 approbatis;
1658 1033 1776 1076 quilms
1796 1035 1958 1075 omnibus,

1204 1084 1328 1117 etiamsi
1349 1084 1387 1117 de
1413 1085 1476 1117 illis
1495 1096 1675 1130 eorumque
1696 1087 1770 1121 totis
1794 1088 1963 1122 tenoribus

1204 1138 1364 1181 specialis,
1381 1138 1533 1182 specifica
1547 1145 1577 1172 et.
1594 1150 1743 1183 expressa
1758 1151 1794 1173 30
1810 1142 1849 1175 de
1864 1142 1963 1176 verbo

1205 1192 1242 1223 ad
1265 1192 1412 1231 verbum,
1435 1203 1500 1225 11011
1521 1199 1629 1226 autem
1652 1205 1709 1237 per
1729 1194 1892 1228 clausulas
1911 1206 1964 1239 ge-

1206 1246 1331 1278 nerales
1366 1246 1449 1279 idem
1488 1246 1712 1290 importantes,
1750 1249 1873 1283 mentio
1907 1260 1964 1283 seu

1206 1299 1336 1342 quaevis
1349 1299 1411 1332 alia
1427 1301 1589 1344 expressio
1610 1301 1770 1343 habenda,
1793 1303 1966 1348 autaliqua

1207 1352 1268 1384 3113
1289 1354 1447 1396 exquisita
1473 1356 1576 1388 t'orma
1596 1355 1634 1388 ad
1662 1355 1723 1389 hoc
1748 1357 1904 1390 servanda
1921 1358 1967 1391 fo-

1208 1410 1265 1444 ret,
1288 1412 1414 1439 tenores
1435 1408 1635 1447 huiusmodi,
1654 1419 1691 1442 30
1711 1409 1735 1441 51
1755 1410 1794 1443 de
1807 1410 1905 1443 verbo
1926 1411 1966 1444 ad

1208 1459 1355 1500 verbum,
1387 1460 1465 1492 nihil
1489 1461 1617 1504 penitus
1641 1462 1772 1503 omisso,
1810 1469 1841 1496 et
1865 1464 1968 1497 forma

1210 1513 1241 1544 in
1267 1512 1329 1545 illis
1365 1514 1480 1546 tradita
1500 1515 1679 1556 observata,
1717 1516 1828 1550 inserti
1864 1517 1969 1551 forent

1212 1567 1444 1610 praesentibus,
1482 1579 1539 1610 pro
1579 1569 1778 1603 sullicienter
1812 1571 1970 1615 expressis

1212 1621 1378 1661 babentes,
1412 1621 1474 1654 illis
1494 1621 1572 1655 alias
1592 1623 1623 1655 in
1645 1634 1703 1656 530
1741 1624 1858 1657 robore
1895 1636 1969 1668 per-

1213 1675 1384 1714 mansuris,
1416 1675 1476 1708 1130
1497 1675 1564 1709 viee
1585 1676 1764 1717 dumtaxat,
1788 1677 1972 1721 specialiter

1214 1732 1245 1761 et
1264 1738 1412 1771 expresse
1433 1733 1522 1761 motu
1542 1729 1612 1772 pari
1625 1731 1831 1773 derogamus,
1846 1736 1877 1764 et
1896 1742 1972 1765 con-

1214 1780 1589 1826 trariisquibuscumque
1600 1794 1607 1823 ;
1618 1788 1673 1816 aut
1688 1784 1713 1816 si
1730 1784 1971 1828 congregationi

1216 1835 1401 1880 praedictae
1430 1836 1478 1868 vel
1499 1836 1665 1879 quibusvis
1686 1837 1769 1878 aliis,
1790 1838 1973 1871 eommuni-

1218 1894 1263 1921 ter
1284 1889 1331 1921 vel
1348 1888 1486 1929 divisim,
1503 1890 1541 1921 ab
1562 1890 1745 1934 Apostolica
1765 1891 1805 1924 sit
1821 1892 1904 1925 Sede
1923 1891 1973 1925 in-

1962 226 2011 253 An.
2027 225 2058 253 C.
2077 223 2145 252 157⁰

2036 393 2148 418 nerogntto

1964 424 2127 447 conti-artorum.

1217 1943 1343 1975 dultum
1364 1943 1451 1986 quod
1476 1943 1642 1984 interdici,
1665 1945 1819 1988 suspendi
1844 1946 1893 1979 vel
1925 1956 1975 1979 ex·
1999 1933 2001 1936 Α

1218 1997 1453 2030 communicari
1475 2008 1539 2031 11011
1554 1998 1676 2041 possint
1696 1999 1888 2042 perlitteras
1899 2010 1976 2043 apo-

1219 2050 1424 2083 5101103511011
1440 2051 1593 2084 facientes
1606 2052 1736 2095 plenam
1747 2057 1777 2085 et
1792 2063 1974 2097 expressam

1220 2114 1255 2136 30
1272 2104 1311 2136 dc
1331 2104 1428 2137 verbo
1450 2105 1488 2137 ad
1512 2105 1645 2138 verbum
1665 2106 1704 2139 de
1721 2105 1847 2139 indulto
1864 2106 1977 2140 huius-

1222 2157 1308 2191 modi
1329 2159 1539 2193 mentionem.

1266 2214 1378 2246 Datum
1404 2213 1523 2247 Romae
1558 2215 1643 2259 apud
1669 2214 1822 2248 Sanctum
1835 2215 1977 2255 Petrum,

1223 2270 1282 2303 sub
1316 2270 1437 2302 annulo
1471 2269 1640 2303 piscatoris
1653 2295 1660 2309 ,
1704 2268 1756 2302 die
1795 2279 1828 2301 111
1872 2267 1978 2301 martii

1224 2334 1338 2364 nanx,
1357 2323 1562 2367 pontificatus
1582 2322 1683 2356 nostri
1704 2332 1788 2355 anno
1808 2330 1838 2355 v.

1285 2381 1337 2411 Dat
1354 2381 1400 2411 die
1416 2382 1433 2411 3
1450 2381 1547 2411 martii
1565 2381 1653 2418 1570,
1671 2380 1777 2420 pontis.
1794 2389 1872 2410 anno
1889 2388 1916 2409 v.
