2237 3100
54 305 106 332 Λιι.
123 304 152 332 c.
169 298 239 333 ¹360

93 817 159 839 Causa
177 817 238 838 huius

55 853 124 871 motus
135 850 221 877 proprii.

63 1455 232 1478 Confirmattoiu-

50 1487 179 1508 risdictionis
212 1491 233 1509 et

48 1518 174 1539 indultorum
187 1525 233 1540 cum

49 1549 149 1570 declarat.
164 1552 231 1577 quoad

48 1586 122 1602 causas
137 1582 233 1604 crimina-

47 1611 86 1633 les.

929 298 997 325 PIUS
1020 300 1051 324 IV
1074 298 1122 323 PP.

593 327 671 389 xlx}

252 443 451 487 Approbatio
471 447 501 476 et
525 443 701 476 declaratio
721 441 958 475 iurisdictionis
978 445 1007 474 et

296 497 498 531 indultomcm
523 497 795 540 archipresbyteri
830 499 859 528 et
890 495 1007 527 iudicis

297 561 469 584 causarum
489 551 716 583 canonicorum
733 554 761 583 et
774 549 909 592 capituli
926 549 1008 581 Bea-

299 609 349 638 tae
368 605 494 638 Mariae
516 605 653 638 Maioris
677 605 714 637 de
737 603 818 636 Urbe
838 603 865 635 1.

370 686 433 715 Pius
452 686 521 722 Papa
545 686 588 719 tv.
609 687 687 715 motu
703 679 898 721 propriosetc.

297 758 394 799 Cum,
422 758 505 791 sicut
534 758 738 801 accepimuS,
770 757 904 789 dilectus
921 755 1008 788 filius

252 818 362 845 noster
381 813 532 851 Carolus,
549 812 782 856 tituli‘gSanctae
807 810 956 843 Praxedis
973 810 1004 843 S.

254 867 290 899 R.
320 867 355 900 E.
389 867 555 911 presbiter
584 865 1008 907 cardinalis}Borrhonueus

254 926 477 965 nuncupatus,
508 921 658 953 basilicae
683 920 714 953 S.
742 920 856 953 Mariae
882 920 1008 953 Maioris

253 974 292 1008 de
312 975 397 1008 Urbe
413 975 670 1019 archipresbyter
686 979 715 1006 ct
731 973 836 1006 dilecti
854 974 911 1006 tilii
927 974 1008 1007 eius-

255 1028 327 1061 dem
345 1028 497 1061 basilicae
518 1027 675 1067 canonici,
694 1026 870 1070 capitulum
895 1040 932 1061 ac
951 1029 1005 1061 be-

254 1081 394 1114 neficiati
423 1087 453 1114 et
480 1081 589 1114 clerici
618 1085 648 1113 et
677 1080 822 1120 singulae
850 1092 1006 1125 personae

254 1135 460 1178 przeinsertos
470 1134 746 1177 motussproprios‚
761 1135 936 1179 omniaque
950 1137 1006 1170 ba-

253 1188 360 1221 silicae
385 1188 567 1221 huiusmodi
594 1187 769 1230 privilegia,
791 1199 849 1231 pro
875 1189 1005 1223 illorum

253 1242 455 1275 subsistentia
474 1241 621 1281 firmiori,
644 1242 744 1274 nostri
765 1247 795 1274 et
815 1242 905 1276 Sedis
921 1244 1006 1288 Apo-

252 1295 381 1328 stolicae
405 1294 584 1338 patrocinio
604 1300 633 1328 et
656 1295 834 1329 munimine
859 1297 1005 1330 roborari

253 1348 444 1381 desiderent.

294 1401 308 1444 ξ
328 1402 359 1435 1.
377 1402 451 1443 Nos,
474 1402 588 1436 Carolo
614 1403 1004 1450 cardinaliarchipresby-

249 1459 317 1488 tero
333 1460 363 1488 et
381 1456 532 1499 capitulo,
554 1457 730 1497 canonicis,
756 1458 955 1492 beneficiatis
975 1466 1005 1493 et
1025 1493 1027 1498 A

248 1508 374 1542 clericis
386 1514 416 1542 et
432 1510 578 1554 personis
589 1510 741 1544 basilicae
753 1511 946 1556 praedictae,
964 1513 1004 1546 ob
1025 1545 1026 1550 ,

249 1561 444 1606 singularem
462 1574 575 1597 eorum
588 1575 663 1607 erga
675 1575 734 1597 nos
745 1570 774 1597 et
791 1566 904 1599 Sedent
921 1567 1003 1610 Apo-

247 1616 393 1650 stolicam
411 1618 625 1660 devotionem,
645 1619 783 1662 benigne
803 1631 947 1653 annuere
966 1632 1003 1654 ac

247 1681 302 1704 eos
322 1671 470 1715 specialis
494 1673 614 1715 gratiae
639 1674 745 1707 favore
770 1675 923 1717 prosequi
948 1686 1001 1708 vo-

247 1723 366 1765 lentes,
380 1736 417 1759 ac
427 1736 539 1759 omnes
559 1732 587 1759 et
609 1727 751 1770 singulas
761 1739 874 1761 causas
895 1729 1001 1762 civiles

245 1784 276 1811 et
292 1779 509 1821 beneficiales,
531 1792 637 1814 meras
657 1787 687 1815 et
706 1782 830 1822 mixtas,
854 1783 1002 1817 ecclesia-

244 1833 339 1867 sticas
356 1844 412 1867 seu
441 1835 624 1879 spirituales
641 1843 669 1869 et
688 1837 850 1880 profanas,
874 1849 1000 1871 necnon

243 1886 338 1920 etiam
349 1887 535 1922 criminales
550 1889 643 1933 (citra
659 1896 767 1924 tamen
780 1902 916 1935 poenam
930 1903 1000 1925 san-

242 1941 350 1984 guinis
378 1948 408 1976 et
435 1943 580 1988 corporis
601 1944 812 1988 asslictivam),
832 1952 896 1979 tam
917 1947 1002 1980 inter

243 1997 416 2030 canonicos
428 2004 457 2030 et
479 1998 658 2042 capitulum
680 2010 715 2033 ac
736 2000 945 2034 beneficiatos
970 2006 1000 2034 et

243 2049 378 2083 clericos
408 2051 550 2095 aliasque
577 2053 757 2096 praedictae
791 2054 940 2088 basilicae
970 2061 997 2088 et

243 2102 321 2136 alias
336 2115 559 2148 quascumque
576 2117 742 2149 personas,
761 2107 997 2152 cuiuscumque

243 2161 354 2198 status,
371 2158 501 2201 gradus,
515 2159 677 2202 diguitatis
694 2165 721 2193 et
735 2161 997 2204 przeemincntiae

243 2209 423 2251 existentes,
446 2211 484 2244 de
505 2218 533 2244 et
554 2223 652 2256 super
677 2214 838 2255 censibus,
865 2217 996 2249 canoni-

241 2263 315 2305 bus,
337 2265 565 2309 pensionibus,
593 2267 858 2311 responsionibus
878 2275 908 2302 et
928 2271 997 2303 aliis

241 2318 503 2363 quibuscumque
532 2319 628 2353 rebus
652 2327 679 2354 et
706 2322 799 2355 bonis
819 2323 857 2355 ad
878 2324 994 2357 dictam

240 2371 407 2407 basilicam
429 2375 647 2418 spectantibus
659 2381 689 2408 et
703 2376 938 2419 pertinentilms
947 2379 994 2412 vel

242 2427 291 2461 ius
301 2433 356 2462 ant
371 2429 525 2462 interesse
546 2429 727 2473 praedictae
745 2430 893 2466 basilicae
917 2444 996 2477 quo-

241 2482 482 2528 modocumque
500 2489 530 2517 et
554 2485 835 2528 qualitercumque
861 2498 994 2521 concer-

241 2533 404 2578 nentibus,
415 2537 535 2571 directe
543 2539 590 2571 vel
601 2538 767 2580 indirecte,
785 2551 882 2583 quam
899 2542 994 2575 etiam

242 2587 325 2623 inter
343 2590 498 2634 ipsosmet
519 2593 693 2626 canonicos
713 2599 744 2626 et
768 2594 992 2637 beneficiatos,

280 2662 290 2689 1
309 2663 362 2690 Has
376 2663 574 2693 iurisdictiones
591 2665 652 2693 vide
668 2669 731 2693 tom.
750 2673 794 2699 vi,
815 2667 840 2694 in
860 2668 992 2695 constitu-

243 2707 314 2735 tione
329 2716 397 2736 xxiv
410 2709 483 2738 Pauli
500 2710 545 2744 ΠΙ,
563 2712 639 2744 Cum,
656 2713 734 2744 sieut,
746 2719 804 2747 pag.
822 2712 884 2740 266.

1716 287 1756 322 67

1049 352 1196 392 clericos,
1215 350 1420 396 cappellanos
1433 354 1461 384 et
1474 350 1667 384 sacristanos
1681 356 1709 384 et
1725 352 1802 384 alias

1049 407 1193 441 eiusdem
1203 406 1354 440 basilicae
1366 417 1519 451 personas
1529 411 1556 439 et
1580 406 1658 440 alios
1674 407 1802 450 praedi-

1050 467 1129 502 ctos,
1149 466 1179 495 et
1198 461 1276 495 alias
1295 471 1517 505 quascumque
1534 471 1699 505 personas,
1718 462 1801 501 loca,

1050 515 1185 559 collegia
1204 521 1234 549 et
1248 515 1470 549 universitates
1489 527 1525 548 ac
1541 515 1801 555 communitates,

1050 582 1147 614 super
1158 571 1417 615 quibuscumque
1432 570 1524 604 bonis
1540 576 1567 603 et
1590 571 1803 614 pecuniarum

1050 625 1184 657 summis
1194 625 1355 669 rebusque
1364 625 1446 665 aliis,
1457 636 1665 669 quocumque
1674 625 1804 658 nomine

1049 678 1246 722 nuncupatis
1267 685 1297 712 et
1313 679 1620 723 quomodocumque
1636 678 1804 722 qualifica-

1050 732 1101 771 tis‚
1115 732 1153 764 ad
1166 732 1267 765 dictos
1278 733 1464 773 canonicos,
1476 732 1686 766 beneficiatos
1697 739 1726 766 et
1739 736 1805 768 cle-

1050 787 1133 819 ricos
1165 798 1201 820 ac
1236 789 1411 831 quemlibet
1429 800 1542 822 eorum
1562 790 1805 833 quomodolibet

1049 841 1267 884 spectantibus
1282 843 1312 875 in
1326 854 1443 883 neuere
1453 844 1501 876 vel
1513 843 1545 876 in
1563 844 1681 888 specie,
1696 856 1805 878 coram

1049 894 1311 938 quibuscumque
1333 896 1496 930 Romanae
1514 897 1629 931 Curiae
1659 910 1714 931 seu
1737 899 1806 932 aliis

1050 947 1215 990 quibusvis
1249 950 1409 983 iudicibus
1430 956 1459 983 et
1492 952 1750 985 locatenentibus
1777 959 1807 986 et

1050 1002 1250 1036 auditoribus
1274 1008 1301 1035 et
1322 1003 1353 1036 S.
1375 1003 1411 1035 R.
1432 1004 1466 1036 E.
1493 1005 1710 1039 cardinalibus
1730 1017 1808 1049 quo-

1050 1056 1225 1090 modolibet
1243 1063 1271 1090 et
1292 1057 1324 1089 in
1340 1068 1547 1102 quacumque
1564 1059 1715 1092 instantia
1730 1072 1807 1104 pen-

1049 1109 1210 1151 dentibus,
1222 1111 1253 1143 in
1263 1115 1345 1143 statu
1354 1117 1383 1144 et
1392 1111 1539 1145 terminis
1548 1112 1579 1144 in
1590 1113 1707 1156 quibus
1717 1124 1807 1157 repe—

1027 1171 1029 1182 *
1049 1162 1188 1203 riuutm‘,
1209 1164 1249 1196 ab
1270 1164 1390 1197 eisdem
1412 1164 1573 1198 iudicibus
1593 1171 1622 1198 et
1644 1177 1680 1199 ex
1696 1172 1806 1200 tenore

1048 1216 1279 1259 praesentium,
1298 1218 1488 1251 auctoritate
1506 1219 1694 1262 apostolica,
1717 1227 1806 1254 motu

1048 1269 1144 1302 simili
1171 1276 1199 1303 et
1220 1281 1257 1303 ex
1278 1277 1365 1304 certa
1391 1271 1524 1304 scientia
1544 1278 1666 1313 nostra,
1684 1274 1722 1306 ad
1748 1285 1807 1308 nos

1048 1323 1251 1366 advocantes,
1274 1325 1493 1369 praeinsertos
1517 1333 1623 1360 motus
1643 1328 1804 1372 proprios,

1048 1378 1222 1422 omniaque
1240 1378 1301 1411 alia
1322 1384 1352 1412 et
1371 1378 1496 1421 singula
1512 1380 1689 1424 privilegia,
1708 1382 1806 1415 facul-

1047 1435 1144 1471 tates,
1167 1432 1404 1476 exemptiones,
1427 1433 1607 1475 libertates,
1630 1446 1804 1479 praeroga-

1047 1485 1124 1518 tivas
1136 1492 1190 1519 aut
1208 1486 1217 1513 1
1242 1487 1398 1527 dationes,
1422 1486 1672 1529 iurisdictiones,
1691 1495 1804 1523 aucto-

1047 1539 1155 1573 ritates
1172 1540 1354 1583 praedictae
1379 1541 1549 1582 basilicae,
1570 1553 1697 1576 necnon
1719 1542 1803 1576 eius-

1047 1592 1118 1625 dem
1137 1593 1288 1627 basilicae
1311 1595 1440 1638 stylum,
1462 1605 1580 1635 mores,
1600 1597 1804 1629 consuetudi-

1046 1656 1119 1687 nes,
1149 1652 1281 1686 statuta,
1314 1648 1438 1681 indulta
1471 1654 1500 1682 et
1530 1650 1647 1692 gratias
1676 1650 1802 1694 aliaque

1046 1701 1206 1743 praefatae
1243 1703 1398 1735 eeclesiae
1426 1714 1461 1736 ac
1501 1703 1614 1737 Carolo
1646 1705 1802 1738 cardinali

1045 1755 1326 1800 archipresbytero
1336 1767 1463 1790 necnon
1481 1758 1623 1801 capitulo
1632 1763 1659 1791 et
1670 1759 1801 1792 canoni-

1045 1808 1101 1850 cis,
1113 1809 1314 1843 beneficiatis
1325 1816 1356 1843 et
1372 1812 1497 1844 clericis
1508 1812 1691 1855 praedictis,
1704 1814 1799 1846 etiam

1044 1873 1142 1907 super
1172 1864 1344 1897 collatione
1369 1876 1654 1909 quorumcumque
1675 1867 1798 1900 benefi-

1043 1916 1169 1949 ciorum
1186 1918 1490 1959 ecclesiasticorum,
1502 1930 1561 1963 per
1573 1920 1754 1963 praedictos
1770 1927 1799 1953 et

1042 1972 1799 2017 quoscumquealiosRomanosPontificesprae-

1041 2024 1227 2058 decessores
1243 2027 1555 2069 nostros,inge1ierc
1574 2028 1619 2059 vel
1639 2027 1671 2059 in
1692 2027 1798 2071 ¹<pecie

1042 2084 1069 2110 et
1080 2079 1157 2112 alias
1169 2080 1411 2122 quomodolibet
1425 2091 1588 2121 concessa,
1598 2082 1690 2121 sacta,
1703 2082 1796 2121 edita,

1041 2132 1206 2167 observata
1223 2139 1251 2167 et
1272 2146 1333 2167 usn
1353 2134 1577 2174 existentia,ac
1595 2135 1735 2179 desuper
1755 2136 1797 2168 si-

1039 2193 1150 2229 gnatas
1175 2200 1211 2221 ac
1241 2190 1402 2221 confectas
1426 2189 1552 2226 literas,
1589 2195 1696 2222 motus
1721 2201 1796 2233 pro-

1040 2241 1138 2284 prios,
1159 2242 1424 2286 supplnTationes,
1448 2243 1660 2275 instrumenta
1681 2244 1798 2276 etalias

1039 2295 1214 2338 scripturas
1237 2302 1267 2328 ct
1290 2297 1321 2328 in
1344 2297 1388 2329 eis
1409 2302 1575 2334 contenta,
1607 2308 1642 2329 ac
1666 2298 1796 2331 illorum

1039 2349 1145 2391 vigore
1170 2349 1353 2390 subsecuta,
1376 2356 1463 2393 gesta
1479 2356 1508 2383 et
1529 2356 1675 2384 emanata
1696 2363 1795 2395 quae-

1039 2414 1190 2447 cumque,
1205 2405 1407 2445 auctoritate,
1422 2410 1510 2438 motu
1524 2410 1551 2437 et
1566 2405 1697 2438 sitientia
1710 2406 1795 2439 simi-

1038 2456 1131 2497 libus,
1156 2464 1268 2492 tenore
1288 2459 1517 2502 praesentiunt,
1544 2460 1791 2500 confirmamus,

1037 2507 1256 2550 approbamus
1276 2513 1304 2539 et
1318 2507 1519 2549 innovamus,
1539 2520 1575 2541 ac
1596 2509 1658 2541 illis
1678 2520 1792 2553 perpe-

1038 2561 1110 2589 tuae
1136 2562 1163 2589 et
1190 2557 1380 2590 inviolabilis
1406 2558 1565 2591 firmitatis
1592 2559 1693 2591 robur
1712 2559 1791 2591 adii-

1038 2604 1154 2646 eimus,
1176 2617 1354 2650 omnesque
1375 2612 1405 2640 et
1430 2608 1594 2651 singulos,
1626 2613 1690 2641 tam
1711 2608 1790 2641 iuris

1037 2664 1134 2697 quam
1160 2655 1234 2688 facti
1259 2662 1289 2688 et
1315 2656 1553 2689 solemnitatum
1579 2657 1742 2698 defectus,
1766 2657 1791 2689 si

1074 2715 1084 2740 t
1104 2714 1305 2748 Anemurium,
1322 2715 1437 2743 Cherub.
1459 2715 1497 2750 (n.
1514 2716 1563 2752 τ.).

1817 296 1867 324 An.
1886 295 1914 324 C.
1933 296 2000 325 ¹560
