2237 3100
204 250 254 277 An.
272 247 302 276 C.
322 246 389 276 1560

231 1269 301 1290 [utrm
313 1274 389 1289 con->e-

204 1302 254 1321 dau·
277 1304 322 1320 tan
349 1302 388 1319 im-

205 1334 303 1357 )O'wnff8
332 1332 388 1351 bait-

205 1366 262 1381 ςυ-ιι-
299 1363 387 1388 :diuque

203 1393 374 1421 exequutoiibus.

248 2282 392 2310 Exequutores

208 2315 325 2334 huiusmodi
342 2313 393 2333 lite-

208 2350 277 2365 rurum
290 2345 392 2371 deputati.

446 237 489 273 30

1001 248 1178 273 arrianum
1204 245 1354 271 Romarm

402 303 605 347 Apostolicae
627 307 682 336 aut
702 302 902 337 thesaurario
923 304 969 336 vel
988 304 1155 337 thesaura·
1197 298 1482 343 gubernatoribus,
1515 297 1737 343 potestatibus,
1773 298 1949 342 iudicibus,

403 356 458 388 riis
478 367 533 389 seu
554 356 624 389 aliis
649 356 803 389 ministris
824 361 852 390 et
880 356 1072 390 officialibus
1096 368 1155 390 no—

403 409 475 442 stris
488 415 543 442 aut,
558 410 659 453 ipsius
679 410 830 444 Gamerae
853 411 1028 454 applicatas
1048 417 1078 443 et
1098 422 1155 453 ap-

403 462 578 505 plicandas,
600 463 703 496 eidem
724 463 1087 503 archicontraternitati,
1114 464 1156 495 ita

403 522 438 548 ut
463 516 524 560 ipsi
551 516 728 549 confratres
757 517 803 549 vel
838 517 1014 549 modernus
1042 522 1068 549 et
1098 527 1155 560 pro

405 576 548 613 tempore
569 570 671 603 dictae
697 569 966 603 confraternitatis
992 575 1157 613 protector

403 629 431 655 1-1
453 623 596 667 deputati
629 628 684 656 aut
711 634 824 656 eorum
850 628 1079 668 procuratores
1099 635 1154 656 seu

405 683 597 720 procurator
621 677 705 721 ipsas
730 688 850 721 poenas
875 688 891 710 a
913 677 1105 722 supradictis
1127 683 1152 711 et

403 730 568 773 quibusvis
584 730 654 762 aliis
674 730 820 773 personis
842 730 912 763 illas
933 741 1019 763 nune
1041 737 1067 764 et
1098 742 1155 775 pro

405 790 547 826 tempore
576 782 780 824 habentibus,
799 789 828 816 et
845 788 879 816 ut
900 795 967 816 rem
990 784 1154 828 propriam

404 836 540 878 exigere,
563 842 593 869 et
613 837 651 869 dc
669 837 786 870 exactis
806 837 968 881 quietare,
997 850 1033 871 ac
1055 839 1086 871 in
1108 839 1155 872 di-

403 895 453 921 cta
473 895 503 922 et
522 889 584 922 alia
604 889 649 923 eis
674 889 738 922 visa
766 891 931 924 eharitatis
954 902 1052 935 opera
1078 903 1156 925 con-

401 948 523 976 vertere
552 943 653 976 libere
678 949 707 976 et
736 944 821 977 licite
848 946 990 982 valeant.
1018 946 1157 987 gratiose

403 996 613 1030 concedimus
632 1002 663 1030 et
687 997 879 1040 elargimur,
910 998 1058 1042 ipsasque
1081 1010 1156 1042 poe.-

402 1060 459 1083 nas
482 1061 518 1083 ex
543 1061 629 1083 nune
648 1051 707 1094 ipsi
724 1051 1069 1084 2ireliiconl'raternitati
1087 1063 1157 1096 per-

404 1111 501 1147 petuo
526 1105 728 1148 applicamus
748 1110 776 1138 et
809 1105 986 1148 applicatas
1015 1117 1082 1140 esse
1103 1117 1156 1139 vo-

403 1156 524 1197 lumus,
551 1157 757 1190 decernimus
777 1164 804 1191 et
822 1159 1035 1192 declaramus.

447 1211 461 1253 g
481 1210 513 1243 3.
536 1211 571 1243 Et
593 1217 624 1243 111
649 1212 803 1244 maiorem
826 1213 921 1245 etiam
940 1213 1110 1247 utilitatem
1129 1220 1159 1247 et

402 1263 545 1296 fructum
575 1264 658 1297 (licta
681 1266 1019 1299 archiconsraternitas
1044 1279 1157 1301 conse-

403 1324 537 1360 quatur,
575 1318 677 1351 eidem
712 1320 967 1354 ‹·onsi·ateriiitati
1001 1332 1038 1354 ae
1073 1321 1158 1355 illius

403 1373 578 1415 protectori
600 1379 628 1406 et
648 1373 819 1417 deputatis,
840 1386 926 1408 nunc
948 1381 975 1408 et
997 1387 1056 1419 pro
1078 1382 1157 1409 tem-

403 1436 482 1469 pore
503 1425 723 1467 existentibus,
742 1433 844 1460 laxam
859 1440 917 1472 per
934 1440 988 1462 eos
1008 1429 1159 1462 omnibus

404 1485 429 1510 et
458 1479 592 1523 singulis
621 1481 764 1513 eiusdem
785 1482 889 1514 almae
914 1482 1008 1515 Urbis
1029 1494 1064 1515 ac
1087 1483 1159 1516 civi-

405 1537 518 1570 tatum,
555 1539 713 1567 terrarum
742 1540 770 1567 et
797 1536 944 1568 locorum
980 1536 1159 1580 praedicto-

405 1596 477 1618 rum
499 1585 657 1620 barisellis
675 1593 704 1620 et
724 1588 793 1620 aliis
813 1589 1042 1623 executoribus
1058 1589 1159 1633 impo-

406 1639 558 1679 nendam,
580 1651 677 1684 quam
699 1641 738 1673 ab
760 1641 805 1674 eis
830 1643 955 1686 exigere
981 1648 1011 1676 et
1030 1643 1069 1675 de
1090 1654 1161 1676 exa-

404 1692 462 1724 ctis
487 1692 648 1735 quietare,
679 1704 716 1725 ac
751 1699 783 1726 ut
812 1697 994 1738 praet'ertur
1024 1707 1159 1729 conver-

405 1752 470 1778 tere
492 1746 591 1779 libere
612 1746 751 1790 possint,
779 1749 875 1781 etiam
896 1749 1033 1792 gratiose
1059 1749 1159 1783 dona-

404 1811 486 1840 mus,
513 1801 722 1834 concedimus
743 1807 773 1834 et
793 1802 981 1846 elargimur,
1001 1814 1036 1836 ac
1057 1804 1160 1836 dietae

405 1854 659 1886 confraternitati
694 1854 789 1887 etiam
825 1860 982 1900 perpetuo
1018 1856 1160 1900 applica-

406 1919 495 1948 mns;
519 1920 555 1941 ac
580 1909 666 1952 quod
690 1910 799 1941 nullus
820 1920 855 1942 ex
877 1910 968 1942 dictis
1002 1910 1161 1943 barisellis

405 1968 433 1994 et
461 1963 707 1998 executoribus,
739 1975 771 1995 se
797 1964 835 1996 de
857 1969 963 1996 cetero
993 1963 1024 1997 in
1046 1975 1159 1998 eorum

406 2016 511 2049 otlicio
532 2022 559 2049 et
583 2017 733 2049 exercitio
761 2017 791 2049 111
812 2017 921 2061 aliquo
948 2017 1161 2052 intromittere

407 2070 516 2112 possit,
540 2070 600 2102 nisi
623 2070 712 2114 prius
737 2071 776 2103 ab
794 2072 913 2105 eisdem
934 2077 1114 2115 protectore
1132 2079 1158 2105 et

406 2123 566 2166 deputatis
587 2124 695 2156 literas
716 2130 860 2167 patentes
890 2125 1057 2163 babuerit,
1090 2137 1160 2169 per-

405 2183 504 2218 petuo
525 2177 696 2210 statuimus
717 2184 745 2210 et
772 2179 970 2212 ordinamus.

450 2232 465 2271 ,ξ
484 2230 515 2262 4.
540 2231 734 2271 Mandantes,
757 2232 788 2264 in
810 2232 1062 2266 virtutesanctae
1083 2233 1159 2266 obe-

406 2283 554 2323 dientiae,
579 2284 784 2317 ‹lilectisllliis
805 2285 923 2318 nostris
943 2285 1081 2318 Guidoni
1103 2288 1159 2319 As—

407 2336 512 2375 canio,
535 2338 668 2370 Sanctae
687 2338 802 2371 Mariae
815 2339 847 2371 in
859 2339 1009 2372 lia—Lata
1025 2339 1160 2372 diacono

407 2390 573 2429 cardinali,
601 2397 729 2424 sanetae
750 2389 913 2424 Romanae
931 2392 1093 2425 Ecclesiae
1110 2404 1161 2426 ea-

406 2439 546 2471 merario
567 2445 593 2472 et
616 2441 719 2472 almae
739 2440 830 2472 t'rbis¹
840 2440 972 2481 vicario,
998 2442 1160 2484 guberna-

408 2486 468 2519 tori
489 2494 517 2520 et
537 2489 674 2521 senatori
701 2500 737 2521 ac
758 2489 827 2521 aliis
858 2489 1024 2533 quibusvis
1049 2490 1160 2523 iudici-

405 2535 467 2569 bus
488 2542 517 2569 et
544 2538 690 2581 personis
716 2539 748 2571 111
769 2539 837 2582 ipsa
858 2539 941 2571 Urbe
967 2539 1158 2579 constitutis,

407 2595 493 2618 nunc
521 2592 548 2619 et
570 2597 628 2630 pro
646 2592 792 2630 tempore
809 2587 1032 2627 existentibus,
1053 2598 1089 2620 ae
1111 2598 1161 2620 ex-

408 2638 458 2666 tra
491 2634 592 2678 ipsam
626 2635 762 2676 Urbem,
789 2636 916 2679 legatis,
953 2637 1158 2680 vice-legatis,

1199 353 1407 387 thesaurariis
1440 358 1471 386 et
1501 353 1572 385 aliis
1601 352 1766 396 personis,
1801 354 1840 386 ad
1870 365 1952 398 quos

1199 413 1320 451 spectat
1344 413 1375 441 et
1399 407 1555 451 spectabit.
1585 407 1827 450 quomodolibet
1852 408 1884 441 in
1906 409 1953 442 su-

1199 466 1320 502 turum,
1338 466 1509 504 quatenus,
1526 460 1598 493 visis
1615 462 1849 504 praesentibus,
1864 462 1953 495 omni

1199 525 1289 548 mora
1319 520 1348 547 et
1377 514 1529 546 dilatione
1559 525 1596 546 ac
1625 514 1831 547 excusatione
1866 521 1953 558 post-

1200 567 1319 611 positis,
1338 567 1557 607 donationem,
1582 567 1824 601 concessionem
1846 573 1876 601 et
1892 567 1954 602 alia

1199 622 1373 665 praemissa
1402 622 1512 655 onmia
1538 627 1568 655 et
1592 622 1718 665 singula
1742 622 1781 655 ab
1802 622 1954 656 omnibus

1198 682 1227 708 et
1253 675 1385 719 singulis
1410 674 1591 715 observari,
1622 686 1659 708 ae
1690 686 1765 709 suos
1791 676 1954 720 plenarios

1198 729 1334 762 effectus
1364 729 1473 761 sortiri
1503 729 1620 762 saciant
1652 730 1781 762 realiter
1820 735 1850 762 et
1877 741 1953 763 cum

1198 782 1328 824 effeetu3
1351 781 1605 815 contradictores
1621 786 1678 821 etc.
1702 783 1951 825 compescendo.

1242 837 1256 879 ξ
1276 836 1307 870 5.
1330 836 1400 869 Non
1421 836 1621 869 obstantibus
1641 835 1806 879 quibusvis
1835 836 1954 869 consti-

1200 890 1378 923 tutionibus
1408 894 1437 922 et
1467 889 1725 922 ordinationiluls
1754 889 1952 933 apostolicis,

1199 955 1235 976 ac.
1256 942 1349 976 Urbis
1366 947 1397 976 et.
1421 942 1597 983 civitatum,
1628 948 1789 975 terrarum
1815 949 1845 977 et
1866 945 1954 977 loco-

1200 1008 1271 1030 rum
1306 996 1548 1041 pracdi‹,·torum
1575 996 1699 1029 statutis
1732 1003 1763 1030 et
1796 997 1954 1031 reforma-

1200 1050 1341 1083 tionibus
1353 1056 1379 1083 et
1406 1050 1555 1087 decretis,
1576 1050 1670 1083 etiam
1694 1050 1876 1084 iuramento
1894 1056 1952 1084 etc.

1200 1103 1370 1144 roboratis,
1390 1104 1642 1148 privilegiisque,
1662 1104 1794 1137 indultis
1810 1110 1840 1137 et
1855 1104 1956 1138 literis

1199 1157 1400 1201 apostolicis,
1431 1157 1624 1201 supradietis
1645 1165 1675 1190 et
1696 1157 1861 1201 quibusvis
1886 1157 1957 1191 aliis

1201 1210 1299 1244 curiis
1315 1217 1343 1243 et
1361 1211 1577 1244 tribunaliluis
1602 1222 1729 1244 necnon
1748 1211 1958 1244 thesaurariis

1200 1269 1228 1296 et
1246 1264 1316 1297 aliis
1334 1264 1493 1308 personis,
1513 1265 1543 1297 111
1555 1264 1792 1308 praeiudicium
1810 1276 1866 1298 seu
1883 1275 1959 1299 con-

1202 1318 1334 1350 trarium
1360 1318 1626 1362 liu·a‹.uiiissoi·uin,
1655 1330 1713 1363 per
1732 1330 1958 1363 quoscumque

1212 1371 1362 1404 lomanos
1396 1371 1568 1404 Pontifices
1602 1372 1866 1415 praedecessores
1898 1384 1958 1406 no-

1201 1431 1283 1458 stros
1299 1437 1335 1458 at·
1353 1436 1411 1458 nos
1429 1430 1459 1458 et
1478 1425 1593 1459 Sedem
1611 1426 1839 1469 Apostolieam,
1861 1426 1958 1459 etiam

1202 1484 1290 1511 motu
1313 1479 1446 1523 proprio
1463 1484 1536 1519 etta,
1556 1479 1719 1512 concessis
1734 1485 1761 1512 et
1784 1480 1959 1513 confirma-

1202 1532 1256 1571 tis,
1285 1543 1410 1565 necnon
1438 1533 1604 1575 quibusvis
1639 1533 1905 1566 concessionibus
1929 1538 1960 1566 et

1201 1586 1463 1629 ‹telina-itionibus
1501 1586 1594 1619 dictis
1632 1586 1789 1620 barisellis
1822 1593 1851 1620 et
1889 1598 1960 1621 exe-

1201 1640 1395 1683 quutoribns
1434 1652 1470 1673 ae
1511 1641 1583 1673 aliis
1613 1641 1758 1684 personis
1787 1645 1844 1674 etc.
1877 1652 1959 1685 quo-

1203 1693 1389 1733 modolibet,
1415 1694 1510 1726 etiam
1537 1704 1595 1736 per
1614 1694 1717 1727 dictos
1736 1695 1908 1728 Pontifices
1929 1701 1961 1728 et,

1204 1757 1261 1779 nos
1280 1747 1448 1790 dictaeque
1470 1747 1560 1780 Sedis
1577 1748 1710 1790 legatos,
1738 1748 1958 1793 viee-legatos,

1202 1800 1436 1842 gubernatores
1469 1811 1505 1833 ac
1537 1801 1788 1835 communitates
1821 1808 1850 1836 et
1881 1803 1959 1836 alias

1204 1865 1358 1897 personas
1377 1859 1435 1887 etc.
1459 1855 1704 1897 quomodolibet
1721 1855 1812 1890 sactis
1833 1862 1863 1890 et
1880 1867 1959 1890 con-

1203 1908 1312 1948 cessis,
1334 1908 1453 1952 quibus
1482 1909 1635 1942 onmibus
1656 1915 1683 1942 et
1708 1909 1842 1953 singulis
1862 1911 1894 1944 in
1920 1911 1958 1944 li-

1204 1962 1279 1995 teris
1294 1962 1446 1995 latissime
1468 1963 1687 2003 extendendis,
1711 1963 1806 1997 etiam
1823 1964 1848 1997 si
1865 1965 1902 1998 de
1922 1965 1959 1998 il-

1204 2014 1240 2046 lis
1256 2019 1329 2054 eta,
1347 2020 1476 2048 tenores
1489 2020 1562 2055 ele„
1586 2017 1645 2050 hae
1662 2017 1728 2049 rice
1749 2017 1956 2060 derogamus,

1203 2068 1383 2111 ceterisque
1402 2070 1573 2103 contrariis
1584 2070 1860 2115 quibuscumque,
1882 2082 1957 2105 cum

1203 2122 1356 2154 clausulis
1377 2123 1581 2167 opportunis.

1415 2177 1482 2210 Fiat
1509 2183 1542 2210 111,
1563 2178 1694 2221 petitur.
1717 2179 1741 2212 l.

1247 2230 1261 2271 ξ
1287 2230 1317 2262 G.
1342 2231 1375 2262 1⁴31
1398 2231 1435 2263 110
1452 2231 1637 2271 donatione,
1662 2232 1883 2274 concessione,
1902 2244 1957 2278 ap-

1203 2285 1386 2327 plicatione,
1417 2292 1545 2327 statuto,
1574 2286 1789 2327 ordinatione,
1812 2287 1953 2329 decreto,

1204 2338 1353 2371 mandato
1375 2344 1402 2371 et
1425 2339 1631 2382 derogatione
1653 2351 1688 2372 ae
1712 2339 1862 2374 omnibus
1887 2342 1957 2375 aliis

1203 2396 1229 2423 et
1250 2391 1383 2433 singulis
1401 2393 1594 2435 praemissis,
1615 2404 1697 2437 quae
1719 2393 1769 2427 liic
1785 2406 1844 2438 pro
1865 2406 1958 2440 repc-

1204 2439 1265 2472 titis
1290 2446 1316 2473 et
1341 2442 1498 2484 expressis
1519 2442 1699 2475 habeantur
1721 2449 1891 2486 perpetuo,
1923 2445 1956 2478 in

1202 2489 1305 2521 forma
1332 2490 1471 2532 gratiosa
1503 2491 1655 2523 latissime
1684 2492 1904 2534 extendendis,
1927 2498 1955 2526 et

1203 2547 1277 2569 cum
1298 2538 1507 2581 deputatione
1542 2538 1686 2572 iudicum
1721 2546 1954 2584 exequutoruiti

1202 2592 1230 2618 et
1253 2587 1458 2621 defensorum
1483 2589 1536 2633 qui
1558 2589 1702 2622 assistant
1724 2594 1781 2622 etc.
1806 2590 1956 2623 latissimi»,

1204 2638 1421 2680 extendenda,
1444 2638 1696 2673 contradis-tores
1713 2643 1768 2672 etc.
1788 2650 1845 2683 per
1859 2651 1955 2683 qua>-

1968 245 2018 274 An.
2035 246 2065 274 C.
2081 245 2152 274 ¹560

1977 838 2108 860 obstantium
2117 839 2151 860 de-

1969 875 2058 896 rogatio.

2011 2244 2156 2268 Prusenuum

1970 2276 2016 2297 sola
2049 2278 2157 2302 signatur·

1970 2306 2054 2329 sufficit.
