2237 3100
479 237 542 272 738

435 299 673 333 constitutionis
693 304 818 332 creatus
843 298 892 337 sit,
915 301 1071 340 perpetuo
1093 301 1123 329 et
1148 296 1179 328 in

434 354 585 386 omnibus
605 352 721 385 servari
740 352 898 384 volumus.

477 407 491 450 ἓ
511 407 564 439 lsi.
582 404 935 448 Declarantespretium
950 403 1048 437 semel
1069 403 1178 435 censui

263 471 353 491 menum
369 476 418 491 enn—
433 460 654 500 constitutum,
680 468 847 501 nunquam
876 468 979 501 posse,
995 457 1036 490 ob
1055 461 1180 500 tempo-

234 504 416 554 ffissssssss'ssdfflssm'
433 524 504 546 rum
533 518 589 546 aut
621 511 880 545 contrahentium
908 511 1093 555 qualitatem
1124 521 1179 543 seu

431 567 519 600 alind
539 566 698 606 accidens,
720 576 780 598 nec
800 565 905 608 quoad
922 565 1035 598 ultimo
1056 570 1181 598 contra-

432 620 555 659 tientes,
577 618 679 652 minui
699 619 747 651 vel
767 619 890 661 augeri.

475 674 489 716 ἓ
510 672 562 706 16.
587 673 623 705 Et
643 673 718 705 licet
738 673 841 715 legem
868 673 968 716 ipsam
993 672 1032 705 ad
1056 676 1180 704 contra-

288 736 384 771 noriamp
396 738 416 755 ui
432 732 501 760 ctus
520 726 582 759 iam
604 727 781 759 celebratos
799 737 863 759 non
875 726 1095 766 extendamus,
1109 725 1180 758 illos

233 768 417 820 ffiffujssuffiff⁴0¹fl¹ssflf
430 785 537 813 tamen
551 780 713 819 omnes,in
734 790 816 823 quos
831 779 890 812 snb
906 779 967 812 alia
988 779 1090 812 forma
1106 790 1179 822 per-

234 833 416 886 2-31‘1g10{3‡¹551¹1‘.“⁰
431 839 587 867 venerunt
606 844 733 873 census,
755 834 924 867 hortamur
943 833 976 865 in
991 832 1125 865 Domino
1146 837 1180 865 ut

430 888 574 931 singulos
594 892 779 921 contractus
790 897 944 920 censurae
955 886 1114 919 bonorum
1132 896 1179 918 re-

430 941 618 984 ligiosorum
635 941 819 981 subiiciant,
837 946 867 974 et
887 941 1068 974 animarum
1085 939 1177 972 saluti

430 995 611 1029 consulant.

473 1049 560 1093 §w
587 1048 656 1081 Non
682 1048 882 1082 obstantibus
908 1047 1074 1092 quibusvis
1101 1058 1178 1080 con—

304 1101 414 1145 Dprogniio
430 1102 651 1136 stitutionibus
668 1107 698 1135 et
713 1101 970 1135 ordinationibus
980 1102 1176 1145 apostolicis,

233 1145 394 1162 ⁰⁰¹¹¹¹⁸r¹⁰f⁰¹w
429 1156 555 1189 statutis
574 1161 604 1189 et
624 1155 924 1195 consuetudinibus,
947 1166 1006 1188 nec
1026 1166 1091 1188 non
1112 1155 1178 1198 pri-

428 1208 549 1252 vilegiis
569 1214 599 1243 et
614 1209 740 1249 litteris,
763 1209 858 1242 etiam
877 1219 935 1252 per
954 1220 1179 1253 quoscumque

427 1263 589 1296 Romanos
619 1262 790 1296 Pontifices
823 1262 1087 1307 praedecessores
1120 1273 1178 1295 110-

429 1323 511 1350 stros
541 1327 577 1349 ac
602 1317 696 1349 etiam
722 1327 795 1357 nos,
828 1316 887 1349 sub
918 1316 1178 1360 quilniscumqne

429 1371 596 1404 tenoribus
605 1376 635 1403 et
646 1370 768 1411 formis,
783 1382 819 1403 ac
830 1381 903 1403 cum
914 1370 1081 1413 quibusvis
1090 1370 1178 1402 clau-

428 1424 520 1465 sulis,
542 1425 638 1457 etiam
659 1425 938 1467 derogatoriarum
954 1424 1177 1466 dcrogatoriis,

428 1489 554 1513 necnon
580 1478 780 1511 irritantibus
810 1477 964 1517 decretis,
1002 1487 1039 1509 ex
1071 1477 1180 1520 quavis

429 1542 537 1573 causa,
561 1531 655 1565 etiam
672 1542 730 1576 per
752 1531 883 1564 modum
900 1531 978 1574 legis
993 1531 1181 1564 universalis

430 1591 482 1619 aut
504 1586 581 1619 alias
601 1585 858 1630 quomodolibet,
873 1585 976 1625 editis,
1000 1585 1062 1618 sive
1084 1586 1115 1617 in
1134 1586 1180 1618 sa-

429 1650 537 1673 vorem
553 1639 808 1680 universitatum,
826 1638 1105 1680 communitatum,
1118 1640 1181 1672 col-

430 1693 602 1736 legiorum,
613 1693 910 1737 congregationum,
921 1692 1081 1726 civitatum
1092 1698 1122 1726 ct
1138 1693 1182 1726 lo-

432 1757 544 1780 corum
566 1747 738 1787 concessis,
761 1746 947 1790 approbatis
961 1752 991 1779 et
1006 1746 1179 1786 innovatis;

432 1800 550 1844 quibus
570 1800 720 1833 omnibus
741 1806 769 1833 et
788 1800 930 1842 singulis,
947 1800 1077 1833 illorum
1094 1806 1183 1834 teno-

432 1865 484 1887 res
507 1854 729 1898 praesentibus
754 1864 811 1897 pro
837 1854 993 1896 expressis
1018 1854 1181 1893 habentes,

433 1914 591 1951 quatenus
601 1908 721 1941 directe
730 1908 777 1940 vel
788 1907 941 1940 indirecte
954 1907 1112 1951 praesenti
1123 1918 1181 1940 no-

433 1967 516 1995 strae
528 1960 758 2001 constitutioni,
769 1961 800 1993 in
814 1965 881 1994 toto
892 1962 939 1993 vel
953 1961 984 1993 in
997 1968 1097 2005 parte,
1108 1972 1184 1994 eon-

433 2015 620 2056 trarientur,
642 2015 824 2060 specialiter
840 2020 869 2048 et
885 2026 1031 2058 expresse
1048 2016 1182 2060 deroga-

434 2080 518 2109 mus,
541 2070 719 2113 ceterisque
728 2069 898 2102 contrariis
909 2069 1180 2113 quilniscumqne.

478 2123 493 2166 ξ
512 2122 566 2156 18.
588 2123 743 2156 Volumus
763 2128 869 2155 autem
891 2123 977 2166 quod
999 2130 1184 2166 praesentes

269 2176 467 2220 ¹1¹5⁵i0vu1=t=in
491 2175 687 2209 Caneellaria
712 2181 742 2209 et
770 2175 837 2209 acie
857 2175 967 2219 Campi
991 2176 1102 2210 Florae
1127 2189 1184 2221 pu-

238 2218 329 2269 ζζζὲζω
343 2217 420 2236 ““”“”’““
435 2229 606 2270 blicentur‚
627 2234 657 2263 et
676 2229 758 2262 inter
778 2229 1022 2263 constitutiones
1042 2236 1184 2264 extrava-

436 2289 545 2327 gantes
568 2289 725 2328 perpetuo
749 2283 900 2316 valituras
925 2284 1181 2317 conscribantur.

481 2341 495 2385 §
515 2341 566 2375 49.
591 2342 627 2374 Et
647 2341 721 2385 quia
742 2341 869 2375 difficile
899 2342 979 2374 foret
1004 2348 1186 2385 praesentes

288 2406 348 2427 fiio<
364 2410 423 2427 tran·
438 2399 476 2432 ad
497 2400 621 2443 singula
641 2412 788 2445 quaeque
805 2401 875 2434 loca
890 2400 1019 2441 deferri,
1038 2401 1186 2434 volumus

242 2442 377 2464 sumptorum.

236 251 287 277 An.
303 249 333 277 C.
351 249 419 276 ¹569

439 2457 571 2491 etctiam
583 2458 783 2492 declaramus
794 2458 880 2503 quod
896 2469 1007 2492 earum
1024 2464 1185 2491 transum-

438 2515 512 2558 ptis,
527 2516 620 2548 ctiam
642 2517 816 2561 impressis,
844 2528 942 2550 manu
966 2517 1102 2550 alicuius
1128 2528 1186 2549 no-

438 2573 510 2605 tarii
530 2574 651 2617 publici
671 2575 871 2619 subscriptis,
898 2587 934 2609 ac
959 2575 1062 2619 sigillo
1086 2575 1186 2608 alicu-

440 2630 488 2664 ius
508 2632 640 2674 praelati
660 2633 802 2673 munitis,
823 2634 933 2668 cadem
955 2643 1086 2677 prorsus
1110 2632 1188 2666 sides

1026 244 1202 268 BULLAntUM
1227 245 1375 268 ROMANUM

1982 243 2031 269 An.
2048 242 2077 269 C.
2097 240 2167 268 ¹569

1222 296 1342 339 ubique
1359 296 1549 328 adhibeatur
1573 306 1655 339 quae
1670 296 1892 340 praesentibus
1911 295 1967 328 ad-

1222 349 1398 389 hiberetur,
1419 349 1443 382 si
1460 348 1731 382 sorentexhibitae
1746 350 1794 381 vel
1809 354 1965 382 ostensae.

1266 403 1280 445 ξ
1304 402 1356 435 ΞΟ.
1379 402 1463 435 Nulli
1484 413 1559 445 ergo
1580 403 1712 435 omnino
1732 402 1900 435 hominum
1929 402 1968 435 li·
2010 414 2095 449 sancito
2110 418 2165 441 puo-

1221 461 1290 488 ceat
1309 456 1391 489 hanc
1412 456 1562 500 paginam
1582 461 1710 489 nostrae
1731 455 1967 499 prohibitionis,
1985 445 2046 466 ''³¹¹¹⁵'

1221 510 1463 550 annullationis,
1475 509 1594 551 statuti,
1605 510 1757 550 mandati,
1766 510 1968 550 hortationis,

1222 562 1438 605 derogationis
1455 590 1462 603 ‚
1492 563 1718 597 declarationis
1743 568 1773 596 et
1802 564 1972 597 voluntatis

1222 616 1408 659 infringere,
1420 618 1467 650 vel
1477 617 1505 650 ei
1517 628 1598 650 ausu
1611 617 1781 650 temerario
1796 617 1968 651 contraire.

1222 670 1252 703 Si
1273 670 1345 714 quis
1365 676 1472 704 antem
1493 672 1554 704 hoc
1575 676 1730 704 attentare
1746 681 1973 716 praesumpse-

1221 723 1278 763 rit,
1308 723 1560 766 indignationem
1592 725 1823 768 omnipotentis
1847 724 1902 757 Dei
1934 735 1971 757 ac

1221 776 1389 810 beatorum
1411 778 1493 811 Petri
1507 784 1537 811 et
1555 778 1645 811 Pauli
1662 779 1882 822 apostolorum
1903 777 1972 812 eius

1221 841 1254 863 sc
1274 831 1397 864 noverit
1421 832 1642 865 incursurum.

1265 885 1378 917 Datum
1405 885 1525 919 Rornae
1551 887 1636 929 apud
1662 886 1693 920 S.
1720 886 1864 927 Petrum,
1886 896 1971 920 anno

1221 939 1452 972 incarnationis
1477 940 1656 973 dominicae
1678 940 1850 973 millesimo
1876 940 1972 983 quin-

1220 993 1397 1035 gentesimo
1421 994 1617 1036 sexagesimo
1638 1004 1736 1035 nono,
1766 993 1972 1038 quartodeci-

1222 1058 1273 1079 mo
1288 1047 1440 1080 kalendas
1462 1047 1847 1091 februarii,pontificatus
1873 1046 1973 1081 nostri

1221 1111 1305 1133 anno
1327 1110 1367 1133 iv.

1240 1159 1299 1188 Dat.
1319 1159 1365 1188 (110
1386 1160 1421 1189 ta
1439 1160 1565 1189 ianuarii
1591 1160 1676 1197 1569,
1701 1160 1803 1200 pontis.
1822 1169 1899 1190 anno
1917 1169 1955 1190 ιν.

1250 1240 1434 1285 Sequuntur
1453 1241 1685 1274 declarationes
1704 1241 1943 1274 dubitationum

1418 1295 1550 1338 desuper
1574 1299 1772 1328 exortarum.
1820 1286 1823 1289 ¹

1265 1367 1326 1395 Pius
1347 1368 1416 1402 Papa
1435 1367 1464 1400 V.
1491 1367 1525 1395 ad
1548 1367 1675 1396 futuram
1698 1367 1740 1395 rei
1757 1366 1929 1395 memoriam.

1266 1429 1328 1462 Etsi
1355 1429 1537 1473 Apostolica
1559 1429 1668 1470 Sedes,
1691 1440 1807 1472 magna
1831 1428 1974 1462 adhibita
2015 1439 2148 1461 erum-mum.

1222 1482 1390 1523 industria,
1420 1494 1551 1526 operam
1579 1483 1632 1516 dat
1665 1483 1773 1516 omnia
1802 1482 1973 1526 perspicue

1222 1536 1440 1579 promulgare,
1450 1536 1497 1569 vix
1511 1542 1616 1569 tamen
1632 1542 1723 1570 estut
1733 1547 1889 1580 umquam
1899 1536 1975 1570 satis

1222 1595 1317 1633 queat
1337 1601 1571 1634 usquequaque
1596 1601 1707 1624 cavere
1732 1590 1811 1634 quin
1839 1601 1976 1634 scrupu-

1222 1644 1308 1677 losae
1320 1644 1535 1687 quorumdam
1547 1648 1669 1677 mentes
1680 1654 1778 1677 novos
1790 1644 1854 1677 illis
1863 1654 1975 1678 sensus

1223 1697 1388 1739 inducant,
1418 1709 1558 1742 quorum
1587 1698 1795 1742 perplexitate
1822 1698 1915 1731 multi
1941 1697 1974 1731 in

1223 1752 1356 1784 dubium
1378 1758 1561 1785 evocantur.

1267 1806 1332 1849 §⁴l.
1363 1806 1488 1839 Pridem
1515 1806 1600 1839 enim
1628 1817 1687 1849 per
1711 1805 1973 1839 constitutionem
2016 1813 2096 1851 Relatio
2113 1819 2172 1841 mae<

1223 1865 1363 1892 nostram
1385 1861 1423 1894 de
1440 1871 1595 1894 censuum
1613 1859 1785 1901 creatione,
1800 1859 1884 1893 inter
1898 1859 1972 1900 alia,
1989 1847 2172 1898 fffifflssfwffiu‘

1224 1914 1385 1947 volnimus
1397 1925 1511 1947 census
1531 1924 1642 1946 omnes
1653 1912 1685 1946 in
1702 1914 1848 1947 futurum
1865 1924 1975 1946 crean-

1225 1968 1292 2007 dos,
1316 1978 1379 2000 11011
1401 1968 1504 2001 solum
1524 1978 1558 2000 re
1575 1967 1606 1999 in
1623 1973 1726 2000 totum
1740 1968 1789 2000 vel
1803 1978 1861 2011 pro
1885 1973 1975 2011 parte

1224 2027 1402 2065 perempta,
1416 2027 1470 2054 ant
1482 2021 1680 2054 infructuosa
1695 2021 1728 2054 in
1747 2026 1851 2054 totum
1867 2020 1881 2044 1
1898 2021 1975 2054 effe—

1226 2082 1287 2117 cta,
1309 2076 1347 2109 ad
1372 2081 1473 2109 ratam
1499 2075 1617 2119 perire,
1641 2075 1694 2108 sed
1716 2075 1811 2108 etiam
1836 2085 1896 2119 pro
1920 2085 1975 2108 eo-

1225 2131 1298 2163 dem
1321 2130 1421 2173 pretio
1443 2129 1584 2172 extingui
1601 2139 1704 2173 posse.
1723 2128 1767 2161 Ac
1787 2133 1881 2172 pacta
1897 2139 1975 2161 con-

1225 2180 1360 2212 tinentia
1385 2189 1550 2212 morosnm
1582 2189 1697 2211 census
1729 2177 1906 2211 debitorem
1936 2179 1975 2211 ad

1227 2229 1380 2261 interesse
1400 2228 1482 2261 lucri
1505 2227 1657 2261 cessantis
1685 2227 1732 2260 vel
1753 2227 1791 2259 ad
1812 2226 1975 2260 cambium

1227 2289 1282 2311 seu
1310 2278 1423 2310 salaria
1445 2282 1475 2309 et
1495 2287 1648 2321 expensas
1675 2276 1782 2309 medio
1808 2275 1976 2309 creditoris

1227 2327 1408 2360 iuramento
1444 2326 1648 2369 liquidandas
1671 2325 1791 2366 teneri,
1819 2329 1875 2358 aut
1907 2335 1974 2358 rem

1228 2377 1339 2410 censui
1359 2376 1535 2410 subiectam
1562 2375 1625 2408 sive
1645 2376 1786 2418 aliquam
1807 2375 1876 2408 eius
1901 2385 1975 2418 par-

1228 2432 1291 2459 tem
1309 2426 1466 2465 amittere,
1485 2425 1635 2458 autaliud
1651 2424 1712 2465 ius,
1729 2424 1791 2457 sive
1812 2435 1847 2457 ex
1861 2423 1974 2457 eodem

1228 2481 1394 2509 contractu
1407 2475 1469 2507 sive
1485 2474 1613 2507 aliunde
1625 2473 1817 2517 acquisitum
1829 2473 1974 2516 perdere,

1229 2532 1283 2558 aut.
1304 2526 1335 2557 in
1355 2525 1495 2568 aliquam
1524 2533 1660 2566 poenam
1689 2522 1821 2563 cadere,
1848 2533 1884 2555 ex
1908 2527 1975 2556 toto

1229 2575 1316 2607 nulla
1329 2580 1423 2617 atquc
1435 2573 1524 2606 irrita
1541 2583 1620 2606 esse.
1634 2572 1772 2605 Censum
1791 2575 1899 2604 autem
1918 2581 1974 2604 seu

1266 2642 1275 2666 1
1296 2640 1370 2667 Adde
1385 2641 1420 2665 cel
1433 2649 1483 2671 pro
1499 2645 1586 2672 parte,
1606 2642 1723 2673 utsupra
1740 2638 1757 2672 S
1775 2638 1805 2665 10
1818 2638 1855 2671 (R.
1872 2637 1921 2672 T.).
