2237 3100
241 295 291 324 An.
308 296 337 323 C.
357 294 424 323 1562

255 1416 364 1443 Exempuo
372 1424 382 1437 a
392 1418 425 1437 iu-

243 1449 368 1468 risdicnone
389 1455 425 1469 or-

243 1481 369 1501 dinariorum
379 1479 396 1500 1⁴

484 284 548 319 162

441 348 686 391 comprehensa,
722 347 869 380 eoelestia
898 346 1018 390 pariter
1035 351 1065 379 et
1093 351 1190 379 terre—

441 402 516 434 stria
535 400 734 433 inscrutabili
752 400 874 433 ratione
890 399 1041 443 disponit,
1060 404 1088 432 ct
1107 410 1190 432 mor-

440 455 552 488 talium
576 460 697 487 mentes
721 454 758 486 ad
785 464 832 493 ea,
864 464 921 497 per
940 464 1034 495 quae,
1056 453 1192 486 benevo-

441 509 537 541 lentia
563 514 590 541 et
614 507 743 541 ferventi
766 507 931 539 devotione
957 506 1189 539 catholicorum

442 562 625 606 principum
647 561 685 593 ad
706 561 736 592 id
757 560 967 597 tendentium,
996 566 1026 592 et
1045 571 1141 603 quam
1160 561 1190 593 in

442 627 499 648 nos
537 621 566 648 et.
593 615 768 647 Romanam
798 624 909 655 gerere
940 614 1192 656 comprobantur

441 668 634 703 Ecclesiam,
659 667 834 703 mediante,
871 677 1081 709 personarum
1115 679 1191 710 qua-

442 721 593 753 rumlibet
612 721 670 752 sul·
692 720 830 760 regulari
852 719 1051 752 observantia
1072 720 1191 763 degen-

442 775 519 807 tium
538 780 641 818 optata
663 775 748 806 salus
776 774 919 817 undique
941 775 1102 817 proveniat
1125 775 1193 807 ani-

440 839 585 867 marum,
622 828 811 870 divinusque
841 828 949 860 cultus
970 828 1120 872 suscipiat
1143 829 1191 861 in-

440 887 614 920 crementa,
637 881 757 914 incitat.
778 881 865 913 Unde
883 892 952 917 nos,
971 882 1100 924 quibus,
1124 894 1191 915 me-

440 935 507 967 ritis
527 935 600 968 licet
621 935 808 978 imparibus,
830 934 1018 967 universalis
1032 935 1192 969 Ecclesiae

439 988 583 1031 regimen
601 989 711 1021 eadem
733 993 779 1020 est
800 988 998 1031 providentia
1019 989 1190 1029 creditum,

440 1042 524 1074 iuxta
542 1042 630 1075 Sedis
646 1041 848 1084 Apostolicae
868 1042 1028 1081 osticium,
1057 1053 1116 1085 pro
1138 1053 1192 1075 eo-

441 1106 511 1127 rum
538 1095 672 1134 meritis,
695 1095 856 1127 dexteram
878 1094 908 1127 in
930 1095 1194 1129 eosliberalitatis

440 1153 567 1181 nostrae
588 1148 757 1181 extendere
777 1158 958 1185 censemus,
989 1159 1053 1191 quo
1076 1148 1135 1193 ipsi
1162 1149 1193 1181 in

439 1201 675 1245 perseverantia
709 1201 921 1234 laudabilium
960 1212 1095 1245 operum
1130 1202 1193 1235 fer-

439 1255 564 1288 ventius
583 1255 779 1295 animentur,
802 1266 943 1298 quorum
960 1256 1106 1299 exemplo
1122 1267 1194 1299 pro-

440 1309 553 1349 vocati,
577 1309 616 1341 ad
637 1308 752 1341 similia
773 1308 898 1341 facilius
918 1309 1124 1342 inducantur.

484 1362 546 1405 §¹l.
569 1362 649 1395 Hinc
676 1367 723 1394 est
752 1362 839 1405 quod
868 1372 926 1395 nos
953 1362 1086 1395 dilectos
1112 1363 1194 1396 tilios

440 1414 580 1448 nobilem
601 1415 704 1447 virum
726 1415 878 1448 Cosmum
899 1415 1045 1452 Medices,
1061 1416 1193 1449 Floren-

440 1467 502 1501 tiae
523 1473 553 1501 et
573 1468 730 1501 Senarum
757 1468 895 1508 ducem,
924 1479 1076 1511 magnum
1098 1470 1194 1512 magi-

441 1526 542 1553 strum
564 1521 696 1554 militiae
712 1521 743 1554 S.
763 1521 927 1564 Stephani,
949 1521 1008 1554 sub
1028 1522 1148 1565 Regula
1160 1523 1191 1556 S.

441 1574 613 1614 Benedicti,
635 1580 665 1608 et
682 1580 874 1608 conventum
897 1575 1040 1608 eiusdem
1062 1575 1194 1609 militiae

441 1628 474 1660 in
499 1628 618 1661 ducatu
646 1628 839 1669 Florentiae,
861 1639 919 1672 per
939 1629 1088 1662 eumdem
1118 1629 1193 1662 Cos-

441 1691 531 1714 mum
552 1682 667 1714 ducem
688 1681 726 1714 de
747 1681 875 1714 licentia
896 1687 1004 1715 nostra
1020 1682 1194 1724 institutae,

441 1735 634 1779 specialibus
645 1735 805 1768 favoribus
817 1741 847 1768 et
862 1735 971 1779 gratiis
982 1737 1134 1781 prosequi
1147 1748 1194 1770 vo-

441 1788 552 1828 lentes,
568 1789 695 1822 eosdem
710 1794 739 1821 et
752 1800 865 1822 eorum
880 1789 1023 1831 singulos
1034 1790 1194 1834 aquibus-

441 1843 486 1875 vis
515 1843 876 1884 exeonununicationis,
913 1844 1132 1887 suspensionis
1166 1851 1196 1878 et

442 1896 621 1938 interdicti,
655 1897 789 1942 aliisque
817 1897 1041 1931 ecclesiasticis
1070 1903 1195 1932 senten-

443 1951 506 1991 tiis,
526 1951 670 1984 censuris
685 1958 715 1984 et
730 1951 854 1996 poenis,
884 1963 901 1984 a
921 1951 991 1985 iure
1007 1952 1054 1985 vel
1079 1953 1118 1985 ab
1139 1953 1194 1986 ho-

444 2006 542 2046 mine,
564 2006 673 2049 quavis
689 2006 858 2039 occasione
878 2006 925 2038 vel
947 2017 1043 2039 causa
1064 2007 1145 2047 latis,
1169 2008 1193 2040 si

443 2062 561 2105 quibus
594 2061 838 2105 quomodolibet,
862 2061 1005 2094 innodati
1039 2061 1194 2101 existunt,

444 2115 482 2148 ad
503 2116 652 2148 effectum
683 2116 900 2159 praesentium
930 2116 1094 2149 dumtaxat
1120 2127 1195 2150 con-

444 2170 664 2213 sequendum,
700 2170 815 2203 harum
847 2170 927 2203 serie
948 2170 1146 2203 absolventes
1166 2176 1196 2204 et

445 2223 608 2257 absolutos
642 2226 708 2257 sore
729 2230 907 2263 censentes,
930 2229 1019 2257 motu
1047 2225 1192 2269 proprio,

444 2287 509 2311 non
529 2278 568 2310 ad
588 2289 701 2311 eorum
727 2279 773 2311 vel
794 2278 932 2310 alicuius
954 2288 1013 2321 pro
1033 2278 1078 2310 eis
1104 2279 1196 2312 nobis

445 2342 543 2374 super
561 2332 623 2365 lioc
650 2333 773 2365 oblatae
804 2332 966 2375 petitionis
990 2331 1192 2371 instantiam,

445 2387 499 2419 sed
520 2386 558 2419 de
579 2392 686 2419 nostra
708 2397 796 2420 mera
816 2385 1017 2425 liberalitate,
1040 2396 1151 2418 omnes
1167 2391 1197 2419 et

446 2436 587 2479 singulos
608 2436 707 2480 ipsius
737 2436 868 2469 militiae
894 2435 1025 2475 milites,
1055 2435 1195 2478 priorem

447 2490 633 2529 ceterosque
661 2485 824 2518 ministros
853 2484 1006 2518 ecclesiae
1026 2484 1101 2517 dicti
1122 2495 1197 2517 con·

445 2539 557 2567 ventus
577 2539 607 2566 et.
627 2534 704 2566 alias
730 2544 898 2577 personas,
930 2533 1024 2566 etiam
1046 2533 1078 2566 in
1099 2534 1197 2566 sacris

447 2587 477 2616 et
514 2583 751 2627 presbyteratus
789 2582 956 2616 ordinibus
989 2583 1194 2623 constitutas,

483 2652 494 2678 ¹
519 2650 556 2677 Ad
577 2650 627 2676 hoc
654 2649 713 2676 vide
741 2649 949 2677 moderationem
974 2650 1070 2678 Concit.
1102 2650 1195 2684 Trid.,

447 2699 510 2719 sess.
533 2698 613 2724 xxiv,
631 2692 705 2720 Decr.
728 2692 760 2718 de
780 2690 907 2726 Reform,
930 2698 987 2727 cap.
1012 2693 1039 2720 11
1059 2695 1085 2719 et
1106 2693 1147 2720 its.

1036 292 1216 317 BULLARIUM
1235 292 1388 318 ROMANUM

1233 346 1327 379 etiam
1352 355 1591 389 quaecumque,
1612 350 1833 388 quotcumque
1858 348 1889 376 et
1908 353 1985 387 qua-

1235 399 1434 442 liacumque,
1453 409 1526 431 cum
1548 409 1627 431 cura
1646 403 1677 431 et
1696 397 1763 431 sine
1778 408 1868 437 eura,
1888 397 1985 430 hene„

1234 452 1305 485 ficia
1325 451 1539 485 ecclesiastica
1571 451 1771 491 obtinentes,
1807 461 1986 494 eorumque

1234 505 1400 545 beneficia,
1424 505 1642 545 commendas,
1666 516 1716 538 res
1735 510 1766 538 et
1785 505 1870 538 bona
1889 515 1987 548 quae-

1234 570 1374 602 cumque
1395 559 1434 592 ab
1454 559 1542 592 omni
1571 558 1809 598 iurisdictione,
1843 558 1987 602 superio-

1235 613 1337 650 ritate,
1370 612 1569 652 visitatione,
1601 612 1744 646 dominio
1774 618 1804 645 et
1830 616 1986 657 potestate

1234 666 1420 711 quorumvis
1446 666 1786 710 archiepiscoporum,
1816 665 1985 710 episcopo-

1235 732 1306 753 rum
1333 720 1536 762 aliorumque
1566 721 1713 753 locorum
1734 719 1985 759 ordinariorum,

1235 774 1409 818 apostolica
1419 773 1620 814 auctoritate,
1632 778 1743 807 tenore
1753 772 1984 818 praesentium,

1235 839 1271 861 ex
1299 833 1386 860 certa
1407 827 1550 867 scientia,
1579 832 1737 871 perpetuo
1767 826 1937 860 eximimus
1957 830 1988 859 et

1234 882 1374 915 totaliter
1385 881 1572 918 liberamus,
1589 880 1733 923 aliosque
1751 881 1761 908 1
1776 880 1860 913 dicto
1871 880 1987 914 Cosmo

1235 935 1307 968 duci
1329 941 1359 968 et,
1390 945 1506 977 magno
1536 934 1687 977 magistro
1708 933 1739 966 in
1767 933 1987 978 spiritualibus

1235 993 1265 1021 et
1282 988 1525 1032 temporalibus,
1548 988 1593 1021 eis
1613 988 1708 1020 modo
1733 993 1763 1020 et
1782 988 1897 1028 forma,
1919 987 1988 1031 qui-

1235 1042 1295 1074 bus
1314 1041 1345 1074 in
1376 1041 1476 1085 ipsius
1506 1041 1638 1073 militiae
1667 1041 1791 1074 statutis
1811 1045 1842 1074 et
1860 1040 1988 1074 ordina-

1236 1095 1376 1128 tionibus
1404 1094 1607 1134 continetur,
1641 1093 1826 1127 immediate
1860 1094 1988 1127 subiici-

1236 1159 1307 1181 mus
1328 1153 1359 1181 et,
1378 1147 1610 1192 supponimus,
1639 1147 1683 1180 ita
1711 1147 1798 1191 quod
1819 1146 1880 1191 ipsi
1899 1147 1989 1181 loco-

1236 1213 1309 1235 rum
1330 1201 1485 1235 ordinarii
1511 1201 1634 1234 nullam
1660 1201 1692 1233 in
1719 1211 1773 1233 eos
1797 1200 1991 1234 iurisdictio-

1235 1266 1320 1295 nem,
1351 1255 1609 1299 superioritatem
1623 1281 1630 1295 ,
1663 1254 1843 1287 dominium
1862 1255 1911 1287 vel
1931 1265 1990 1299 po-

1236 1314 1394 1349 testatem,
1417 1308 1511 1342 etiam
1534 1308 1657 1341 ratione
1667 1307 1902 1351 cuiuscumque
1918 1316 1992 1341 con-

1237 1367 1373 1402 tractus,
1403 1361 1510 1395 delicti
1535 1362 1581 1394 vel
1603 1360 1734 1394 alterius
1758 1360 1817 1401 rei,
1840 1360 1990 1395 ubicum-

1236 1427 1298 1459 que
1310 1416 1437 1449 ineatur
1452 1419 1648 1455 contractus,
1672 1414 1892 1448 committatur
1911 1414 1990 1448 deli-

1237 1474 1323 1502 ctum
1336 1474 1366 1502 et
1382 1480 1433 1502 res
1442 1469 1509 1513 ipsa
1521 1468 1681 1508 consistat,
1693 1478 1842 1501 exercere
1852 1468 1988 1510 valeant3

1237 1523 1291 1556 sed
1312 1523 1447 1563 milites,
1484 1522 1574 1566 prior
1594 1527 1624 1555 et
1648 1522 1728 1554 aliae
1752 1531 1908 1565 personae
1932 1522 1992 1555 hu-

1236 1577 1375 1609 iusmodi
1404 1577 1443 1609 de
1477 1575 1597 1609 iustitia
1632 1586 1742 1609 coram
1772 1575 1841 1608 solo
1874 1585 1991 1619 magno

1237 1630 1388 1673 magistro
1408 1629 1570 1673 praedicto
1600 1630 1647 1662 vel
1673 1628 1741 1662 eius
1768 1629 1920 1673 deputato
1945 1639 1992 1663 re-

1237 1684 1395 1727 spondere
1418 1683 1564 1716 debeant.
1584 1683 1799 1716 Decernentes
1818 1693 1991 1726 quoscum-

1237 1748 1299 1781 que
1316 1741 1618 1785 processuseontra
1642 1736 1714 1769 illos
1733 1736 1781 1769 vel
1802 1746 1915 1770 eorum
1936 1737 1991 1770 ali-

1237 1803 1346 1836 quem,
1368 1796 1431 1824 tam
1455 1801 1512 1835 per
1532 1790 1617 1834 ipsos
1641 1791 1788 1823 locorum
1811 1790 1992 1824 ordinarios

1237 1846 1283 1878 vel
1318 1855 1430 1879 eorum
1465 1844 1600 1877 vicarios
1632 1854 1687 1877 seu
1726 1844 1854 1888 quosvis
1893 1844 1989 1886 alios,

1237 1905 1334 1939 quam
1369 1894 1557 1937 magistrum
1599 1894 1647 1926 vel
1690 1892 1759 1926 eius
1800 1893 1990 1938 deputatum

1237 1944 1435 1987 praedictos,
1458 1954 1517 1988 pro
1532 1948 1679 1986 tempore
1699 1943 1816 1984 sactOS,
1844 1948 1876 1976 et
1894 1954 1990 1986 quas-

1237 1993 1313 2026 libet
1346 1993 1441 2027 etiam
1479 1993 1821 2027 excommunicationis
1850 1994 1898 2027 vel
1924 2004 1992 2028 sus-

1238 2043 1418 2086 pensionis,
1444 2043 1586 2085 aliasque
1615 2042 1787 2076 sententias
1808 2044 1992 2087 promulga-

1238 2099 1283 2126 tas
1300 2094 1405 2126 nullas
1425 2099 1455 2126 et
1477 2093 1630 2126 invalidas
1654 2092 1840 2136 nulliusque
1864 2094 1991 2128 roboris

1236 2145 1283 2176 vel
1305 2143 1460 2176 momenti
1487 2143 1566 2176 fore.

1281 2193 1295 2237 ἓ
1320 2193 1350 2226 9.
1378 2193 1422 2226 Ac
1447 2192 1581 2236 siugulis
1606 2191 1762 2225 militibus
1788 2192 1988 2236 coniugatis,

1238 2242 1333 2275 etiam
1367 2241 1514 2285 bigamis,
1547 2241 1681 2285 aliisque
1716 2242 1928 2286 presbyteris,
1956 2247 1992 2276 ut

1238 2291 1379 2335 singulas
1400 2291 1570 2334 pensiones
1590 2301 1725 2330 annuas,
1739 2291 1888 2334 usquead
1904 2302 1990 2324 sum-

1238 2351 1322 2373 mam
1341 2341 1556 2373 ducentorum
1578 2340 1769 2373 ducatorum
1791 2340 1861 2372 auri
1882 2340 1920 2373 de
1936 2340 1992 2375 Ca-

1239 2401 1346 2431 mera,
1382 2401 1480 2435 super
1504 2388 1692 2433 quorumvis
1733 2389 1966 2424 cathedralium
1982 2418 1990 2433 ‚

1239 2439 1333 2472 etiam
1344 2439 1677 2483 metropolitanarum,
1690 2443 1720 2472 et
1734 2438 1870 2472 aliarum
1886 2440 1991 2474 eccle-

1239 2490 1371 2530 siarum,
1394 2489 1676 2527 monasteriorum,
1699 2488 1914 2532 prioratuum,
1937 2500 1990 2523 ca-

1239 2539 1450 2572 nonicatuum
1484 2543 1515 2571 et
1548 2537 1826 2582 praebendarum,
1854 2535 1991 2582 dignita-

1239 2593 1324 2628 tum,
1350 2592 1599 2632 personatuum,
1627 2586 1941 2621 administrationum
1961 2593 1992 2622 et

1240 2638 1434 2679 officiorum,
1457 2637 1660 2682 aliorumque
1684 2636 1917 2673 beneficiorum
1940 2648 1992 2673 ec-

1214 2683 1223 2746 l
1277 2693 1288 2720 1
1310 2693 1433 2727 Illosque,
1450 2691 1565 2721 Cherub.
1583 2690 1622 2726 (n.
1640 2690 1688 2727 τι).

1999 288 2049 316 Au.
2066 288 2095 316 C.
2114 288 2183 316 ¹56²

2023 2205 2120 2227 facultas
2135 2206 2189 2227 reti-

2005 2238 2069 2258 nendi
2086 2240 2107 2258 ot
2118 2240 2190 2258 trans-

2004 2268 2087 2289 terendi
2103 2269 2190 2295 pensio-

2005 2305 2043 2321 nes
2067 2304 2134 2326 usqu·
2163 2299 2188 2323 ad

2005 2332 2052 2353 due.
2068 2337 2098 2352 cc.
