<?xml version="1.0" encoding="UTF-8"?>
<!DOCTYPE html PUBLIC "-//W3C//DTD XHTML 1.0 Transitional//EN"
    "http://www.w3.org/TR/xhtml1/DTD/xhtml1-transitional.dtd">
<html xmlns="http://www.w3.org/1999/xhtml" xml:lang="en" lang="en">
 <head>
  <title>
</title>
<meta http-equiv="Content-Type" content="text/html;charset=utf-8" />
  <meta name='ocr-system' content='tesseract 3.04.00' />
  <meta name='ocr-capabilities' content='ocr_page ocr_carea ocr_par ocr_line ocrx_word'/>
</head>
<body>
  <div class='ocr_page' id='page_1' title='image "./bullarumdiplomat07cath_0787.png"; bbox 0 0 2237 3100; ppageno 0'>
   <div class='ocr_carea' id='block_1_1' title="bbox 55 246 234 276">
    <p class='ocr_par' dir='ltr' id='par_1_1' title="bbox 55 246 234 276">
     <span class='ocr_line' id='line_1_1' title="bbox 55 246 234 276; baseline 0 0"><span class='ocrx_word' id='word_1_1' title='bbox 55 247 105 276; x_wconf 71' lang='lat' dir='ltr'>An.</span> <span class='ocrx_word' id='word_1_2' title='bbox 122 246 149 274; x_wconf 91' lang='lat' dir='ltr'>C.</span> <span class='ocrx_word' id='word_1_3' title='bbox 167 247 234 276; x_wconf 75' lang='lat'>¹568</span> 
     </span>
    </p>
   </div>
   <div class='ocr_carea' id='block_1_2' title="bbox 45 1323 230 1383">
    <p class='ocr_par' dir='ltr' id='par_1_2' title="bbox 45 1323 230 1383">
     <span class='ocr_line' id='line_1_2' title="bbox 63 1323 230 1346; baseline -0.006 -1"><span class='ocrx_word' id='word_1_4' title='bbox 63 1323 178 1346; x_wconf 83' lang='lat' dir='ltr'><strong>Concilium</strong></span> <span class='ocrx_word' id='word_1_5' title='bbox 187 1323 230 1345; x_wconf 83' lang='lat' dir='ltr'>Trt-</span> 
     </span>
     <span class='ocr_line' id='line_1_3' title="bbox 45 1355 230 1383; baseline 0.005 -7"><span class='ocrx_word' id='word_1_6' title='bbox 45 1355 152 1377; x_wconf 65' lang='lat' dir='ltr'>(lentinum</span> <span class='ocrx_word' id='word_1_7' title='bbox 167 1360 230 1383; x_wconf 79' lang='lat' dir='ltr'>prae-</span> 
     </span>
    </p>
   </div>
   <div class='ocr_carea' id='block_1_3' title="bbox 46 1389 123 1409">
    <p class='ocr_par' dir='ltr' id='par_1_3' title="bbox 46 1389 123 1409">
     <span class='ocr_line' id='line_1_4' title="bbox 46 1389 123 1409; baseline -0.013 0"><span class='ocrx_word' id='word_1_8' title='bbox 46 1389 123 1409; x_wconf 69' lang='lat' dir='ltr'>nervat.</span> 
     </span>
    </p>
   </div>
   <div class='ocr_carea' id='block_1_4' title="bbox 76 2388 193 2411">
    <p class='ocr_par' dir='ltr' id='par_1_4' title="bbox 76 2388 193 2411">
     <span class='ocr_line' id='line_1_5' title="bbox 76 2388 193 2411; baseline 0.009 -1"><span class='ocrx_word' id='word_1_9' title='bbox 76 2388 193 2411; x_wconf 78' lang='lat' dir='ltr'>Exordium.</span> 
     </span>
    </p>
   </div>
   <div class='ocr_carea' id='block_1_5' title="bbox 931 254 1104 279">
    <p class='ocr_par' dir='ltr' id='par_1_5' title="bbox 931 254 1104 279">
     <span class='ocr_line' id='line_1_6' title="bbox 931 254 1104 279; baseline -0.012 0"><span class='ocrx_word' id='word_1_10' title='bbox 931 255 999 279; x_wconf 82' lang='lat' dir='ltr'>PIUS</span> <span class='ocrx_word' id='word_1_11' title='bbox 1018 255 1037 278; x_wconf 91' lang='lat' dir='ltr'>V</span> <span class='ocrx_word' id='word_1_12' title='bbox 1057 254 1104 278; x_wconf 80' lang='lat' dir='ltr'>PP.</span> 
     </span>
    </p>
   </div>
   <div class='ocr_carea' id='block_1_6' title="bbox 243 299 996 720">
    <p class='ocr_par' dir='ltr' id='par_1_6' title="bbox 243 299 996 720">
     <span class='ocr_line' id='line_1_7' title="bbox 248 299 996 344; baseline -0.003 -10"><span class='ocrx_word' id='word_1_13' title='bbox 248 301 352 341; x_wconf 87' lang='lat' dir='ltr'>matis,</span> <span class='ocrx_word' id='word_1_14' title='bbox 387 299 572 344; x_wconf 85' lang='lat' dir='ltr'>approbatis</span> <span class='ocrx_word' id='word_1_15' title='bbox 606 305 637 334; x_wconf 87' lang='lat' dir='ltr'>ct</span> <span class='ocrx_word' id='word_1_16' title='bbox 668 299 843 340; x_wconf 81' lang='lat' dir='ltr'>innovatis3</span> <span class='ocrx_word' id='word_1_17' title='bbox 879 299 996 343; x_wconf 88' lang='lat' dir='ltr'>quibus</span> 
     </span>
     <span class='ocr_line' id='line_1_8' title="bbox 248 353 995 396; baseline 0 -9"><span class='ocrx_word' id='word_1_18' title='bbox 248 354 410 394; x_wconf 89' lang='lat' dir='ltr'>omnibus,</span> <span class='ocrx_word' id='word_1_19' title='bbox 437 354 531 387; x_wconf 88' lang='lat' dir='ltr'>etiam</span> <span class='ocrx_word' id='word_1_20' title='bbox 552 353 577 387; x_wconf 88' lang='lat' dir='ltr'>si</span> <span class='ocrx_word' id='word_1_21' title='bbox 602 354 640 387; x_wconf 88' lang='lat' dir='ltr'>de</span> <span class='ocrx_word' id='word_1_22' title='bbox 660 354 723 387; x_wconf 91' lang='lat' dir='ltr'>illis</span> <span class='ocrx_word' id='word_1_23' title='bbox 748 364 926 396; x_wconf 82' lang='lat' dir='ltr'>eorumque</span> <span class='ocrx_word' id='word_1_24' title='bbox 947 359 995 387; x_wconf 91' lang='lat' dir='ltr'>to-</span> 
     </span>
     <span class='ocr_line' id='line_1_9' title="bbox 245 407 995 452; baseline 0.001 -12"><span class='ocrx_word' id='word_1_25' title='bbox 245 407 284 441; x_wconf 88' lang='lat' dir='ltr'>tis</span> <span class='ocrx_word' id='word_1_26' title='bbox 304 407 470 441; x_wconf 89' lang='lat' dir='ltr'>tenoribus</span> <span class='ocrx_word' id='word_1_27' title='bbox 489 408 649 452; x_wconf 84' lang='lat' dir='ltr'>specialis,</span> <span class='ocrx_word' id='word_1_28' title='bbox 668 407 828 451; x_wconf 85' lang='lat' dir='ltr'>specifica,</span> <span class='ocrx_word' id='word_1_29' title='bbox 847 418 995 451; x_wconf 84' lang='lat' dir='ltr'>expressa</span> 
     </span>
     <span class='ocr_line' id='line_1_10' title="bbox 245 461 994 506; baseline 0 -12"><span class='ocrx_word' id='word_1_30' title='bbox 245 466 276 495; x_wconf 87' lang='lat' dir='ltr'>et</span> <span class='ocrx_word' id='word_1_31' title='bbox 294 461 457 495; x_wconf 89' lang='lat' dir='ltr'>individua</span> <span class='ocrx_word' id='word_1_32' title='bbox 476 462 597 496; x_wconf 90' lang='lat' dir='ltr'>mentio</span> <span class='ocrx_word' id='word_1_33' title='bbox 622 473 678 495; x_wconf 90' lang='lat' dir='ltr'>scu</span> <span class='ocrx_word' id='word_1_34' title='bbox 704 462 833 506; x_wconf 77' lang='lat' dir='ltr'>quaevis</span> <span class='ocrx_word' id='word_1_35' title='bbox 855 461 915 494; x_wconf 85' lang='lat' dir='ltr'>alia</span> <span class='ocrx_word' id='word_1_36' title='bbox 941 473 994 494; x_wconf 84' lang='lat' dir='ltr'>ex-</span> 
     </span>
     <span class='ocr_line' id='line_1_11' title="bbox 244 515 994 560; baseline 0 -12"><span class='ocrx_word' id='word_1_37' title='bbox 244 515 367 560; x_wconf 89' lang='lat' dir='ltr'>pressio</span> <span class='ocrx_word' id='word_1_38' title='bbox 392 515 552 557; x_wconf 87' lang='lat' dir='ltr'>habenda,</span> <span class='ocrx_word' id='word_1_39' title='bbox 587 520 643 548; x_wconf 91' lang='lat' dir='ltr'>aut</span> <span class='ocrx_word' id='word_1_40' title='bbox 670 516 778 559; x_wconf 82' lang='lat' dir='ltr'>aliqua</span> <span class='ocrx_word' id='word_1_41' title='bbox 797 515 859 548; x_wconf 88' lang='lat' dir='ltr'>alia</span> <span class='ocrx_word' id='word_1_42' title='bbox 891 516 994 548; x_wconf 84' lang='lat' dir='ltr'>forma</span> 
     </span>
     <span class='ocr_line' id='line_1_12' title="bbox 243 568 990 609; baseline -0.001 -7"><span class='ocrx_word' id='word_1_43' title='bbox 243 569 283 602; x_wconf 89' lang='lat' dir='ltr'>ad</span> <span class='ocrx_word' id='word_1_44' title='bbox 301 568 364 602; x_wconf 87' lang='lat' dir='ltr'>hoc</span> <span class='ocrx_word' id='word_1_45' title='bbox 397 569 551 602; x_wconf 86' lang='lat' dir='ltr'>servanda</span> <span class='ocrx_word' id='word_1_46' title='bbox 571 569 665 608; x_wconf 85' lang='lat' dir='ltr'>foret,</span> <span class='ocrx_word' id='word_1_47' title='bbox 687 569 818 602; x_wconf 89' lang='lat' dir='ltr'>illorum</span> <span class='ocrx_word' id='word_1_48' title='bbox 851 573 990 609; x_wconf 76' lang='lat' dir='ltr'><strong>tenores,</strong></span> 
     </span>
     <span class='ocr_line' id='line_1_13' title="bbox 243 622 991 663; baseline 0 -8"><span class='ocrx_word' id='word_1_49' title='bbox 243 632 280 655; x_wconf 88' lang='lat' dir='ltr'>ac</span> <span class='ocrx_word' id='word_1_50' title='bbox 299 622 325 655; x_wconf 89' lang='lat' dir='ltr'>si</span> <span class='ocrx_word' id='word_1_51' title='bbox 344 622 383 655; x_wconf 88' lang='lat' dir='ltr'>de</span> <span class='ocrx_word' id='word_1_52' title='bbox 401 623 498 656; x_wconf 88' lang='lat' dir='ltr'>verbo</span> <span class='ocrx_word' id='word_1_53' title='bbox 519 622 557 655; x_wconf 91' lang='lat' dir='ltr'>ad</span> <span class='ocrx_word' id='word_1_54' title='bbox 576 623 710 655; x_wconf 89' lang='lat' dir='ltr'>verbum</span> <span class='ocrx_word' id='word_1_55' title='bbox 736 623 845 656; x_wconf 89' lang='lat' dir='ltr'>inserti</span> <span class='ocrx_word' id='word_1_56' title='bbox 875 623 991 663; x_wconf 88' lang='lat' dir='ltr'>forent,</span> 
     </span>
     <span class='ocr_line' id='line_1_14' title="bbox 243 676 994 720; baseline 0.001 -12"><span class='ocrx_word' id='word_1_57' title='bbox 243 676 467 719; x_wconf 86' lang='lat' dir='ltr'>praesentibus</span> <span class='ocrx_word' id='word_1_58' title='bbox 487 687 545 720; x_wconf 90' lang='lat' dir='ltr'>pro</span> <span class='ocrx_word' id='word_1_59' title='bbox 570 676 768 709; x_wconf 85' lang='lat' dir='ltr'>sufficienter</span> <span class='ocrx_word' id='word_1_60' title='bbox 787 676 944 720; x_wconf 76' lang='lat' dir='ltr'>expressis</span> <span class='ocrx_word' id='word_1_61' title='bbox 964 681 994 709; x_wconf 87' lang='lat' dir='ltr'>ct</span> 
     </span>
    </p>
   </div>
   <div class='ocr_carea' id='block_1_7' title="bbox 217 728 993 770">
    <p class='ocr_par' dir='ltr' id='par_1_7' title="bbox 217 728 993 770">
     <span class='ocr_line' id='line_1_15' title="bbox 217 728 993 770; baseline 0.001 -9"><span class='ocrx_word' id='word_1_62' title='bbox 217 740 221 745; x_wconf 62' lang='grc'><strong>“</strong></span> <span class='ocrx_word' id='word_1_63' title='bbox 242 728 370 762; x_wconf 87' lang='lat' dir='ltr'>insertis</span> <span class='ocrx_word' id='word_1_64' title='bbox 390 730 556 770; x_wconf 86' lang='lat' dir='ltr'>habentes,</span> <span class='ocrx_word' id='word_1_65' title='bbox 577 729 641 762; x_wconf 90' lang='lat' dir='ltr'>illis</span> <span class='ocrx_word' id='word_1_66' title='bbox 660 730 738 762; x_wconf 87' lang='lat' dir='ltr'>alias</span> <span class='ocrx_word' id='word_1_67' title='bbox 754 729 786 761; x_wconf 93' lang='lat' dir='ltr'>in</span> <span class='ocrx_word' id='word_1_68' title='bbox 802 740 859 762; x_wconf 88' lang='lat' dir='ltr'>suo</span> <span class='ocrx_word' id='word_1_69' title='bbox 875 729 993 762; x_wconf 83' lang='lat' dir='ltr'>robore</span> 
     </span>
    </p>
   </div>
   <div class='ocr_carea' id='block_1_8' title="bbox 240 782 992 1846">
    <p class='ocr_par' dir='ltr' id='par_1_8' title="bbox 240 782 992 1244">
     <span class='ocr_line' id='line_1_16' title="bbox 242 782 992 827; baseline 0.003 -13"><span class='ocrx_word' id='word_1_70' title='bbox 242 782 476 826; x_wconf 77' lang='lat' dir='ltr'>permansuris,</span> <span class='ocrx_word' id='word_1_71' title='bbox 496 782 557 816; x_wconf 91' lang='lat' dir='ltr'>hac</span> <span class='ocrx_word' id='word_1_72' title='bbox 576 782 644 816; x_wconf 89' lang='lat' dir='ltr'>vice</span> <span class='ocrx_word' id='word_1_73' title='bbox 668 782 842 823; x_wconf 77' lang='lat' dir='ltr'>dumtaxat,</span> <span class='ocrx_word' id='word_1_74' title='bbox 868 783 992 827; x_wconf 87' lang='lat' dir='ltr'>specia-</span> 
     </span>
     <span class='ocr_line' id='line_1_17' title="bbox 242 834 992 879; baseline 0.001 -12"><span class='ocrx_word' id='word_1_75' title='bbox 242 834 316 868; x_wconf 88' lang='lat' dir='ltr'>liter</span> <span class='ocrx_word' id='word_1_76' title='bbox 343 840 374 868; x_wconf 86' lang='lat' dir='ltr'>et</span> <span class='ocrx_word' id='word_1_77' title='bbox 404 846 553 879; x_wconf 77' lang='lat' dir='ltr'>expresse</span> <span class='ocrx_word' id='word_1_78' title='bbox 577 835 789 879; x_wconf 79' lang='lat' dir='ltr'>derogamus,</span> <span class='ocrx_word' id='word_1_79' title='bbox 821 836 992 869; x_wconf 73' lang='lat' dir='ltr'>contrariis</span> 
     </span>
     <span class='ocr_line' id='line_1_18' title="bbox 241 887 991 933; baseline 0.001 -13"><span class='ocrx_word' id='word_1_80' title='bbox 241 887 514 933; x_wconf 82' lang='lat' dir='ltr'>quibuscumque3</span> <span class='ocrx_word' id='word_1_81' title='bbox 526 894 581 922; x_wconf 89' lang='lat' dir='ltr'>aut</span> <span class='ocrx_word' id='word_1_82' title='bbox 591 888 616 922; x_wconf 86' lang='lat' dir='ltr'>si</span> <span class='ocrx_word' id='word_1_83' title='bbox 626 889 797 933; x_wconf 81' lang='lat' dir='ltr'>aliquibus,</span> <span class='ocrx_word' id='word_1_84' title='bbox 809 889 991 922; x_wconf 88' lang='lat' dir='ltr'>communi-</span> 
     </span>
     <span class='ocr_line' id='line_1_19' title="bbox 243 941 991 983; baseline 0.001 -9"><span class='ocrx_word' id='word_1_85' title='bbox 243 946 291 975; x_wconf 88' lang='lat' dir='ltr'>ter</span> <span class='ocrx_word' id='word_1_86' title='bbox 309 941 357 974; x_wconf 91' lang='lat' dir='ltr'>vel</span> <span class='ocrx_word' id='word_1_87' title='bbox 376 942 512 983; x_wconf 85' lang='lat' dir='ltr'>divisim,</span> <span class='ocrx_word' id='word_1_88' title='bbox 535 942 574 975; x_wconf 90' lang='lat' dir='ltr'>ab</span> <span class='ocrx_word' id='word_1_89' title='bbox 594 942 706 976; x_wconf 86' lang='lat' dir='ltr'>eadem</span> <span class='ocrx_word' id='word_1_90' title='bbox 727 942 766 975; x_wconf 90' lang='lat' dir='ltr'>sit</span> <span class='ocrx_word' id='word_1_91' title='bbox 786 942 866 976; x_wconf 85' lang='lat' dir='ltr'>Sede</span> <span class='ocrx_word' id='word_1_92' title='bbox 883 943 991 975; x_wconf 87' lang='lat' dir='ltr'>indul-</span> 
     </span>
     <span class='ocr_line' id='line_1_20' title="bbox 243 995 991 1040; baseline 0.001 -13"><span class='ocrx_word' id='word_1_93' title='bbox 243 999 311 1028; x_wconf 89' lang='lat' dir='ltr'>tum</span> <span class='ocrx_word' id='word_1_94' title='bbox 321 995 408 1038; x_wconf 88' lang='lat' dir='ltr'>quod</span> <span class='ocrx_word' id='word_1_95' title='bbox 417 995 575 1037; x_wconf 78' lang='lat' dir='ltr'>interdici,</span> <span class='ocrx_word' id='word_1_96' title='bbox 589 996 741 1040; x_wconf 85' lang='lat' dir='ltr'>suspendi</span> <span class='ocrx_word' id='word_1_97' title='bbox 751 997 797 1029; x_wconf 89' lang='lat' dir='ltr'>vel</span> <span class='ocrx_word' id='word_1_98' title='bbox 810 1007 919 1030; x_wconf 84' lang='lat' dir='ltr'>excom</span> <span class='ocrx_word' id='word_1_99' title='bbox 925 1007 991 1029; x_wconf 88' lang='grc'><strong>11111-</strong></span> 
     </span>
     <span class='ocr_line' id='line_1_21' title="bbox 241 1047 991 1094; baseline 0.003 -13"><span class='ocrx_word' id='word_1_100' title='bbox 241 1047 344 1081; x_wconf 87' lang='lat' dir='ltr'>nicari</span> <span class='ocrx_word' id='word_1_101' title='bbox 358 1059 421 1082; x_wconf 93' lang='lat' dir='ltr'>non</span> <span class='ocrx_word' id='word_1_102' title='bbox 441 1049 564 1093; x_wconf 85' lang='lat' dir='ltr'>possint</span> <span class='ocrx_word' id='word_1_103' title='bbox 583 1060 641 1094; x_wconf 88' lang='lat' dir='ltr'>per</span> <span class='ocrx_word' id='word_1_104' title='bbox 660 1050 780 1083; x_wconf 76' lang='lat' dir='ltr'>litteras</span> <span class='ocrx_word' id='word_1_105' title='bbox 800 1051 991 1094; x_wconf 85' lang='lat' dir='ltr'>apostolicas</span> 
     </span>
     <span class='ocr_line' id='line_1_22' title="bbox 242 1102 991 1147; baseline 0.004 -13"><span class='ocrx_word' id='word_1_106' title='bbox 242 1111 307 1134; x_wconf 90' lang='lat' dir='ltr'>non</span> <span class='ocrx_word' id='word_1_107' title='bbox 328 1102 480 1136; x_wconf 82' lang='lat' dir='ltr'>facientes</span> <span class='ocrx_word' id='word_1_108' title='bbox 494 1103 623 1147; x_wconf 83' lang='lat' dir='ltr'>plenam</span> <span class='ocrx_word' id='word_1_109' title='bbox 644 1108 674 1137; x_wconf 92' lang='lat' dir='ltr'>et</span> <span class='ocrx_word' id='word_1_110' title='bbox 694 1114 875 1147; x_wconf 84' lang='lat' dir='ltr'>expressam</span> <span class='ocrx_word' id='word_1_111' title='bbox 895 1114 931 1137; x_wconf 88' lang='lat' dir='ltr'>ae</span> <span class='ocrx_word' id='word_1_112' title='bbox 952 1104 991 1137; x_wconf 90' lang='lat' dir='ltr'>de</span> 
     </span>
     <span class='ocr_line' id='line_1_23' title="bbox 240 1155 990 1191; baseline 0.003 -3"><span class='ocrx_word' id='word_1_113' title='bbox 240 1155 338 1189; x_wconf 87' lang='lat' dir='ltr'>verbo</span> <span class='ocrx_word' id='word_1_114' title='bbox 358 1156 397 1190; x_wconf 83' lang='lat' dir='ltr'>ad</span> <span class='ocrx_word' id='word_1_115' title='bbox 423 1157 556 1191; x_wconf 86' lang='lat' dir='ltr'>verbum</span> <span class='ocrx_word' id='word_1_116' title='bbox 583 1157 622 1191; x_wconf 92' lang='lat' dir='ltr'>de</span> <span class='ocrx_word' id='word_1_117' title='bbox 650 1157 774 1191; x_wconf 87' lang='lat' dir='ltr'>indulto</span> <span class='ocrx_word' id='word_1_118' title='bbox 803 1157 990 1191; x_wconf 89' lang='lat' dir='ltr'>huiusmodi</span> 
     </span>
     <span class='ocr_line' id='line_1_24' title="bbox 241 1209 453 1244; baseline 0.005 -2"><span class='ocrx_word' id='word_1_119' title='bbox 241 1209 453 1244; x_wconf 85' lang='lat' dir='ltr'>mentionem.</span> 
     </span>
    </p>

    <p class='ocr_par' dir='ltr' id='par_1_9' title="bbox 240 1263 992 1568">
     <span class='ocr_line' id='line_1_25' title="bbox 286 1263 992 1310; baseline 0.001 -13"><span class='ocrx_word' id='word_1_120' title='bbox 286 1263 352 1307; x_wconf 68' lang='lat'>§7-</span> <span class='ocrx_word' id='word_1_121' title='bbox 373 1263 528 1298; x_wconf 87' lang='lat' dir='ltr'>Volumus</span> <span class='ocrx_word' id='word_1_122' title='bbox 560 1270 667 1298; x_wconf 88' lang='lat' dir='ltr'>autem</span> <span class='ocrx_word' id='word_1_123' title='bbox 694 1265 779 1310; x_wconf 88' lang='lat' dir='ltr'>quod</span> <span class='ocrx_word' id='word_1_124' title='bbox 809 1270 992 1310; x_wconf 83' lang='lat' dir='ltr'>praesentes</span> 
     </span>
     <span class='ocr_line' id='line_1_26' title="bbox 242 1315 990 1363; baseline 0.005 -14"><span class='ocrx_word' id='word_1_125' title='bbox 242 1315 368 1350; x_wconf 83' lang='lat' dir='ltr'>litterae</span> <span class='ocrx_word' id='word_1_126' title='bbox 387 1328 453 1351; x_wconf 91' lang='lat' dir='ltr'>non</span> <span class='ocrx_word' id='word_1_127' title='bbox 472 1319 748 1363; x_wconf 82' lang='lat' dir='ltr'>comprehendant</span> <span class='ocrx_word' id='word_1_128' title='bbox 765 1330 870 1362; x_wconf 89' lang='lat' dir='ltr'>neque</span> <span class='ocrx_word' id='word_1_129' title='bbox 886 1320 990 1353; x_wconf 83' lang='lat' dir='ltr'>eccle-</span> 
     </span>
     <span class='ocr_line' id='line_1_27' title="bbox 242 1370 990 1417; baseline 0.004 -14"><span class='ocrx_word' id='word_1_130' title='bbox 242 1370 306 1404; x_wconf 85' lang='lat' dir='ltr'>sias</span> <span class='ocrx_word' id='word_1_131' title='bbox 324 1381 430 1416; x_wconf 84' lang='lat' dir='ltr'>neque</span> <span class='ocrx_word' id='word_1_132' title='bbox 450 1383 615 1417; x_wconf 85' lang='lat' dir='ltr'>personas,</span> <span class='ocrx_word' id='word_1_133' title='bbox 643 1373 676 1406; x_wconf 92' lang='lat' dir='ltr'>in</span> <span class='ocrx_word' id='word_1_134' title='bbox 704 1373 755 1406; x_wconf 89' lang='lat' dir='ltr'>his</span> <span class='ocrx_word' id='word_1_135' title='bbox 774 1385 856 1417; x_wconf 86' lang='lat' dir='ltr'>quae</span> <span class='ocrx_word' id='word_1_136' title='bbox 876 1374 915 1407; x_wconf 89' lang='lat' dir='ltr'>ad</span> <span class='ocrx_word' id='word_1_137' title='bbox 933 1385 990 1407; x_wconf 86' lang='lat' dir='ltr'>cu-</span> 
     </span>
     <span class='ocr_line' id='line_1_28' title="bbox 241 1426 992 1471; baseline 0.004 -14"><span class='ocrx_word' id='word_1_138' title='bbox 241 1434 311 1457; x_wconf 88' lang='lat' dir='ltr'>ram</span> <span class='ocrx_word' id='word_1_139' title='bbox 325 1426 506 1460; x_wconf 85' lang='lat' dir='ltr'>animarum</span> <span class='ocrx_word' id='word_1_140' title='bbox 519 1427 717 1470; x_wconf 88' lang='lat' dir='ltr'>pertinent,a</span> <span class='ocrx_word' id='word_1_141' title='bbox 733 1427 851 1471; x_wconf 88' lang='lat' dir='ltr'>quibus</span> <span class='ocrx_word' id='word_1_142' title='bbox 863 1427 992 1462; x_wconf 85' lang='lat' dir='ltr'>decreta</span> 
     </span>
     <span class='ocr_line' id='line_1_29' title="bbox 241 1479 992 1515; baseline 0.005 -4"><span class='ocrx_word' id='word_1_143' title='bbox 241 1479 371 1512; x_wconf 91' lang='lat' dir='ltr'>concilii</span> <span class='ocrx_word' id='word_1_144' title='bbox 385 1479 561 1514; x_wconf 90' lang='lat' dir='ltr'>Tridentini</span> <span class='ocrx_word' id='word_1_145' title='bbox 577 1481 763 1515; x_wconf 89' lang='lat' dir='ltr'>huiusmodi</span> <span class='ocrx_word' id='word_1_146' title='bbox 779 1482 911 1515; x_wconf 90' lang='lat' dir='ltr'>omnino</span> <span class='ocrx_word' id='word_1_147' title='bbox 927 1492 992 1515; x_wconf 86' lang='lat' dir='ltr'>ser·</span> 
     </span>
     <span class='ocr_line' id='line_1_30' title="bbox 240 1532 474 1568; baseline 0.013 -3"><span class='ocrx_word' id='word_1_148' title='bbox 240 1532 306 1565; x_wconf 89' lang='lat' dir='ltr'>vari</span> <span class='ocrx_word' id='word_1_149' title='bbox 326 1533 474 1568; x_wconf 88' lang='lat' dir='ltr'>debeant.</span> 
     </span>
    </p>

    <p class='ocr_par' dir='ltr' id='par_1_10' title="bbox 241 1587 990 1788">
     <span class='ocr_line' id='line_1_31' title="bbox 285 1587 990 1634; baseline 0.004 -14"><span class='ocrx_word' id='word_1_150' title='bbox 285 1587 399 1620; x_wconf 87' lang='lat' dir='ltr'>Datum</span> <span class='ocrx_word' id='word_1_151' title='bbox 427 1588 547 1622; x_wconf 85' lang='lat' dir='ltr'>Romae</span> <span class='ocrx_word' id='word_1_152' title='bbox 576 1589 663 1634; x_wconf 90' lang='lat' dir='ltr'>apud</span> <span class='ocrx_word' id='word_1_153' title='bbox 697 1589 729 1623; x_wconf 89' lang='lat' dir='ltr'>S.</span> <span class='ocrx_word' id='word_1_154' title='bbox 759 1590 901 1631; x_wconf 89' lang='lat' dir='ltr'>Petrum,</span> <span class='ocrx_word' id='word_1_155' title='bbox 931 1590 990 1623; x_wconf 89' lang='lat' dir='ltr'>sub</span> 
     </span>
     <span class='ocr_line' id='line_1_32' title="bbox 241 1641 990 1684; baseline 0.004 -11"><span class='ocrx_word' id='word_1_156' title='bbox 241 1641 362 1674; x_wconf 86' lang='lat' dir='ltr'>annulo</span> <span class='ocrx_word' id='word_1_157' title='bbox 377 1641 561 1684; x_wconf 89' lang='lat' dir='ltr'>Piscatoris,</span> <span class='ocrx_word' id='word_1_158' title='bbox 578 1643 629 1676; x_wconf 91' lang='lat' dir='ltr'>die</span> <span class='ocrx_word' id='word_1_159' title='bbox 640 1653 712 1676; x_wconf 78' lang='lat' dir='ltr'>xxlx</span> <span class='ocrx_word' id='word_1_160' title='bbox 726 1644 908 1677; x_wconf 83' lang='lat' dir='ltr'>novembris</span> <span class='ocrx_word' id='word_1_161' title='bbox 922 1644 990 1676; x_wconf 90' lang='lat' dir='ltr'>mil—</span> 
     </span>
     <span class='ocr_line' id='line_1_33' title="bbox 242 1691 988 1736; baseline 0.007 -13"><span class='ocrx_word' id='word_1_162' title='bbox 242 1691 356 1724; x_wconf 88' lang='lat' dir='ltr'>lesimo</span> <span class='ocrx_word' id='word_1_163' title='bbox 375 1691 633 1735; x_wconf 82' lang='lat' dir='ltr'>quingentesimo</span> <span class='ocrx_word' id='word_1_164' title='bbox 650 1694 845 1736; x_wconf 76' lang='lat' dir='ltr'>sexagesimo</span> <span class='ocrx_word' id='word_1_165' title='bbox 866 1699 988 1735; x_wconf 83' lang='lat' dir='ltr'>octavo,</span> 
     </span>
     <span class='ocr_line' id='line_1_34' title="bbox 242 1744 742 1788; baseline 0.008 -11"><span class='ocrx_word' id='word_1_166' title='bbox 242 1744 449 1788; x_wconf 85' lang='lat' dir='ltr'>pontificatus</span> <span class='ocrx_word' id='word_1_167' title='bbox 468 1747 569 1779; x_wconf 90' lang='lat' dir='ltr'>nostri</span> <span class='ocrx_word' id='word_1_168' title='bbox 589 1758 673 1781; x_wconf 89' lang='lat' dir='ltr'>anno</span> <span class='ocrx_word' id='word_1_169' title='bbox 697 1758 742 1781; x_wconf 91' lang='lat'><em>111.</em></span> 
     </span>
    </p>

    <p class='ocr_par' dir='ltr' id='par_1_11' title="bbox 297 1802 942 1846">
     <span class='ocr_line' id='line_1_35' title="bbox 297 1802 942 1846; baseline 0.006 -14"><span class='ocrx_word' id='word_1_170' title='bbox 297 1802 356 1833; x_wconf 82' lang='lat' dir='ltr'>Dat.</span> <span class='ocrx_word' id='word_1_171' title='bbox 376 1804 423 1834; x_wconf 87' lang='lat' dir='ltr'>die</span> <span class='ocrx_word' id='word_1_172' title='bbox 445 1803 483 1835; x_wconf 69' lang='lat'>29</span> <span class='ocrx_word' id='word_1_173' title='bbox 500 1814 565 1835; x_wconf 91' lang='lat' dir='ltr'>nov.</span> <span class='ocrx_word' id='word_1_174' title='bbox 585 1805 670 1843; x_wconf 73' lang='lat'>1508,</span> <span class='ocrx_word' id='word_1_175' title='bbox 687 1805 789 1846; x_wconf 83' lang='lat' dir='ltr'>pontis.</span> <span class='ocrx_word' id='word_1_176' title='bbox 806 1815 882 1836; x_wconf 88' lang='lat' dir='ltr'>anno</span> <span class='ocrx_word' id='word_1_177' title='bbox 901 1815 942 1836; x_wconf 87' lang='grc'><strong>111.</strong></span> 
     </span>
    </p>
   </div>
   <div class='ocr_carea' id='block_1_9' title="bbox 527 1880 668 1885">
    <p class='ocr_par' dir='ltr' id='par_1_12' title="bbox 527 1880 668 1885">
     <span class='ocr_line' id='line_1_36' title="bbox 527 1880 668 1885; baseline 0 0"><span class='ocrx_word' id='word_1_178' title='bbox 527 1880 668 1885; x_wconf 95' lang='lat' dir='ltr'> </span> 
     </span>
    </p>
   </div>
   <div class='ocr_carea' id='block_1_10' title="bbox 557 1967 659 2002">
    <p class='ocr_par' dir='ltr' id='par_1_13' title="bbox 557 1967 659 2002">
     <span class='ocr_line' id='line_1_37' title="bbox 557 1967 659 2002; baseline 0 0"><span class='ocrx_word' id='word_1_179' title='bbox 557 1967 659 2002; x_wconf 85' lang='lat' dir='ltr'>CXIX.</span> 
     </span>
    </p>
   </div>
   <div class='ocr_carea' id='block_1_11' title="bbox 242 2034 992 2238">
    <p class='ocr_par' dir='ltr' id='par_1_14' title="bbox 242 2034 992 2238">
     <span class='ocr_line' id='line_1_38' title="bbox 242 2034 990 2081; baseline -0.008 -9"><span class='ocrx_word' id='word_1_180' title='bbox 242 2037 437 2072; x_wconf 75' lang='lat' dir='ltr'>Constitutio</span> <span class='ocrx_word' id='word_1_181' title='bbox 446 2037 702 2081; x_wconf 58' lang='lat' dir='ltr'>conpreqationis</span> <span class='ocrx_word' id='word_1_182' title='bbox 721 2035 915 2069; x_wconf 75' lang='lat' dir='ltr'>Clerz&#39;corztm</span> <span class='ocrx_word' id='word_1_183' title='bbox 930 2034 990 2067; x_wconf 83' lang='lat' dir='ltr'>Re-</span> 
     </span>
     <span class='ocr_line' id='line_1_39' title="bbox 284 2084 990 2131; baseline -0.008 -10"><span class='ocrx_word' id='word_1_184' title='bbox 284 2087 448 2131; x_wconf 56' lang='lat' dir='ltr'>qularim&#39;n</span> <span class='ocrx_word' id='word_1_185' title='bbox 460 2086 494 2120; x_wconf 90' lang='lat' dir='ltr'>S.</span> <span class='ocrx_word' id='word_1_186' title='bbox 508 2086 632 2126; x_wconf 75' lang='lat' dir='ltr'>Maioli,</span> <span class='ocrx_word' id='word_1_187' title='bbox 655 2086 738 2119; x_wconf 73' lang='lat' dir='ltr'>alias</span> <span class='ocrx_word' id='word_1_188' title='bbox 754 2085 790 2118; x_wconf 78' lang='lat' dir='ltr'>de</span> <span class='ocrx_word' id='word_1_189' title='bbox 804 2084 990 2123; x_wconf 74' lang='lat' dir='ltr'>Somusrha,</span> 
     </span>
     <span class='ocr_line' id='line_1_40' title="bbox 285 2138 992 2184; baseline -0.006 -10"><span class='ocrx_word' id='word_1_190' title='bbox 285 2141 341 2174; x_wconf 80' lang='lat' dir='ltr'>sub</span> <span class='ocrx_word' id='word_1_191' title='bbox 359 2141 480 2184; x_wconf 59' lang='lat' dir='ltr'>Regula</span> <span class='ocrx_word' id='word_1_192' title='bbox 503 2140 537 2173; x_wconf 90' lang='lat' dir='ltr'>S.</span> <span class='ocrx_word' id='word_1_193' title='bbox 564 2140 753 2183; x_wconf 32' lang='lat' dir='ltr'>Anqaseinsi,</span> <span class='ocrx_word' id='word_1_194' title='bbox 774 2150 844 2172; x_wconf 75' lang='lat' dir='ltr'>cnm</span> <span class='ocrx_word' id='word_1_195' title='bbox 862 2138 992 2181; x_wconf 72' lang='lat' dir='ltr'>privile-</span> 
     </span>
     <span class='ocr_line' id='line_1_41' title="bbox 285 2192 669 2238; baseline -0.003 -11"><span class='ocrx_word' id='word_1_196' title='bbox 285 2195 414 2238; x_wconf 70' lang='lat' dir='ltr'>qiorum</span> <span class='ocrx_word' id='word_1_197' title='bbox 433 2194 624 2238; x_wconf 69' lang='lat' dir='ltr'>elaryitz&#39;one</span> <span class='ocrx_word' id='word_1_198' title='bbox 643 2192 669 2226; x_wconf 86' lang='lat'>1.</span> 
     </span>
    </p>
   </div>
   <div class='ocr_carea' id='block_1_12' title="bbox 285 2263 943 2302">
    <p class='ocr_par' dir='ltr' id='par_1_15' title="bbox 285 2263 943 2302">
     <span class='ocr_line' id='line_1_42' title="bbox 285 2263 943 2302; baseline -0.008 -7"><span class='ocrx_word' id='word_1_199' title='bbox 285 2266 348 2295; x_wconf 78' lang='lat' dir='ltr'>Pius</span> <span class='ocrx_word' id='word_1_200' title='bbox 361 2267 432 2302; x_wconf 80' lang='lat' dir='ltr'>Papa</span> <span class='ocrx_word' id='word_1_201' title='bbox 449 2266 478 2300; x_wconf 84' lang='lat' dir='ltr'>V.</span> <span class='ocrx_word' id='word_1_202' title='bbox 495 2266 529 2294; x_wconf 82' lang='lat' dir='ltr'>ad</span> <span class='ocrx_word' id='word_1_203' title='bbox 543 2266 704 2301; x_wconf 79' lang='lat' dir='ltr'>perpetuam</span> <span class='ocrx_word' id='word_1_204' title='bbox 723 2265 764 2293; x_wconf 86' lang='lat' dir='ltr'>rei</span> <span class='ocrx_word' id='word_1_205' title='bbox 778 2263 943 2292; x_wconf 80' lang='lat' dir='ltr'>memoriam.</span> 
     </span>
    </p>
   </div>
   <div class='ocr_carea' id='block_1_13' title="bbox 243 2326 991 2634">
    <p class='ocr_par' dir='ltr' id='par_1_16' title="bbox 243 2326 991 2535">
     <span class='ocr_line' id='line_1_43' title="bbox 286 2326 991 2371; baseline -0.004 -10"><span class='ocrx_word' id='word_1_206' title='bbox 286 2328 469 2362; x_wconf 87' lang='lat' dir='ltr'>Iniunctum</span> <span class='ocrx_word' id='word_1_207' title='bbox 502 2328 596 2362; x_wconf 87' lang='lat' dir='ltr'>nobis</span> <span class='ocrx_word' id='word_1_208' title='bbox 628 2328 767 2371; x_wconf 83' lang='lat' dir='ltr'>desuper</span> <span class='ocrx_word' id='word_1_209' title='bbox 796 2326 991 2370; x_wconf 84' lang='lat' dir='ltr'>apostolicae</span> 
     </span>
     <span class='ocr_line' id='line_1_44' title="bbox 243 2380 990 2425; baseline -0.004 -10"><span class='ocrx_word' id='word_1_210' title='bbox 243 2382 403 2416; x_wconf 88' lang='lat' dir='ltr'>servitutis</span> <span class='ocrx_word' id='word_1_211' title='bbox 423 2381 565 2416; x_wconf 84' lang='lat' dir='ltr'>officium</span> <span class='ocrx_word' id='word_1_212' title='bbox 585 2381 679 2425; x_wconf 78' lang='lat' dir='ltr'>digne</span> <span class='ocrx_word' id='word_1_213' title='bbox 707 2391 860 2425; x_wconf 80' lang='lat' dir='ltr'>peragere</span> <span class='ocrx_word' id='word_1_214' title='bbox 887 2380 990 2413; x_wconf 90' lang='lat' dir='ltr'>credi-</span> 
     </span>
     <span class='ocr_line' id='line_1_45' title="bbox 243 2434 988 2481; baseline -0.007 -11"><span class='ocrx_word' id='word_1_215' title='bbox 243 2447 327 2478; x_wconf 87' lang='lat' dir='ltr'>mus,</span> <span class='ocrx_word' id='word_1_216' title='bbox 359 2436 384 2470; x_wconf 90' lang='lat' dir='ltr'>si</span> <span class='ocrx_word' id='word_1_217' title='bbox 403 2437 443 2470; x_wconf 89' lang='lat' dir='ltr'>ad</span> <span class='ocrx_word' id='word_1_218' title='bbox 462 2448 510 2477; x_wconf 84' lang='lat' dir='ltr'>ea,</span> <span class='ocrx_word' id='word_1_219' title='bbox 532 2447 590 2481; x_wconf 89' lang='lat' dir='ltr'>per</span> <span class='ocrx_word' id='word_1_220' title='bbox 610 2446 692 2479; x_wconf 84' lang='lat' dir='ltr'>quae</span> <span class='ocrx_word' id='word_1_221' title='bbox 712 2434 988 2478; x_wconf 70' lang='lat' dir='ltr'>congregationes,</span> 
     </span>
     <span class='ocr_line' id='line_1_46' title="bbox 244 2488 988 2535; baseline -0.005 -11"><span class='ocrx_word' id='word_1_222' title='bbox 244 2491 432 2535; x_wconf 86' lang='lat' dir='ltr'>praesertim</span> <span class='ocrx_word' id='word_1_223' title='bbox 458 2491 679 2534; x_wconf 84' lang='lat' dir='ltr'>orphanorum</span> <span class='ocrx_word' id='word_1_224' title='bbox 703 2500 798 2523; x_wconf 82' lang='lat' dir='ltr'>causa</span> <span class='ocrx_word' id='word_1_225' title='bbox 815 2488 988 2528; x_wconf 89' lang='lat' dir='ltr'>institutae,</span> 
     </span>
    </p>

    <p class='ocr_par' dir='ltr' id='par_1_17' title="bbox 243 2555 991 2634">
     <span class='ocr_line' id='line_1_47' title="bbox 279 2555 991 2593; baseline -0.006 -8"><span class='ocrx_word' id='word_1_226' title='bbox 279 2558 290 2584; x_wconf 77' lang='lat'>¹</span> <span class='ocrx_word' id='word_1_227' title='bbox 312 2559 348 2585; x_wconf 84' lang='lat' dir='ltr'>De</span> <span class='ocrx_word' id='word_1_228' title='bbox 362 2558 461 2593; x_wconf 79' lang='lat' dir='ltr'>origine</span> <span class='ocrx_word' id='word_1_229' title='bbox 476 2561 502 2585; x_wconf 87' lang='lat' dir='ltr'>et</span> <span class='ocrx_word' id='word_1_230' title='bbox 517 2557 583 2589; x_wconf 83' lang='lat' dir='ltr'>aliis,</span> <span class='ocrx_word' id='word_1_231' title='bbox 597 2565 663 2591; x_wconf 82' lang='lat' dir='ltr'>qnae</span> <span class='ocrx_word' id='word_1_232' title='bbox 675 2564 731 2583; x_wconf 78' lang='lat' dir='ltr'>cani</span> <span class='ocrx_word' id='word_1_233' title='bbox 744 2558 918 2588; x_wconf 86' lang='lat' dir='ltr'>concernunt,</span> <span class='ocrx_word' id='word_1_234' title='bbox 933 2555 991 2581; x_wconf 79' lang='lat' dir='ltr'>vide</span> 
     </span>
     <span class='ocr_line' id='line_1_48' title="bbox 243 2602 989 2634; baseline -0.004 -4"><span class='ocrx_word' id='word_1_235' title='bbox 243 2602 269 2630; x_wconf 90' lang='lat' dir='ltr'>in</span> <span class='ocrx_word' id='word_1_236' title='bbox 285 2603 475 2630; x_wconf 83' lang='lat' dir='ltr'>constitutione</span> <span class='ocrx_word' id='word_1_237' title='bbox 489 2610 558 2629; x_wconf 83' lang='lat' dir='ltr'>xxix</span> <span class='ocrx_word' id='word_1_238' title='bbox 575 2602 647 2630; x_wconf 77' lang='lat' dir='ltr'>Pauli</span> <span class='ocrx_word' id='word_1_239' title='bbox 664 2602 709 2634; x_wconf 83' lang='lat'>111,</span> <span class='ocrx_word' id='word_1_240' title='bbox 721 2602 760 2628; x_wconf 68' lang='lat' dir='ltr'>Ex</span> <span class='ocrx_word' id='word_1_241' title='bbox 780 2604 907 2633; x_wconf 79' lang='lat' dir='ltr'>iniuncto,</span> <span class='ocrx_word' id='word_1_242' title='bbox 925 2605 989 2627; x_wconf 87' lang='lat' dir='ltr'>tom.</span> 
     </span>
    </p>
   </div>
   <div class='ocr_carea' id='block_1_14' title="bbox 243 2648 441 2683">
    <p class='ocr_par' dir='ltr' id='par_1_18' title="bbox 243 2648 441 2683">
     <span class='ocr_line' id='line_1_49' title="bbox 243 2648 441 2683; baseline -0.005 -8"><span class='ocrx_word' id='word_1_243' title='bbox 243 2655 283 2682; x_wconf 82' lang='lat' dir='ltr'>vi,</span> <span class='ocrx_word' id='word_1_244' title='bbox 299 2656 359 2683; x_wconf 85' lang='lat' dir='ltr'>pag.</span> <span class='ocrx_word' id='word_1_245' title='bbox 380 2648 441 2677; x_wconf 77' lang='lat'>285.</span> 
     </span>
    </p>
   </div>
   <div class='ocr_carea' id='block_1_15' title="bbox 322 2689 912 2723">
    <p class='ocr_par' dir='ltr' id='par_1_19' title="bbox 322 2689 912 2723">
     <span class='ocr_line' id='line_1_50' title="bbox 322 2689 912 2723; baseline -0.007 0"><span class='ocrx_word' id='word_1_246' title='bbox 322 2692 398 2723; x_wconf 76' lang='lat' dir='ltr'>Ball.</span> <span class='ocrx_word' id='word_1_247' title='bbox 421 2692 498 2723; x_wconf 85' lang='lat' dir='ltr'>Rom.</span> <span class='ocrx_word' id='word_1_248' title='bbox 519 2692 574 2723; x_wconf 76' lang='lat' dir='ltr'>Vnt.</span> <span class='ocrx_word' id='word_1_249' title='bbox 596 2691 652 2722; x_wconf 88' lang='lat' dir='ltr'><em>VII.</em></span> <span class='ocrx_word' id='word_1_250' title='bbox 875 2689 912 2720; x_wconf 75' lang='lat'>02</span> 
     </span>
    </p>
   </div>
   <div class='ocr_carea' id='block_1_16' title="bbox 1010 592 1016 2255">
    <p class='ocr_par' dir='ltr' id='par_1_20' title="bbox 1010 592 1016 2255">
     <span class='ocr_line' id='line_1_51' title="bbox 1010 592 1016 2255; baseline 0 0"><span class='ocrx_word' id='word_1_251' title='bbox 1010 592 1016 2255; x_wconf 95' lang='lat' dir='ltr'> </span> 
     </span>
    </p>
   </div>
   <div class='ocr_carea' id='block_1_17' title="bbox 1031 243 1786 2684">
    <p class='ocr_par' dir='ltr' id='par_1_21' title="bbox 1038 243 1785 394">
     <span class='ocr_line' id='line_1_52' title="bbox 1680 243 1743 278; baseline 0.032 -2"><span class='ocrx_word' id='word_1_252' title='bbox 1680 243 1743 278; x_wconf 75' lang='lat'>7⁶29</span> 
     </span>
     <span class='ocr_line' id='line_1_53' title="bbox 1038 297 1785 332; baseline 0 -1"><span class='ocrx_word' id='word_1_253' title='bbox 1038 298 1165 331; x_wconf 86' lang='lat' dir='ltr'>facilius</span> <span class='ocrx_word' id='word_1_254' title='bbox 1185 298 1319 331; x_wconf 86' lang='lat' dir='ltr'>stabiliri</span> <span class='ocrx_word' id='word_1_255' title='bbox 1340 303 1370 331; x_wconf 91' lang='lat' dir='ltr'>et</span> <span class='ocrx_word' id='word_1_256' title='bbox 1390 297 1515 331; x_wconf 85' lang='lat' dir='ltr'>firmius</span> <span class='ocrx_word' id='word_1_257' title='bbox 1539 298 1718 331; x_wconf 87' lang='lat' dir='ltr'>conservari</span> <span class='ocrx_word' id='word_1_258' title='bbox 1731 309 1785 332; x_wconf 80' lang='lat' dir='ltr'>va-</span> 
     </span>
     <span class='ocr_line' id='line_1_54' title="bbox 1038 352 1783 394; baseline 0.003 -9"><span class='ocrx_word' id='word_1_259' title='bbox 1038 352 1134 394; x_wconf 88' lang='lat' dir='ltr'>leant,</span> <span class='ocrx_word' id='word_1_260' title='bbox 1157 352 1422 386; x_wconf 81' lang='lat' dir='ltr'>considerationis</span> <span class='ocrx_word' id='word_1_261' title='bbox 1441 352 1542 385; x_wconf 83' lang='lat' dir='ltr'>aciem</span> <span class='ocrx_word' id='word_1_262' title='bbox 1564 353 1783 387; x_wconf 80' lang='lat' dir='ltr'>extendamus.</span> 
     </span>
    </p>

    <p class='ocr_par' dir='ltr' id='par_1_22' title="bbox 1031 399 1786 1627">
     <span class='ocr_line' id='line_1_55' title="bbox 1080 399 1786 451; baseline 0.003 -13"><span class='ocrx_word' id='word_1_263' title='bbox 1080 399 1094 449; x_wconf 73' lang='lat' dir='ltr'><strong>Q</strong></span> <span class='ocrx_word' id='word_1_264' title='bbox 1115 407 1144 439; x_wconf 79' lang='lat' dir='ltr'>l.</span> <span class='ocrx_word' id='word_1_265' title='bbox 1169 407 1250 440; x_wconf 81' lang='lat' dir='ltr'>Sane</span> <span class='ocrx_word' id='word_1_266' title='bbox 1273 407 1387 451; x_wconf 82' lang='lat' dir='ltr'>exponi</span> <span class='ocrx_word' id='word_1_267' title='bbox 1409 406 1500 439; x_wconf 83' lang='lat' dir='ltr'>nobis</span> <span class='ocrx_word' id='word_1_268' title='bbox 1520 417 1625 450; x_wconf 84' lang='lat' dir='ltr'>nuper</span> <span class='ocrx_word' id='word_1_269' title='bbox 1640 406 1786 440; x_wconf 83' lang='lat' dir='ltr'>fecerunt</span> 
     </span>
     <span class='ocr_line' id='line_1_56' title="bbox 1036 459 1784 494; baseline 0.003 -2"><span class='ocrx_word' id='word_1_270' title='bbox 1036 459 1141 493; x_wconf 88' lang='lat' dir='ltr'>dilecti</span> <span class='ocrx_word' id='word_1_271' title='bbox 1163 461 1219 493; x_wconf 84' lang='lat' dir='ltr'>tilii</span> <span class='ocrx_word' id='word_1_272' title='bbox 1238 461 1418 494; x_wconf 83' lang='lat' dir='ltr'>sacerdotes</span> <span class='ocrx_word' id='word_1_273' title='bbox 1438 460 1546 493; x_wconf 87' lang='lat' dir='ltr'>clerici</span> <span class='ocrx_word' id='word_1_274' title='bbox 1567 466 1597 493; x_wconf 93' lang='lat' dir='ltr'>et.</span> <span class='ocrx_word' id='word_1_275' title='bbox 1616 460 1689 493; x_wconf 89' lang='lat' dir='ltr'>laici</span> <span class='ocrx_word' id='word_1_276' title='bbox 1706 471 1784 494; x_wconf 89' lang='lat' dir='ltr'>con-</span> 
     </span>
     <span class='ocr_line' id='line_1_57' title="bbox 1035 513 1786 556; baseline 0.001 -11"><span class='ocrx_word' id='word_1_277' title='bbox 1035 513 1230 556; x_wconf 73' lang='lat' dir='ltr'>gregationis</span> <span class='ocrx_word' id='word_1_278' title='bbox 1250 514 1360 547; x_wconf 88' lang='lat' dir='ltr'>locide</span> <span class='ocrx_word' id='word_1_279' title='bbox 1371 514 1555 554; x_wconf 83' lang='lat' dir='ltr'>Somasclia,</span> <span class='ocrx_word' id='word_1_280' title='bbox 1572 513 1786 547; x_wconf 89' lang='lat' dir='ltr'>Mediolanen-</span> 
     </span>
     <span class='ocr_line' id='line_1_58' title="bbox 1036 566 1783 610; baseline 0.004 -12"><span class='ocrx_word' id='word_1_281' title='bbox 1036 566 1076 598; x_wconf 88' lang='lat' dir='ltr'>sis</span> <span class='ocrx_word' id='word_1_282' title='bbox 1096 566 1262 608; x_wconf 85' lang='lat' dir='ltr'>dioecesis,</span> <span class='ocrx_word' id='word_1_283' title='bbox 1290 567 1412 600; x_wconf 89' lang='lat' dir='ltr'>dudum</span> <span class='ocrx_word' id='word_1_284' title='bbox 1435 567 1588 600; x_wconf 86' lang='lat' dir='ltr'>canonice</span> <span class='ocrx_word' id='word_1_285' title='bbox 1608 566 1783 610; x_wconf 88' lang='lat' dir='ltr'>institutae,</span> 
     </span>
     <span class='ocr_line' id='line_1_59' title="bbox 1035 620 1785 662; baseline 0.004 -11"><span class='ocrx_word' id='word_1_286' title='bbox 1035 620 1121 662; x_wconf 81' lang='lat' dir='ltr'>quod</span> <span class='ocrx_word' id='word_1_287' title='bbox 1157 621 1235 653; x_wconf 88' lang='lat' dir='ltr'>alias</span> <span class='ocrx_word' id='word_1_288' title='bbox 1268 621 1369 654; x_wconf 81' lang='lat' dir='ltr'>felicis</span> <span class='ocrx_word' id='word_1_289' title='bbox 1402 621 1634 654; x_wconf 86' lang='lat' dir='ltr'>reeordationis</span> <span class='ocrx_word' id='word_1_290' title='bbox 1666 621 1785 655; x_wconf 86' lang='lat' dir='ltr'>Paulus</span> 
     </span>
     <span class='ocr_line' id='line_1_60' title="bbox 1035 673 1785 719; baseline 0.005 -14"><span class='ocrx_word' id='word_1_291' title='bbox 1035 673 1118 716; x_wconf 87' lang='lat' dir='ltr'>Papa</span> <span class='ocrx_word' id='word_1_292' title='bbox 1134 675 1258 715; x_wconf 84' lang='lat' dir='ltr'>tertius,</span> <span class='ocrx_word' id='word_1_293' title='bbox 1278 675 1633 718; x_wconf 85' lang='lat' dir='ltr'>praedecessornoster,</span> <span class='ocrx_word' id='word_1_294' title='bbox 1652 686 1785 719; x_wconf 83' lang='lat' dir='ltr'>congre-</span> 
     </span>
     <span class='ocr_line' id='line_1_61' title="bbox 1034 727 1785 773; baseline 0.004 -15"><span class='ocrx_word' id='word_1_295' title='bbox 1034 727 1153 768; x_wconf 69' lang='lat' dir='ltr'>gationi</span> <span class='ocrx_word' id='word_1_296' title='bbox 1187 728 1388 771; x_wconf 85' lang='lat' dir='ltr'>praedictae,</span> <span class='ocrx_word' id='word_1_297' title='bbox 1422 728 1539 771; x_wconf 82' lang='lat' dir='ltr'>cuique</span> <span class='ocrx_word' id='word_1_298' title='bbox 1572 728 1785 773; x_wconf 76' lang='lat' dir='ltr'>Hieronymus</span> 
     </span>
     <span class='ocr_line' id='line_1_62' title="bbox 1034 779 1785 825; baseline 0.005 -14"><span class='ocrx_word' id='word_1_299' title='bbox 1034 779 1224 821; x_wconf 87' lang='lat' dir='ltr'>Emilianus,</span> <span class='ocrx_word' id='word_1_300' title='bbox 1264 782 1340 814; x_wconf 91' lang='lat' dir='ltr'>olim</span> <span class='ocrx_word' id='word_1_301' title='bbox 1379 782 1532 825; x_wconf 85' lang='lat' dir='ltr'>patricius</span> <span class='ocrx_word' id='word_1_302' title='bbox 1559 782 1708 822; x_wconf 72' lang='lat' dir='ltr'>Venetus,</span> <span class='ocrx_word' id='word_1_303' title='bbox 1738 782 1785 815; x_wconf 93' lang='lat' dir='ltr'>vir</span> 
     </span>
     <span class='ocr_line' id='line_1_63' title="bbox 1034 833 1781 879; baseline 0.004 -13"><span class='ocrx_word' id='word_1_304' title='bbox 1034 833 1168 867; x_wconf 78' lang='lat' dir='ltr'>eximiae</span> <span class='ocrx_word' id='word_1_305' title='bbox 1197 834 1324 878; x_wconf 82' lang='lat' dir='ltr'>pietatis</span> <span class='ocrx_word' id='word_1_306' title='bbox 1344 835 1490 878; x_wconf 78' lang='lat' dir='ltr'>insignis,</span> <span class='ocrx_word' id='word_1_307' title='bbox 1513 836 1634 879; x_wconf 85' lang='lat' dir='ltr'>Spiritu</span> <span class='ocrx_word' id='word_1_308' title='bbox 1652 836 1781 876; x_wconf 86' lang='lat' dir='ltr'>Sancto,</span> 
     </span>
     <span class='ocr_line' id='line_1_64' title="bbox 1034 883 1781 925; baseline 0.005 -11"><span class='ocrx_word' id='word_1_309' title='bbox 1034 887 1069 915; x_wconf 91' lang='lat' dir='ltr'>ut</span> <span class='ocrx_word' id='word_1_310' title='bbox 1088 883 1139 925; x_wconf 86' lang='lat' dir='ltr'>pie</span> <span class='ocrx_word' id='word_1_311' title='bbox 1160 884 1315 925; x_wconf 86' lang='lat' dir='ltr'>creditur,</span> <span class='ocrx_word' id='word_1_312' title='bbox 1339 885 1641 925; x_wconf 58' lang='grc' dir='ltr'>ι1111ῖ1111ς,011111111115</span> <span class='ocrx_word' id='word_1_313' title='bbox 1662 886 1781 919; x_wconf 89' lang='lat' dir='ltr'>saeculi</span> 
     </span>
     <span class='ocr_line' id='line_1_65' title="bbox 1033 936 1780 981; baseline 0.005 -13"><span class='ocrx_word' id='word_1_314' title='bbox 1033 936 1121 969; x_wconf 89' lang='lat' dir='ltr'>curis</span> <span class='ocrx_word' id='word_1_315' title='bbox 1154 937 1353 980; x_wconf 84' lang='lat' dir='ltr'>posthabitis,</span> <span class='ocrx_word' id='word_1_316' title='bbox 1376 938 1504 971; x_wconf 86' lang='lat' dir='ltr'>initium</span> <span class='ocrx_word' id='word_1_317' title='bbox 1525 944 1617 972; x_wconf 85' lang='lat' dir='ltr'>antea</span> <span class='ocrx_word' id='word_1_318' title='bbox 1636 939 1780 981; x_wconf 88' lang='lat' dir='ltr'>dederat,</span> 
     </span>
     <span class='ocr_line' id='line_1_66' title="bbox 1032 992 1780 1037; baseline 0.005 -15"><span class='ocrx_word' id='word_1_319' title='bbox 1032 1000 1206 1034; x_wconf 71' lang='lat' dir='ltr'>quaunlue,</span> <span class='ocrx_word' id='word_1_320' title='bbox 1242 992 1334 1024; x_wconf 88' lang='lat' dir='ltr'>multi</span> <span class='ocrx_word' id='word_1_321' title='bbox 1356 992 1441 1025; x_wconf 90' lang='lat' dir='ltr'>illius</span> <span class='ocrx_word' id='word_1_322' title='bbox 1474 993 1619 1037; x_wconf 78' lang='lat' dir='ltr'>exemplo</span> <span class='ocrx_word' id='word_1_323' title='bbox 1639 992 1780 1034; x_wconf 88' lang='lat' dir='ltr'>adducti,</span> 
     </span>
     <span class='ocr_line' id='line_1_67' title="bbox 1032 1044 1781 1088; baseline 0.005 -12"><span class='ocrx_word' id='word_1_324' title='bbox 1032 1044 1170 1088; x_wconf 85' lang='lat' dir='ltr'>amplexi</span> <span class='ocrx_word' id='word_1_325' title='bbox 1190 1045 1329 1087; x_wconf 85' lang='lat' dir='ltr'>fuerant,</span> <span class='ocrx_word' id='word_1_326' title='bbox 1352 1051 1381 1079; x_wconf 88' lang='lat' dir='ltr'>et</span> <span class='ocrx_word' id='word_1_327' title='bbox 1403 1046 1435 1078; x_wconf 90' lang='lat' dir='ltr'>in</span> <span class='ocrx_word' id='word_1_328' title='bbox 1455 1046 1781 1087; x_wconf 82' lang='lat' dir='ltr'>Ianue1isi,Mediola-</span> 
     </span>
     <span class='ocr_line' id='line_1_68' title="bbox 1031 1098 1781 1143; baseline 0.005 -13"><span class='ocrx_word' id='word_1_329' title='bbox 1031 1098 1135 1138; x_wconf 81' lang='lat' dir='ltr'>nensi,</span> <span class='ocrx_word' id='word_1_330' title='bbox 1153 1098 1348 1132; x_wconf 85' lang='lat' dir='ltr'>Ferrariensi</span> <span class='ocrx_word' id='word_1_331' title='bbox 1368 1099 1503 1143; x_wconf 88' lang='lat' dir='ltr'>aliisque</span> <span class='ocrx_word' id='word_1_332' title='bbox 1524 1100 1631 1133; x_wconf 87' lang='lat' dir='ltr'>ltaliae</span> <span class='ocrx_word' id='word_1_333' title='bbox 1648 1100 1781 1134; x_wconf 78' lang='lat' dir='ltr'>civitati-</span> 
     </span>
     <span class='ocr_line' id='line_1_69' title="bbox 1031 1150 1778 1196; baseline 0.005 -13"><span class='ocrx_word' id='word_1_334' title='bbox 1031 1150 1092 1184; x_wconf 89' lang='lat' dir='ltr'>bus</span> <span class='ocrx_word' id='word_1_335' title='bbox 1116 1157 1146 1185; x_wconf 91' lang='lat' dir='ltr'>et</span> <span class='ocrx_word' id='word_1_336' title='bbox 1165 1152 1300 1185; x_wconf 86' lang='lat' dir='ltr'>urbibus</span> <span class='ocrx_word' id='word_1_337' title='bbox 1320 1153 1412 1186; x_wconf 87' lang='lat' dir='ltr'>acciti</span> <span class='ocrx_word' id='word_1_338' title='bbox 1442 1153 1528 1186; x_wconf 89' lang='lat' dir='ltr'>illam</span> <span class='ocrx_word' id='word_1_339' title='bbox 1560 1153 1778 1196; x_wconf 70' lang='lat' dir='ltr'>dilataverant,</span> 
     </span>
     <span class='ocr_line' id='line_1_70' title="bbox 1032 1205 1780 1249; baseline 0.004 -11"><span class='ocrx_word' id='word_1_340' title='bbox 1032 1211 1129 1249; x_wconf 88' lang='lat' dir='ltr'>caput</span> <span class='ocrx_word' id='word_1_341' title='bbox 1161 1205 1220 1238; x_wconf 91' lang='lat' dir='ltr'>sibi</span> <span class='ocrx_word' id='word_1_342' title='bbox 1250 1206 1400 1249; x_wconf 78' lang='lat' dir='ltr'>eligendi,</span> <span class='ocrx_word' id='word_1_343' title='bbox 1432 1207 1674 1241; x_wconf 84' lang='lat' dir='ltr'>constitutiones</span> <span class='ocrx_word' id='word_1_344' title='bbox 1703 1219 1780 1241; x_wconf 90' lang='lat' dir='ltr'>con-</span> 
     </span>
     <span class='ocr_line' id='line_1_71' title="bbox 1032 1259 1780 1306; baseline 0.004 -15"><span class='ocrx_word' id='word_1_345' title='bbox 1032 1259 1128 1292; x_wconf 88' lang='lat' dir='ltr'>dendi</span> <span class='ocrx_word' id='word_1_346' title='bbox 1162 1259 1345 1293; x_wconf 78' lang='lat' dir='ltr'>facultatem</span> <span class='ocrx_word' id='word_1_347' title='bbox 1380 1261 1548 1301; x_wconf 74' lang='lat' dir='ltr'>concessit,</span> <span class='ocrx_word' id='word_1_348' title='bbox 1584 1272 1720 1306; x_wconf 83' lang='lat' dir='ltr'>eamque</span> <span class='ocrx_word' id='word_1_349' title='bbox 1741 1262 1780 1294; x_wconf 93' lang='lat' dir='ltr'>ab</span> 
     </span>
     <span class='ocr_line' id='line_1_72' title="bbox 1033 1313 1780 1358; baseline 0.004 -13"><span class='ocrx_word' id='word_1_350' title='bbox 1033 1313 1269 1346; x_wconf 87' lang='lat' dir='ltr'>ordinariorum</span> <span class='ocrx_word' id='word_1_351' title='bbox 1291 1314 1528 1358; x_wconf 88' lang='lat' dir='ltr'>superioritate,</span> <span class='ocrx_word' id='word_1_352' title='bbox 1560 1314 1780 1348; x_wconf 84' lang='lat' dir='ltr'>iurisdictione</span> 
     </span>
     <span class='ocr_line' id='line_1_73' title="bbox 1033 1368 1779 1412; baseline 0.004 -13"><span class='ocrx_word' id='word_1_353' title='bbox 1033 1371 1063 1399; x_wconf 91' lang='lat' dir='ltr'>et</span> <span class='ocrx_word' id='word_1_354' title='bbox 1082 1372 1237 1410; x_wconf 87' lang='lat' dir='ltr'>potestate</span> <span class='ocrx_word' id='word_1_355' title='bbox 1271 1368 1398 1407; x_wconf 83' lang='lat' dir='ltr'>exemit;</span> <span class='ocrx_word' id='word_1_356' title='bbox 1434 1379 1470 1401; x_wconf 89' lang='lat' dir='ltr'>ac</span> <span class='ocrx_word' id='word_1_357' title='bbox 1498 1374 1562 1401; x_wconf 86' lang='lat' dir='ltr'>tam</span> <span class='ocrx_word' id='word_1_358' title='bbox 1597 1368 1650 1401; x_wconf 89' lang='grc'><strong>1110</strong></span> <span class='ocrx_word' id='word_1_359' title='bbox 1682 1379 1779 1412; x_wconf 87' lang='lat' dir='ltr'>quam</span> 
     </span>
     <span class='ocr_line' id='line_1_74' title="bbox 1032 1420 1778 1466; baseline 0.003 -13"><span class='ocrx_word' id='word_1_360' title='bbox 1032 1420 1146 1454; x_wconf 87' lang='lat' dir='ltr'>deinde</span> <span class='ocrx_word' id='word_1_361' title='bbox 1166 1421 1235 1465; x_wconf 86' lang='lat' dir='ltr'>piae</span> <span class='ocrx_word' id='word_1_362' title='bbox 1253 1421 1427 1455; x_wconf 86' lang='lat' dir='ltr'>memoriae</span> <span class='ocrx_word' id='word_1_363' title='bbox 1439 1422 1514 1455; x_wconf 84' lang='lat' dir='ltr'>Pius</span> <span class='ocrx_word' id='word_1_364' title='bbox 1533 1422 1618 1466; x_wconf 85' lang='lat' dir='ltr'>Papa</span> <span class='ocrx_word' id='word_1_365' title='bbox 1633 1428 1778 1465; x_wconf 87' lang='lat' dir='ltr'>quartus,</span> 
     </span>
     <span class='ocr_line' id='line_1_75' title="bbox 1033 1474 1780 1518; baseline 0.003 -11"><span class='ocrx_word' id='word_1_366' title='bbox 1033 1474 1127 1508; x_wconf 89' lang='lat' dir='ltr'>etiam</span> <span class='ocrx_word' id='word_1_367' title='bbox 1157 1475 1384 1518; x_wconf 84' lang='lat' dir='ltr'>praedecessor</span> <span class='ocrx_word' id='word_1_368' title='bbox 1403 1480 1522 1516; x_wconf 87' lang='lat' dir='ltr'>noster,</span> <span class='ocrx_word' id='word_1_369' title='bbox 1549 1475 1667 1508; x_wconf 85' lang='lat' dir='ltr'>dictam</span> <span class='ocrx_word' id='word_1_370' title='bbox 1702 1487 1780 1509; x_wconf 89' lang='lat' dir='ltr'>con-</span> 
     </span>
     <span class='ocr_line' id='line_1_76' title="bbox 1032 1528 1782 1574; baseline 0.004 -13"><span class='ocrx_word' id='word_1_371' title='bbox 1032 1529 1250 1572; x_wconf 77' lang='lat' dir='ltr'>gregationem</span> <span class='ocrx_word' id='word_1_372' title='bbox 1280 1528 1443 1563; x_wconf 87' lang='lat' dir='ltr'>nonnullis</span> <span class='ocrx_word' id='word_1_373' title='bbox 1463 1529 1533 1563; x_wconf 89' lang='lat' dir='ltr'>aliis</span> <span class='ocrx_word' id='word_1_374' title='bbox 1553 1529 1727 1574; x_wconf 81' lang='lat' dir='ltr'>privilegiis</span> <span class='ocrx_word' id='word_1_375' title='bbox 1751 1535 1782 1564; x_wconf 85' lang='lat' dir='ltr'>et</span> 
     </span>
     <span class='ocr_line' id='line_1_77' title="bbox 1032 1583 1470 1627; baseline 0 -11"><span class='ocrx_word' id='word_1_376' title='bbox 1032 1583 1140 1626; x_wconf 75' lang='lat' dir='ltr'>gratiis</span> <span class='ocrx_word' id='word_1_377' title='bbox 1160 1584 1321 1627; x_wconf 87' lang='lat' dir='ltr'>prosecuti</span> <span class='ocrx_word' id='word_1_378' title='bbox 1341 1584 1470 1617; x_wconf 88' lang='lat' dir='ltr'>suerint.</span> 
     </span>
    </p>

    <p class='ocr_par' dir='ltr' id='par_1_23' title="bbox 1032 1637 1783 2371">
     <span class='ocr_line' id='line_1_78' title="bbox 1076 1637 1780 1680; baseline 0.003 -11"><span class='ocrx_word' id='word_1_379' title='bbox 1076 1637 1136 1680; x_wconf 63' lang='lat' dir='ltr'>QQ.</span> <span class='ocrx_word' id='word_1_380' title='bbox 1154 1637 1284 1670; x_wconf 83' lang='lat' dir='ltr'>Necnon</span> <span class='ocrx_word' id='word_1_381' title='bbox 1294 1637 1469 1670; x_wconf 82' lang='lat' dir='ltr'>successive</span> <span class='ocrx_word' id='word_1_382' title='bbox 1485 1637 1620 1670; x_wconf 84' lang='lat' dir='ltr'>dilectus</span> <span class='ocrx_word' id='word_1_383' title='bbox 1629 1637 1715 1671; x_wconf 86' lang='lat' dir='ltr'>filius</span> <span class='ocrx_word' id='word_1_384' title='bbox 1726 1648 1780 1671; x_wconf 93' lang='lat' dir='ltr'>no-</span> 
     </span>
     <span class='ocr_line' id='line_1_79' title="bbox 1032 1690 1778 1736; baseline 0.001 -13"><span class='ocrx_word' id='word_1_385' title='bbox 1032 1697 1095 1725; x_wconf 85' lang='lat' dir='ltr'>ster</span> <span class='ocrx_word' id='word_1_386' title='bbox 1109 1691 1253 1731; x_wconf 86' lang='lat' dir='ltr'>Carolus,</span> <span class='ocrx_word' id='word_1_387' title='bbox 1267 1690 1350 1723; x_wconf 89' lang='lat' dir='ltr'>tituli</span> <span class='ocrx_word' id='word_1_388' title='bbox 1366 1695 1492 1724; x_wconf 85' lang='lat' dir='ltr'>sanctae</span> <span class='ocrx_word' id='word_1_389' title='bbox 1517 1691 1666 1724; x_wconf 77' lang='lat' dir='ltr'>Praxedis</span> <span class='ocrx_word' id='word_1_390' title='bbox 1688 1702 1778 1736; x_wconf 88' lang='lat' dir='ltr'>pres-</span> 
     </span>
     <span class='ocr_line' id='line_1_80' title="bbox 1032 1745 1776 1790; baseline 0.001 -12"><span class='ocrx_word' id='word_1_391' title='bbox 1032 1746 1121 1790; x_wconf 64' lang='lat' dir='ltr'>byter</span> <span class='ocrx_word' id='word_1_392' title='bbox 1132 1745 1313 1785; x_wconf 87' lang='lat' dir='ltr'>cardinalis,</span> <span class='ocrx_word' id='word_1_393' title='bbox 1332 1745 1544 1778; x_wconf 84' lang='lat' dir='ltr'>Borromaeus</span> <span class='ocrx_word' id='word_1_394' title='bbox 1559 1751 1776 1789; x_wconf 87' lang='lat' dir='ltr'>nuncupatus,</span> 
     </span>
     <span class='ocr_line' id='line_1_81' title="bbox 1033 1798 1776 1840; baseline 0 -8"><span class='ocrx_word' id='word_1_395' title='bbox 1033 1799 1203 1833; x_wconf 85' lang='lat' dir='ltr'>sufficienti</span> <span class='ocrx_word' id='word_1_396' title='bbox 1231 1799 1270 1831; x_wconf 88' lang='lat' dir='ltr'>ad</span> <span class='ocrx_word' id='word_1_397' title='bbox 1298 1798 1329 1831; x_wconf 89' lang='lat' dir='ltr'>id</span> <span class='ocrx_word' id='word_1_398' title='bbox 1357 1798 1518 1838; x_wconf 85' lang='lat' dir='ltr'>facultate,</span> <span class='ocrx_word' id='word_1_399' title='bbox 1542 1804 1577 1831; x_wconf 92' lang='lat' dir='ltr'>ut</span> <span class='ocrx_word' id='word_1_400' title='bbox 1604 1799 1776 1840; x_wconf 83' lang='lat' dir='ltr'>asserebat,</span> 
     </span>
     <span class='ocr_line' id='line_1_82' title="bbox 1033 1852 1778 1895; baseline -0.001 -9"><span class='ocrx_word' id='word_1_401' title='bbox 1033 1854 1193 1893; x_wconf 80' lang='lat' dir='ltr'>suffultus,</span> <span class='ocrx_word' id='word_1_402' title='bbox 1222 1852 1324 1885; x_wconf 90' lang='lat' dir='ltr'>dictae</span> <span class='ocrx_word' id='word_1_403' title='bbox 1350 1852 1590 1895; x_wconf 76' lang='lat' dir='ltr'>congregationi</span> <span class='ocrx_word' id='word_1_404' title='bbox 1611 1853 1778 1886; x_wconf 88' lang='lat' dir='ltr'>ecclesiam</span> 
     </span>
     <span class='ocr_line' id='line_1_83' title="bbox 1033 1906 1780 1950; baseline -0.001 -9"><span class='ocrx_word' id='word_1_405' title='bbox 1033 1908 1131 1941; x_wconf 88' lang='lat' dir='ltr'>sancti</span> <span class='ocrx_word' id='word_1_406' title='bbox 1143 1906 1246 1940; x_wconf 88' lang='lat' dir='ltr'>Maioli</span> <span class='ocrx_word' id='word_1_407' title='bbox 1262 1906 1426 1950; x_wconf 85' lang='lat' dir='ltr'>Papiensis</span> <span class='ocrx_word' id='word_1_408' title='bbox 1443 1906 1518 1939; x_wconf 88' lang='lat' dir='ltr'>olim</span> <span class='ocrx_word' id='word_1_409' title='bbox 1534 1917 1591 1949; x_wconf 90' lang='lat' dir='ltr'>per</span> <span class='ocrx_word' id='word_1_410' title='bbox 1604 1907 1780 1941; x_wconf 89' lang='lat' dir='ltr'>monachos</span> 
     </span>
     <span class='ocr_line' id='line_1_84' title="bbox 1032 1959 1781 2001; baseline -0.001 -6"><span class='ocrx_word' id='word_1_411' title='bbox 1032 1960 1250 1996; x_wconf 85' lang='lat' dir='ltr'>Cluniacensis</span> <span class='ocrx_word' id='word_1_412' title='bbox 1258 1959 1383 1994; x_wconf 85' lang='lat' dir='ltr'>Ordinis</span> <span class='ocrx_word' id='word_1_413' title='bbox 1392 1959 1528 1993; x_wconf 90' lang='lat' dir='ltr'>obtineri</span> <span class='ocrx_word' id='word_1_414' title='bbox 1541 1960 1676 2001; x_wconf 89' lang='lat' dir='ltr'>solitam,</span> <span class='ocrx_word' id='word_1_415' title='bbox 1687 1960 1781 1994; x_wconf 88' lang='lat' dir='ltr'>certis</span> 
     </span>
     <span class='ocr_line' id='line_1_85' title="bbox 1033 2012 1776 2056; baseline -0.001 -8"><span class='ocrx_word' id='word_1_416' title='bbox 1033 2015 1147 2048; x_wconf 84' lang='lat' dir='ltr'>annuis</span> <span class='ocrx_word' id='word_1_417' title='bbox 1171 2014 1347 2048; x_wconf 88' lang='lat' dir='ltr'>redditibus</span> <span class='ocrx_word' id='word_1_418' title='bbox 1367 2013 1413 2046; x_wconf 90' lang='grc'><strong>1111</strong></span> <span class='ocrx_word' id='word_1_419' title='bbox 1438 2012 1616 2056; x_wconf 77' lang='lat' dir='ltr'>assignatis,</span> <span class='ocrx_word' id='word_1_420' title='bbox 1639 2014 1776 2047; x_wconf 86' lang='lat' dir='ltr'>donavit.</span> 
     </span>
     <span class='ocr_line' id='line_1_86' title="bbox 1032 2067 1781 2113; baseline 0 -11"><span class='ocrx_word' id='word_1_421' title='bbox 1032 2070 1159 2113; x_wconf 75' lang='lat' dir='ltr'>Nosque</span> <span class='ocrx_word' id='word_1_422' title='bbox 1198 2068 1405 2112; x_wconf 88' lang='lat' dir='ltr'>postmodum</span> <span class='ocrx_word' id='word_1_423' title='bbox 1449 2067 1654 2102; x_wconf 90' lang='lat' dir='ltr'>donationem</span> <span class='ocrx_word' id='word_1_424' title='bbox 1687 2079 1781 2112; x_wconf 86' lang='lat' dir='ltr'>prae-</span> 
     </span>
     <span class='ocr_line' id='line_1_87' title="bbox 1033 2122 1782 2167; baseline -0.003 -11"><span class='ocrx_word' id='word_1_425' title='bbox 1033 2123 1147 2156; x_wconf 87' lang='lat' dir='ltr'>dictam</span> <span class='ocrx_word' id='word_1_426' title='bbox 1175 2123 1349 2167; x_wconf 83' lang='lat' dir='ltr'>apostolica</span> <span class='ocrx_word' id='word_1_427' title='bbox 1377 2122 1566 2156; x_wconf 86' lang='lat' dir='ltr'>auctoritate</span> <span class='ocrx_word' id='word_1_428' title='bbox 1595 2122 1782 2165; x_wconf 87' lang='lat' dir='ltr'>approbavi-</span> 
     </span>
     <span class='ocr_line' id='line_1_88' title="bbox 1034 2176 1783 2220; baseline 0 -12"><span class='ocrx_word' id='word_1_429' title='bbox 1034 2188 1114 2217; x_wconf 87' lang='lat' dir='ltr'>mus,</span> <span class='ocrx_word' id='word_1_430' title='bbox 1132 2182 1227 2220; x_wconf 88' lang='lat' dir='ltr'>prout</span> <span class='ocrx_word' id='word_1_431' title='bbox 1244 2176 1275 2209; x_wconf 88' lang='lat' dir='ltr'>in</span> <span class='ocrx_word' id='word_1_432' title='bbox 1296 2176 1429 2219; x_wconf 71' lang='lat' dir='ltr'>singulis</span> <span class='ocrx_word' id='word_1_433' title='bbox 1453 2176 1735 2220; x_wconf 86' lang='lat' dir='ltr'>praedecessorum</span> <span class='ocrx_word' id='word_1_434' title='bbox 1752 2181 1783 2209; x_wconf 91' lang='lat' dir='ltr'>et</span> 
     </span>
     <span class='ocr_line' id='line_1_89' title="bbox 1033 2229 1782 2273; baseline -0.001 -10"><span class='ocrx_word' id='word_1_435' title='bbox 1033 2230 1136 2264; x_wconf 85' lang='lat' dir='ltr'>Caroli</span> <span class='ocrx_word' id='word_1_436' title='bbox 1157 2230 1329 2263; x_wconf 82' lang='lat' dir='ltr'>cardinalis</span> <span class='ocrx_word' id='word_1_437' title='bbox 1344 2230 1582 2273; x_wconf 87' lang='lat' dir='ltr'>praedictorum</span> <span class='ocrx_word' id='word_1_438' title='bbox 1598 2229 1782 2273; x_wconf 86' lang='lat' dir='ltr'>patentibus</span> 
     </span>
     <span class='ocr_line' id='line_1_90' title="bbox 1033 2283 1782 2328; baseline -0.001 -11"><span class='ocrx_word' id='word_1_439' title='bbox 1033 2296 1069 2317; x_wconf 88' lang='lat' dir='ltr'>ac</span> <span class='ocrx_word' id='word_1_440' title='bbox 1080 2284 1196 2318; x_wconf 86' lang='lat' dir='ltr'>nostris</span> <span class='ocrx_word' id='word_1_441' title='bbox 1208 2284 1321 2318; x_wconf 88' lang='lat' dir='ltr'>litteris</span> <span class='ocrx_word' id='word_1_442' title='bbox 1334 2284 1473 2328; x_wconf 87' lang='lat' dir='ltr'>desuper</span> <span class='ocrx_word' id='word_1_443' title='bbox 1489 2283 1640 2317; x_wconf 87' lang='lat' dir='ltr'>confectis</span> <span class='ocrx_word' id='word_1_444' title='bbox 1656 2283 1782 2326; x_wconf 90' lang='lat' dir='ltr'>plenius</span> 
     </span>
     <span class='ocr_line' id='line_1_91' title="bbox 1033 2338 1227 2371; baseline 0 0"><span class='ocrx_word' id='word_1_445' title='bbox 1033 2338 1227 2371; x_wconf 87' lang='lat' dir='ltr'>continetur.</span> 
     </span>
    </p>

    <p class='ocr_par' dir='ltr' id='par_1_24' title="bbox 1032 2390 1782 2684">
     <span class='ocr_line' id='line_1_92' title="bbox 1077 2390 1781 2436; baseline -0.004 -11"><span class='ocrx_word' id='word_1_446' title='bbox 1077 2393 1091 2436; x_wconf 90' lang='lat' dir='ltr'><strong>Q</strong></span> <span class='ocrx_word' id='word_1_447' title='bbox 1118 2392 1148 2425; x_wconf 80' lang='lat'>3.</span> <span class='ocrx_word' id='word_1_448' title='bbox 1174 2392 1316 2431; x_wconf 82' lang='lat' dir='ltr'>Quarum</span> <span class='ocrx_word' id='word_1_449' title='bbox 1343 2392 1521 2424; x_wconf 88' lang='lat' dir='ltr'>litterarum</span> <span class='ocrx_word' id='word_1_450' title='bbox 1542 2390 1662 2432; x_wconf 73' lang='lat' dir='ltr'>vig-ore,</span> <span class='ocrx_word' id='word_1_451' title='bbox 1687 2400 1781 2433; x_wconf 88' lang='lat' dir='ltr'>prae·</span> 
     </span>
     <span class='ocr_line' id='line_1_93' title="bbox 1032 2438 1780 2481; baseline -0.004 -6"><span class='ocrx_word' id='word_1_452' title='bbox 1032 2442 1106 2476; x_wconf 88' lang='lat' dir='ltr'>dieti</span> <span class='ocrx_word' id='word_1_453' title='bbox 1127 2443 1319 2481; x_wconf 84' lang='lat' dir='ltr'>sacerdotes,</span> <span class='ocrx_word' id='word_1_454' title='bbox 1342 2441 1449 2473; x_wconf 83' lang='lat' dir='ltr'>cleriei</span> <span class='ocrx_word' id='word_1_455' title='bbox 1471 2445 1501 2473; x_wconf 89' lang='lat' dir='ltr'>et</span> <span class='ocrx_word' id='word_1_456' title='bbox 1520 2439 1593 2472; x_wconf 90' lang='lat' dir='ltr'>laici</span> <span class='ocrx_word' id='word_1_457' title='bbox 1613 2438 1780 2472; x_wconf 84' lang='lat' dir='ltr'>ecclesiam</span> 
     </span>
     <span class='ocr_line' id='line_1_94' title="bbox 1032 2488 1782 2536; baseline -0.004 -11"><span class='ocrx_word' id='word_1_458' title='bbox 1032 2492 1227 2536; x_wconf 85' lang='lat' dir='ltr'>praedictam</span> <span class='ocrx_word' id='word_1_459' title='bbox 1253 2491 1285 2523; x_wconf 93' lang='lat' dir='ltr'>in</span> <span class='ocrx_word' id='word_1_460' title='bbox 1310 2491 1441 2523; x_wconf 83' lang='lat' dir='ltr'>domuin</span> <span class='ocrx_word' id='word_1_461' title='bbox 1465 2488 1732 2532; x_wconf 50' lang='lat' dir='ltr'>&#39;‘›atrimonialenn</span> <span class='ocrx_word' id='word_1_462' title='bbox 1751 2494 1782 2522; x_wconf 86' lang='lat' dir='ltr'>ct</span> 
     </span>
     <span class='ocr_line' id='line_1_95' title="bbox 1034 2538 1782 2585; baseline -0.005 -11"><span class='ocrx_word' id='word_1_463' title='bbox 1034 2547 1196 2585; x_wconf 85' lang='lat' dir='ltr'>tamquam</span> <span class='ocrx_word' id='word_1_464' title='bbox 1213 2540 1347 2573; x_wconf 87' lang='lat' dir='ltr'>aliarum</span> <span class='ocrx_word' id='word_1_465' title='bbox 1359 2538 1569 2572; x_wconf 86' lang='lat' dir='ltr'>ecclesiarum</span> <span class='ocrx_word' id='word_1_466' title='bbox 1586 2538 1687 2570; x_wconf 88' lang='lat' dir='ltr'>dictae</span> <span class='ocrx_word' id='word_1_467' title='bbox 1708 2548 1782 2570; x_wconf 84' lang='lat' dir='ltr'>cou-</span> 
     </span>
     <span class='ocr_line' id='line_1_96' title="bbox 1033 2587 1781 2634; baseline -0.005 -11"><span class='ocrx_word' id='word_1_468' title='bbox 1033 2589 1227 2634; x_wconf 72' lang='lat' dir='ltr'>gregationis</span> <span class='ocrx_word' id='word_1_469' title='bbox 1251 2594 1347 2632; x_wconf 85' lang='lat' dir='ltr'>caput</span> <span class='ocrx_word' id='word_1_470' title='bbox 1372 2599 1429 2631; x_wconf 89' lang='lat' dir='ltr'>pro</span> <span class='ocrx_word' id='word_1_471' title='bbox 1456 2587 1572 2620; x_wconf 87' lang='lat' dir='ltr'>suturis</span> <span class='ocrx_word' id='word_1_472' title='bbox 1598 2587 1781 2631; x_wconf 84' lang='lat' dir='ltr'>praeposito</span> 
     </span>
     <span class='ocr_line' id='line_1_97' title="bbox 1033 2635 1780 2684; baseline -0.004 -12"><span class='ocrx_word' id='word_1_473' title='bbox 1033 2639 1086 2684; x_wconf 84' lang='lat' dir='ltr'>qui</span> <span class='ocrx_word' id='word_1_474' title='bbox 1105 2639 1182 2673; x_wconf 91' lang='lat' dir='ltr'>inibi</span> <span class='ocrx_word' id='word_1_475' title='bbox 1203 2638 1338 2672; x_wconf 86' lang='lat' dir='ltr'>resideat</span> <span class='ocrx_word' id='word_1_476' title='bbox 1359 2648 1406 2676; x_wconf 85' lang='lat' dir='ltr'>ac,</span> <span class='ocrx_word' id='word_1_477' title='bbox 1418 2646 1483 2669; x_wconf 91' lang='lat' dir='ltr'>una</span> <span class='ocrx_word' id='word_1_478' title='bbox 1498 2645 1572 2669; x_wconf 89' lang='lat' dir='ltr'>cum</span> <span class='ocrx_word' id='word_1_479' title='bbox 1589 2635 1659 2668; x_wconf 86' lang='lat' dir='ltr'>aliis</span> <span class='ocrx_word' id='word_1_480' title='bbox 1678 2635 1780 2679; x_wconf 88' lang='lat' dir='ltr'>depu-</span> 
     </span>
    </p>
   </div>
   <div class='ocr_carea' id='block_1_18' title="bbox 1803 246 1983 274">
    <p class='ocr_par' dir='ltr' id='par_1_25' title="bbox 1803 246 1983 274">
     <span class='ocr_line' id='line_1_98' title="bbox 1803 246 1983 274; baseline 0.022 -4"><span class='ocrx_word' id='word_1_481' title='bbox 1803 246 1853 271; x_wconf 79' lang='lat' dir='ltr'>An.</span> <span class='ocrx_word' id='word_1_482' title='bbox 1871 246 1900 272; x_wconf 96' lang='lat' dir='ltr'>C.</span> <span class='ocrx_word' id='word_1_483' title='bbox 1918 247 1983 274; x_wconf 74' lang='lat'><strong>1568</strong></span> 
     </span>
    </p>
   </div>
   <div class='ocr_carea' id='block_1_19' title="bbox 1799 421 1984 568">
    <p class='ocr_par' dir='ltr' id='par_1_26' title="bbox 1799 421 1984 568">
     <span class='ocr_line' id='line_1_99' title="bbox 1868 421 1982 443; baseline 0.018 -2"><span class='ocrx_word' id='word_1_484' title='bbox 1868 421 1942 442; x_wconf 73' lang='lat' dir='ltr'>Paulas</span> <span class='ocrx_word' id='word_1_485' title='bbox 1954 421 1982 443; x_wconf 65' lang='lat' dir='ltr'>{tt</span> 
     </span>
     <span class='ocr_line' id='line_1_100' title="bbox 1800 452 1984 479; baseline -0.005 -8"><span class='ocrx_word' id='word_1_486' title='bbox 1800 452 1847 472; x_wconf 80' lang='lat' dir='ltr'>huic</span> <span class='ocrx_word' id='word_1_487' title='bbox 1872 460 1984 479; x_wconf 62' lang='lat' dir='ltr'>rnngiega.</span> 
     </span>
     <span class='ocr_line' id='line_1_101' title="bbox 1800 484 1983 510; baseline 0 -7"><span class='ocrx_word' id='word_1_488' title='bbox 1800 484 1851 503; x_wconf 83' lang='lat' dir='ltr'>tioni</span> <span class='ocrx_word' id='word_1_489' title='bbox 1867 488 1927 510; x_wconf 73' lang='lat' dir='ltr'>rapu!</span> <span class='ocrx_word' id='word_1_490' title='bbox 1944 486 1983 506; x_wconf 71' lang='lat' dir='ltr'>sit-t</span> 
     </span>
     <span class='ocr_line' id='line_1_102' title="bbox 1800 515 1982 540; baseline 0.005 -5"><span class='ocrx_word' id='word_1_491' title='bbox 1800 515 1890 540; x_wconf 67' lang='lat' dir='ltr'>eligendi</span> <span class='ocrx_word' id='word_1_492' title='bbox 1919 515 1982 537; x_wconf 76' lang='lat' dir='ltr'>tacut-</span> 
     </span>
     <span class='ocr_line' id='line_1_103' title="bbox 1799 547 1942 568; baseline 0.014 -2"><span class='ocrx_word' id='word_1_493' title='bbox 1799 549 1863 568; x_wconf 78' lang='lat' dir='ltr'>tatem</span> <span class='ocrx_word' id='word_1_494' title='bbox 1879 547 1942 568; x_wconf 55' lang='lat' dir='ltr'>dedit,</span> 
     </span>
    </p>
   </div>
   <div class='ocr_carea' id='block_1_20' title="bbox 1793 1643 1980 1949">
    <p class='ocr_par' dir='ltr' id='par_1_27' title="bbox 1793 1643 1980 1949">
     <span class='ocr_line' id='line_1_104' title="bbox 1804 1643 1979 1666; baseline 0.011 -2"><span class='ocrx_word' id='word_1_495' title='bbox 1804 1643 1919 1666; x_wconf 69' lang='lat' dir='ltr'>cardinalis</span> <span class='ocrx_word' id='word_1_496' title='bbox 1931 1644 1979 1666; x_wconf 78' lang='lat' dir='ltr'>flor-</span> 
     </span>
     <span class='ocr_line' id='line_1_105' title="bbox 1795 1677 1978 1698; baseline 0.005 -1"><span class='ocrx_word' id='word_1_497' title='bbox 1795 1682 1892 1698; x_wconf 61' lang='lat' dir='ltr'>tomaene</span> <span class='ocrx_word' id='word_1_498' title='bbox 1908 1677 1978 1698; x_wconf 72' lang='lat' dir='ltr'>eccle-</span> 
     </span>
     <span class='ocr_line' id='line_1_106' title="bbox 1795 1708 1976 1729; baseline 0.006 -1"><span class='ocrx_word' id='word_1_499' title='bbox 1795 1710 1845 1729; x_wconf 77' lang='lat' dir='ltr'>siam</span> <span class='ocrx_word' id='word_1_500' title='bbox 1855 1708 1925 1729; x_wconf 73' lang='lat' dir='ltr'>Sancti</span> <span class='ocrx_word' id='word_1_501' title='bbox 1938 1708 1976 1729; x_wconf 61' lang='lat' dir='ltr'>ma-</span> 
     </span>
     <span class='ocr_line' id='line_1_107' title="bbox 1794 1740 1977 1767; baseline 0.005 -8"><span class='ocrx_word' id='word_1_502' title='bbox 1794 1740 1828 1760; x_wconf 69' lang='lat' dir='ltr'>ioli</span> <span class='ocrx_word' id='word_1_503' title='bbox 1866 1740 1977 1767; x_wconf 63' lang='lat' dir='ltr'>Ripiensis</span> 
     </span>
     <span class='ocr_line' id='line_1_108' title="bbox 1793 1771 1980 1797; baseline 0.005 -6"><span class='ocrx_word' id='word_1_504' title='bbox 1793 1771 1980 1797; x_wconf 74' lang='lat' dir='ltr'>eidemcongrega-</span> 
     </span>
     <span class='ocr_line' id='line_1_109' title="bbox 1796 1804 1978 1829; baseline 0.005 -7"><span class='ocrx_word' id='word_1_505' title='bbox 1796 1804 1846 1824; x_wconf 82' lang='grc'><strong>110111</strong></span> <span class='ocrx_word' id='word_1_506' title='bbox 1863 1805 1978 1829; x_wconf 71' lang='lat' dir='ltr'>concessit,</span> 
     </span>
     <span class='ocr_line' id='line_1_110' title="bbox 1795 1834 1978 1855; baseline 0.005 -1"><span class='ocrx_word' id='word_1_507' title='bbox 1795 1838 1815 1855; x_wconf 84' lang='lat' dir='ltr'>et</span> <span class='ocrx_word' id='word_1_508' title='bbox 1832 1835 1865 1855; x_wconf 82' lang='lat' dir='ltr'>liic</span> <span class='ocrx_word' id='word_1_509' title='bbox 1882 1834 1978 1855; x_wconf 74' lang='lat' dir='ltr'>Pontifex</span> 
     </span>
     <span class='ocr_line' id='line_1_111' title="bbox 1795 1865 1979 1886; baseline 0.005 -1"><span class='ocrx_word' id='word_1_510' title='bbox 1795 1865 1870 1885; x_wconf 76' lang='lat' dir='ltr'>dictam</span> <span class='ocrx_word' id='word_1_511' title='bbox 1891 1871 1979 1886; x_wconf 78' lang='lat' dir='ltr'>conces-</span> 
     </span>
     <span class='ocr_line' id='line_1_112' title="bbox 1795 1897 1980 1918; baseline 0.005 -2"><span class='ocrx_word' id='word_1_512' title='bbox 1795 1897 1876 1917; x_wconf 80' lang='lat' dir='ltr'>sionem</span> <span class='ocrx_word' id='word_1_513' title='bbox 1904 1897 1980 1918; x_wconf 81' lang='lat' dir='ltr'>conflr-</span> 
     </span>
     <span class='ocr_line' id='line_1_113' title="bbox 1795 1930 1843 1949; baseline -0.021 0"><span class='ocrx_word' id='word_1_514' title='bbox 1795 1930 1843 1949; x_wconf 79' lang='lat' dir='ltr'>mut.</span> 
     </span>
    </p>
   </div>
   <div class='ocr_carea' id='block_1_21' title="bbox 1795 2397 1979 2585">
    <p class='ocr_par' dir='ltr' id='par_1_28' title="bbox 1795 2397 1979 2585">
     <span class='ocr_line' id='line_1_114' title="bbox 1843 2397 1978 2427; baseline 0 -7"><span class='ocrx_word' id='word_1_515' title='bbox 1843 2397 1935 2427; x_wconf 78' lang='lat' dir='ltr'>Ideoque</span> <span class='ocrx_word' id='word_1_516' title='bbox 1949 2399 1978 2420; x_wconf 64' lang='lat' dir='ltr'>‹n-</span> 
     </span>
     <span class='ocr_line' id='line_1_115' title="bbox 1796 2435 1979 2458; baseline -0.011 -5"><span class='ocrx_word' id='word_1_517' title='bbox 1796 2435 1829 2453; x_wconf 79' lang='lat' dir='ltr'>cta</span> <span class='ocrx_word' id='word_1_518' title='bbox 1865 2437 1979 2458; x_wconf 71' lang='lat' dir='ltr'>congrega·</span> 
     </span>
     <span class='ocr_line' id='line_1_116' title="bbox 1796 2465 1979 2486; baseline -0.011 0"><span class='ocrx_word' id='word_1_519' title='bbox 1796 2467 1824 2486; x_wconf 86' lang='lat' dir='ltr'>tio</span> <span class='ocrx_word' id='word_1_520' title='bbox 1848 2465 1922 2486; x_wconf 74' lang='lat' dir='ltr'>dictam</span> <span class='ocrx_word' id='word_1_521' title='bbox 1943 2470 1979 2485; x_wconf 61' lang='lat' dir='ltr'>ee&lt;</span> 
     </span>
     <span class='ocr_line' id='line_1_117' title="bbox 1795 2497 1979 2522; baseline -0.011 -4"><span class='ocrx_word' id='word_1_522' title='bbox 1795 2497 1881 2518; x_wconf 71' lang='lat' dir='ltr'>clesiam</span> <span class='ocrx_word' id='word_1_523' title='bbox 1917 2499 1979 2522; x_wconf 77' lang='lat' dir='ltr'>caput</span> 
     </span>
     <span class='ocr_line' id='line_1_118' title="bbox 1796 2529 1978 2549; baseline -0.005 -1"><span class='ocrx_word' id='word_1_524' title='bbox 1796 2529 1882 2549; x_wconf 76' lang='lat' dir='ltr'>aliarum</span> <span class='ocrx_word' id='word_1_525' title='bbox 1901 2529 1978 2548; x_wconf 66' lang='lat' dir='ltr'>consti-</span> 
     </span>
     <span class='ocr_line' id='line_1_119' title="bbox 1795 2561 1841 2585; baseline 0.022 -5"><span class='ocrx_word' id='word_1_526' title='bbox 1795 2561 1841 2585; x_wconf 75' lang='lat' dir='ltr'>tuit5</span> 
     </span>
    </p>
   </div>
  </div>
 </body>
</html>
