2237 3100
55 293 105 324 An.
122 296 152 323 C.
169 292 238 322 ¹569

90 1865 139 1887 Pius
155 1865 242 1887 coutra-

57 1898 122 1920 tribus
159 1897 241 1919 Rontii

56 1935 171 1951 contestas
207 1930 242 1950 iu-

57 1961 176 1987 dulgentia·
187 1966 241 1982 eon-

57 1994 125 2013 urm-i

921 291 989 316 PIUS
1012 292 1042 317 V.
1070 290 1118 317 PP.

252 350 284 378 et
307 345 347 378 de
367 355 433 388 quo
452 344 522 378 sine
535 345 688 379 humanis
708 345 859 379 manibus
884 345 1004 379 abscis-

251 409 305 431 sus
330 403 376 432 est
403 398 484 443 lapis
514 398 580 439 ille,
615 399 684 443 qui,
706 399 793 443 ligno
818 411 1002 443 percussus,

252 452 429 496 gratiarum
456 464 555 496 aquas
581 454 747 487 affluentes
767 454 930 497 produxit,
955 466 1004 487 10-

252 506 392 550 spiciens
416 507 548 540 modum
571 508 696 541 facilem
713 513 741 541 01
768 508 1005 552 omnibusper—

251 560 339 593 vium
360 572 396 593 ac
421 561 596 595 admodum
617 562 707 605 pium
734 561 848 594 orandi
875 567 906 595 et
931 573 1005 605 pre-

253 614 346 647 candi
356 614 467 656 Deum,
479 615 649 648 Rosarium
659 626 713 648 seu
724 615 914 648 Psalterium
924 615 1006 648 eius·

253 668 325 701 dem
338 669 371 701 B.
384 669 501 702 Mariae
521 668 659 712 Virginis
685 675 923 712 nuncupatum,
941 680 1005 712 quo

254 721 365 755 eadem
381 722 566 756 beatissima
574 723 682 766 Virgo,
695 723 894 756 Salutatione
904 724 1006 766 Ange-

252 774 314 807 lica
338 776 460 808 centies
487 782 517 809 ct
542 776 759 820 quinquagies
774 777 812 809 1111
832 787 1005 809 numerum

251 827 393 862 Davidici
424 830 570 863 Psalterii
605 830 760 874 repetita,
789 836 817 863 et
854 830 1006 863 Oratione

251 882 419 916 Dominica
444 884 483 916 ad
514 884 691 927 quamlibet
725 883 904 924 decimam,
932 895 1005 917 cum

251 936 348 969 certis
368 936 645 979 meditationibus,
668 943 765 971 totam
782 937 925 970 eiusdem
944 938 1006 971 Do*-

252 989 379 1024 miniN.
403 991 473 1024 Iesu
492 990 609 1024 Christi
637 991 735 1025 vitam
753 992 1006 1024 demonstranti-

252 1044 324 1084 bus,
351 1044 553 1088 interposita,
580 1052 764 1087 veneratur,
793 1045 1004 1089 excogitavit,

253 1098 482 1141 excogitatum,
510 1109 569 1142 per
589 1100 620 1133 S.
641 1099 676 1132 R.
698 1099 732 1132 E.
761 1105 868 1142 partes
890 1110 1007 1143 propa-

252 1151 348 1195 gavit3
367 1152 548 1196 orandique
570 1153 666 1186 modo
687 1153 856 1196 praedicto
877 1164 935 1197 per
957 1164 1006 1186 as-

252 1206 353 1239 seclas
378 1207 413 1240 B.
440 1207 620 1247 Dominici‚
640 1208 756 1241 fratres
777 1207 927 1241 videlicet
951 1208 1007 1241 Or-

252 1260 337 1293 dinis
362 1261 532 1304 praedicti,
552 1261 715 1304 divulgato
747 1266 774 1294 et
802 1272 819 1293 a
841 1261 1006 1294 nonnullis

253 1319 398 1357 accepto,
414 1320 594 1358 coeperunt
608 1314 894 1347 christifideleshis
906 1315 1008 1347 medi-

253 1367 431 1401 tationibus
455 1368 595 1409 accensi,
621 1367 672 1401 bis
707 1368 858 1411 precibus
880 1368 1006 1401 10111101-

254 1421 344 1462 mati,
364 1421 398 1454 in
418 1422 498 1455 alios
513 1422 598 1455 viros
616 1427 750 1465 repente
779 1422 910 1463 mutari,
930 1423 1006 1455 hae-

254 1485 362 1508 resum
387 1475 541 1509 tenebrae
558 1475 692 1517 remitti,
712 1481 743 1509 et
762 1475 816 1508 lux
829 1476 1007 1509 catholicae

253 1528 329 1562 fidei
350 1529 484 1573 aperiri,
504 1535 535 1563 et
558 1530 597 1563 ad
614 1530 698 1564 hanc
715 1530 829 1563 orandi
854 1530 1004 1570 sormam,

253 1592 313 1626 pro
338 1583 487 1616 locorum
508 1582 712 1624 diversitate,
740 1583 925 1617 sodalitates
949 1594 1009 1627 per

253 1636 368 1670 fratres
392 1636 537 1671 eiusdem
571 1637 714 1677 Ordinis,
740 1637 780 1671 ad
804 1637 866 1671 hoc
899 1649 915 1670 a
940 1637 1008 1671 suis

253 1690 479 1734 superioribus
503 1691 649 1735 legitime
675 1691 859 1736 deputatos,
883 1691 1007 1725 institui

255 1750 286 1778 et
305 1745 484 1779 confratres
506 1745 539 1778 in
560 1745 605 1779 eis
626 1745 778 1779 describi.

299 1798 314 1842 g
334 1798 365 1832 Ἰ.
389 1798 451 1832 Nos
472 1809 616 1842 quoque,
632 1799 764 1833 illorum
783 1800 1010 1843 praedecesso-

255 1862 328 1885 rum
348 1852 481 1896 vestigia
500 1858 683 1896 sequentes,
706 1853 900 1886 militantem
925 1853 1009 1886 1111110

254 1905 430 1940 Ecclesiam
470 1907 623 1940 divinitus
659 1907 753 1940 nobis
789 1907 1007 1947 commissam,

254 1959 305 1993 his
329 1961 532 2004 temporibus
556 1967 603 1994 tot
628 1960 818 1994 haeresibus
843 1961 1007 2004 agitatam,

255 2019 303 2047 tot
335 2014 429 2048 bellis
463 2014 637 2058 pravisque
666 2014 838 2048 hominum
865 2014 1010 2048 moribus

256 2067 409 2101 atrociter
432 2073 577 2102 vexatam
598 2073 629 2101 et
649 2067 801 2101 afflictam
827 2074 1008 2108 cernentes,

256 2120 539 2166 lacrymabundos,
562 2122 618 2155 sed
648 2121 717 2165 spei
742 2122 868 2166 plenos,
899 2122 1010 2155 oculos

256 2174 290 2208 in
310 2181 454 2209 montem
480 2175 585 2216 illum,
621 2176 708 2208 unde
736 2186 833 2209 omne
854 2174 1010 2208 auxilium

257 2229 426 2272 provenit,
448 2229 609 2271 levamus,
632 2235 663 2263 et
688 2229 832 2272 singulos
857 2228 1011 2262 christifi-

257 2282 344 2316 deles
364 2283 403 2316 ad
423 2283 529 2316 simile
549 2282 735 2316 faciendum
752 2283 892 2325 benigne
906 2282 939 2315 in
951 2282 1012 2316 Do-

258 2336 346 2370 mino
366 2336 538 2370 hortamur
561 2343 593 2370 et
627 2347 808 2370 monemus.
837 2336 942 2380 thue
968 2336 1012 2369 sa-

258 2390 352 2424 cilius
387 2390 503 2423 modus
530 2389 585 2423 ille
611 2390 650 2423 ab
677 2389 842 2431 omnibus,
866 2401 941 2423 cum
975 2401 1012 2423 ea

259 2455 324 2488 qua
349 2444 441 2477 decet.
479 2443 650 2478 devotione
681 2449 713 2478 et
738 2443 855 2477 mentis
881 2443 1011 2486 religio-

259 2493 375 2537 nisque
396 2492 592 2526 christianae
618 2492 816 2533 sinceritate,
838 2493 1012 2536 amplecta-

259 2548 324 2583 tur,
346 2542 547 2576 auctoritatis
568 2548 697 2576 nostrae
718 2548 839 2586 partes,
853 2547 1011 2585 quantum

260 2591 353 2625 nobis
377 2603 414 2625 ex
450 2592 514 2625 alto
551 2591 766 2631 conceditur,
793 2590 1013 2624 favorabiliter

260 2640 495 2685 impartientes,
511 2641 643 2674 modum
661 2640 774 2674 orandi
801 2646 830 2673 01
856 2639 1011 2683 precandi

262 2690 466 2732 praedictum
494 2689 669 2734 omniaque
683 2694 714 2723 et
725 2689 853 2734 singula
873 2688 1010 2729 indulta,

1046 345 1286 389 indulgentias,
1323 350 1532 390 peccatorum
1572 345 1795 387 remissiones,

1047 400 1279 440 relaxationes,
1306 398 1540 439 immunitates,
1577 398 1746 442 privilegia
1767 406 1798 433 et

1047 453 1124 487 alias
1157 453 1276 497 gratias
1302 464 1360 497 per
1385 462 1609 496 quoscumque
1637 452 1798 485 Romanos

1046 507 1218 541 Pontifices
1231 507 1494 551 praedecessores
1510 512 1637 539 nostros
1651 513 1681 539 et
1695 506 1798 539 dictae

1047 561 1136 594 Sedis
1166 562 1261 594 etiam
1287 561 1325 594 de
1359 561 1475 602 latere,
1502 560 1623 603 legatos
1651 571 1687 592 110
1719 560 1798 594 alios

1047 615 1224 658 apostolica
1249 615 1439 648 auctoritate
1452 614 1612 654 suffultos,
1627 613 1714 646 iuxta
1727 626 1800 658 pre-

1047 668 1141 701 candi
1176 669 1307 702 modum
1333 668 1534 712 praedictum
1560 668 1740 709 orantibus,
1769 674 1797 701 et

1048 722 1368 755 confraternitatibus
1398 733 1454 755 seu
1489 721 1714 755 sodalitatibus
1738 722 1799 754 sub

1048 775 1134 808 dicto
1158 776 1292 809 Rosario
1318 776 1490 817 institutis,
1522 781 1550 808 et
1584 775 1714 808 illorum
1748 786 1799 809 ec-

1048 829 1153 861 clesiis
1186 840 1243 862 seu
1281 829 1437 861 altaribus
1473 834 1525 862 11111
1565 828 1720 872 cappellis
1750 829 1798 862 vel

1048 882 1265 915 confratribus
1291 893 1327 915 ac
1347 882 1523 923 sodalibus,
1543 887 1607 915 tam
1625 888 1800 926 1110101110-

1048 935 1120 978 prio
1141 941 1169 968 et
1192 947 1229 968 ex
1254 941 1340 968 certa
1361 936 1507 976 scientia,
1534 935 1599 968 sive
1624 935 1657 968 in
1681 947 1799 979 genere

1048 990 1096 1022 vel
1121 989 1154 1022 in
1179 989 1295 1033 specie,
1317 1000 1414 1033 quam
1441 989 1518 1022 alias
1543 989 1799 1033 quomodolibet,

1049 1043 1144 1075 etiam
1170 1043 1316 1087 pluries,
1351 1054 1522 1084 concessa,
1550 1043 1741 1076 confirmata
1770 1049 1801 1076 et

1049 1096 1211 1137 innovata,
1227 1108 1368 1140 quorum
1389 1097 1535 1130 omnium
1551 1103 1579 1130 et
1597 1097 1800 1140 singulorum

1049 1156 1177 1183 tenores
1203 1157 1231 1183 et
1259 1151 1452 1195 compendia
1484 1151 1709 1194 praesentibus
1742 1151 1800 1184 ha-

1048 1204 1117 1237 beri
1143 1204 1292 1238 volumus
1317 1215 1377 1248 pro
1402 1205 1560 1249 expressis
1585 1210 1616 1238 et.
1655 1204 1798 1245 insertis,

1049 1258 1161 1291 eadem
1176 1258 1380 1299 auctoritate,
1397 1259 1512 1291 harum
1534 1258 1629 1298 serie,
1643 1264 1801 1302 perpetuo

1049 1312 1281 1346 confirmamus
1320 1318 1348 1345 01
1389 1313 1634 1356 approbamus,
1663 1323 1698 1345 ac
1738 1312 1801 1345 illis

1049 1371 1225 1409 perpetuae
1246 1372 1276 1399 et
1298 1365 1493 1399 inviolabilis
1513 1366 1675 1399 firmitatis
1701 1365 1802 1399 robur

1049 1419 1230 1452 adiicimus.

1092 1473 1107 1517 ξ
1127 1473 1158 1506 2.
1185 1473 1462 1518 Necnon,potiori
1487 1484 1546 1518 pro
1559 1474 1695 1512 cautela,
1710 1485 1802 1518 prae-

1050 1527 1145 1560 missa
1165 1527 1275 1561 omnia
1295 1528 1415 1561 eisdem
1437 1528 1533 1561 modo
1555 1533 1584 1561 et
1601 1528 1803 1572 10111111,ᾳυί-

1049 1581 1109 1614 bus
1130 1592 1281 1615 concessa
1298 1581 1519 1627 reperiuntur,
1534 1581 1631 1615 etiam
1644 1587 1802 1625 perpetuo

1050 1635 1253 1675 innovamus3
1272 1647 1309 1668 ac
1333 1636 1486 1669 omnibus
1513 1641 1543 1668 et
1567 1635 1702 1679 singulis
1718 1635 1804 1668 chri-

1049 1688 1242 1722 stifidelibus
1262 1689 1433 1733 utriusque
1454 1700 1547 1722 sexus
1572 1689 1802 1727 confratribus,

1050 1754 1109 1787 per
1133 1743 1236 1777 dictos
1260 1744 1344 1777 filios
1370 1744 1543 1777 modernos
1569 1749 1600 1776 et
1630 1753 1690 1786 pro
1722 1748 1803 1775 tem-

1051 1808 1129 1841 pore
1151 1798 1323 1831 existentes
1349 1798 1463 1830 sratres
1488 1796 1616 1831 Ordinis
1637 1796 1803 1840 praedicti,

1053 1851 1084 1883 in
1105 1850 1182 1891 suis,
1211 1857 1239 1885 et
1261 1857 1326 1884 tam
1346 1862 1405 1896 per
1430 1862 1484 1885 005
1509 1862 1607 1895 quam
1632 1862 1691 1894 per
1725 1850 1803 1883 alios

1051 1905 1246 1946 sacerdotes,
1260 1905 1357 1939 etiam
1375 1906 1408 1938 in
1429 1905 1500 1938 aliis
1521 1905 1677 1944 ecclesiis,
1690 1904 1804 1938 adicto

1052 1958 1142 1999 silio,
1175 1959 1270 1992 etiam
1306 1959 1462 1992 moderno
1499 1965 1527 1992 et
1562 1970 1621 2002 pro
1658 1965 1803 2002 tempore

1053 2011 1218 2054 existente,
1234 2013 1335 2057 ipsius
1351 2012 1634 2057 Ordinisjgenerali
1650 2012 1804 2055 magistro

1052 2066 1099 2099 vel
1121 2066 1189 2099 eius
1214 2066 1334 2099 vicario
1359 2066 1525 2099 dumtaxat
1559 2066 1742 2109 deputatos,
1771 2065 1804 2098 in

1053 2120 1239 2154 huiusmodi
1274 2120 1477 2154 sodalitatem
1502 2126 1531 2154 et
1558 2119 1805 2153 confraternita-

1054 2180 1117 2207 tem
1141 2174 1267 2208 Rosarii
1293 2174 1431 2218 receptis
1446 2180 1481 2215 ,et
1507 2173 1687 2217 descriptis,
1700 2173 1804 2206 eccle-

1053 2228 1114 2261 sias
1129 2254 1136 2268 ,
1163 2228 1278 2261 altaria
1303 2234 1334 2261 et
1358 2228 1521 2271 cappellas
1545 2226 1732 2260 huiusmodi
1757 2226 1804 2259 vi-

1053 2280 1237 2322 sitantibus,
1264 2291 1392 2315 necnon
1411 2281 1474 2313 Deo
1502 2290 1614 2324 preces
1634 2279 1722 2312 iuxta
1741 2279 1805 2312 Ro-

1053 2335 1129 2367 sarii
1164 2335 1297 2368 modum
1326 2334 1530 2378 praedictum
1551 2333 1804 2373 effundentibus,

1054 2389 1141 2432 quod
1161 2389 1314 2422 omnibus
1334 2394 1363 2422 01
1398 2387 1533 2430 singulis
1568 2387 1725 2428 indultis,
1757 2387 1805 2420 in-

1054 2443 1228 2487 dulgentiis
1246 2470 1254 2484 ,
1298 2448 1507 2487 peccatorum
1547 2441 1804 2481 remissionibus,

1055 2492 1319 2533 relaxationibus,
1350 2490 1527 2535 privilegiis
1561 2496 1590 2524 et
1627 2490 1697 2523 aliis
1731 2501 1805 2534 gra-

1055 2541 1105 2574 tiis
1138 2541 1314 2585 praefatis,
1335 2540 1420 2581 frui,
1443 2539 1512 2580 uti,
1549 2539 1646 2583 potiri
1672 2545 1703 2572 et
1727 2550 1805 2583 gau-

1055 2590 1149 2631 dere,
1176 2601 1303 2624 necnon
1333 2590 1454 2623 eisdem
1488 2588 1807 2623 confraternitatibus

1054 2651 1111 2673 seu
1132 2639 1368 2681 sodalitatibus,
1388 2638 1476 2683 quod
1496 2639 1626 2672 illarum
1647 2639 1686 2672 ad
1704 2638 1735 2671 id
1753 2638 1808 2671 de—

1054 2689 1158 2733 putati
1184 2689 1363 2723 confratres
1384 2687 1494 2722 omnia
1519 2693 1549 2722 et
1573 2688 1700 2732 singula
1716 2687 1806 2721 obla-

1690 280 1754 316 775
1811 291 1860 318 An.
1877 291 1906 319 c.
1927 288 1995 319 15⁶9

1842 1479 1868 1501 Et
1880 1480 1974 1506 innovat3
