2237 3100
229 264 277 288 An.
295 263 322 289 C.
346 263 408 290 15611

240 911 318 932 Causae
343 912 403 932 huius

222 945 387 964 constitutionis.

426 316 545 348 liorum
562 327 694 349 suorum
717 327 821 349 mores
841 317 1011 359 diligemur
1031 330 1176 360 perscru-
1196 330 1198 356 ξ

428 369 540 401 tandos
568 369 742 412 aliquando
764 371 940 409 rellectere,
963 381 999 402 ac
1021 381 1075 403 cos
1096 383 1174 414 prre-
1195 366 1197 398 ἶ

426 423 533 454 sertim
549 450 556 463 ,
578 434 659 466 quos
680 424 711 455 in
733 424 927 466 apostolicae
948 424 1175 457 sollicitudinis
1194 416 1196 455 J

425 482 548 519 partem
583 477 722 509 evocavit
754 476 951 517 Altissimus,
976 477 1095 510 nedum
1135 480 1195 511 ab

425 530 513 561 omni
534 530 692 573 pactionis
708 529 838 562 illicitae
849 530 1051 573 contagione,
1062 542 1171 565 verum

425 583 519 615 etiam
544 583 583 615 ab
613 584 682 615 eius
707 583 893 616 omnimoda
915 585 1100 627 suspicione
1121 598 1172 619 va-

424 648 501 669 cuos
530 642 557 668 ct
597 637 759 669 immunes
785 648 972 671 conservare
998 639 1108 680 decet,
1140 647 1174 673 ut

422 690 477 732 qui
499 695 622 723 ceteros
642 690 775 723 illustris
791 690 887 724 officii
904 692 1099 726 sublimitate
1119 704 1173 726 an—

423 743 594 783 tecellunt,
621 744 749 776 eosdem
781 744 886 787 prisca
911 745 1006 777 etiam
1029 746 1081 778 illa
1102 758 1171 779 ino-

423 806 493 827 rum
519 796 700 839 integritate
721 804 883 841 praestare
905 798 1148 841 dignoscantur.

463 849 529 892 gl.
562 850 659 889 Sane,
689 851 763 884 licet
792 851 933 891 dudum,
956 863 1029 885 curn
1052 859 1171 887 certam

420 902 615 935 simoniacae
636 903 797 947 pravitatis
818 905 971 948 speciem,
998 917 1095 949 quam
1116 907 1171 940 be-

420 955 612 989 neficiorum
648 958 876 992 confidentiam
910 965 1043 996 vocant,
1076 960 1170 993 etiam

419 1009 582 1043 Romanae
603 1010 718 1043 Curiae
733 1038 740 1051 ,
762 1017 857 1055 atque
887 1012 967 1045 adeo
989 1013 1020 1044 in
1043 1024 1170 1046 sacrum

419 1064 650 1097 venerabilium
674 1066 807 1097 fratrum
834 1071 1018 1098 nostrorum
1045 1073 1171 1100 sanctae

420 1116 582 1150 Romanae
620 1118 780 1151 Ecclesiae
819 1119 1032 1152 cardinalium
1073 1121 1171 1154 colle-

419 1170 521 1213 gium,
544 1171 634 1214 quasi
656 1183 714 1215 per
734 1172 914 1211 cuniculos,
933 1173 1111 1217 irrepsisse,
1135 1186 1171 1208 ac

420 1224 596 1256 nonnullos
616 1235 652 1257 ex
677 1225 754 1269 ipsis
775 1225 943 1265 fratribus,
971 1226 1070 1259 nimia
1090 1238 1170 1269 qua-

419 1276 491 1308 dam
530 1277 701 1318 facilitate,
738 1289 793 1311 seu
834 1279 939 1321 potius
977 1280 1172 1324 importunis

418 1330 599 1363 amicorum
635 1332 909 1375 familiariumque
939 1334 1091 1376 precibus
1114 1335 1170 1367 ad-

418 1383 551 1423 ductos,
574 1384 731 1417 beneficia
761 1385 977 1419 ecclesiastica
1008 1386 1040 1418 in
1069 1388 1168 1419 confi—

418 1437 559 1469 dentiam
580 1437 767 1471 huiusmodi
789 1439 947 1482 recepisse
968 1445 996 1472 et
1018 1440 1170 1483 frequen-

419 1495 467 1523 ter
491 1491 635 1535 recipere
664 1492 898 1531 intelleximus3
918 1494 999 1525 banc
1026 1494 1169 1527 illicitam

418 1544 663 1578 beneficientiae
694 1547 891 1579 exercendae
925 1557 979 1580 seu
1010 1547 1170 1581 amicitiae

420 1598 572 1631 colendae
603 1599 684 1631 viam
718 1611 735 1632 a
764 1605 851 1632 tanto
882 1600 994 1633 saltem
1034 1601 1170 1643 collegio

419 1661 552 1694 prorsus
572 1652 740 1686 eliminare
762 1653 942 1697 cupientes,
965 1654 1094 1686 eosdem
1113 1655 1171 1687 fra-

420 1710 500 1745 tres,
531 1705 564 1737 in
594 1706 785 1739 consistorio
811 1712 919 1739 nostro
941 1713 1082 1747 secreto,
1106 1718 1170 1740 non

418 1759 516 1791 semel
550 1760 818 1793 admonuerimus
844 1761 921 1793 huic
942 1762 1047 1794 aliena
1072 1762 1170 1795 bene-

417 1812 489 1844 ficia
510 1814 719 1867 custodiendi,
744 1815 839 1847 modo
866 1825 904 1847 ne
926 1822 1169 1855 assuescerent,

419 1876 495 1898 neve
521 1866 574 1898 illa
594 1867 654 1899 hoc
677 1873 769 1910 pacto
790 1869 985 1911 reciperent,
1008 1875 1106 1912 utque
1127 1870 1171 1902 sic

419 1926 547 1964 recepta
576 1921 795 1956 dimitterent:
820 1923 1034 1955 nihilomiuus
1068 1934 1172 1967 nuper

418 1974 457 2006 ad
477 1985 571 2007 aures
596 1982 721 2008 nostras
747 1978 892 2020 pervenit
913 1988 1025 2010 eorum
1047 1979 1172 2021 aliquos

419 2029 607 2062 monitionis
627 2036 765 2068 nostrae,
790 2031 887 2063 inuno
914 2033 1020 2075 potius
1041 2033 1169 2072 suimet,

417 2083 545 2122 oblitos,
568 2094 616 2121 ea,
635 2095 717 2127 quae
739 2085 948 2118 custodienda
971 2093 1170 2130 receperant,

419 2136 592 2177 beneficia,
617 2139 760 2171 nonduin
794 2144 901 2171 tamen
937 2141 1113 2178 dimisisse:
1141 2147 1172 2174 et

420 2191 552 2235 insuper
585 2192 655 2225 illos
689 2198 717 2226 et
753 2194 929 2226 nonnullos
949 2195 1051 2234 alios,
1074 2196 1169 2228 etiam

419 2245 628 2287 patriarchas,
652 2246 914 2291 archiepiscopos
947 2254 975 2280 et
1003 2249 1082 2281 alios
1105 2250 1172 2293 epi-

419 2309 547 2342 scopos,
581 2311 618 2332 ac
656 2300 751 2333 etiam
786 2301 937 2335 Gamerae
970 2302 1170 2345 Apostolicae

420 2354 566 2393 clericos,
585 2356 748 2394 ecclesias,
772 2357 978 2396 monasteria,
1002 2357 1172 2400 dignitates

420 2413 447 2440 et
469 2409 532 2440 alia
552 2409 709 2443 beneficia
728 2410 936 2450 huiusmodi,
960 2411 992 2443 in
1014 2411 1061 2444 sui
1083 2410 1170 2444 savo—

421 2468 487 2489 rcm
524 2458 698 2502 resignata,
727 2471 815 2493 cessa
847 2460 895 2492 vel
915 2460 993 2492 alias
1027 2460 1169 2501 dimissa,

421 2513 621 2551 acceptasse,
644 2514 697 2541 aut
723 2509 761 2541 de
793 2509 874 2549 illis,
897 2520 955 2553 per
975 2509 1098 2542 obitum
1123 2511 1170 2543 vel

421 2557 499 2589 alias
518 2558 721 2598 vacantibus,
743 2570 760 2591 a
781 2559 874 2591 nobis
894 2564 921 2591 et
944 2559 1171 2602 praedecesso-

422 2607 512 2639 ribus
527 2608 656 2645 nostris,
680 2618 735 2640 seu
760 2608 854 2641 etiam
886 2608 926 2641 ab
951 2608 1122 2641 ordinariis
1143 2614 1173 2641 ct.

423 2656 492 2690 aliis
526 2656 736 2690 inferioribus
763 2657 990 2699 collatoribus,
1013 2657 1106 2691 etiarn
1133 2658 1171 2691 ad

1022 267 1199 291 m'LLARtUM

1225 266 1373 289 ROMANUM

1218 324 1429 362 patronorum
1450 318 1753 360 praesentationem,
1776 318 1815 350 ad
1835 317 1967 350 alterius

1218 370 1425 403 commodum
1447 370 1505 402 sibi
1532 370 1690 413 provideri
1712 371 1905 408 obtinuisse;
1928 371 1966 403 il-

1216 425 1311 467 laque
1344 435 1381 457 ac
1401 423 1496 456 etiam
1516 423 1579 456 alia
1599 424 1691 456 aliter
1720 425 1864 457 vacantia
1877 451 1884 464 ,
1907 425 1965 458 sibi

1217 479 1247 510 in
1270 478 1417 517 titulum,
1446 477 1670 509 commendam
1690 478 1737 509 vel
1762 478 1966 511 administra-

1193 532 1336 564 ‹tionem
1372 535 1427 562 aut
1459 530 1537 562 alias
1570 530 1654 563 dicta
1678 531 1867 564 auctoritate
1888 542 1966 564 con-

1217 595 1315 623 cessa,
1334 583 1529 627 quandoque
1551 583 1582 615 in
1599 583 1834 626 resignantium
1849 585 1897 617 vel
1917 596 1968 618 ce·

1991 264 2037 291 in.
2055 265 2084 292 C.
2102 264 2168 291 ἱῒίὃὶι

1216 637 1360 670 dentium
1377 648 1432 669 seu
1454 636 1549 669 etiam
1570 636 1708 669 aliorum
1729 637 1868 670 savorem
1902 649 1968 671 ces-
1988 646 1990 648 '

1215 692 1291 725 sisse
1310 691 1359 723 vel
1379 690 1457 723 alias
1473 690 1641 723 dimisisse.
1665 691 1708 723 Ac
1720 691 1779 724 sibi
1795 697 1968 736 propterea

1216 745 1386 788 pensiones
1406 755 1530 777 annuas
1551 755 1586 776 ac
1607 744 1750 785 sructus,
1773 745 1917 779 redditus
1937 751 1968 778 et

1214 804 1387 843 proventus
1412 799 1645 838 ecclesiarum,
1674 799 1964 839 monasteriorum,

1214 853 1407 895 dignitatum
1433 858 1463 885 et
1487 852 1625 885 aliorum
1648 852 1883 885 beneficiorum
1904 854 1966 886 hu-

1214 906 1373 945 iusmodi,
1397 906 1428 938 in
1455 912 1520 939 toto
1545 907 1591 939 vel
1617 906 1650 938 in
1671 912 1772 949 parte,
1795 906 1889 939 etiam
1911 907 1968 939 ali-

1214 960 1343 1002 quando
1364 972 1437 993 cum
1459 960 1608 992 facultate
1629 960 1699 992 illas
1720 966 1750 992 ct
1774 960 1846 993 illos
1866 966 1968 994 trans-

1215 1014 1357 1053 ferendi,
1388 1024 1424 1046 ac
1453 1014 1549 1046 etiam
1571 1013 1788 1054 collationem,
1813 1014 1967 1057 provisio-

1215 1077 1309 1106 nem,
1332 1067 1624 1110 praesentationem
1655 1072 1686 1099 et
1714 1067 1810 1100 aliam
1828 1067 1965 1111 disposi-

1214 1120 1335 1152 tionem
1356 1120 1590 1153 beneficiorum
1608 1120 1912 1161 ecclesiasticorum,
1927 1120 1967 1153 ad

1214 1173 1401 1205 earun‘idem
1435 1173 1668 1213 ecclesiarum,
1695 1173 1966 1206 monasteriorum

1215 1232 1241 1259 et
1264 1227 1455 1269 dignitatum
1478 1228 1639 1270 praelatos
1659 1237 1717 1270 pro
1736 1232 1880 1270 tempore
1901 1227 1966 1260 exi-

1214 1286 1332 1313 stentes
1351 1291 1387 1313 ac
1408 1281 1487 1313 alios
1513 1281 1699 1314 huiusmodi
1730 1280 1885 1313 beneficia
1906 1291 1966 1324 pro

1214 1340 1359 1379 tempore
1375 1335 1556 1367 obtinentes
1572 1334 1816 1379 pertinentium,
1838 1345 1966 1368 necnon

1214 1398 1377 1430 regressus
1407 1389 1470 1421 sive
1503 1399 1651 1422 accessus
1684 1394 1714 1421 et
1748 1389 1910 1431 ingressus
1927 1389 1967 1422 ad

1214 1441 1381 1482 ecclesias,
1406 1441 1500 1474 etiam
1535 1442 1751 1481 cathedraleS,
1770 1442 1967 1475 monasteria

1214 1505 1249 1526 ac
1271 1493 1331 1526 alia
1351 1494 1473 1527 diversa
1495 1495 1653 1527 beneficia
1673 1495 1890 1528 ecclesiastica
1906 1495 1966 1528 sibi

1214 1548 1367 1580 reservari
1391 1559 1580 1590 procurasse
1600 1553 1631 1581 et
1646 1548 1835 1588 obtinuisse,
1849 1548 1887 1580 ad
1904 1548 1966 1581 hoc

1213 1600 1357 1633 videlicet
1390 1607 1421 1633 ut
1454 1602 1653 1634 confidentes
1680 1602 1726 1634 sic
1764 1601 1965 1634 decimarum

1214 1655 1465 1697 apostolicarum
1495 1656 1542 1687 vel
1569 1655 1752 1687 communis
1772 1654 1848 1688 dicti
1870 1655 1967 1688 colle—

1214 1708 1255 1749 gii
1278 1713 1305 1740 et
1327 1714 1463 1740 amiatae
1492 1709 1697 1751 aliorumque
1719 1708 1839 1741 iurimn
1861 1708 1964 1742 dictae

1213 1762 1364 1794 Gamerae
1386 1762 1566 1794 debitorum
1590 1763 1784 1795 solutionem
1810 1762 1962 1803 eludant,

1215 1815 1411 1857 integrisque
1437 1816 1684 1856 beneficiorum,
1707 1816 1802 1848 etiam
1824 1816 1855 1848 in
1877 1826 1966 1848 men·

1214 1868 1301 1900 sibus
1322 1869 1505 1911 aptfistolicis
1529 1869 1724 1908 vacantium,
1738 1874 1790 1902 aut
1807 1869 1885 1902 alias
1905 1870 1966 1902 dis-

1215 1922 1364 1966 positioni
1402 1923 1491 1956 Sedis
1524 1924 1725 1967 Apostolicae
1772 1924 1966 1966 generaliter

1214 1981 1461 2016 reservatorum,
1483 1978 1728 2017 collationibus,
1751 1988 1787 2010 ac
1803 1978 1965 2011 interdum

1215 2035 1246 2062 ut
1263 2030 1420 2063 beneficia
1437 2031 1514 2074 ipsa,
1536 2036 1681 2074 tempore
1702 2032 1909 2075 procedente,
1931 2032 1964 2064 in

1213 2085 1416 2127 aliquorum,
1443 2091 1519 2118 tunc
1549 2086 1655 2119 forsan
1683 2086 1722 2119 de
1751 2086 1820 2119 iure
1840 2086 1965 2119 inhabi-

1213 2139 1293 2171 lium
1321 2145 1347 2171 et
1381 2139 1584 2183 incapacium
1622 2140 1669 2172 vel
1691 2140 1836 2172 nondum
1857 2140 1963 2172 adhuc

1214 2197 1374 2232 natorum,
1391 2192 1529 2226 savorem
1546 2194 1702 2226 cedantur
1722 2205 1777 2227 seu
1795 2193 1962 2237 resignen-

1214 2252 1278 2287 tur,
1300 2247 1346 2279 vel
1368 2254 1399 2280 ut
1423 2258 1578 2291 personae
1604 2248 1762 2281 inhabiles
1782 2253 1813 2280 et
1832 2248 1962 2291 incapa-

1214 2312 1265 2334 ces
1284 2301 1495 2343 huiusmodi,
1519 2303 1614 2335 ctiam
1636 2303 1730 2343 laici,
1752 2301 1963 2347 pensionibus

1213 2367 1249 2388 ac
1277 2356 1455 2397 fructibus,
1480 2357 1659 2390 redditibus
1692 2362 1722 2390 et
1755 2357 1963 2401 proventibus

1213 2410 1437 2444 ecclesiasticis
1469 2411 1618 2444 fruantur
1642 2417 1672 2444 et
1704 2411 1874 2453 gaudeant,
1905 2422 1961 2444 seu

1214 2461 1321 2504 potius
1341 2460 1404 2492 illis
1423 2466 1451 2493 et
1472 2460 1622 2493 facultate
1641 2460 1852 2493 transferendi
1869 2472 1962 2504 prae-

1213 2510 1297 2543 dicta
1312 2510 1498 2550 abutantur,
1512 2511 1544 2543 in
1561 2510 1743 2543 animarum
1759 2520 1890 2543 suarum
1907 2522 1960 2555 pe-

1213 2559 1353 2592 riculum
1377 2565 1406 2591 ct.
1427 2560 1644 2602 perniciosum
1667 2559 1861 2601 exemplum.

1258 2608 1272 2651 ἓ
1292 2608 1323 2641 ⁶2.
1354 2609 1457 2648 Quare
1477 2618 1545 2648 nos,
1562 2609 1645 2641 hanc
1667 2608 1880 2641 cardinalium
1909 2619 1962 2642 eo-

2013 2625 2118 2648 Beneficia
2135 2627 2158 2649 in

1214 2658 1363 2692 rumdem
1386 2659 1418 2691 in
1439 2658 1672 2692 monitionibus
1689 2657 1806 2691 nostris
1817 2658 1961 2703 parendo
1975 2657 2102 2680 ⁰⁰⁰⁶d⁰¹²u⁸
2119 2663 2158 2681 ¹⁸·
