2237 3100
45 292 96 319 An.
114 291 144 319 C.
162 292 226 319 ¹561

80 1035 197 1057 Exordium.

53 1300 171 1321 nectamus·
187 1301 225 1326 (de

40 1338 81 1359 qua
91 1332 113 1352 in
122 1332 222 1358 rubrica).

909 289 976 313 Plus
995 290 1025 312 lv
1050 290 1096 312 Pr.

243 343 477 376 lncarnationis
499 343 679 376 dominicae
706 342 876 375 millesimo
896 341 991 385 quin-

243 397 419 440 gentesimo
440 397 634 439 sexagesimo
657 396 776 440 primo,
802 406 835 428 111
857 395 927 427 idus
947 406 993 427 sc-

242 450 409 494 ptembris,
440 450 647 494 pontificatus
667 450 766 483 nostri
787 460 870 482 anno
891 458 922 481 11.

296 503 354 533 Dat.
371 504 417 534 die
437 504 467 533 11
488 509 560 542 sept.
588 505 673 541 thot,
695 504 797 543 11011111.
815 512 890 532 311110
907 511 935 531 ιι.

556 647 668 679 XLVII.

240 714 413 756 Pontificis
437 714 620 747 electionem
650 715 692 747 ad
718 715 899 747 cardinales
929 726 989 747 11011

285 769 328 801 ad
347 768 530 807 concilium,
562 769 591 800 si
617 773 754 811 tvnzpore
776 769 906 801 concilii
923 779 991 801 eam

285 822 370 854 obire
401 822 591 865 σωτῆρσι-11,
623 827 763 865 spectare
794 822 935 855 declarat
967 821 990 853 ¹.

508 903 570 931 Pius
589 903 660 938 Papa
679 902 720 932 IV.

284 974 454 1008 Prudentis
472 974 709 1019 patrisfamilias
729 980 846 1019 spectat
864 980 991 1010 cuncta,

240 1039 322 1072 quae
351 1028 383 1060 in
404 1028 473 1061 eius
493 1028 589 1061 domo
615 1034 684 1061 sunt
699 1056 706 1069 ,
736 1028 866 1072 provide
886 1028 993 1072 dispo-

241 1092 335 1122 nere,
358 1081 445 1124 quod
466 1081 520 1114 illa
540 1081 648 1114 debito
670 1081 782 1114 ordine
803 1082 992 1124 procedant,

242 1146 302 1168 nec
321 1145 422 1168 unum
444 1135 531 1168 aliud
560 1135 720 1179 impediat,
739 1140 793 1167 aut
812 1135 918 1178 aliqua
940 1147 994 1169 eo-

241 1200 313 1222 rum
334 1189 466 1224 insimul
488 1190 711 1222 confusionem
738 1189 902 1222 inducant.

283 1243 298 1286 §
319 1242 350 1275 1.
373 1242 454 1275 Hinc
479 1247 525 1275 est
544 1242 630 1286 quod
650 1253 719 1279 nos,
749 1242 803 1285 qui
825 1253 843 1275 a
866 1254 994 1276 summo

240 1296 515 1329 Patrefamiliasin
535 1295 623 1328 illius
643 1296 752 1335 domo,
777 1296 900 1329 meritis
921 1297 993 1330 licet

240 1349 431 1394 imparibus,
455 1349 692 1393 dispensatores
707 1349 811 1382 effecti
829 1361 951 1391 sumus,
967 1357 994 1383 et

240 1414 277 1436 ex
294 1403 399 1436 causis
415 1409 491 1436 tunc
509 1403 669 1447 expressis
690 1414 819 1436 sacrum
841 1414 994 1437 oecume-

239 1456 350 1490 nicum
375 1462 403 1489 et
425 1457 575 1499 generale
602 1456 775 1489 concilium
809 1457 839 1490 in
870 1458 994 1492 civitate

239 1510 425 1543 Tridentina
445 1510 632 1551 indiximus,
650 1521 689 1543 ne
711 1511 736 1543 si
757 1512 837 1544 sorte
869 1512 994 1545 eveniat

238 1574 309 1604 nos,
336 1564 475 1597 concilio
492 1564 679 1597 huiusmodi
696 1565 844 1606 durante,
867 1577 926 1609 pro
947 1566 995 1599 di-

237 1617 309 1650 vina
331 1618 493 1651 voluntate
514 1618 688 1658 decedere,
716 1613 995 1662 simer'clectione

237 1671 372 1704 Romani
392 1671 556 1704 Pontificis
576 1672 723 1705 confusio
745 1672 878 1713 oriatur,
892 1678 919 1705 et
937 1684 987 1705 ex-

237 1727 312 1761 inde
326 1726 564 1770 perturbandae
582 1727 712 1759 imitatis
728 1726 890 1759 Ecclesiae
908 1738 998 1771 prae-

239 1786 341 1815 stetur
361 1781 501 1821 occasio,
523 1781 632 1813 habita
654 1791 752 1824 super
775 1780 824 1813 liis
847 1792 919 1814 cum
948 1792 997 1813 ve-

239 1827 440 1868 nerabilibus
460 1834 613 1867 fratribus
640 1834 757 1867 nostris
785 1840 912 1867 sanctae
932 1835 996 1867 Ro-

239 1899 353 1921 manae
379 1888 540 1922 Ecclesiae
557 1888 775 1922 cardinalibus
796 1894 920 1921 matura
942 1888 997 1921 sle-

238 1942 429 1975 liberatione
453 1948 481 1975 et
511 1942 655 1985 diligenti
686 1942 852 1981 examine,
883 1942 921 1975 de
948 1942 997 1985 ip-

240 2007 350 2029 sorum
376 1997 511 2030 fratrum
541 1997 677 2031 consilio
701 2002 728 2029 et
751 1996 898 2029 unanimi
919 2007 996 2029 con-

240 2060 349 2090 sensu,
372 2061 409 2083 ex
425 2056 511 2083 certa
531 2056 640 2084 nostra
658 2051 789 2083 scientia
811 2062 848 2083 ac
868 2050 906 2083 do
923 2061 997 2094 apo-

241 2104 370 2138 stolicae
392 2105 555 2149 potestatis
572 2104 782 2149 plenitudine,
807 2104 994 2144 statuimus,

241 2158 448 2192 decernimus
468 2163 498 2191 et
525 2158 712 2191 ordinamus
738 2158 837 2201 quod,
868 2157 891 2190 si
918 2169 995 2191 con-

241 2212 339 2255 tingat
361 2223 431 2252 nos,
459 2211 595 2245 concilio
624 2211 810 2245 huiusmodi
838 2211 993 2252 durante,

242 2266 337 2299 etiam
360 2265 384 2299 si
409 2265 552 2299 eiusdem
581 2265 710 2298 concilii
746 2276 840 2298 causa
867 2265 914 2297 vol
940 2275 995 2297 oc-

242 2320 372 2354 casione
402 2325 455 2353 aut
490 2319 568 2352 alias
601 2319 864 2362 quomodolibet,
901 2319 995 2351 etiam

242 2385 302 2419 pro
322 2375 388 2407 sola
408 2374 570 2406 voluntate
592 2378 709 2411 nostra,
731 2373 826 2405 etiam
843 2383 916 2405 cum
933 2373 995 2406 Cu-

242 2429 289 2462 ria
322 2428 464 2461 Romana
500 2433 526 2460 et
557 2438 727 2460 causarum
762 2438 798 2459 ac
829 2427 993 2459 literarum

243 2481 495 2526 apostolicarum
513 2480 695 2519 Audientia,
725 2480 764 2512 ab
784 2480 868 2513 Urbe
888 2491 995 2514 reces-

243 2535 393 2575 serimus,
415 2535 463 2568 vel
484 2534 515 2567 in
532 2534 598 2578 ipsa
614 2534 708 2573 Urbe,
726 2545 780 2567 seu
797 2534 888 2567 nobis
905 2535 943 2567 ab
959 2545 996 2568 ea

243 2589 355 2635 quovis
373 2589 470 2622 modo
482 2588 677 2628 absentibus,
698 2593 769 2620 ante
790 2594 935 2621 nostrum
957 2589 995 2621 ad

280 2659 291 2684 1
310 2657 348 2683 Ex
367 2656 504 2692 Raynaldo
517 2656 670 2684 Continuat.
688 2655 793 2687 Annal,
807 2655 883 2690 Opus
895 2655 995 2691 posth.,

243 2700 307 2725 tom.
324 2704 421 2724 xxxiv.

1678 276 1742 310 143

1035 342 1121 373 illam
1144 340 1294 379 reditum,
1326 339 1400 372 alibi
1423 340 1635 382 ubicumque,
1659 339 1700 371 ita
1725 338 1787 371 Do-

1036 396 1122 428 mino
1142 395 1278 433 volente,
1301 394 1468 433 decedere,
1484 393 1514 425 in
1527 392 1787 435 quibuscumque

1035 454 1117 482 statu
1138 454 1165 481 ct
1192 447 1336 480 terminis
1356 446 1529 479 concilium
1556 445 1660 489 ipsum
1681 446 1786 485 suerit,

1035 509 1065 535 et.
1089 508 1390 547 quantumcumque
1412 500 1518 533 civitas
1548 511 1604 533 seu
1627 500 1734 540 locus,
1756 500 1787 532 in

1035 567 1099 600 quo
1121 567 1175 589 seu
1205 566 1268 599 qua
1290 566 1347 587 nos
1367 554 1462 588 etiam
1484 553 1561 586 inibi
1588 554 1694 586 forsan
1713 564 1787 586 eum

1036 610 1129 643 Curia
1150 616 1177 642 et
1191 609 1360 642 Audienda
1381 608 1552 652 praedictis
1572 608 1785 647 decedemus,

1036 664 1074 695 ab
1095 664 1206 696 cadem
1228 663 1312 696 [rhe
1332 662 1435 702 distet,
1461 667 1488 694 et
1511 660 1626 694 civitati
1654 660 1788 694 Triden-

1036 716 1118 749 tinae
1140 722 1192 748 aut
1219 716 1321 753 alteri,
1346 715 1398 748 ubi
1421 714 1594 748 concilium
1611 714 1705 747 etiam
1723 714 1789 747 sue.-

1036 770 1086 811 rit,
1106 770 1207 802 vicina
1229 781 1282 802 seu
1305 770 1428 803 vicinus
1452 768 1574 808 existat,
1601 768 1714 801 electio
1730 768 1790 801 Ro-

1037 823 1121 856 mani
1152 823 1315 856 Pontificis
1344 822 1375 854 in
1403 823 1488 855 alma
1516 821 1600 854 Urbe
1631 822 1788 865 praefata,

1037 876 1096 909 nisi
1113 876 1193 909 Urbs
1214 875 1281 920 ipsa
1303 876 1471 908 interdicto
1493 874 1709 908 ecclesiastico
1734 886 1792 918 per

1037 940 1095 962 nos
1115 929 1263 973 apposito
1284 935 1361 961 tunc
1385 928 1559 967 subiaceat,
1585 929 1632 961 vel
1658 927 1736 960 inibi
1753 928 1792 960 de

1037 983 1246 1026 oppressione
1268 982 1482 1022 dubitaretur,
1515 993 1612 1025 super
1640 992 1705 1025 quo
1722 993 1790 1014 ma-

1038 1036 1096 1068 iori
1134 1035 1214 1080 parti
1254 1035 1467 1067 cardinalium
1496 1039 1572 1067 tunc
1606 1034 1637 1066 in
1668 1034 1792 1067 civitate

1038 1101 1092 1122 seu
1116 1090 1186 1122 loco
1202 1089 1352 1121 decessus
1372 1088 1473 1121 nostri
1494 1088 1697 1121 existentium
1716 1087 1790 1120 stari

1038 1143 1163 1183 debeat,
1186 1149 1215 1175 et
1236 1142 1289 1175 tali
1311 1153 1387 1175 casu
1403 1142 1435 1175 in
1455 1142 1587 1175 Civitate
1598 1140 1789 1180 Castellana‚

1038 1208 1094 1230 seu
1120 1197 1316 1229 Urbevetana
1343 1196 1389 1229 vel
1411 1195 1564 1228 Perusina
1590 1194 1789 1234 civitatibus,

1039 1255 1161 1283 servato
1205 1249 1383 1293 scripturae
1427 1248 1613 1281 huiusmodi
1658 1247 1790 1287 ordine,

1039 1303 1214 1336 dummodo
1243 1302 1329 1342 illae,
1366 1307 1398 1334 ut
1429 1301 1623 1346 praefertur,
1658 1300 1792 1334 interdi-

1039 1363 1107 1390 ctae
1128 1361 1181 1389 aut
1200 1357 1334 1389 rebelles
1354 1361 1430 1389 tunc
1447 1366 1511 1388 non
1533 1355 1606 1395 sint,
1630 1360 1659 1388 et
1679 1365 1744 1388 non
1761 1354 1792 1387 in

1039 1421 1074 1443 ea
1096 1411 1126 1443 in
1149 1421 1210 1453 qua
1241 1421 1296 1443 seu
1326 1410 1418 1443 cuius
1446 1408 1584 1442 dioecesi
1612 1419 1669 1441 nos
1699 1408 1792 1441 dece-

1040 1464 1115 1497 dere
1136 1463 1317 1507 contingct,
1340 1468 1394 1496 aut
1414 1462 1597 1495 Tridentina
1625 1473 1681 1494 seu
1718 1462 1791 1500 alia,

1040 1518 1197 1560 adquam
1232 1517 1405 1550 concilium
1440 1515 1627 1549 huiusmodi
1657 1515 1792 1548 transla-

1039 1576 1108 1603 tum
1130 1571 1236 1606 suerit,
1268 1571 1410 1610 civitate,
1443 1574 1472 1602 ct
1500 1569 1604 1602 solum
1631 1579 1688 1612 per
1707 1568 1794 1612 ipsos

1041 1631 1167 1658 sanctae
1192 1625 1354 1657 Romanae
1377 1624 1537 1657 Ecclesiae
1566 1622 1744 1656 cardinales
1764 1627 1794 1655 et

1040 1690 1105 1712 11011
1127 1690 1184 1723 per
1204 1679 1379 1712 concilium
1397 1677 1600 1717 huiusmodi,
1623 1681 1678 1709 aut
1697 1676 1793 1710 etiam

1041 1744 1115 1766 cum
1149 1733 1269 1766 eisdem
1311 1732 1528 1765 cardinalibus
1561 1731 1681 1774 aliquot
1718 1729 1792 1763 dicti

1041 1787 1181 1827 concilii,
1205 1787 1334 1820 servatis
1355 1786 1433 1819 alias
1452 1784 1620 1818 Alexandri
1640 1784 1689 1824 lv,
1711 1795 1794 1827 quae

1040 1842 1125 1874 Licet
1146 1842 1183 1874 tle
1202 1842 1368 1881 evitanda,
1392 1846 1418 1873 et
1441 1839 1587 1882 Gregorii
1606 1840 1633 1873 X
1661 1838 1693 1872 in
1712 1840 1794 1882 Lug-

1040 1895 1177 1928 dunensi
1197 1906 1279 1938 quac
1303 1895 1363 1927 sbi
1375 1894 1571 1937 periculum,
1589 1899 1619 1926 et
1639 1904 1721 1937 quae
1748 1893 1792 1926 Nc

1039 1949 1181 1982 Romani
1202 1949 1360 1992 incipiunt
1389 1948 1561 1981 Clementis
1571 1949 1607 1988 V,
1629 1948 1791 1981 Romano-

1040 2015 1112 2037 rum
1132 2003 1324 2037 Pontificum
1351 2003 1638 2047 praedecessorum
1664 2007 1791 2035 nostro-

1039 2070 1123 2099 rum,
1144 2058 1174 2092 in
1185 2058 1358 2091 Viennensi
1377 2058 1402 2098 1,
1417 2057 1503 2090 circa
1514 2055 1705 2089 electionem
1722 2062 1792 2089 tan-

1039 2114 1111 2147 dem
1132 2113 1223 2146 editis
1249 2111 1533 2146 constitutionibus
1553 2117 1583 2144 et,
1603 2110 1674 2143 aliis
1693 2117 1794 2143 extra-

1038 2167 1237 2210 vagantibus,
1263 2178 1298 2199 ac
1323 2166 1473 2199 omnibus
1493 2166 1525 2198 in
1550 2166 1595 2198 eis
1615 2164 1790 2202 contentis,

1038 2222 1156 2266 quihus
1177 2232 1234 2265 per
1250 2222 1311 2254 hoc
1326 2221 1404 2254 alias
1416 2231 1479 2253 non
1491 2219 1687 2252 intendimus
1702 2229 1793 2263 prae-

1039 2275 1193 2315 iudicare,
1219 2275 1288 2308 sieri
1310 2275 1433 2308 debeat.

1082 2330 1096 2372 ξ
1124 2329 1154 2361 ⁹2.
1182 2329 1397 2362 Decerne-ntes
1430 2339 1467 2361 ex
1497 2338 1582 2360 num¹
1614 2326 1793 2359 cardinales

1039 2383 1198 2430 praefatos
1218 2382 1312 2415 ctiam
1334 2394 1392 2425 per
1412 2381 1588 2415 concilium
1604 2380 1791 2414 huiusmodi

1039 2439 1222 2482 dispensare
1256 2437 1441 2469 nullatenus
1474 2446 1579 2479 posse,
1612 2446 1650 2468 ac
1677 2446 1792 2479 quam—

1039 2503 1178 2535 cumque
1187 2491 1377 2524 electionem
1395 2489 1530 2522 Romani
1542 2489 1705 2522 Pontiticis
1717 2500 1792 2522 con-

1038 2549 1085 2575 tra
1107 2541 1324 2585 praesentium
1350 2546 1506 2579 tenorem,
1529 2539 1667 2572 concilio
1683 2540 1791 2572 liuius-

1039 2591 1125 2624 modi
1137 2590 1285 2627 durante,
1303 2595 1501 2629 attentatam,
1520 2589 1654 2628 nullam,
1666 2588 1790 2622 irritam

1039 2646 1069 2674 et
1084 2641 1213 2686 1113110111
1231 2639 1415 2683 nulliusque
1428 2638 1554 2671 roboris
1574 2638 1621 2670 vel
1637 2637 1790 2671 momenti

1028 2728 1052 2747 ·
1076 2696 1085 2721 1
1108 2693 1264 2729 Raynaldus
1283 2693 1356 2720 addit
1375 2694 1494 2719 conciliis
1514 2692 1550 2727 (11,
1574 2691 1621 2727 τ.)4

1803 286 1852 312 An.
1870 285 1900 312 C.
1919 285 1983 311 1561

1822 2336 1932 2358 Decretum
1943 2336 1988 2358 irri-

1808 2373 1860 2390 tans.
