2237 3100
53 310 105 337 An.
122 309 232 336 C.1561

78 419 187 441 clausulae
198 419 236 440 de-

52 451 177 478 rogatoriae.

86 1278 152 1300 lussto
163 1279 242 1299 descri-

59 1309 120 1330 bendi
148 1310 168 1330 in
198 1312 243 1330 sta-

61 1341 115 1362 tuus.

85 1870 169 1892 Poenae
193 1875 243 1890 con-

60 1902 228 1924 travenientium.

89 2246 188 2267 Cametas
208 2251 246 2272 ap-

63 2278 166 2306 probatio.

920 295 987 320 PIUS
1012 295 1042 319 lv
1066 293 1114 315 Pr.

294 361 309 404 ἓ
329 360 359 393 5.
383 358 451 391 Non
464 354 663 389 obstantibus
674 350 957 386 constitutionibus
972 354 1003 381 et

251 411 509 448 ordinationibus
537 406 739 453 apostolicis,
766 406 844 449 stylo
870 403 1000 443 Palatii,

252 466 376 501 statutis
405 476 442 498 ac
474 463 564 497 novis
584 459 870 494 reformationibus
890 457 1000 496 Urbis,

251 531 288 554 ac
308 518 409 552 literis
428 528 446 550 a
462 516 554 549 nohis
570 513 737 553 emanatis,
756 511 939 556 privilegiis,
957 510 1004 542 in·

251 573 350 607 dultis
369 577 400 605 et
419 570 489 613 aliis
512 568 717 603 facultatibus
741 567 847 600 forsan
870 575 1003 598 conces-

252 627 313 667 sis,
336 625 449 670 quovis
482 624 578 656 modo
611 621 810 655 debitoribus
842 619 1003 652 dictorum

252 685 470 714 mercatorum
493 683 524 711 et
547 682 719 709 nautarum
735 702 742 716 ,
764 674 932 708 occasione
953 683 1003 705 re-

253 745 325 767 rum
356 732 608 777 praedictarum,
631 741 667 762 ac
683 728 769 768 aliis,
792 733 822 761 et
844 738 902 770 pro
924 731 1004 759 tem-

253 797 331 832 pore
354 785 493 819 auditori
513 784 665 817 Gamerae
686 781 898 826 Apostolicae,
920 779 1004 812 vica-

254 841 313 882 rio,
336 838 557 884 gubernatori,
581 836 718 869 senatori
740 835 851 874 Urbis,
874 833 1005 866 collate-

255 895 376 929 ralibus
401 892 486 926 illius
516 902 552 924 ac
582 890 653 923 aliis
680 889 840 922 iudicibus
863 887 956 920 Urbis
977 891 1007 919 et

255 949 386 982 illorum
408 946 521 986 curiis,
543 950 571 978 ct
594 946 699 978 forsan
733 941 918 975 dohancriis
950 952 1005 983 ‹ga-

254 1003 357 1036 bellae
373 1001 488 1041 Stadii,
508 1000 602 1033 etiam
623 1009 681 1043 per
701 1008 759 1030 nos
774 995 945 1036 concessis,
960 994 1007 1027 in-

255 1056 377 1089 novatis
402 1060 432 1087 et
456 1051 640 1098 approbatis
660 1055 690 1084 et
712 1049 926 1083 concedendis
945 1053 1003 1082 etc.

255 1108 376 1148 Quibus
396 1107 546 1141 omnibus
565 1109 637 1144 ete„
655 1115 691 1137 ac
709 1103 734 1136 si
750 1113 863 1136 eorum
879 1108 1007 1136 tenores

256 1167 327 1202 etc„
347 1162 407 1195 hac
427 1161 493 1194 vice
513 1160 677 1192 dumtaxat
696 1157 902 1200 derogamus.

301 1216 315 1259 ἓ
335 1215 364 1248 6.
392 1215 660 1255 Praesentemque
685 1217 827 1243 nostram
849 1210 1006 1243 constitu-

257 1268 397 1308 tionem,
420 1266 471 1300 cui
487 1276 551 1298 non
567 1265 756 1307 derogatum
776 1264 787 1291 ‘l
813 1275 871 1308 per
892 1274 1007 1307 quani-

258 1332 396 1365 cumque
417 1319 626 1362 signaturam,
649 1323 679 1350 et
704 1317 736 1350 in
762 1328 827 1361 qua
850 1317 959 1350 omnia
979 1320 1009 1350 et

257 1375 381 1418 singula
413 1374 558 1413 decreta,
580 1373 700 1405 formas
724 1376 754 1405 et
777 1371 839 1405 alia
864 1372 896 1404 in
917 1371 1009 1404 dictis

255 1428 395 1462 motibus
428 1426 568 1472 propriis
602 1431 768 1466 contenta,
791 1427 950 1472 descripta
979 1431 1009 1459 et.

255 1482 391 1527 repetita
411 1481 535 1515 censeri
551 1481 681 1521 debere,
700 1482 849 1515 volumus
870 1482 900 1514 in
922 1483 1009 1515 volu-

255 1538 342 1571 mine
373 1541 565 1570 statutorum
596 1536 700 1569 dictae
725 1536 840 1570 Curiae
860 1537 958 1581 Ripae
980 1542 1010 1570 et

255 1592 400 1637 Ripettae
420 1590 558 1625 describi
580 1596 610 1624 et
628 1591 804 1634 registrari;
827 1598 855 1625 et
878 1592 946 1625 eius
971 1592 1010 1625 si-

255 1653 411 1691 gnatura,
447 1647 480 1679 in
513 1645 634 1680 iudicio
655 1650 685 1678 et
708 1650 807 1686 extra,
830 1646 950 1690 ubique
971 1645 1009 1678 fi-

256 1704 328 1737 dem
354 1702 448 1735 saciat.
481 1706 511 1735 et
545 1699 693 1740 sufficiat,
717 1701 829 1743 regula
850 1700 1010 1734 contraria

256 1767 321 1790 non
341 1757 498 1789 obstante.

303 1813 317 1856 g
337 1811 367 1844 7.
390 1811 575 1844 Mandantcs
595 1810 747 1844 omnibus
767 1815 938 1853 quamnim,
952 1810 1011 1843 sub

258 1865 603 1899 excommunicationis
621 1864 777 1898 sententia
797 1870 827 1897 et
848 1864 934 1897 mille
951 1865 1010 1897 du-

258 1925 405 1953 catorum
426 1919 496 1953 auri
517 1924 574 1953 ecc.
598 1920 667 1963 ipso
688 1919 771 1952 sacto
792 1918 1009 1959 incurrendis,

257 1974 350 2009 toties
366 1975 492 2018 quoties
509 1978 752 2007 eont.1*avcntum
768 1973 876 2011 fuerit,
894 1979 924 2006 et
940 1985 1013 2018 pro-

259 2039 367 2062 cessus
392 2028 431 2062 sit
450 2028 519 2072 ipso
540 2028 610 2060 iure
631 2028 752 2060 nullus.
775 2027 812 2060 Et
832 2027 874 2060 ita
895 2027 1012 2061 servari

261 2078 487 2112 inviolabiliter
506 2077 708 2110 mandamus.

412 2128 533 2169 Placet,
556 2132 646 2160 motu
668 2126 814 2171 proprio.
837 2126 860 2159 Ι,

305 2177 457 2210 Videatur
472 2177 504 2209 in
524 2176 668 2210 Gamera.
691 2176 713 2208 l.

304 2226 436 2259 Videtur
464 2225 681 2259 conc-edenda.
712 2225 745 2258 L.
774 2225 812 2257 de
847 2225 962 2259 Torres
981 2226 1013 2259 in

263 2278 359 2322 plena
374 2276 518 2310 Camera.

586 2394 690 2428 XXXI.

264 2452 437 2495 Depntatio
462 2455 490 2483 ct
510 2450 680 2492 facultates
710 2449 889 2482 cardinalis
915 2459 1016 2482 came-

309 2501 394 2534 rarii
420 2499 627 2543 coynoscendi
655 2509 726 2531 cam
752 2502 820 2531 voto
847 2508 1017 2541 conyreya-

312 2550 410 2583 tionis
456 2558 667 2592 quascumque
716 2558 827 2580 causas
867 2547 1018 2580 interesse

309 2598 511 2633 Reverendae
532 2598 686 2631 Gamerae
713 2596 912 2640 Apostoliccie
943 2600 1017 2630 tan-

310 2652 417 2692 qentes
429 2658 466 2680 ac
477 2647 643 2680 revidendi
654 2650 803 2690 computa
818 2646 1014 2690 officialium,

306 2712 315 2737 1
335 2712 501 2743 Deroyatnr,
517 2709 632 2737 Cherub.
656 2710 692 2745 (n.
710 2709 758 2744 τ.).

348 2755 422 2786 Ruti.
438 2755 515 2786 Rom.
534 2754 590 2786 Vol.
612 2754 669 2785 VII.
863 2753 900 2783 13

1710 271 1751 305 97

1089 349 1117 378 et
1129 341 1379 376 aliorumetz‘am
1392 339 1459 371 iam
1472 337 1613 369 solidata
1632 340 1660 368 et
1681 335 1796 373 derisa,

1089 398 1117 427 et
1129 395 1310 426 contractas
1331 389 1504 422 laesionem
1523 387 1663 419 eiusdem
1684 385 1797 419 Came-

1089 453 1144 475 rae
1154 440 1354 474 continentes
1366 435 1580 475 rescindendi,
1594 446 1630 468 ac
1644 435 1799 467 honorum

1090 492 1265 525 detentores
1286 486 1449 521 coercendi
1468 484 1494 517 1.

1170 561 1232 591 rius
1248 561 1318 596 Papa
1331 559 1374 592 tv,
1389 559 1468 586 motu
1481 555 1602 593 proprio,
1617 557 1672 584 etc.

1091 626 1272 659 Romanum
1317 623 1409 655 decet
1439 620 1647 659 Pontificem,
1679 629 1715 652 ex
1751 618 1799 651 in-

1048 679 1158 711 iuncto
1179 678 1237 711 sibi
1258 677 1397 721 desuper
1418 673 1568 719 pastorali
1598 672 1716 713 officio,
1749 683 1800 705 so-

1047 732 1119 765 lerti
1139 731 1303 774 diligentia
1327 740 1503 775 procurare
1530 738 1570 760 nc
1604 736 1655 759 res
1676 731 1707 759 ct
1731 726 1802 759 iura

1047 786 1199 819 Gamerae
1229 783 1442 827 apostolieae,
1475 781 1598 821 fraude,
1622 779 1743 813 malitia
1772 785 1803 813 et

1048 838 1183 883 perfidia
1204 838 1457 877 nonnullorum,
1489 835 1718 869 detrimentum
1744 833 1801 867 ali-

1048 892 1135 936 quod
1156 891 1330 936 patiantur,
1353 891 1407 923 scd
1427 896 1459 922 ut
1488 888 1617 922 malitiis
1637 900 1692 921 seu
1718 888 1802 920 srau-

1049 947 1143 979 dibus
1186 945 1385 989 perfidiaque
1415 954 1529 977 eorum
1559 943 1700 982 detectis,
1727 953 1802 986 pro-

1048 1005 1158 1044 pterea
1182 998 1315 1044 punitis,
1338 997 1507 1039 castigatisv
1526 997 1727 1039 damnisque,
1748 1007 1802 1029 eo-

1050 1065 1122 1087 rum
1157 1054 1270 1086 fraude
1295 1057 1325 1085 et
1346 1051 1468 1084 malitia
1487 1049 1673 1083 huiusmodi
1700 1049 1803 1083 dictae

1049 1108 1201 1141 Gamerae
1222 1106 1334 1147 illatis,
1357 1104 1503 1145 resectis,
1539 1104 1672 1137 meliora
1700 1103 1802 1136 maio-

1050 1172 1150 1204 raque
1171 1160 1203 1192 in
1223 1159 1291 1193 dies
1311 1158 1509 1198 efficiantur,
1539 1157 1634 1190 etiam
1656 1168 1751 1200 opem
1772 1163 1802 1190 et

1050 1225 1182 1258 operam
1203 1213 1391 1257 impendere
1411 1212 1570 1246 efficaces.

1095 1269 1109 1311 ξ
1128 1268 1159 1301 l.
1182 1267 1262 1300 Gum
1283 1267 1403 1311 itaque,
1426 1265 1508 1299 sicut
1527 1266 1725 1310 accepimus,
1754 1264 1801 1297 di-

1049 1322 1131 1356 versi
1151 1321 1242 1355 Sedis
1261 1321 1464 1364 Apostolicae
1480 1319 1603 1360 nuncii,
1618 1330 1653 1352 ac
1667 1318 1801 1359 iurium,

1050 1386 1160 1411 rerum
1181 1380 1212 1408 et
1235 1375 1396 1408 bonorum
1423 1373 1574 1407 Gamerae
1602 1372 1805 1416 Apostolicac

1052 1431 1213 1476 praefatae
1229 1429 1431 1468 collectores,
1450 1428 1712 1468 subcolleetores‚
1731 1437 1804 1459 exa-

1052 1492 1169 1524 ctores,
1187 1482 1473 1523 administratores,
1496 1482 1649 1515 officiales
1669 1486 1697 1514 et
1716 1491 1804 1514 com-

1053 1538 1201 1579 missarii,
1225 1547 1351 1570 necnon
1367 1536 1569 1576 thesaurarii,
1589 1541 1655 1568 tam
1676 1535 1707 1568 in
1723 1535 1807 1568 alma

1053 1595 1136 1628 Urbe
1158 1597 1265 1625 nostra
1287 1596 1317 1625 et
1332 1592 1421 1625 Statu
1437 1596 1546 1625 nostro
1567 1588 1804 1630 Ecclesiastico,

1053 1659 1149 1692 quam
1171 1646 1303 1680 diversis
1323 1646 1408 1686 aliis,
1429 1645 1525 1679 etiam
1546 1644 1631 1677 ultra
1655 1642 1756 1676 maria
1777 1647 1808 1676 et

1053 1707 1190 1741 montes,
1221 1699 1344 1742 regnis,
1377 1699 1548 1743 provinciis
1578 1703 1608 1731 et
1641 1697 1804 1738 dominiis,

1054 1768 1111 1800 per
1130 1766 1188 1789 nos
1209 1760 1239 1788 et
1263 1753 1404 1787 diversos
1433 1754 1513 1787 alios
1537 1753 1699 1786 Romanos
1722 1752 1807 1785 Pon-

1055 1810 1155 1844 tifices
1174 1808 1440 1854 praedecessores
1468 1812 1612 1847 nostros,
1644 1806 1707 1840 sive
1733 1817 1806 1839 san-

1054 1870 1121 1899 ctae
1151 1864 1313 1897 Romanae
1343 1862 1504 1895 Ecclesiae
1526 1861 1721 1895 camerarios
1754 1864 1809 1893 aut

1055 1919 1198 1953 eiusdem
1233 1918 1339 1951 Status
1372 1916 1472 1950 nostri
1506 1915 1809 1960 superintendentes

1056 1985 1114 2019 pro
1136 1978 1280 2016 tempore
1314 1970 1495 2011 existentes,
1527 1970 1575 2002 vel
1610 1969 1808 2013 praedictam

1055 2029 1220 2062 Gameram
1243 2037 1300 2059 seu
1327 2025 1405 2059 alias
1425 2036 1441 2057 a
1459 2024 1613 2057 ministris
1629 2023 1746 2056 nostris
1757 2023 1809 2056 de-

1056 2081 1170 2126 putati,
1193 2080 1389 2123 illorumque
1410 2077 1546 2111 ministri
1565 2083 1594 2110 et
1606 2078 1712 2110 forsan
1728 2077 1809 2110 aliae

1056 2146 1213 2180 personae
1240 2135 1385 2167 Romano
1414 2131 1561 2166 Pontifici
1583 2142 1643 2176 pro
1664 2135 1810 2175 tempore

1056 2189 1201 2223 existenti
1223 2193 1254 2221 et
1273 2188 1376 2221 dictae
1409 2187 1560 2220 Gamerae
1591 2196 1647 2218 seu
1673 2185 1742 2218 eius
1762 2185 1810 2219 os-

1057 2243 1216 2276 ficialibus
1250 2242 1289 2275 de
1323 2240 1388 2274 suis
1416 2238 1748 2274 administrationibus
1781 2244 1812 2272 et

1057 2297 1152 2342 gestis
1172 2296 1329 2330 rationem
1344 2295 1478 2329 reddere
1490 2294 1654 2333 debentes,
1678 2304 1811 2326 suarum

1058 2350 1373 2385 administrationum
1399 2354 1429 2382 et
1449 2348 1611 2382 rationum
1637 2352 1668 2381 et
1697 2347 1729 2380 in
1752 2347 1810 2381 Ga-

1058 2416 1147 2439 mera
1181 2404 1343 2449 praedicta
1387 2414 1443 2436 seu
1490 2401 1565 2435 alibi
1600 2401 1748 2435 exhibitis
1781 2405 1812 2436 et

1059 2459 1269 2504 praesentatis
1288 2457 1379 2491 libris
1399 2462 1429 2490 et
1454 2455 1632 2501 computis,
1661 2454 1810 2489 dubitan-

1097 2534 1105 2558 1
1127 2533 1163 2558 De
1175 2531 1323 2566 cognitione
1335 2529 1485 2556 huiusmodi
1499 2536 1650 2559 causarum,
1672 2528 1731 2555 vide
1748 2536 1812 2555 con-

1059 2577 1222 2603 stitutionem
1251 2584 1268 2602 x
1285 2575 1356 2603 Pauli
1375 2575 1420 2606 ΙΙΙ,
1442 2574 1501 2601 Non
1520 2577 1586 2605 sine,
1607 2576 1672 2600 torn.
1694 2581 1733 2605 vr,
1751 2580 1809 2608 pag.

1059 2622 1120 2649 217.
1134 2622 1165 2647 Et
1179 2620 1211 2647 de
1224 2620 1371 2646 redditione
1381 2627 1410 2646 ac
1422 2619 1554 2646 revisione
1565 2616 1715 2644 huiusmodi
1738 2624 1813 2644 com-

1061 2671 1199 2702 putorum,
1217 2665 1277 2693 vide
1294 2665 1319 2692 in
1336 2664 1456 2692 eiusdem
1473 2663 1544 2692 Pauli
1560 2662 1750 2692 constitutione
1761 2668 1810 2694 Lu,

1061 2713 1125 2740 Cam
1143 2713 1222 2744 sicut,
1243 2718 1304 2746 pag.
1320 2709 1381 2737 570.

1812 280 1862 306 An.
1879 278 1907 305 C.
1928 279 1992 306 ¹561

1840 625 1958 649 Exordium.

1843 1276 1922 1297 Causae
1939 1277 1999 1298 huius

1818 1308 1985 1329 constitutionis.
