2237 3100
462 311 527 346 544

416 375 609 409 sufficienter
629 373 783 418 expressis
808 371 971 409 hahentes,
1004 368 1064 400 illis
1084 367 1162 400 alias

415 425 446 458 in
459 435 516 458 suo
534 425 649 457 robore
670 420 898 466 permansuris,
921 419 979 451 hac
991 418 1058 450 vice
1070 418 1162 450 duni-

414 479 507 513 taxat,
525 475 640 506 harum
657 471 749 508 serie,
763 467 943 513 specialiter
963 472 990 500 et
1013 477 1160 510 expresse

413 523 615 564 derogamus,
628 517 797 553 contrariis
808 516 1079 560 quibuscumque.
1099 516 1161 549 Aut

413 571 437 604 si
458 570 631 613 aliquibus,
659 566 874 601 communiter
901 565 947 597 vel
974 564 1109 602 divisim,
1143 576 1160 598 a

415 620 552 662 praefata
569 618 604 651 sit
618 617 697 650 Sede
719 616 878 648 indultum
896 614 982 657 qnod
998 613 1158 651 interdici,

412 667 562 711 suspendi
584 667 629 700 vel
655 664 927 699 excommunicari
952 674 1016 696 non
1037 663 1160 707 possint

412 727 469 760 per
488 716 595 750 literas
619 714 810 759 apostolicas
829 723 893 746 non
914 712 1066 745 facientes
1091 713 1159 755 ple·

411 776 484 798 nam
501 771 529 799 et
546 775 726 809 expressam
753 774 789 796 ac
805 763 843 796 de
861 762 958 795 verbo
973 762 1011 794 ad
1027 762 1159 794 verbum

412 815 451 847 dc
470 814 595 847 indulto
614 812 800 846 huiusmodi
823 811 1034 844 mentionem.

455 864 470 907 ξ,
494 863 547 897 23.
575 863 730 896 Volumus
755 866 860 895 autem
891 861 977 905 quod
1007 872 1160 904 praesen-

256 918 396 944 tiansumrus
411 913 490 946 tium
520 912 739 956 transumptis,
767 922 864 944 manu
885 910 1022 943 alicuius
1047 911 1161 944 notarii

216 951 272 970 ‘¹⁰⁶'
287 950 352 970 'um'
412 962 531 1005 publici
548 961 737 1005 subscriptis
757 966 788 993 et
806 960 909 1004 sigillo
930 959 1066 993 alicuius
1088 972 1160 1004 per-

410 1022 507 1044 sonae
528 1011 558 1043 in
579 1011 731 1053 dignitate
748 1008 962 1042 ecelesiastica
980 1009 1161 1043 constituta·

412 1060 554 1099 munitis,
582 1060 692 1093 eadem
710 1070 842 1103 prorsus
863 1058 951 1095 fides,
968 1065 1032 1091 tam
1049 1058 1080 1091 in
1097 1060 1160 1093 Ro-

411 1120 504 1142 mana
524 1109 619 1142 Curia
646 1119 742 1152 quam
759 1113 845 1140 extra
857 1118 939 1147 eam,
958 1108 1092 1141 ubilibet
1110 1110 1161 1142 ad-

411 1159 570 1197 hibeatur,
588 1164 619 1191 et
634 1158 695 1191 illis
711 1162 822 1195 stetur,
838 1156 932 1190 etiam
950 1156 980 1189 in
995 1157 1114 1191 iudicio
1132 1166 1162 1192 et

410 1213 507 1247 extra,
528 1218 610 1251 quae
634 1207 754 1240 eisdem
769 1206 871 1239 literis
890 1206 1113 1245 adhiberetur,
1137 1208 1160 1240 si

412 1257 442 1290 in
463 1257 604 1290 medium
631 1255 789 1289 exhibitae
809 1256 914 1288 forent
932 1256 979 1287 vel
1001 1261 1158 1291 ostensae.

455 1307 469 1349 ξ
489 1306 542 1339 ⁶24.
562 1305 647 1339 Nulli
676 1315 752 1347 ergo
777 1305 910 1338 omnino
930 1305 1100 1338 hominum
1122 1307 1160 1339 li-

241 1360 325 1396 §ancuu
343 1366 394 1386 νοῦ
411 1361 480 1389 ceat
498 1356 581 1388 hanc
608 1355 756 1399 paginam
783 1359 910 1387 nostrae
935 1354 1159 1397 absolutionis,

215 1392 277 1412 ”³¹¹⁵
410 1405 612 1443 avocationis,
630 1403 842 1443 extinctionis,
865 1403 1013 1447 perpetui
1045 1404 1161 1438 silentii

412 1453 635 1499 impositionis,
665 1452 914 1497 approbationis,
945 1452 1162 1487 confirmatio-

412 1504 470 1543 nis,
490 1503 713 1541 innovationis,
745 1501 946 1541 adieetionis,
979 1502 1162 1535 concessio-

412 1553 472 1592 nis,
495 1553 622 1593 indulti,
644 1552 761 1591 statuti,
782 1549 1004 1590 ordinationis,
1027 1550 1160 1592 decreti,

413 1603 564 1643 mandati,
582 1601 798 1644 derogationis
818 1606 845 1633 et
864 1600 1034 1633 voluntatis
1051 1600 1163 1633 infrin-

411 1662 499 1695 gere,
521 1652 567 1684 vel
588 1651 615 1684 ei
635 1662 715 1684 ausu
736 1649 908 1683 temerario
930 1648 1101 1683 contraire.
1131 1651 1162 1683 Si

412 1701 483 1745 quis
502 1706 609 1734 autem
634 1701 694 1733 hoc
716 1704 871 1733 attentare
892 1699 1163 1743 praesumpserit,

413 1749 663 1793 indignationem
692 1749 922 1793 omnipotentis
950 1748 1004 1781 Dei
1026 1759 1062 1781 ac
1089 1748 1166 1781 hea—

413 1806 518 1833 torum
539 1798 622 1832 Petri
643 1805 673 1832 et
692 1797 782 1831 Pauli
807 1798 1028 1842 apostolorum
1046 1797 1116 1831 eius
1131 1809 1167 1831 se

413 1848 535 1882 noverit
554 1848 775 1881 incursurum.

456 1898 569 1930 Datum
590 1897 710 1930 Romae
731 1896 815 1940 apud
846 1896 875 1928 S.
904 1896 1048 1936 Petrum,
1079 1906 1167 1929 anno

414 1946 644 1981 lncarnationis
664 1946 843 1979 dominicae
870 1945 1041 1978 millesimo
1072 1945 1168 1988 quin-

413 1996 590 2040 gentesimo
610 1995 806 2038 sexagesimo
823 1993 972 2038 septimo,
995 1993 1101 2026 idibus
1119 1995 1167 2027 se-

415 2045 546 2083 bruarii,
567 2044 771 2090 pontificatus
791 2042 891 2077 nostri
911 2053 996 2075 anno
1014 2053 1045 2075 11.

435 2095 494 2125 Dat.
514 2095 561 2125 die
585 2094 622 2124 13
640 2093 781 2124 februarii
802 2093 887 2126 1567.
905 2092 1008 2131 pontis.
1026 2101 1104 2122 anno
1125 2102 1154 2122 ii.

218 323 266 350 An.
285 323 313 350 C.
338 322 403 350 1567

735 2221 844 2255 XLVII.

419 2291 632 2335 Confirmatio
661 2290 847 2323 concordiae
873 2292 902 2320 et
929 2288 1171 2320 coiisurtwlim's

462 2341 725 2375 Maioricensium
746 2340 886 2381 fratrum
915 2337 1048 2371 Ordinis
1070 2337 1171 2370 Prac-

462 2392 641 2424 ‹licaloritm
661 2399 755 2432 super
787 2388 878 2421 modo
902 2386 1076 2429 sepeliendi
1100 2388 1172 2419 sissiie

466 2441 649 2473 interventu
666 2438 803 2482 parochi
823 2437 848 2468 1.

477 2512 540 2540 rius
558 2513 628 2546 Papa
643 2511 673 2543 V.
696 2510 729 2538 ad
748 2509 876 2537 futui-am
891 2508 931 2536 rei
946 2507 1115 2535 memoriam.

467 2574 519 2613 Ea,
539 2583 621 2616 quae
642 2571 813 2605 concordia
839 2570 921 2603 inter
936 2579 1170 2612 quascumcpie,

423 2621 610 2666 praesertim
622 2621 795 2663 religiosas,
811 2629 965 2664 personas
975 2617 1057 2651 saeta
1077 2617 1173 2650 fuisse

461 2686 471 2711 1
494 2685 532 2711 Ex
549 2684 611 2711 bull.
625 2683 689 2713 Ord.
703 2683 814 2710 fratrum
826 2681 1054 2714 Praedicatorum,
1067 2683 1130 2708 tom.
1145 2688 1173 2711 v,

423 2733 484 2761 pag.
506 2725 564 2752 151.

252 2627 368 2648 Exordium.

986 313 1164 340 BULLARIUM
1189 313 1338 338 ROMANUM

1204 366 1369 403 dicuntur,
1406 376 1449 398 ne
1480 366 1511 397 in
1551 364 1705 397 recidivae
1744 364 1959 397 contentionis

1202 420 1393 463 scrupulum
1422 418 1620 457 relabantur,
1651 418 1705 450 sed
1730 418 1822 450 tii-ma
1848 428 1959 462 perpe-

1203 477 1258 505 tuo
1279 478 1309 504 et
1334 472 1459 506 illibata
1480 471 1663 515 persistant,
1694 470 1831 503 libenter
1850 498 1856 510 ,
1884 482 1958 504 eum

1202 537 1218 558 a
1239 525 1331 558 nobis
1351 537 1370 569 p
1380 526 1487 562 etitur,
1508 524 1726 569 approbamus
1746 531 1773 558 et
1787 525 1958 558 confirma—

1203 590 1286 619 mus,
1309 591 1345 612 ac
1366 580 1449 613 :alias
1469 579 1608 622 desuper
1628 578 1841 623 disponimus,
1865 585 1960 622 prout,

1203 633 1233 665 in
1276 633 1419 667 Dominio
1454 632 1670 676 conspicimus
1703 632 1874 666 salubriter
1906 644 1958 665 ex-

1202 687 1325 730 pedire.

1246 741 1261 783 ξ
1291 740 1322 772 sl.
1359 740 1509 774 Exhibita
1537 739 1694 783 siquidem
1720 739 1812 773 nobis
1841 750 1958 784 nuper,

1203 805 1262 838 pro
1279 800 1372 837 parte
1385 794 1576 827 dilectorum
1593 794 1736 826 filiorum
1753 794 1784 827 S.
1803 793 1960 827 Dominici

1204 853 1233 880 et
1253 847 1284 880 S.
1312 846 1491 887 ancisci,
1514 852 1577 879 tani
1594 847 1836 880 Oliservantium
1863 858 1959 890 quam

1203 900 1434 934 Claustraliiiin
1455 906 1732 944 nuncupatorum,
1755 906 1785 933 et
1804 900 1959 934 Carmeli-

1203 960 1321 994 tarum,
1348 966 1386 987 ac
1414 955 1445 987 S.
1469 953 1615 998 Spiritus,
1647 954 1871 988 Sanctissimae
1890 955 1960 988 Tri-

1204 1007 1310 1040 nitatis
1341 1007 1519 1048 Ordinum,
1543 1007 1813 1041 monasteriorum
1833 1008 1866 1041 in
1883 1008 1958 1041 civi-

1205 1067 1266 1094 tate
1288 1066 1317 1094 et
1341 1061 1446 1094 insula
1467 1061 1665 1094 Maioricensi
1697 1061 1871 1107 respective
1897 1061 1959 1094 exi-

1205 1114 1360 1148 stentium
1381 1115 1525 1159 priorum
1547 1115 1728 1147 acfratrum
1750 1114 1860 1158 petitio
1885 1126 1960 1149 con-

1204 1168 1324 1201 tinebat
1348 1169 1437 1212 quod
1468 1180 1542 1201 cum
1564 1168 1623 1212 ipsi
1649 1172 1677 1201 et
1699 1179 1811 1201 eorum
1833 1169 1960 1213 singuli,

1205 1223 1244 1255 ab
1271 1222 1525 1256 immemorabili
1553 1229 1697 1266 tempore
1727 1222 1819 1262 citra,
1846 1223 1893 1256 vel
1922 1223 1961 1256 ab

1206 1277 1352 1321 ipsorum
1377 1277 1647 1310 monasteriorum
1669 1276 1829 1320 primaeva
1849 1277 1962 1310 sunda-

1206 1331 1303 1370 tione,
1339 1330 1371 1362 iii
1402 1330 1535 1373 pacifica
1566 1335 1597 1363 et
1628 1330 1737 1374 quieta
1761 1330 1961 1374 possessione

1204 1385 1252 1417 vel
1286 1384 1379 1427 quasi
1410 1384 1543 1417 existant
1573 1383 1736 1417 deferendi
1766 1395 1839 1418 cum
1865 1395 1962 1418 cruce

1205 1439 1328 1472 elevata
1348 1437 1643 1481 processionaliter,
1666 1448 1702 1471 ac
1719 1437 1893 1481 sepeliendi
1906 1449 1963 1482 per

1207 1502 1240 1525 se
1252 1492 1340 1535 ipsos
1350 1497 1487 1531 tantum,
1508 1491 1628 1534 absque
1641 1491 1819 1524 interventu
1835 1492 1960 1536 aliquo-

1206 1556 1281 1579 rum
1311 1545 1504 1578 clericorum
1536 1545 1765 1587 saecularium,
1795 1545 1826 1578 in
1848 1557 1960 1579 eorum

1209 1598 1352 1632 ecclesiis
1373 1609 1508 1642 corpora
1537 1599 1776 1639 defunctorum,
1808 1599 1863 1642 qui
1883 1599 1960 1632 inibi

1209 1653 1409 1697 sepulturam
1430 1652 1597 1695 eligerent,
1629 1652 1715 1694 quod
1736 1653 1842 1686 forsan
1867 1664 1903 1686 ex
1923 1664 1961 1687 eo

1210 1705 1373 1750 provenit,
1406 1706 1482 1748 quia
1512 1705 1542 1737 in
1573 1704 1732 1749 principio
1760 1706 1847 1749 quod
1877 1706 1961 1739 dicta

1210 1759 1317 1792 civitas
1345 1765 1372 1791 et
1403 1759 1508 1791 insula
1541 1758 1740 1798 huiusmodi,
1776 1758 1960 1792 infidelibus

1210 1813 1412 1857 expugnatis,
1430 1824 1487 1857 pei·
1510 1812 1701 1845 christianos
1716 1819 1873 1857 occupata
1893 1814 1960 1847 fue-

1211 1873 1270 1908 rat,
1302 1873 1336 1899 ut
1358 1878 1394 1900 ex
1415 1866 1644 1910 antiquissimis
1664 1866 1833 1910 scripturis
1861 1878 1960 1911 appa-

1211 1927 1270 1960 ret,
1294 1922 1418 1961 fratres,
1442 1926 1471 1953 et
1491 1919 1679 1964 praesertim
1709 1919 1835 1953 Ordinis
1855 1921 1960 1954 Sancti

1210 1974 1379 2015 Dominici,
1408 1980 1480 2008 ante
1510 1973 1644 2007 clericos
1671 1975 1851 2007 saeculares
1875 1974 1962 2007 chri-

1211 2028 1312 2061 stiana
1333 2028 1458 2072 pietatis
1479 2028 1619 2068 semina,
1647 2034 1847 2061 sacramenta
1868 2028 1961 2061 mini-

1212 2083 1341 2117 strando
1366 2088 1396 2116 et
1430 2087 1575 2115 mortuos
1604 2082 1802 2126 sepeliendo,
1837 2093 1962 2127 sparse-

1212 2143 1299 2170 runt.

1248 2185 1270 2234 ’ξ
1295 2190 1326 2223 2.
1354 2190 1391 2223 Ei
1410 2190 1485 2223 licet
1504 2200 1540 2223 ex
1561 2189 1770 2223 concessione
1793 2190 1893 2223 felicis
1912 2201 1963 2223 re-

1213 2244 1408 2278 cordationis
1437 2243 1513 2276 Sixti
1546 2243 1603 2276 ΡΙ).
1636 2244 1684 2281 lv,
1707 2242 1964 2287 praedecessoris

1213 2298 1325 2338 nostri,
1344 2297 1435 2330 dictis
1455 2297 1618 2338 fratribus,
1642 2298 1832 2341 praesertim
1852 2298 1883 2332 S.
1905 2298 1964 2331 Do-

1214 2351 1343 2392 ininici,
1367 2351 1462 2384 suerit
1492 2351 1652 2384 indultum
1685 2356 1716 2383 ut
1748 2362 1884 2396 corpora
1908 2352 1963 2385 de-

1214 2408 1398 2439 functorum
1430 2405 1547 2449 possint
1576 2405 1867 2449 processionaliter,
1890 2417 1962 2439 cum

1215 2470 1312 2493 cruce
1335 2459 1470 2499 elevata,
1492 2459 1523 2491 in
1546 2469 1657 2492 eorum
1688 2459 1890 2492 monasteriis
1918 2470 1965 2493 se-

1215 2513 1327 2557 pelire,
1364 2512 1418 2545 ubi
1445 2513 1508 2545 hoc
1534 2517 1724 2546 consuetum
1748 2513 1841 2553 foret,
1868 2519 1966 2557 prout

1215 2563 1370 2595 hactenus
1400 2562 1458 2593 suit
1487 2567 1676 2594 consuetum
1706 2567 1737 2594 et
1762 2561 1962 2595 observatum

1215 2611 1248 2644 in
1277 2610 1369 2644 dictis
1398 2611 1522 2644 civitate
1548 2617 1578 2644 et
1605 2611 1727 2650 insula,
1757 2616 1837 2644 extet
1856 2617 1964 2644 tamen

1216 2661 1311 2693 etiam
1332 2661 1370 2693 de
1396 2660 1578 2704 praemissis
1611 2659 1782 2693 concordia
1809 2659 1891 2693 inter
1916 2671 1964 2694 re-

1217 2716 1320 2743 ctores
1339 2709 1573 2756 parochialium
1603 2708 1812 2745 ecelesiarum
1833 2714 1863 2742 et
1882 2708 1963 2742 duos

1976 310 2024 335 An.
2041 309 2070 336 C.
2091 308 2157 335 1567

2037 745 2158 772 Diplomatis

1974 783 2047 799 eausa.

2008 2199 2161 2220 concordatum

1977 2232 2033 2255 intei-
2048 2234 2128 2260 partes.
