2237 3100
261 229 310 255 An.
329 229 356 256 C.
378 230 446 257 1568

280 813 327 833 Sola
347 816 437 840 signatu-

255 851 275 864 m
293 845 374 866 sufficit.

270 2332 387 2354 Mandatum
403 2339 428 2354 e-

243 2364 324 2390 rigendi
349 2367 369 2384 et
392 2366 428 2384 iu-

242 2396 342 2415 stituendi
364 2401 428 2422 prae·

243 2427 331 2448 bendani
342 2428 427 2449 theolo-

242 2459 339 2484 ῐ0110111111
351 2460 425 2481 cattie-

242 2489 342 2510 dratinus.

459 278 592 311 indultis
620 278 816 321 apostolicis,
838 276 1043 318 generalibus
1062 276 1109 307 vel
1139 285 1211 317 spe-

459 331 607 370 cialibus,
618 340 903 374 quorumcumque
913 335 1063 361 tenorum
1076 328 1212 360 existen-

457 384 555 423 tibus,
571 395 628 426 per
639 394 721 426 quse,
738 382 961 426 praesentibus
972 392 1037 414 non
1049 392 1209 425 expressa,

457 442 513 470 aut
545 437 686 470 totaliter
715 446 779 467 uon
805 436 935 472 inserta,
980 435 1211 468 iurisdictionis

456 490 557 533 ipsius
577 488 771 532 protectoris
792 488 964 531 explicatio
986 489 1135 532 impediri
1161 500 1211 521 va-

456 543 517 575 leat
537 541 782 585 quomodolibet
802 542 850 574 vel
876 541 1009 581 differri,
1029 548 1057 574 et
1080 543 1118 575 de
1140 543 1209 585 qui-

454 597 514 628 bus
533 605 739 638 quorumque
764 594 839 627 totis
862 594 1029 627 tenoribus
1049 595 1088 628 de
1114 596 1209 628 verbo

453 649 493 681 ad
517 648 651 681 verbum
683 648 832 681 habenda
857 647 895 680 sit
920 647 951 680 in
983 649 1209 691 praesentibus

454 701 574 734 mentio
595 701 755 745 specialis.

498 754 513 797 ἐ
529 754 560 788 9.
583 754 739 787 Volumus
750 759 858 787 autem
873 754 1093 797 praesentium
1107 755 1206 787 solam

453 807 649 850 signaturam
673 808 835 846 sufficere,
859 812 889 839 et
904 807 1025 850 ubique
1046 808 1143 840 tidem
1162 808 1207 840 sa·-

453 870 539 900 cere,
562 860 594 892 in
623 859 743 892 iudicio
763 865 903 900 etextra,
920 860 1031 902 regula
1047 861 1206 894 contraria

452 923 518 946 non
544 912 701 953 obstante,
725 919 756 945 et
780 913 968 946 earumdem
985 916 1206 958 transumptis,

452 976 551 998 manu
572 965 688 998 notarii
703 965 826 1009 publici
847 965 1049 1009 subscriptis,
1064 967 1207 1009 etsigillo

452 1018 644 1062 protectoris
658 1030 714 1052 seu
734 1019 1006 1052 confraternitatis
1020 1020 1206 1054 huiusmodi

451 1071 595 1111 munitis,
612 1072 759 1104 eamdem
780 1082 914 1115 prorsus
934 1072 1030 1105 fidem
1046 1073 1204 1114 adhiberi,

450 1135 533 1168 quae
554 1124 763 1158 adhiberetur
782 1124 1007 1168 praesentibus
1032 1136 1129 1158 manu
1147 1138 1205 1160 no-

452 1184 516 1211 stra
536 1178 738 1222 subscriptis.

736 1230 855 1263 Placet.
878 1231 916 1263 M.

492 1283 613 1317 Romae
642 1284 728 1327 apud
757 1284 910 1317 Sanctum
927 1284 1069 1326 Petrum,
1090 1292 1205 1329 quarto

449 1338 521 1371 idus
541 1337 709 1379 februarii,
732 1348 818 1371 anno
834 1348 880 1371 111.

467 1394 529 1425 Dat.
546 1396 594 1426 die
612 1395 648 1426 10
666 1395 806 1425 februarii
833 1396 918 1434 1568,
935 1397 1037 1436 pontis.
1053 1407 1184 1429 annom.

739 1545 906 1580 LXXXVII.

445 1621 626 1655 Mandatur
645 1623 765 1655 nuncio
791 1622 1010 1665 Venetiarum,
1027 1630 1062 1658 ut
1087 1627 1202 1659 mom-

490 1676 585 1708 m'bus
618 1677 754 1709 ecclesiis
787 1677 1025 1710 cathedralibus
1063 1680 1201 1713 eiusdem

490 1729 641 1769 dominii,
664 1730 700 1762 in
720 1730 832 1773 quibus
857 1731 962 1763 adhuc
990 1732 1116 1765 nultum
1142 1735 1202 1766 stt-

487 1783 645 1825 pendiimt
665 1782 796 1815 lectioni
821 1783 994 1827 tlzcotoyult'
1014 1785 1201 1828 deputatum

491 1840 547 1875 est,
568 1836 787 1878 praebendum
807 1838 917 1879 primo
944 1843 1135 1872 vacaturum
1160 1842 1203 1873 ad

491 1890 577 1923 hunc
600 1901 693 1923 usum
713 1891 850 1934 applicet
872 1892 897 1927 ¹.

510 1966 664 1996 Venerabili
682 1965 769 1998 fratri
791 1970 913 2005 episcopo
932 1970 1134 2007 Neocastrensi,

617 2024 688 2059 apud
699 2024 848 2053 dominium
862 2025 1026 2055 venetorum

553 2077 650 2106 nostro
665 2079 693 2107 et
708 2079 878 2114 Apostolieae
894 2081 967 2109 sedis
982 2082 1087 2116 nuncio,

727 2151 787 2180 Pius
801 2153 872 2188 Papa
886 2153 914 2181 V.

473 2203 538 2232 von.
559 2202 663 2237 frater,
687 2205 805 2234 salutem
824 2208 852 2235 et
872 2213 915 2243 ap.
939 2207 1165 2239 benedictionem.

485 2276 500 2318 ᾖ
519 2275 550 2308 1.
574 2276 748 2320 Cupientes
768 2289 827 2322 pro
843 2279 945 2312 nostri
966 2282 1137 2324 pastoralis
1149 2283 1196 2315 of-

442 2328 508 2362 ficii
529 2340 607 2363 cura
625 2357 632 2370 ,
669 2335 703 2364 ut
728 2331 810 2364 sacri
850 2333 982 2366 concilii
1017 2335 1195 2370 Tridentini

442 2382 570 2416 decreta
587 2384 625 2416 ab
646 2384 798 2418 omnibus
819 2385 864 2418 sic
887 2391 923 2418 ut
942 2397 1001 2429 par
1023 2394 1067 2420 est
1088 2389 1197 2423 obser-

441 2441 566 2477 ventur,
589 2448 691 2481 eaque
712 2438 838 2472 debitae
858 2441 1039 2473 executioni
1062 2443 1195 2476 deman-

441 2488 570 2529 dentur,
594 2490 717 2525 idcirco
737 2493 929 2526 auctoritate
945 2495 1133 2537 apostolica,
1148 2503 1194 2530 te-

441 2553 520 2576 nore
540 2545 760 2588 praesentium
790 2546 848 2579 tibi
878 2548 1069 2582 mandamus
1103 2555 1137 2582 ut
1163 2551 1193 2584 in

480 2610 489 2636 1
509 2609 549 2636 Ex
570 2610 673 2646 Regest.
697 2612 722 2639 in
739 2613 840 2642 Secret.
860 2614 994 2642 Brevium.

1055 222 1235 247 BULLARIUM
1258 222 1409 248 ROMANUM

1255 275 1409 307 omnibus
1429 276 1575 308 ecclesiis
1591 277 1876 320 patriarchalibus,
1895 282 2012 311 metro-

1255 327 1408 370 politanis
1439 334 1470 361 et
1496 329 1736 363 cathedralibus
1769 331 1861 364 istius
1902 331 2011 374 inclyti

1254 381 1403 420 dominii,
1428 381 1459 413 in
1481 382 1599 424 quibus
1622 383 1804 425 praebenda
1831 395 1887 417 seu
1909 385 2010 422 allud,

1253 434 1366 476 quovis
1395 434 1526 467 nomine
1548 441 1786 479 nuncupatum,
1813 437 2011 480 stipendium

1253 498 1312 531 pro
1346 488 1524 520 lectoribus
1552 500 1661 521 sacrae
1686 489 1867 532 theologiae
1902 491 2011 525 hacte-

1253 551 1313 573 nus
1321 541 1511 583 deputatum
1526 552 1590 574 non
1604 542 1778 585 reperitur,
1794 543 2011 585 praebendam

1252 594 1573 638 quomodocumque,
1592 600 1818 638 praeterquam
1853 607 1890 629 ex
1915 607 2011 631 causa

1253 647 1482 689 resignationis
1494 648 1526 680 111
1539 649 1689 681 manibus
1700 649 1818 682 nostris
1828 650 1929 689 sactae,
1942 651 2010 694 pri-

1252 711 1303 733 mo
1312 706 1507 741 vacaturam,
1516 701 1664 734 cuialiud
1676 702 2010 747 onusincompatibile

1252 754 1437 787 iniunctum
1473 765 1537 787 non
1566 754 1630 795 sit,
1663 755 1701 787 ad
1724 755 1831 799 ipsum
1860 756 2010 790 lectionis

1251 818 1360 840 sacrae
1381 808 1564 851 theologiae
1586 819 1694 847 usum,
1718 820 1776 852 pro
1797 820 1862 842 uno
1887 810 2009 844 lectore

1250 867 1421 904 perpetuo,
1435 861 1627 895 auctoritate
1643 867 1753 894 nostra
1767 863 1921 906 applices,
1933 874 2009 897 con-

1251 914 1363 946 stituas
1393 926 1430 947 ac
1451 915 1586 957 deputes
1603 941 1610 955 ,
1632 914 1906 959 applicatamque,
1929 927 2007 950 con-

1250 967 1394 1000 stitutam
1415 973 1446 1000 et
1461 968 1649 1011 deputatam
1674 968 1914 1012 inperpetuum
1938 969 2007 1004 fore

1250 1024 1280 1052 et
1297 1030 1365 1052 esse
1386 1021 1541 1053 decernas
1573 1025 1604 1053 et
1638 1021 1783 1053 declares
1802 1032 1809 1059 ;
1832 1021 1876 1054 ita
1898 1026 2007 1056 tamen

1249 1074 1349 1116 quod,
1364 1074 1389 1106 si
1405 1073 1742 1118 postpublicationem
1759 1074 1862 1117 ipsius
1875 1075 2006 1109 concilii

1249 1126 1350 1168 aliqui
1372 1126 1529 1159 ordinarii
1556 1127 1603 1160 vel
1625 1126 1767 1170 capitula
1787 1127 2006 1170 praebendam

1248 1178 1280 1211 in
1302 1179 1369 1211 suis
1398 1179 1564 1212 mensibus
1594 1185 1670 1212 tunc
1690 1185 1855 1213 vacantem
1873 1207 1881 1221 ,
1913 1186 1944 1214 et
1966 1182 2007 1215 ad

1248 1241 1361 1264 eorum
1377 1232 1583 1265 collationem
1595 1232 1641 1264 vel
1655 1231 1750 1264 aliam
1765 1242 2005 1278 quamcumque

1248 1284 1491 1328 dispositionem
1515 1313 1522 1327 ,
1545 1285 1763 1318 communiter
1796 1286 1843 1318 vel
1864 1286 2003 1328 divisim,

1248 1337 1488 1380 pertinentem,
1520 1339 1559 1370 ad
1593 1338 1742 1371 lectionis
1779 1349 1889 1372 sacrae
1917 1340 2004 1374 Scri-

1246 1395 1361 1433 pturae
1383 1402 1478 1424 usum
1499 1391 1688 1424 huiusmodi
1701 1392 1859 1425 hactenus
1869 1403 1935 1426 non
1946 1404 2004 1438 ap-

1247 1442 1438 1486 plicaverint
1471 1445 1519 1477 vel
1550 1444 1802 1486 destinaverint,
1844 1446 1899 1479 sed
1931 1446 2004 1481 aliis

1247 1496 1453 1537 contulerint,
1474 1497 1580 1540 primo
1601 1503 1753 1531 vacatura
1767 1498 1953 1542 praebenda
1967 1511 2004 1534 ea

1246 1558 1313 1581 esse
1347 1556 1516 1583 censeatur
1549 1555 1580 1583 et
1598 1551 1820 1594 intelligatur,
1857 1563 1940 1596 quae
1963 1553 2004 1587 ad

1246 1603 1436 1636 eorumdem
1447 1604 1691 1637 ordinariorum
1713 1605 1760 1638 vel
1770 1605 2001 1649 capitulorum,

1247 1662 1279 1689 ut
1304 1658 1497 1700 praefertur,
1522 1658 1727 1691 collationem
1747 1665 1892 1705 spectare
1906 1687 1914 1701 ,
1935 1671 2001 1694 non

1245 1715 1353 1743 autem
1374 1716 1501 1744 nostrae
1522 1711 1725 1754 Apostolicae
1753 1712 1843 1745 Sedis
1862 1712 2000 1757 disposi-

1244 1763 1325 1796 tioni
1350 1771 1542 1797 reservatam
1561 1775 1629 1798 esse
1655 1765 1828 1808 contigerit
1847 1777 1853 1798 :
1880 1766 1906 1799 si
1925 1777 2001 1801 vero

1244 1818 1304 1860 ipsi
1330 1818 1488 1851 ordinarii
1520 1819 1739 1862 praebendam
1763 1820 1906 1863 aliquam
1929 1827 2002 1865 post

1244 1872 1320 1905 dicti
1342 1873 1473 1906 concilii
1495 1873 1749 1917 publicationem
1766 1874 1910 1919 cuifflam
1935 1887 2000 1910 non

1244 1929 1451 1970 contulerint,
1470 1937 1546 1965 tunc
1568 1932 1786 1975 praebendam
1813 1934 1919 1977 primo
1947 1946 2000 1969 va—

1243 1990 1388 2018 caturam
1421 1990 1469 2022 vel
1489 1990 1694 2034 dispositioni
1732 1999 1862 2027 nostrae
1894 2005 2000 2028 reser-

1242 2047 1344 2075 vatam
1379 2045 1426 2076 vel
1453 2045 1492 2078 ad
1522 2046 1728 2080 collationem
1755 2047 1917 2081 dictorum
1946 2060 1999 2083 or-

1242 2096 1443 2131 dinariorum
1457 2104 1487 2131 et
1498 2100 1717 2142 capitulorum
1735 2106 1946 2145 spectantem,
1959 2104 1998 2137 ad

1241 2149 1343 2193 ipsius
1363 2151 1511 2185 lectionis
1536 2164 1645 2186 sacrae
1674 2154 1856 2198 theologiae
1887 2167 1996 2197 usum,

1240 2214 1299 2246 pro
1320 2204 1433 2237 eodem
1455 2206 1587 2245 lectore,
1606 2217 1664 2250 per
1684 2213 1725 2248 te,
1748 2214 1783 2241 ut
1801 2210 1995 2252 praefertur,

1240 2257 1398 2300 applicari
1422 2259 1573 2292 volumus
1593 2265 1621 2292 et
1643 2261 1846 2295 mandamus.

1285 2310 1299 2353 ξ
1320 2309 1349 2342 Ξ.
1374 2311 1411 2344 Et
1437 2318 1610 2355 propterea
1632 2313 1688 2346 tibi
1714 2315 1937 2350 commisimus
1963 2322 1996 2350 ut

1239 2363 1331 2396 dictis
1370 2365 1541 2399 ordinariis
1575 2373 1603 2400 et
1632 2368 1784 2411 capitulis
1818 2374 1848 2402 et
1881 2381 1995 2404 eorum

1239 2412 1392 2453 cuilibet,
1421 2415 1517 2448 etiam
1549 2417 1608 2449 sub
1638 2417 1798 2450 interdicti
1831 2419 1995 2461 ingressus

1239 2463 1392 2496 ecclesiae
1420 2475 1456 2497 ac
1473 2466 1692 2509 suspensionis
1703 2478 1720 2499 a
1733 2467 1847 2500 divinis
1858 2468 1993 2513 aliisque

1238 2511 1333 2543 etiam
1346 2513 1544 2555 pecuniariis
1554 2515 1687 2549 arbitrio
1704 2521 1758 2549 tuo
1787 2516 1994 2560 imponendis

1237 2567 1267 2593 et
1287 2561 1487 2596 declarandis
1508 2564 1632 2607 poenis,
1653 2576 1693 2598 ne
1705 2575 1749 2605 se,
1768 2565 1881 2609 quovis
1900 2577 1992 2610 prae-

1237 2614 1324 2645 textu
1344 2618 1399 2645 aut
1423 2613 1569 2657 quaesito
1603 2615 1723 2655 colore,
1745 2614 1778 2647 in
1806 2615 1991 2660 praebenda

2028 224 2080 251 An.
2101 224 2131 251 C.
2144 223 2212 251 ¹658

2037 2333 2100 2355 Poena
2120 2336 2140 2356 in
2156 2341 2194 2357 eon

2010 2365 2045 2392 qui
2060 2365 2147 2388 obedire
2158 2372 2191 2388 re-

2010 2399 2139 2418 cusaveriut.
