2237 3100
859 238 955 264 INDEX
975 238 1178 265 RUBRICARUM

249 293 334 329 LVII.
357 293 536 327 Declaratio
554 298 585 327 et
604 293 752 327 limitatio
770 293 1007 327 constitutionis

338 346 441 380 editae
460 357 479 379 a
498 347 598 380 Paulo
618 346 655 379 IV
674 357 773 390 super
797 347 1006 380 ordinationi-

338 400 399 433 bus
412 400 623 433 observandis
638 410 696 443 per
708 400 856 433 hebraeos
870 400 903 433 in
915 401 1006 434 Statu

337 453 562 486 Ecclesiastico
582 453 746 496 degentes,
769 453 845 486 167.

247 506 347 541 LVIII.
370 506 551 540 prohibitio
576 506 761 547 deferendi,
784 506 946 540 retinendi
976 513 1006 540 et

335 560 494 594 vendendi
505 559 744 593 archibusettos
752 560 908 594 brevioris
918 571 1007 594 men-

336 624 431 647 surae
446 613 587 646 duorum
598 614 782 657 palmorum
797 613 829 646 in
845 614 935 647 Statu
949 615 1007 648 Ec-

336 666 528 707 clesiastico,
551 666 628 700 i7sl.
790 705 795 708 Ι

248 720 322 755 LIX.
354 720 541 754 iurisdictio
572 726 604 754 et
632 720 802 753 facultates
830 721 1005 754 cardinalis

335 773 529 819 protectoris
542 779 573 807 et
586 773 703 807 iudicis
724 784 912 807 caussarum
935 786 1004 808 mo-

334 827 466 861 nasterii
487 832 518 860 et
538 826 731 860 monialium
747 827 1004 872 (impudicarum

335 880 398 914 iam
434 880 635 923 mulierum)
669 880 928 914 Convertitarum
965 882 1004 915 de

334 934 419 968 Urbe
441 940 718 978 nuncupatarum,
741 934 818 968 172.

338 987 521 1021 lurisdictio
556 987 788 1031 inquisitorum
822 988 1004 1022 haereticae

335 1042 499 1087 pravitatis
529 1042 730 1086 procedendi
763 1047 877 1075 contra
905 1053 1003 1086 quos—

334 1107 476 1141 cumque
496 1097 662 1139 regulares
682 1102 713 1129 et
737 1095 907 1139 religiosos
926 1107 1006 1141 quo-

334 1149 500 1193 quomodo
520 1148 739 1193 privilegiatos
767 1154 797 1182 et
824 1155 1001 1193 exemptos,

308 1232 315 1239 ,
335 1201 373 1235 de
393 1201 519 1235 haeresi
540 1202 730 1246 culpabiles,
752 1202 932 1236 dummodo
953 1214 1006 1237 eo-

334 1265 408 1289 rum
441 1255 627 1300 superiores
657 1266 723 1289 non
758 1256 1001 1300 praevenerint,

342 1362 426 1396 Taxa
447 1362 635 1396 mercedum
656 1363 859 1397 notariorum
876 1375 1005 1397 caussa-

334 1428 407 1450 rum
438 1417 580 1450 civilium
611 1418 859 1462 gubernatoris,
881 1418 1003 1460 vicarii,

333 1470 450 1504 iudicis
470 1471 567 1514 Burgi
588 1477 618 1505 et
633 1472 863 1515 magistrorum
878 1472 1003 1505 viarum

333 1524 441 1564 Urbis,
464 1530 495 1558 et
514 1525 610 1558 etiam
635 1525 796 1569 Capitolii,
821 1525 853 1557 in
877 1526 1005 1559 casibus

334 1578 373 1611 de
393 1578 513 1622 quibus
539 1589 598 1622 per
623 1583 741 1612 statuta
768 1589 834 1612 non
860 1584 905 1612 est
927 1590 1004 1623 pro-

333 1631 448 1672 visum,
469 1630 546 1665 177.

243 1684 331 1719 LXII.
344 1685 427 1718 Taxa
443 1684 633 1719 mercedum
649 1685 854 1719 notariorum
871 1696 1002 1719 caussa-

333 1749 407 1771 rum
435 1738 655 1772 criminalium
684 1740 926 1782 gubernatoris,
947 1752 1004 1774 au-

332 1792 446 1826 ditoris
468 1792 635 1833 Gamerae,
658 1793 769 1826 vicarii
795 1799 825 1827 et
846 1795 1003 1829 senatoris

332 1845 427 1879 Urbis
446 1857 484 1880 ac
503 1846 621 1880 iudicis
641 1847 751 1890 Burgi,
774 1847 852 1881 180.

243 1899 345 1933 LXIII.
376 1899 557 1943 privilegia,
588 1901 707 1943 gratias
734 1906 762 1933 et
793 1900 920 1934 indulta
946 1913 1004 1946 per

333 1953 483 1987 Summos
502 1954 687 1995 Pontifices,
710 1955 750 1987 ab
769 1955 961 1989 Innocentio
978 1957 1002 1989 11

332 2017 435 2050 usque
454 2007 495 2046 ad
513 2007 632 2040 Iulium
662 2008 701 2040 III
727 2007 900 2050 inclusive,
924 2020 1002 2043 con-

331 2071 419 2094 cessa
433 2062 676 2105 congregationi
689 2062 931 2096 Canonicorum
944 2064 1002 2097 Re-

330 2114 494 2157 gularinm
514 2115 781 2149 Lateranensium
799 2117 958 2160 approbat
973 2123 1003 2150 et

331 2168 513 2208 confirmat,
525 2168 619 2202 sicuti
636 2169 731 2203 etiam
749 2180 807 2214 pro
824 2170 910 2203 bono
926 2181 1002 2203 eon-

329 2223 526 2266 gregationis
545 2224 703 2267 regimine
723 2230 841 2258 statuta
858 2225 944 2259 edita
964 2237 1001 2259 ae

330 2277 455 2310 edenda
475 2283 506 2311 et
525 2279 775 2322 promulganda,
798 2279 875 2313 184.

242 2327 341 2362 LXIV.
364 2329 408 2363 De
428 2330 599 2364 homicidis
624 2332 762 2375 aliisque
789 2333 852 2365 reis
877 2342 1001 2376 poenae

329 2383 477 2428 capitalis
507 2385 556 2418 vel
587 2385 774 2428 sanguinis,
807 2385 905 2419 etiam
935 2396 1000 2419 non

330 2433 554 2467 condemnatis
566 2435 615 2468 vel
626 2446 658 2468 in
669 2436 911 2469 contumaciam
925 2446 1002 2468 con-

329 2483 503 2524 demnatis,
532 2489 563 2517 et
588 2483 671 2517 int'ra
701 2495 754 2517 sex
782 2494 911 2517 menses
935 2494 1001 2517 non

331 2537 445 2574 sponte
473 2542 506 2565 se
532 2532 565 2565 in
599 2533 786 2566 carceribus
816 2533 1002 2566 constitutis

330 2590 395 2613 non
428 2580 620 2622 audiendis,
657 2581 1001 2626 appellationibusque

331 2630 624 2664 condemnatorum
644 2629 677 2663 in
710 2641 850 2675 poenam
870 2630 949 2664 fisco
969 2636 1002 2664 et

245 987 307 1022 LX.

245 1363 319 1397 LXI.

1676 230 1763 265 1035

1137 294 1289 327 Gamerae
1307 293 1510 337 Apostolicae
1527 294 1722 337 applicatam
1742 305 1806 328 non

1137 347 1358 389 admittendis,
1381 347 1442 380 nisi
1469 348 1553 380 fat-to
1582 347 1739 390 deposito.
1762 349 1808 382 Ac

1137 401 1176 434 de
1197 401 1310 445 poenis
1331 402 1450 435 fractae
1471 401 1558 445 pacis
1582 402 1630 434 vel
1654 408 1804 444 treguae,

1138 460 1165 487 et
1189 455 1382 498 allegatione
1412 466 1513 489 novae
1533 466 1666 489 caussae
1679 457 1725 489 vel
1748 457 1807 489 mi-

1137 507 1298 547 noritatis,
1322 514 1352 541 et
1373 509 1537 552 legitimae
1557 509 1701 542 filiorum
1729 520 1807 543 con-

1137 561 1316 602 fiscatione,
1345 562 1416 595 186.

1182 614 1338 658 Sequitur
1358 615 1535 649 declaratio
1562 615 1667 650 dictae
1688 617 1808 651 consti-

1136 668 1281 707 tutionis,
1305 668 1380 702 1187.

1181 722 1338 765 Sequitur
1358 723 1485 766 plenior
1501 724 1678 757 declaratio
1696 735 1807 768 supra-

1136 774 1297 808 dictarum
1319 777 1604 817 ‹fonstitutionurm
1626 777 1701 811 1189.

1047 826 1131 859 LXV.
1164 828 1363 861 Reformatio
1398 830 1496 863 oflicii
1535 831 1807 865 Poenitentiariae

1135 880 1353 924 Apostolicae,
1380 882 1457 916 ⁴193.

1047 933 1146 966 LXVI.
1185 934 1362 978 Epist-opos
1408 936 1555 970 titulares
1601 945 1807 983 nuncupatos

1136 987 1337 1030 pontificalia
1358 1000 1508 1023 exercere
1535 991 1566 1023 in
1588 991 1694 1025 aliena
1716 992 1805 1026 dioe-

1135 1041 1223 1081 cesi,
1246 1042 1307 1075 nisi
1335 1043 1373 1075 de
1395 1044 1550 1077 ordinarii
1576 1045 1718 1085 licentia,
1743 1046 1804 1079 mi-

1134 1094 1220 1127 nime
1242 1105 1335 1138 posse
1357 1097 1471 1137 sam—ii,
1499 1098 1570 1131 198.

1179 1148 1335 1192 Sequitur
1359 1151 1534 1184 declaratio
1560 1152 1712 1195 superius
1737 1153 1806 1187 edi-

1137 1206 1185 1234 tae
1213 1203 1465 1245 constitutionis,
1488 1204 1565 1237 1190.

1046 1254 1159 1288 LXVII.
1184 1256 1383 1290 Ilesormatio
1404 1258 1500 1291 officii
1519 1260 1714 1293 correctoris
1727 1260 1808 1294 Can-

1136 1309 1285 1343 cellariae
1299 1310 1504 1355 Apostolieae
1515 1318 1543 1345 et
1555 1313 1736 1346 litterarum
1750 1315 1809 1347 mi-

1137 1363 1226 1396 noris
1246 1363 1400 1405 iustitiae,
1424 1366 1700 1400 contradictarum
1726 1379 1808 1401 nun-

1136 1422 1340 1460 cupatarum,
1363 1418 1438 1452 ⁹200.

1046 1468 1173 1503 LXVIII.
1192 1470 1390 1504 Reformatio
1409 1472 1581 1505 tribunalis
1602 1473 1807 1508 Reverendae

1135 1522 1287 1557 Gamerae
1308 1525 1526 1569 Apostolieae‚
1551 1526 1625 1559 203.

1045 1576 1147 1611 LXIX.
1189 1577 1388 1612 Rel'ormatio
1433 1579 1604 1612 tribunalis
1645 1580 1805 1615 auditoris

1135 1640 1323 1664 caussarum
1345 1632 1459 1666 Curiae
1481 1633 1686 1667 Reverendae
1695 1634 1803 1668 Came-

1135 1695 1189 1717 rae
1210 1686 1427 1729 Apostolicae,
1456 1686 1531 1720 ⁶207.

1046 1737 1134 1771 LXX.
1158 1739 1241 1771 Loca
1262 1739 1315 1784 pia
1336 1746 1363 1773 et
1387 1741 1669 1776 confraternitates
1683 1769 1690 1783 ‚
1709 1742 1805 1776 etiam

1135 1792 1302 1826 institutae
1319 1794 1367 1827 vel
1384 1794 1603 1838 dependentes
1624 1807 1641 1829 a
1662 1796 1804 1840 capitulo

1134 1854 1358 1881 sacrosanctae
1390 1849 1614 1882 Lateranensis
1650 1850 1806 1884 ecelesiae

1134 1901 1181 1934 vel
1206 1901 1314 1934 Sancti
1336 1902 1475 1946 Spiritus
1503 1909 1559 1936 aut
1580 1904 1687 1937 Sani-ti
1709 1904 1806 1937 Seba-

1133 1954 1226 1987 stiani
1244 1954 1283 1987 ad
1299 1955 1511 1988 Cataeumbas
1532 1957 1570 1989 de
1593 1957 1688 1997 lfrbe,
1703 1957 1806 1990 subii-

1134 2008 1266 2041 ciuntur
1299 2008 1516 2042 iurisdietioni
1545 2016 1573 2042 et
1601 2010 1806 2044 obedientiae

1133 2062 1375 2095 ordinariorum
1394 2074 1429 2096 ac
1452 2068 1615 2096 rectorum
1638 2064 1807 2107 parochia-

1134 2116 1226 2149 lium.
1247 2117 1283 2149 Et
1298 2116 1418 2149 eisdem
1440 2116 1590 2160 capitulis
1612 2117 1806 2161 prohibetur

1135 2170 1173 2203 de
1194 2175 1302 2203 cetero
1333 2170 1456 2213 erigere
1485 2171 1555 2204 loca
1576 2171 1629 2214 pia
1651 2177 1681 2204 et
1701 2172 1806 2205 eecle-

1132 2224 1205 2265 sias,
1220 2225 1267 2257 vel
1290 2224 1322 2257 in
1343 2235 1457 2257 eorum
1480 2225 1625 2258 membra
1647 2225 1804 2270 recipere,

1134 2276 1210 2310 ⁶211.

1043 2330 1144 2363 LXXI.
1172 2330 1369 2363 Reformatio
1392 2330 1605 2363 tribunalium
1627 2331 1806 2366 ordinario-

1133 2395 1204 2417 rum
1237 2390 1267 2417 et
1298 2385 1436 2417 aliorum
1467 2385 1613 2417 iudicum
1640 2385 1805 2420 Romanae

1133 2433 1257 2475 Curiae,
1268 2433 1430 2477 officiique
1447 2438 1512 2466 tam
1527 2434 1671 2468 advocati
1685 2440 1716 2468 et
1731 2446 1806 2480 pro-

1133 2483 1290 2516 curatoris
1311 2493 1492 2526 pauperum
1525 2494 1622 2526 quam
1653 2484 1720 2517 fisci
1740 2484 1803 2518 Re-

1133 2532 1288 2565 vereudae
1308 2531 1460 2564 Gamerae
1486 2532 1704 2575 Apostolicae‚
1725 2533 1802 2568 214.

1043 2580 1157 2614 LXXII.
1174 2580 1370 2613 Rel‘ormatio
1386 2580 1682 2614 referendariorum
1696 2581 1805 2625 Signa-

1133 2634 1224 2663 turae
1245 2628 1384 2662 iustitiae
1414 2629 1551 2663 Romani
1581 2631 1747 2665 Pontificis
1773 2637 1806 2665 et
