2237 3100
259 259 308 284 An.
325 257 355 284 C.
374 258 438 285 ¹571

323 2082 445 2102 Praesentis

262 2114 446 2133 constitution-ilr-

263 2144 324 2164 initas
340 2147 360 2164 et
372 2144 446 2164 obser-

263 2176 340 2198 vautia,
399 2181 445 2194 cnut

263 2206 446 2226 t-tausutasuhtum

262 2241 304 2257 etc.

501 248 564 283 896

456 309 539 350 silio,
562 315 593 344 et
614 309 807 343 authoritate
819 314 849 342 et
861 314 1018 352 potestate
1035 308 1209 348 similibus,

457 363 618 396 redditum
641 373 787 396 annuum
809 372 923 394 novem
945 361 1084 394 millium
1104 367 1212 394 scuto-

456 427 529 449 rum
554 417 624 449 anri
645 416 677 448 in
698 425 795 455 auro,
818 425 855 447 ex
876 414 1022 457 pecuniis
1048 415 1214 447 thesaura-

457 469 524 502 riae
541 468 725 512 provinciae
738 473 867 501 nostrae
881 467 1115 501 Romandiolae
1130 467 1214 500 eius-

456 532 519 564 que
534 521 759 561 cancellariae,
775 531 902 553 necnon
916 526 1132 565 proventuum
1148 532 1215 554 ma-

458 575 651 615 leficiorum,
676 580 851 608 tractarum
873 575 1039 614 frumenti,
1055 581 1123 608 rata
1136 575 1213 607 sub-

456 627 530 660 sidii
550 633 772 662 trecentorum
800 627 940 661 millium
961 634 1129 661 scutorum
1150 628 1213 661 sive

457 682 622 723 augmenti
652 681 745 725 pretii
773 681 848 714 salis
875 687 905 714 et
925 692 1213 724 quorumcumque

457 734 595 767 aliorum
608 734 828 768 subsidiorum
840 740 869 768 et
885 735 1073 768 reddituum
1087 735 1216 768 ordina-

457 788 581 821 riorum
609 788 713 822 dictae
742 788 927 832 provinciae
948 789 1155 832 exigendum,
1186 794 1215 822 et

456 843 533 875 alias
553 853 612 886 per
636 843 788 875 eumdem
820 843 956 876 Paulum
989 843 1215 887 praedecesso-

457 907 525 928 rem
560 896 666 929 eidem
699 897 835 940 collegio
869 897 1009 929 militum
1049 897 1189 930 extincto
1206 923 1213 936 ‚

457 949 542 982 inter
562 950 636 990 alia,
660 961 718 993 pro
733 950 806 983 dote
821 951 1033 993 assignatum,
1055 962 1090 983 ae
1107 950 1217 983 onmia

456 1007 487 1034 et
507 1013 736 1046 quaecumque
757 1004 819 1035 alia
847 1004 928 1041 iura,
955 1003 1166 1037 obventiones
1187 1008 1217 1036 et

457 1056 677 1089 emolumenta
697 1057 773 1089 dicti
796 1057 923 1099 collegii
945 1056 1085 1097 extincti,
1101 1063 1128 1090 et
1143 1068 1216 1100 qua*

457 1109 630 1152 collegium
651 1116 679 1143 et
709 1110 826 1142 milites
848 1110 959 1153 quovis
981 1111 1078 1143 modo
1099 1111 1218 1143 hucus-

457 1173 521 1205 que
532 1163 756 1207 percipiebant
773 1170 801 1196 et
819 1164 1088 1206 assequebantur,
1104 1175 1217 1197 massze
1237 1176 1239 1188 t

458 1217 624 1249 communi
646 1217 818 1250 duodecim
841 1217 1036 1250 clericorum
1058 1218 1219 1261 praefato-

458 1280 530 1302 rum
553 1276 581 1303 et
601 1270 660 1313 ipsi
682 1270 820 1313 collegio
841 1270 1038 1303 clericorum
1058 1271 1090 1303 in
1112 1271 1217 1304 omni-

457 1323 518 1356 bus
538 1330 566 1357 et
594 1335 651 1367 per
671 1324 791 1361 omnia,
820 1331 915 1367 prout
942 1324 1079 1367 collegio
1104 1325 1218 1358 liuius-

459 1377 547 1410 modi
561 1377 702 1410 extincto
716 1388 867 1410 concessa
880 1378 1068 1415 suerant,ita
1079 1384 1113 1411 ut
1125 1379 1217 1411 liceat

459 1430 564 1463 eidem
596 1431 733 1474 collegio
767 1431 962 1464 cleris-orum
989 1438 1017 1464 et
1044 1432 1240 1464 duodecim'

459 1484 545 1516 illius
566 1485 704 1523 clericis,
738 1485 937 1518 conium-tint
958 1486 1005 1518 vel
1031 1486 1216 1528 sermratbn,

459 1538 605 1581 posthac,
622 1549 770 1571 unacum
786 1539 856 1571 aliis
872 1539 970 1581 ipsius
997 1539 1125 1581 collegii
1139 1540 1219 1571 duo-

459 1591 564 1624 decim
578 1591 771 1625 clericorum
787 1592 978 1631 redditibus,
994 1593 1216 1635 proventiluis,

459 1645 598 1684 iuribus,
632 1645 882 1678 obventionibus
913 1651 940 1678 et
974 1646 1215 1686 emolumentis,

458 1698 519 1730 sibi
551 1699 722 1741 hucusque
747 1698 913 1739 assignatis
934 1710 990 1731 seu
1019 1699 1050 1731 in
1071 1700 1218 1732 futurum
1238 1711 1240 1728 ι’

459 1751 660 1794 assignandis
680 1758 735 1785 aut
749 1752 862 1795 quovis
877 1752 972 1785 modo
989 1753 1219 1795 proveniendis
1238 1763 1240 1770 ‘¹

461 1804 514 1836 illa
535 1804 719 1847 percipere,
751 1805 868 1844 levare,
903 1805 1099 1838 distribuere
1120 1812 1149 1838 et
1171 1806 1218 1838 di-

458 1856 580 1897 videre,
597 1863 754 1901 perpetuo
769 1858 984 1901 applicamus,
1002 1858 1122 1901 illaque
1144 1870 1218 1892 cum

460 1910 612 1943 omnibus
633 1911 703 1943 aliis
731 1911 831 1954 ipsius
863 1911 989 1954 collegii
1023 1913 1217 1945 clericorum

461 1964 643 1997 redditibus
664 1971 692 1998 et
715 1965 944 1998 emolumentis
972 1966 1214 1999 confundimus.

505 2018 519 2061 ξ
544 2018 575 2051 8.
606 2019 823 2052 Decerneutes
855 2019 1020 2063 praedicta
1051 2020 1160 2052 omnia
1189 2026 1220 2053 et

461 2071 588 2114 singula
613 2072 747 2105 omniuo
773 2072 812 2104 ab
829 2072 981 2105 omnibus
1002 2073 1173 2116 adimpleri
1189 2080 1217 2106 et

461 2125 624 2158 observari
657 2125 788 2165 debere,
817 2131 847 2157 et
879 2131 1063 2168 praesentes
1097 2127 1218 2159 litteras

462 2179 525 2211 vim
544 2178 640 2211 validi
657 2185 685 2212 et
708 2179 847 2212 efficacis
868 2184 1054 2212 contractus
1070 2180 1218 2214 interSe-

461 2232 534 2265 dein
560 2238 589 2265 et
614 2232 782 2265 Cameram
802 2232 960 2276 praefatas
989 2244 1025 2266 ac
1050 2244 1109 2266 nos
1133 2234 1218 2277 ipsos

462 2290 491 2318 et
516 2295 720 2318 successores
743 2291 871 2318 nostros
890 2285 1052 2318 Romanos
1083 2286 1217 2318 Pontifi-

463 2348 515 2371 ces
549 2349 586 2371 ex
606 2349 682 2379 una,
706 2344 734 2371 et
756 2337 930 2380 collegium
966 2338 1162 2371 clericorum
1189 2345 1218 2372 et

463 2391 607 2433 singulos
626 2391 799 2425 duodecim
821 2391 956 2424 clericos
976 2397 1005 2424 et
1030 2391 1131 2434 ipsius
1151 2393 1217 2425 eol-

463 2440 538 2482 legii
563 2441 760 2473 clericorum
794 2440 899 2473 officia
923 2440 1104 2473 obtinentes
1129 2446 1157 2473 et
1184 2442 1215 2474 iu

464 2489 609 2522 futurum
630 2490 799 2523 habituros
824 2490 1021 2532 illorumque
1050 2500 1217 2524 successo-

464 2546 516 2570 res
534 2538 584 2571 vel
605 2549 734 2571 causam
755 2538 794 2570 ab
811 2538 857 2571 eis
875 2538 1043 2578 habentes,
1066 2550 1103 2571 ex
1119 2539 1217 2572 altera

464 2587 624 2631 partibus,
647 2588 835 2621 solemniter
848 2593 876 2621 et
899 2587 1219 2632 legitimeiniti‚pe1·-

463 2642 562 2681 petuo
582 2637 743 2677 obtinere,
765 2637 949 2681 dictamque
981 2636 1149 2670 Cameram
1179 2638 1218 2671 ad

1070 255 1250 280 BULLARIL'M
1274 255 1426 279 ROMANUM

1255 307 1385 340 eosdem
1404 307 1538 340 clericos
1558 316 1671 339 omnes
1695 312 1726 340 et
1745 308 1889 352 singulos
1908 310 1942 343 in
1961 310 2010 344 iu-

1254 360 1345 393 ribus
1366 360 1540 403 praedictis
1572 359 1722 401 tuendos,
1740 367 1771 394 et
1791 362 1835 395 ab'
1851 363 1942 396 omni
1958 365 2009 397 in-

1255 413 1439 453 commodo,
1463 413 1593 453 damno,
1608 415 1764 455 laesione,
1785 415 1853 456 lite,
1872 427 1968 450 causa
1980 423 2011 451 et

1256 466 1473 499 controversia
1494 467 1673 506 immunes,
1695 468 1865 505 indemnes
1896 475 1927 502 et
1956 481 2010 503 ex-

1256 525 1382 563 emptos
1403 521 1639 554 conservandos
1658 522 1760 555 teneri
1782 527 1812 555 et
1838 522 2010 566 obligatam

1256 583 1338 611 esse;
1360 579 1388 606 et
1407 574 1452 607 sic
1472 586 1532 618 per
1551 586 1776 619 quoscumque
1797 576 1934 618 iudices,
1957 588 2011 610 or-

1257 626 1399 659 dinarios
1419 633 1449 660 et
1474 628 1649 671 delegatos,
1672 629 1768 662 etiam
1793 636 1922 663 sanctae
1947 631 2012 664 Ro-

1257 691 1371 713 manae
1392 681 1554 715 Ecclesiae
1567 682 1748 716 cardinales
1761 689 1791 716 et
1805 683 1918 716 Palatii
1929 684 2014 728 Apo-

1258 733 1360 767 stolici
1381 746 1551 768 causarum
1567 736 1744 777 auditores,
1760 730 1792 769 in
1805 748 2014 782 quacumque

1258 798 1354 820 causa
1380 794 1409 821 et
1430 789 1593 828 instantia,
1616 790 1741 823 sublata
1762 790 1808 824 eis
1837 796 1867 824 et
1898 801 2014 824 eorum

1258 840 1393 873 cuilibet
1412 844 1523 884 quavis
1543 841 1635 875 aliter
1654 843 1818 876 iudicandi
1851 849 1883 877 et
1913 844 2014 877 inter-

1258 894 1405 937 pretandi
1426 895 1578 928 facultate
1605 901 1634 929 et
1659 897 1870 938 auctoritate,
1894 897 2015 941 ubique

1259 947 1395 980 iudicari
1421 954 1450 981 et
1485 948 1617 981 diffiniri
1637 949 1768 987 debere:
1790 961 1919 983 necnon
1939 951 2014 984 irri-

1260 1007 1327 1033 tum
1350 1007 1377 1034 et
1399 1001 1507 1041 inane,
1529 1003 1554 1035 si
1576 1014 1670 1036 secus
1689 1015 1788 1048 super
1806 1004 1858 1038 his
1890 1015 1908 1037 a
1931 1016 2015 1049 quo-

1259 1065 1377 1097 quam,
1408 1055 1519 1098 quavis
1545 1056 1762 1097 auctoritate,
1796 1057 1936 1092 scienter
1966 1059 2016 1092 vel

1260 1108 1458 1151 ignoranter,
1482 1109 1653 1153 contigerit
1673 1111 1835 1144 attentari.

1304 1162 1318 1204 ξ
1339 1161 1370 1194 9.
1394 1162 1428 1194 Et
1463 1173 1522 1205 pro
1548 1163 1700 1206 praefatis
1726 1165 1878 1198 omnibus
1898 1170 1930 1198 et
1953 1164 2016 1199 sin-

1260 1215 1344 1257 gulis
1365 1215 1502 1249 tirmiter
1522 1217 1729 1250 observandis
1743 1223 1773 1251 et
1787 1218 2016 1262 adimplendis,

1260 1280 1297 1302 ac
1318 1280 1377 1312 pro
1402 1270 1518 1313 potiori
1545 1271 1672 1314 collegii
1693 1277 1721 1305 et
1747 1282 1791 1306 xii
1819 1273 2015 1307 clericorum

1238 1341 1240 1372 3
1261 1322 1504 1365 praedictoiaun
1531 1325 1669 1365 cautela,
1703 1331 1766 1358 tam
1789 1336 1847 1369 pro
1867 1326 2018 1370 pecuniis

1261 1386 1357 1418 quam
1381 1387 1438 1419 pro
1459 1376 1612 1410 Gamerae
1633 1384 1661 1411 et
1683 1378 1773 1412 Sedis
1797 1379 2017 1423 praefatarum

1261 1430 1511 1463 occurrentibus
1531 1431 1775 1464 necessitatibus
1790 1460 1797 1473 ,
1820 1432 1884 1465 iam
1914 1433 2018 1467 solve-

1261 1488 1336 1514 runt
1371 1488 1400 1515 et
1435 1483 1649 1526 imposterum
1671 1485 1806 1525 solvent,
1829 1495 1927 1528 quam
1958 1497 2019 1530 pro

1261 1535 1431 1576 fructibus,
1454 1536 1634 1569 redditibus
1659 1543 1688 1570 et
1723 1539 1935 1581 proventibus
1958 1540 2019 1573 sibi

1261 1589 1463 1631 assignandis
1498 1589 1744 1634 assignatisque‚
1771 1602 1952 1635 numquam
1986 1592 2020 1625 in

1262 1648 1381 1675 sortem
1404 1643 1618 1686 principalem
1653 1646 1837 1689 computari
1856 1647 2018 1688 volumus;

1262 1706 1297 1728 ac
1318 1696 1455 1733 damnis,
1479 1697 1627 1740 expensis
1661 1703 1690 1731 et
1724 1698 1879 1732 interesse
1904 1700 2017 1743 passis,

1262 1745 1354 1777 factis
1372 1772 1379 1785 ,
1402 1746 1561 1789 patiendis
1588 1753 1616 1780 et
1643 1747 1811 1789 faciendis,
1847 1750 1957 1782 omnia
1990 1754 2022 1782 et

1261 1794 1387 1837 singula
1409 1795 1512 1828 dietae
1533 1795 1684 1829 Gamerae
1709 1797 1796 1830 bona
1834 1797 1967 1831 mobilia
1987 1803 2019 1831 et

1262 1846 1452 1887 immobilia,
1471 1848 1553 1889 iura,
1574 1849 1717 1882 actiones
1747 1856 1775 1883 et
1797 1850 2018 1884 emolumenta

1238 1907 1297 1931 ¹ac
1322 1896 1468 1929 redditus
1502 1904 1531 1930 et
1565 1905 1741 1941 proventus
1779 1899 1963 1942 praesentia
1987 1905 2018 1934 et

1260 1945 1378 1985 sutura,
1400 1946 1442 1978 ita
1462 1947 1549 1989 quod
1567 1946 1670 1985 liceat,
1685 1948 1817 1991 propria
1837 1948 2017 1992 ipsiuscol-

1261 1994 1335 2036 legii
1358 1995 1562 2035 auctoritate,
1589 1997 1679 2029 nullo
1701 1997 1763 2030 alio
1795 2008 1812 2030 a
1843 1997 1936 2031 nobis
1959 2009 2016 2031 seu

1260 2043 1295 2075 R.
1333 2044 1488 2077 Pontitice
1516 2055 1574 2087 pro
1600 2050 1746 2088 tempore
1777 2046 1930 2080 existente
1959 2047 2016 2080 de-

1260 2103 1409 2137 superex
1425 2093 1575 2125 mandato
1598 2093 1622 2133 ¹,
1644 2094 1773 2127 lieentia
1794 2105 1850 2128 seu
1874 2095 2015 2136 decreto,

1261 2142 1422 2175 dictorum
1443 2142 1618 2182 bonorum,
1640 2143 1827 2175 reddituum
1853 2154 1909 2177 seu
1938 2155 2016 2188 pro-

1260 2197 1436 2231 ventuum,
1473 2202 1531 2234 pro
1557 2192 1649 2224 dictis
1683 2191 1848 2235 pecuniis,
1875 2193 2014 2236 damnis,

1261 2240 1407 2284 expensis
1428 2246 1456 2273 et
1492 2240 1665 2281 interesse,
1690 2241 1926 2284 possessionem
1962 2254 2017 2277 ca-

1261 2300 1337 2332 pere
1363 2295 1390 2321 et
1412 2289 1565 2326 retinere,
1589 2289 1705 2321 barum
1731 2291 1813 2324 serie
1834 2291 2017 2335 obligamus

1261 2343 1289 2370 et
1312 2342 1469 2380 perpetuo
1494 2337 1762 2380 bvpotliecamus.

1305 2390 1319 2430 ς’
1340 2388 1352 2420 1
1362 2388 1393 2421 Ο.
1416 2387 1486 2420 Nou
1507 2387 1708 2420 obstantibus
1729 2389 1921 2423 eorumdem
1949 2386 2015 2423 Eu-

1260 2436 1345 2478 genii
1377 2441 1405 2468 et
1440 2436 1530 2468 Pauli
1555 2436 1761 2480 aliorumque
1793 2438 2014 2472 Romanorum

1260 2485 1454 2518 Pontificum
1480 2485 1628 2525 decretis,
1649 2487 1786 2526 statutis,
1809 2486 2015 2520 constitutio-

1260 2534 1368 2574 nibus,
1395 2533 1656 2567 ordinationibus
1675 2534 1860 2578 apostolicis
1893 2545 1930 2568 ac
1962 2546 2014 2569 re-

1260 2583 1344 2626 gulis
1368 2582 1599 2623 Cancellariae‚
1617 2583 1714 2616 etiam
1735 2583 1773 2616 de
1792 2594 1858 2617 non
1870 2584 2014 2619 tollendo

1298 2647 1306 2672 1
1327 2645 1406 2672 Forte
1422 2648 1558 2677 expectato
1575 2647 1703 2671 »nandulo
1718 2644 1756 2679 (n.
1773 2644 1823 2679 T.)-

2022 257 2075 284 Αη.
2091 256 2120 285 C.
2139 256 2205 284 ¹⁸7¹

2090 1173 2163 1194 Cautio
2177 1178 2214 1200 pro

2031 1205 2123 1233 pecunia
2145 1211 2156 1225 n
2172 1201 2216 1225 cle-

2030 1237 2083 1257 ricis
2102 1235 2214 1261 solvenda,

2031 1267 2056 1288 ab
2071 1267 2146 1294 eisque
2162 1267 2218 1287 rect-

2031 1299 2118 1325 pienda.

2082 2392 2229 2433 Obstantiufis

2029 2435 2147 2462 daron-uo.

2207 2713 2215 2740 ζ

2205 2745 2221 2794 ’ὲ

2209 2798 2225 2829 ,ἱ

2204 2835 2215 2857 η

2207 3026 2212 3034 -
2202 2863 2217 2990 ¹¹⁴v«·==
