2237 3100
21 319 73 348 An.
90 317 119 346 C.
139 317 208 346 ¹562

73 1934 209 1962 privilegium

25 1966 151 1994 disponendi
184 1968 209 1987 de

24 2004 108 2026 quoquo
148 2000 209 2020 modo

24 2030 143 2057 acquisitis.

903 319 970 344 Pius
989 319 1020 344 1v
1039 317 1086 341 1³1².

993 382 997 423 j
1018 372 1112 406 etiam
1133 380 1191 415 per
1212 369 1392 409 codicillos,
1418 368 1589 402 donatione
1614 369 1697 402 inter
1724 369 1769 402 vi—

222 423 438 458 saecularium
466 430 497 458 et
525 426 713 470 quorumvis
746 426 902 461 Ordinum
928 424 996 462 re-'

222 369 488 412 clesiasticorum,
525 381 600 405 cum
633 382 710 406 cura
739 378 770 407 et
796 372 866 407 sine
886 384 975 414 cura,

222 477 396 521 gularium,
429 479 598 519 fructibus,
629 481 818 522 redditibus,
841 492 976 526 proven-

221 531 318 573 tibus,
340 532 483 574 iuribus,
515 534 760 568 obventionibus
789 541 820 568 et
851 530 997 568 emolu-¹

221 585 349 626 mentis,
371 586 450 619 alias
483 586 542 620 sibi
576 588 730 622 canonice
756 589 974 628 reservandas,

223 639 457 673 accumulative
495 651 569 674 eum
604 641 768 685 quibusvis
795 642 865 674 aliis
898 652 977 685 pen-

223 691 367 726 sionibus
387 693 516 734 annuis,
539 706 619 737 quas
631 695 714 735 illos,
733 707 770 729 ex
785 696 898 739 quovis
914 695 978 729 alio
999 704 1000 718 ι

222 746 390 791 privilegio
418 748 609 792 apostolico,
632 760 690 792 pro
712 755 857 794 tempore
877 750 980 794 perci·

818 804 857 836 ad
881 803 978 836 vitam
999 803 1000 809 ¹

222 811 299 845 pere
333 801 504 846 contigerit
536 808 565 836 et
600 803 781 846 continget,

222 855 403 899 percipere,
426 856 552 899 exigere
573 862 603 890 et
633 857 749 897 levare,
776 868 813 890 ac
843 857 875 889 in
905 867 980 890 suos

223 919 301 942 usus
320 914 352 942 et
371 909 540 942 utilitatem
553 915 751 950 convertere,
774 909 922 953 illasque,
940 910 980 942 ad

223 962 364 1007 aliquam
403 963 639 1007 expeditionem
681 969 792 996 contra
833 963 980 997 infideles

223 1016 425 1058 accedendo,
456 1022 511 1050 aut
540 1017 572 1050 in
593 1028 629 1050 ea
654 1017 829 1057 existendo,
859 1017 891 1050 in
913 1022 979 1050 toto

222 1070 271 1104 vel
291 1076 394 1115 parte,
431 1070 527 1103 simul
546 1071 594 1103 vel
624 1070 819 1110 successive,
849 1070 979 1114 quando

223 1123 283 1157 sibi
302 1124 480 1165 videbitur,
512 1123 608 1157 etiam
636 1123 668 1155 in
688 1123 801 1156 mortis
821 1123 977 1163 articulo,

223 1178 256 1210 in
276 1177 416 1211 cuiusvis
436 1187 591 1222 personae
607 1177 639 1209 in
657 1176 810 1220 dignitate
831 1177 980 1211 ecclesia—

224 1231 302 1265 stica
327 1231 529 1271 constitutae,
548 1236 603 1263 aut
618 1231 766 1263 canonici
787 1231 980 1264 cathedralis

224 1285 392 1326 ecclesiae,
428 1290 459 1319 et
487 1284 519 1317 in
549 1284 652 1318 dictae
686 1284 819 1318 militiae
840 1284 979 1317 militum

224 1338 390 1380 manibus,
418 1338 513 1372 etiam
534 1348 773 1382 quaecumque,
809 1343 980 1381 quotcum-

224 1403 288 1436 que
315 1397 346 1426 et
370 1392 620 1436 qualiacumque
645 1391 802 1425 beneficia
827 1392 979 1425 ecclesia-

224 1445 302 1480 stica
335 1446 550 1480 obtinentium
578 1452 608 1479 et
636 1445 873 1490 expectantium
894 1446 980 1479 savo-

224 1510 309 1541 rem,
341 1500 463 1544 absque
482 1499 592 1544 aliquo
612 1510 836 1543 possessorum
856 1499 979 1532 benefi-

225 1553 350 1587 ciorum
389 1552 576 1587 huiusmodi
612 1552 761 1586 habendo
796 1562 977 1593 consensu,

224 1607 414 1648 transferre,
436 1606 469 1639 in
487 1606 638 1640 omnibus
658 1611 688 1639 et
708 1617 765 1650 per
781 1605 889 1639 omnia
910 1602 982 1650 per-

225 1661 300 1695 inde
314 1667 413 1706 prout
432 1660 589 1694 militibus
619 1660 726 1693 Sancti
749 1660 840 1693 Pauli
864 1665 894 1693 et
919 1660 981 1693 Piis

225 1714 436 1758 nuncupatis,
466 1725 524 1758 per
548 1714 662 1748 Sedem
692 1714 909 1758 Apostolicam
930 1714 980 1747 in—

225 1769 352 1803 dultum
381 1768 500 1809 extitit,
524 1768 619 1801 etiam
641 1768 721 1801 citra
740 1767 907 1801 Cruciatae
928 1768 982 1801 ob-

225 1823 423 1867 ligationem.

269 1877 284 1921 §
310 1876 342 1911 3.
373 1877 505 1910 Necnon
539 1881 603 1909 tam
641 1875 704 1909 illis
738 1886 835 1919 qnam
867 1874 981 1908 ceteris

226 1930 377 1964 omnibus
399 1930 556 1964 militibus
580 1941 617 1963 ac
642 1929 743 1973 priori
764 1935 794 1962 et
813 1929 979 1968 ministris,

226 1985 320 2018 etiam
340 1984 534 2029 presbyteris
561 1989 589 2017 et
609 1982 809 2016 beneficiatis
836 1982 981 2015 eiusdem

226 2038 369 2079 militiae,
393 2043 427 2071 ut
447 2039 485 2072 de
505 2038 779 2082 quibuscumque,
804 2041 866 2068 tam
888 2035 983 2069 stabi-

225 2091 310 2125 libus
336 2103 434 2136 quam
453 2091 628 2125 mobilibus
638 2089 743 2129 bonis,
766 2089 981 2133 pecuniarum

225 2146 373 2187 summis,
404 2145 540 2189 gemmis
569 2150 598 2178 et
628 2143 791 2187 lapidibus
816 2143 981 2186 preciosis,

225 2199 360 2243 aliisque
384 2199 491 2239 rebus,
517 2198 752 2240 cuiuscumque
770 2196 932 2240 qualitatis
952 2202 983 2230 et

224 2252 412 2297 quantitatis
441 2263 477 2285 ac
505 2251 622 2284 valoris
643 2250 797 2290 existant,
830 2261 888 2293 per
909 2261 979 2291 eos,

226 2306 321 2340 etiam
341 2306 465 2340 ratione
491 2304 726 2339 beneficiorum
748 2304 981 2338 ecclesiastico-

226 2371 299 2394 rum
315 2360 537 2405 quorumlibet
556 2369 614 2402 per
635 2369 688 2391 eos
704 2358 924 2398 obtentorum,
946 2368 981 2391 ac

225 2415 304 2449 alias
323 2415 553 2458 undecumque
570 2418 599 2446 et
615 2412 859 2456 quomodolibet
874 2412 983 2455 acqui-

226 2469 304 2510 sitis,
334 2474 365 2502 et
393 2469 432 2502 ad
457 2468 530 2501 illos
549 2467 661 2511 quovis
682 2466 778 2499 modo
808 2465 981 2510 spectanti-

225 2518 303 2560 bus,
335 2519 513 2552 dummodo
534 2517 679 2560 quintam
705 2515 835 2548 illorum
858 2520 980 2559 partem

226 2568 397 2602 conventui
438 2566 602 2612 praedicto
645 2565 851 2608 relinquant,
898 2565 982 2598 inter

226 2628 451 2662 quoscumque
472 2615 746 2659 consanguineos,
767 2613 862 2655 filios,
885 2614 980 2647 etiam

226 2667 354 2711 spurios
371 2672 402 2700 et
416 2666 495 2700 alios
510 2664 706 2708 illegitimos,
725 2663 867 2708 aliasque
882 2675 981 2707 quan-

225 2717 342 2750 tumvis
361 2715 533 2760 incapaces
547 2725 701 2759 personas
716 2713 837 2754 testari,
854 2724 891 2746 ac
903 2712 981 2746 alias

1664 304 1726 338 163
1787 314 1837 339 An.
1858 312 1967 339 ‹21502

1016 437 1081 467 vos,
1106 435 1201 458 causa
1222 424 1334 457 mortis
1355 428 1384 456 et
1404 423 1465 456 alia
1481 434 1687 467 quacumque
1708 423 1768 463 via,

1018 485 1114 524 prout
1129 479 1187 512 sibi
1212 478 1382 517 videbitur,
1405 477 1589 522 disponere,
1612 488 1647 510 ac
1665 477 1718 510 illa
1740 477 1771 509 in

1018 534 1087 578 pias
1107 540 1137 567 et
1153 544 1217 567 non
1238 533 1318 577 pias,
1341 533 1418 566 alias
1438 539 1545 566 tamen
1565 532 1677 571 licitas,
1699 542 1773 565 cau-

1019 599 1081 628 sas,
1109 598 1253 629 eiogaie.

1063 642 1077 685 ἓ
1097 641 1129 675 4.
1153 643 1196 675 Ac
1217 641 1317 686 piiori
1337 641 1491 674 ecclesiae
1508 640 1582 674 dicti
1599 645 1774 673 contentus
1803 647 1824 668 1³1
1821 654 1853 667 sse
1845 647 1880 667 «ιιι
1885 650 1898 667 ι
1910 653 1927 666 ιιι
1923 647 1970 666 ιιιιι

1020 705 1079 739 p1o
1113 701 1259 740 tempoie
1295 695 1441 729 existenti
1476 701 1528 735 ut,
1557 694 1684 738 quoties
1714 693 1773 727 sibi
1789 680 1869 731 Ιῖυ“ῗ’“
1861 684 1913 699 ”m
1948 684 1973 697 ‘¹'

1020 750 1197 792 placuerit,
1222 750 1350 783 missam
1383 761 1420 783 ac
1449 750 1511 782 alia
1531 749 1636 783 divina
1669 742 1880 782 offic1ap⁰⁵¹ffl

1020 803 1052 835 111
1073 803 1236 846 praedicta
1271 803 1405 848 aliisque
1433 803 1537 836 dictae
1564 803 1695 836 militiae
1726 814 1776 836 ec-

1020 856 1124 889 clesiis
1159 857 1191 889 in
1220 857 1331 890 habitu
1358 857 1554 901 pontificali,
1586 868 1660 891 cum
1682 856 1776 890 mitra

1020 916 1050 943 et
1083 910 1199 943 baculo
1234 911 1397 953 pastorali,
1421 911 1604 952 celebrare,
1636 922 1672 944 ac
1707 915 1777 954 post

1021 963 1169 1005 missam,
1205 963 1382 996 dummodo
1413 964 1455 996 ibi
1481 975 1545 997 non
1566 964 1602 997 sit
1624 974 1776 1008 praesens

1021 1016 1137 1060 aliquis
1158 1016 1337 1050 catholicus
1371 1017 1517 1057 antistes,
1546 1018 1595 1050 vel
1622 1018 1660 1051 de
1691 1018 1777 1050 illius

1020 1080 1192 1109 consensu,
1229 1070 1348 1104 ibidem
1378 1070 1636 1104 benedictionem
1662 1071 1777 1104 Christi

1020 1124 1142 1166 populo
1163 1124 1340 1167 impartiri3
1363 1129 1392 1157 et
1412 1130 1475 1157 tam
1502 1123 1555 1157 ille
1580 1135 1677 1168 quam
1711 1125 1776 1157 sin-

1020 1176 1087 1219 guli
1114 1177 1290 1221 presbyteri
1320 1177 1437 1210 milites
1465 1177 1610 1210 eiusdem
1645 1177 1776 1210 militiae

1020 1240 1123 1262 unum
1140 1236 1289 1264 curatum
1309 1230 1505 1264 beneficium
1522 1231 1776 1264 ecclesiasticum

1021 1293 1039 1316 a
1059 1283 1142 1316 dicta
1158 1284 1272 1317 militia
1288 1285 1487 1329 dependens,
1505 1295 1561 1318 seu
1581 1284 1627 1317 illi
1647 1285 1775 1318 unitum

1021 1342 1076 1370 aut
1108 1337 1372 1382 incorporatum,
1405 1339 1499 1371 etiam
1530 1338 1555 1372 si
1582 1338 1776 1382 parochialis

1021 1391 1157 1424 ecclesia
1177 1392 1225 1424 vel
1252 1392 1321 1425 eius
1346 1398 1503 1436 perpetua
1522 1391 1641 1425 vicaria
1660 1392 1773 1433 suerit,

1021 1444 1046 1477 si
1067 1444 1105 1477 ad
1122 1446 1183 1478 hoc
1204 1445 1399 1478 sufficientes
1419 1451 1449 1478 et
1469 1445 1575 1479 idonei
1597 1446 1727 1486 suerint,
1746 1452 1778 1479 et

1020 1497 1217 1531 beneficium
1233 1499 1420 1532 huiusmodi
1441 1499 1519 1532 alias
1540 1499 1600 1532 sibi
1621 1499 1777 1533 canonice

1021 1551 1387 1596 conferatur,1ecipere
1409 1558 1438 1585 et
1456 1553 1595 1586 retinere
1616 1553 1717 1587 libeie
1748 1558 1778 1586 et

1021 1605 1106 1639 licite
1126 1580 1266 1661 v·'aleant,
1290 1607 1478 1640 auctoiitate
1500 1612 1530 1640 et
1548 1612 1660 1640 tenore
1681 1618 1776 1651 piae-

1894 711 1912 730 11
1914 709 1973 731 nbat·

1000 1676 1002 1710 1ι
1022 1659 1129 1697 dictis
1138 1646 1196 1692 de
1213 1660 1360 1704 specialis
1372 1660 1589 1702 donooratiae
1610 1661 1657 1693 dis
1645 1672 1776 1704 pensa-

1021 1723 1109 1753 mus,
1139 1713 1263 1757 sibique
1284 1714 1403 1757 pariter
1424 1714 1640 1757 indulgemus

1065 1768 1079 1811 ξ
1100 1740 1131 1801 75.
1154 1768 1191 1800 Et
1211 1768 1344 1812 insuper
1369 1769 1455 1813 quod
1481 1770 1590 1802 nullus
1611 1781 1647 1803 ex
1674 1770 1775 1813 magi·
1793 1783 1977 1805 Διιιιῑιρςι1ηιιο1.

1021 1827 1085 1854 stro
1102 1828 1131 1854 et
1148 1821 1302 1855 militibus
1318 1833 1377 1867 pro
1400 1828 1545 1866 tempore
1569 1824 1776 1857 existentibus
1791 1817 1978 1874 {2¹,{‡¹¹¹¹'23¹¹,¹1„¹„³,}g

1021 1874 1155 1919 aliisque
1176 1876 1322 1919 personis
1355 1876 1457 1909 dictae
1479 1877 1622 1917 militiae,
1644 1885 1777 1922 propter
1792 1883 1890 1906 pectem-

1022 1928 1091 1962 eius
1110 1929 1278 1972 Regulam,
1303 1935 1418 1963 statuta
1440 1936 1469 1963 et
1494 1931 1653 1976 capitula,
1691 1944 1778 1966 nunc

1022 1988 1053 2016 et
1073 1993 1131 2026 pro
1152 1988 1298 2027 tempore
1319 1984 1414 2024 edita,
1436 1995 1499 2017 non
1517 1985 1680 2019 observata
1693 2014 1700 2026 ,
1730 1989 1777 2021 vel

1022 2036 1131 2069 minus
1156 2037 1214 2070 rite
1235 2038 1426 2082 adimpleta,
1450 2039 1481 2070 in
1503 2045 1671 2082 peccatum
1694 2052 1779 2073 mor-

1021 2091 1083 2123 tale
1109 2091 1245 2130 incidat,
1274 2098 1499 2136 praeterquam
1527 2092 1777 2127 inobedientiam

1022 2149 1053 2177 et
1082 2145 1320 2178 contumaciam
1355 2145 1477 2189 pluries
1511 2147 1714 2180 commissam
1750 2154 1779 2181 et

1023 2198 1258 2239 continuatam,
1291 2204 1321 2231 et
1340 2200 1379 2232 ab
1396 2199 1463 2243 ipsa
1485 2199 1650 2243 Religione
1672 2201 1776 2234 rebel-

1022 2252 1141 2285 lionem
1159 2258 1187 2285 et
1205 2253 1284 2285 alios
1301 2263 1393 2286 casus
1407 2259 1576 2297 peccatum
1592 2254 1779 2287 huiusmodi

1022 2317 1059 2339 ex
1072 2305 1184 2339 divinis
1205 2307 1397 2351 praeceptis,
1421 2308 1585 2350 sacrisque
1602 2309 1780 2342 canonibus

1022 2365 1223 2402 generantes.

1066 2414 1081 2457 ἓ
1101 2414 1130 2447 6.
1154 2414 1310 2458 Quodque
1332 2415 1508 2459 Religionis
1519 2421 1549 2449 et
1562 2416 1693 2450 militiae
1715 2418 1776 2450 liu-

1023 2467 1161 2501 iusmodi
1182 2469 1278 2510 bona,
1314 2469 1485 2513 pensiones
1503 2476 1530 2502 et
1548 2471 1684 2511 fructus,
1708 2483 1777 2504 ret-
1794 2497 1873 2516 mim,
1889 2497 1980 2516 desim„

1023 2517 1108 2550 ditus
1149 2522 1177 2550 et
1217 2524 1390 2562 proventus
1426 2529 1671 2563 quaecumque,
1712 2525 1776 2552 tam
1794 2534 1836 2547 ιυιιι
1854 2531 1873 2547 ω
1890 2527 1977 2547 almum·

1024 2577 1081 2609 per
1109 2577 1262 2609 magnum
1290 2566 1479 2610 magistrum
1510 2569 1709 2601 continendis
1743 2580 1776 2601 a-
1794 2565 1888 2579 mmm*

1023 2614 1137 2668 liisque
1153 2616 1319 2649 beneficiis
1335 2622 1363 2648 et
1380 2617 1493 2649 officiis
1510 2617 1612 2650 dictae
1632 2618 1775 2657 militiae,

1023 2663 1055 2695 in
1089 2664 1219 2697 ilicium
1249 2665 1464 2706 institutione,
1499 2678 1596 2721 quam
1625 2666 1776 2711 sleinctps

1023 2712 1086 2747 illis
1105 2713 1255 2757 dictoque
1284 2715 1453 2749 comentui
1478 2722 1508 2749 et
1541 2716 1610 2750 eius
1631 2727 1701 2760 pei
1692 2716 1777 2750 <ouis

1814 2431 1922 2459 Exemptio
1940 2439 1977 2453 ro-

1794 2466 1887 2485 rilindem
1910 2471 1921 2484 a
1943 2470 1978 2483 so-
