2237 3100
41 286 92 320 λιι.
107 292 138 320 c.
156 291 224 319 issu
253 310 258 318 .

68 510 179 537 Ampttauo
197 511 226 530 iu-

42 542 226 564 risdieuoniscon-

43 573 108 595 sulum
143 573 224 600 quando

42 608 113 633 parte!
131 609 226 625 consen-

42 637 103 667 liqut.

71 1210 190 1232 Facultates
200 1211 229 1231 ci-

45 1243 101 1264 tandi
125 1241 179 1263 iutra
201 1242 229 1262 di-

45 1274 148 1296 strictum.

238 342 291 376 hic
319 351 378 386 pro
398 340 543 385 repetitis
575 339 756 371 habeantur
775 342 934 381 perpetuo
958 336 990 368 in

239 397 342 430 forma
361 394 500 438 gratiosa
520 399 549 426 et
570 404 606 426 ex
627 398 714 425 certa
734 391 876 424 scientia.

283 449 298 492 ἓ
318 448 371 481 14.
386 447 553 490 Quodque,
566 447 590 479 si
603 445 762 490 quitacite
779 445 826 477 vel
844 455 990 488 express‘¹

240 503 272 536 in
309 502 500 536 eorumdem
534 501 704 534 consulum
737 497 990 531 iurisdictionem

241 555 473 595 consenserint,
497 555 592 587 etiam
613 564 716 596 usque
741 553 781 585 ad
798 562 991 595 quamcum—

240 620 304 653 que
319 619 479 642 summam
500 608 551 641 ius
570 608 677 640 dicere
696 612 723 639 et
742 616 854 639 causas
875 615 992 647 cogno-

241 673 330 696 scere
350 669 381 695 et
400 661 574 695 terminare
595 661 718 705 possint
738 665 768 692 et
779 659 916 699 valeant,
933 669 992 691 nec

240 721 412 760 propterea
444 726 502 759 per
521 714 603 747 viam
629 713 783 746 nullitatis
809 712 992 757 impugnari

240 770 289 803 vel
331 768 498 802 retractari
536 767 659 812 possint
699 766 915 799 decernimus.
958 766 994 798 Et

241 823 327 866 quod
344 821 563 867 praesentium
585 821 652 853 sola
673 821 836 864 signatura
857 819 992 853 sufficiat

241 883 273 910 et
291 877 412 919 ubique
428 875 525 908 tidem
536 874 643 914 faciat,
661 874 693 907 in
710 874 830 907 iudicio
851 879 880 907 et
896 878 993 912 extra,

242 931 355 973 regula
379 928 541 962 contraria
573 939 639 961 non
672 928 817 961 obstante
831 955 838 968 ‚
875 931 994 959 attento

241 983 330 1027 quod
353 983 387 1016 in
406 982 510 1023 Urbe,
532 993 599 1021 seu,
624 982 649 1015 si
673 981 850 1020 videbitur,
884 980 995 1013 literae.

243 1038 395 1081 desuper,
409 1036 504 1069 etiam
517 1046 592 1068 cum
610 1034 818 1079 deputatione
834 1034 996 1067 executio-

242 1091 346 1124 num1
361 1090 417 1134 qui
437 1089 594 1123 assistant.

287 1145 302 1189 g
322 1144 375 1178 15.
399 1143 479 1176 Cum
496 1147 650 1187 potestate
673 1152 731 1185 pro
752 1141 815 1173 illis
839 1152 875 1173 ac
905 1141 996 1174 dictis

244 1197 434 1232 consulibus
458 1196 628 1235 monendi,
662 1194 809 1237 cogendi,
845 1194 997 1237 gravandi

244 1257 276 1286 et
290 1250 519 1295 reaggravandi
535 1261 572 1283 ac
584 1248 702 1282 citandi
724 1260 780 1292 per
796 1248 998 1282 senatorium

244 1305 397 1346 edictum,
433 1304 517 1337 infra
540 1302 734 1343 districtum,
758 1302 844 1335 iuxta
861 1303 997 1335 formam

244 1364 438 1393 statutorum
458 1357 564 1398 Urbis,
586 1368 623 1390 ac
649 1356 744 1390 etiam
769 1366 828 1400 per
856 1355 997 1389 edictum

244 1413 428 1458 publicum,
455 1412 591 1446 constito
626 1409 801 1444 summarie
835 1415 865 1443 et
898 1415 999 1443 extra-

244 1466 440 1500 iudicialiter
460 1466 498 1499 de
514 1476 580 1499 non
599 1470 669 1498 tuto
689 1475 835 1504 accessu3
861 1469 891 1497 et
911 1475 998 1497 reas-

246 1519 395 1555 sumendi
424 1529 649 1564 quascumque
670 1529 794 1558 causas,
821 1517 861 1550 ad
880 1517 1000 1551 instan-

245 1575 323 1608 tiam
343 1573 390 1607 rei
410 1572 544 1607 volentis
561 1571 815 1606 iurisdictionem
838 1570 999 1604 dictorum

246 1628 431 1668 consulum,
453 1638 471 1660 a
495 1626 759 1670 quibuscumque
776 1625 948 1665 iudicibus,
971 1630 1001 1658 et

246 1681 413 1715 inhibendi
433 1681 493 1714 suh
523 1679 785 1724 quibuscumque
810 1678 923 1723 poenis
944 1690 999 1722 pe-

247 1734 401 1770 cuniariis
429 1745 545 1768 eorum
564 1733 713 1773 arbitrio,
748 1732 1000 1777 praemissorum

247 1789 395 1823 omnium
415 1799 453 1822 ac
486 1787 701 1831 singulorum,
729 1798 766 1819 ac
796 1797 870 1819 cum
896 1786 1000 1830 quali-

247 1843 321 1876 tatis
340 1842 547 1886 aliorumque
569 1841 655 1875 circa
684 1840 860 1885 praemissa
888 1850 1001 1873 neces-

247 1897 332 1931 saria
348 1896 463 1930 maiori
484 1895 736 1940 specificatione,
757 1900 788 1927 et
799 1893 1002 1938 expressione
1022 1900 1025 1942 ᾗ

249 1951 440 1985 eorumdem
456 1956 486 1984 et
501 1960 787 1994 quorumcumque
809 1953 1002 1981 statutorum
1023 1943 1024 1951 ¹

248 2004 351 2049 ipsius
370 2004 457 2045 artis,
477 2004 578 2048 ipsius
595 2003 722 2047 collegii
738 2002 884 2042 arbitrio,
908 2001 1003 2035 etiam

249 2070 325 2094 cum
341 2059 532 2092 eorumdem
548 2058 812 2103 praeinsertione,
824 2056 917 2089 toties
927 2066 1005 2100 quo-

248 2114 309 2148 ties
342 2113 446 2147 eidem
481 2112 618 2156 collegio
647 2111 822 2150 videbitur,
848 2110 946 2143 semel
976 2115 1006 2142 et

249 2168 383 2213 plurieS,
394 2177 454 2212 per
467 2168 563 2201 breve
585 2172 743 2205 nostrum,
773 2165 869 2198 simul
888 2163 936 2197 vel
961 2174 1006 2197 se-

250 2221 401 2268 paratim,
421 2219 563 2265 expediri
582 2219 694 2264 possit.

561 2273 640 2306 Fiat.
668 2273 692 2306 Ι.

296 2330 412 2364 Datum
437 2329 558 2361 Romae
579 2326 666 2371 apud
690 2326 722 2360 S.
740 2326 884 2362 Petrum.
916 2324 1008 2358 nonis

902 284 970 307 Plrs
992 283 1022 306 lv
1047 282 1094 305 PP.

253 2383 409 2423 februari,
430 2393 514 2416 anno
535 2392 564 2414 v.

474 2435 585 2468 Videat
595 2434 743 2468 vicarius.
762 2434 784 2466 l.

299 2492 383 2525 Visa.
406 2491 444 2524 M.
463 2489 635 2529 Antonius,
651 2488 915 2532 archiepiscopus
931 2487 1011 2521 The-

256 2545 377 2585 atinus,
398 2544 610 2588 vicesgerens.

292 2609 354 2638 Dat.
367 2606 600 2638 die5februarii
619 2605 706 2641 1564,
725 2604 827 2644 pontif.
849 2613 926 2634 anno
946 2613 972 2634 v.

295 2670 306 2696 1
331 2670 454 2698 Fortasse
474 2672 646 2696 executurum
665 2668 702 2703 (n.
721 2666 770 2702 r).

555 2724 695 2735 ..πη-

1674 259 1734 293 271

1369 327 1415 360 XC
1434 327 1459 359 1.

1035 409 1148 444 Graeci
1167 407 1386 440 stobiicz'zmtur
1412 400 1634 435 iurisdictioni
1654 399 1784 432 ordina-

1079 465 1215 501 riorum,
1237 461 1322 494 circa.
1343 469 1380 491 ea
1399 467 1477 501 quac
1500 456 1560 488 Dei
1579 455 1711 489 cultum,
1732 463 1785 485 ,ςα-

1078 519 1318 549 cramentorum
1347 509 1685 545 cttlnm'm'strationem,
1715 506 1787 539 ctm'-

1080 579 1266 612 murumque
1286 567 1422 599 salutem
1442 568 1470 598 et
1493 564 1661 596 haeresum
1685 561 1787 593 extir-

1075 624 1243 667 pationem
1264 623 1460 654 concernunt
1479 616 1507 650 2.

1097 705 1159 733 Pius
1174 705 1245 739 rapa
1264 703 1306 735 tv,
1324 702 1358 730 ad
1370 701 1496 729 futuram
1509 698 1550 727 rei
1564 697 1732 726 memoriam.

1079 777 1244 809 Romanus
1268 773 1422 812 Pontifex,
1454 770 1649 815 praecipuus
1677 767 1789 812 aequi-

1036 831 1108 863 tatis
1133 836 1163 863 et.
1191 826 1354 871 religionis
1381 830 1533 864 assertor,
1560 823 1728 856 facultates
1760 826 1791 854 et

1036 883 1153 927 gratias
1174 882 1213 915 ab
1236 879 1419 925 Apostolica
1439 879 1521 912 Sede
1541 887 1728 915 concessas,
1754 885 1790 907 ex

1036 937 1166 981 quibus,
1197 940 1343 978 tempore
1369 932 1577 976 procedente,
1609 929 1791 962 animarum

1038 990 1183 1035 pericula
1203 994 1231 1022 et
1254 988 1337 1020 inter
1357 985 1534 1020 catholicos
1550 983 1700 1017 scandala
1719 992 1793 1026 pro-

1038 1044 1145 1077 venire
1179 1039 1422 1079 animadvertit,
1458 1048 1517 1082 pro
1545 1036 1595 1069 sui
1625 1034 1793 1079 pastoralis

1038 1091 1266 1129 ossiciidebito,
1288 1095 1414 1122 mature
1434 1096 1586 1120 revocare
1612 1083 1791 1118 consuevit.

1083 1142 1149 1185 §L
1177 1141 1260 1174 Sane
1286 1136 1435 1172 nonnulli
1460 1137 1608 1169 locorum
1639 1132 1795 1167 ordinarii

1039 1202 1146 1235 nuper
1166 1190 1204 1222 ad
1226 1187 1423 1222 audientiam
1445 1190 1589 1218 nostram
1609 1182 1722 1216 referri
1743 1193 1796 1214 cu-

1039 1246 1154 1274 rarunt
1179 1238 1276 1283 quod,
1297 1238 1330 1269 in
1347 1233 1599 1279 quampluribus
1629 1230 1720 1274 regni
1746 1230 1795 1264 Si-

1041 1290 1132 1323 ciliae
1149 1288 1228 1322 citra
1249 1292 1279 1319 et
1299 1286 1385 1319 ultra
1404 1284 1545 1316 Pharum
1567 1287 1598 1315 et
1617 1280 1687 1314 aliis
1712 1280 1797 1313 chri-

1041 1338 1134 1372 stiani
1159 1335 1299 1370 nominis
1319 1333 1501 1368 civitatibus
1514 1337 1546 1364 et
1565 1331 1655 1370 locis,
1681 1339 1798 1372 magna

1041 1388 1252 1426 Graecorum,
1278 1389 1343 1417 tam
1364 1382 1591 1426 religiosorum
1609 1385 1639 1413 et
1652 1379 1797 1412 saecula-

1042 1438 1126 1471 rium
1153 1436 1347 1469 clericorum
1377 1443 1473 1476 quam
1495 1430 1666 1470 laicorum,
1687 1428 1797 1462 multi-

1042 1488 1119 1520 tudo
1154 1485 1335 1529 reperitur,
1371 1482 1439 1526 qui,
1472 1479 1634 1514 Ecclesiae
1659 1479 1798 1512 Graecae

1043 1547 1150 1569 mores
1175 1540 1205 1568 et
1234 1533 1315 1566 ritus
1344 1532 1566 1570 observantes,
1597 1539 1694 1573 seque
1723 1539 1798 1561 suos

1043 1585 1193 1630 proprios
1218 1583 1363 1623 eiusdem
1395 1579 1536 1613 nationis
1560 1578 1721 1623 praelatos
1740 1577 1798 1610 ha-

1042 1634 1131 1673 bere,
1153 1644 1190 1666 ac
1212 1632 1286 1672 illis,
1315 1641 1380 1664 non
1405 1636 1515 1663 autem
1539 1628 1687 1661 locorum
1710 1626 1798 1659 ordi-

1042 1684 1153 1723 nariis,
1184 1683 1332 1722 subesse3
1355 1681 1420 1720 sed,
1443 1677 1685 1712 immunitatum
1715 1677 1795 1709 alio-

1044 1743 1182 1776 rumque
1207 1730 1451 1775 privilegiorum
1476 1727 1536 1761 sibi
1552 1738 1610 1771 per
1629 1726 1730 1760 felicis
1746 1736 1798 1759 re-

1045 1782 1244 1816 cordationis
1273 1781 1411 1813 Leonem
1438 1779 1475 1818 X,
1503 1778 1639 1811 Paulum
1669 1776 1719 1817 Ill,
1748 1776 1799 1809 lu-

1045 1833 1125 1865 lium
1148 1832 1242 1865 etiam
1264 1831 1302 1863 ΙΙΙ
1333 1835 1363 1862 et
1392 1830 1499 1862 forsan
1527 1827 1606 1860 alios
1640 1827 1803 1859 Romanos

1045 1881 1228 1920 Pontifices,
1250 1880 1515 1925 praedecessores
1536 1882 1681 1915 nostros,
1703 1880 1734 1908 et
1753 1875 1802 1908 di-

1047 1937 1130 1964 ctam
1147 1931 1262 1964 Sedem
1272 1928 1450 1972 antiquitus
1459 1937 1688 1960 concessorum
1706 1936 1800 1970 prae-

1046 1986 1146 2020 textu,
1169 1991 1201 2014 se
1217 1980 1256 2013 ab
1277 1978 1469 2012 eorumdem
1490 1977 1731 2010 ordinariorum
1748 1975 1798 2008 iu-

1047 2030 1232 2063 risdictione
1254 2035 1284 2062 et
1304 2027 1529 2072 superioritate
1555 2030 1720 2069 exemptos
1736 2035 1804 2059 esse

1048 2079 1308 2124 praetendente&
1331 2077 1523 2122 impunitate
1544 2076 1602 2108 sibi
1626 2074 1802 2118 proposita,

1047 2130 1080 2162 in
1101 2129 1239 2162 diversas
1260 2127 1438 2161 haereticas
1454 2125 1657 2169 nefariasque
1677 2123 1804 2168 opinio-

1049 2189 1105 2212 nes
1121 2184 1151 2212 et
1166 2178 1306 2211 absurda
1326 2176 1538 2210 deliramenta
1559 2174 1677 2219 passim
1694 2174 1804 2218 prola-

1049 2229 1183 2269 buntur,
1197 2232 1388 2266 asserentes,
1402 2226 1485 2258 inter
1501 2225 1579 2257 alias
1595 2234 1710 2257 eorum
1721 2223 1805 2256 hlas-

1050 2278 1212 2322 phemias,
1235 2278 1362 2310 nullum
1389 2286 1457 2309 esse
1478 2274 1705 2307 defunctorum
1726 2283 1805 2317 pur-

1050 2328 1224 2371 gatorium,
1245 2327 1429 2360 Romanum
1453 2324 1642 2357 Pontificem
1663 2322 1804 2366 aliquam

1052 2377 1084 2409 in
1100 2388 1154 2410 eos
1175 2375 1431 2410 iurisdictionem
1446 2373 1495 2406 vel
1511 2372 1735 2405 auctoritatem
1752 2371 1808 2404 ha-

1052 2426 1128 2459 bere
1149 2430 1319 2469 negantes,
1350 2422 1567 2466 indulgentias
1587 2422 1627 2454 ab
1648 2421 1703 2454 illo
1728 2431 1806 2454 con-

1054 2487 1158 2510 cessas
1178 2476 1386 2513 damnantes3
1413 2470 1646 2506 ecclesiasticas
1679 2475 1807 2503 senten-

1092 2532 1102 2556 ¹
1125 2530 1196 2556 Haec
1211 2528 1367 2555 constitutio
1387 2526 1427 2553 bis
1443 2527 1541 2552 inserta
1563 2523 1732 2559 reperiturtn
1751 2523 1828 2556 edi--

1054 2571 1125 2597 tione
1142 2569 1331 2601 Mainardiana,
1352 2567 1402 2594 sub
1419 2566 1537 2593 numeris
1557 2571 1684 2592 Lxxxvm
1701 2567 1727 2591 et
1742 2569 1808 2590 cvm

1055 2610 1176 2673 (ΒΞἏΙΙΒ
1193 2644 1226 2671 de
1236 2644 1345 2672 Graecis
1357 2642 1417 2669 vide
1433 2641 1457 2668 in
1471 2645 1555 2668 const.
1570 2649 1646 2668 xxxv
1659 2641 1748 2668 innoc,
1762 2639 1807 2673 lV,

1057 2684 1111 2709 Sub
1128 2683 1283 2713 catholicae,
1301 2684 1365 2707 tom.
1384 2686 1426 2712 ul,
1443 2686 1501 2713 pag.
1520 2677 1580 2704 580.

1801 267 1850 293 An.
1869 265 1898 292 C.
1912 263 1979 291 ¹56&

1831 775 1948 797 Exordtum.

1836 1141 1912 1161 Graeci
1930 1145 1994 1167 pne-

1811 1173 1925 1193 teudentes
1971 1177 1995 1192 se

1812 1206 1921 1230 exemptos
1936 1209 1948 1222 a
1963 1204 1997 1222 iu-

1812 1236 1936 1256 risdictione
1958 1240 1994 1255 or—

1813 1266 1996 1292 dinarior.,impu-

1812 1298 1879 1318 nitate
1895 1297 1934 1317 nihi
1951 1301 1998 1323 pru-

1812 1330 1888 1355 posita,
1899 1328 1998 1349 commit-

1814 1360 1887 1381 tebant
1921 1359 1999 1380 multos

1814 1397 1898 1413 errores
1914 1391 1948 1411 lite
1964 1396 1999 1410 ex-

1814 1429 1907 1450 pressos.
