2237 3100
25 303 73 332 1111.
91 302 120 329 c.
143 301 210 330 11169
901 294 969 319 mos
994 294 1013 318 v
1037 295 1085 318 pp.
1664 280 1727 314 777

65 1424 184 1445 Exoniiunr

80 1964 227 1991 tudutgcniino
243 1946 362 1989 singuli
380 1946 559 1979 confratres
570 1945 874 1978 confraternitatum
886 1944 997 1977 Nomi-

45 1997 164 2017 concessio.

224 352 307 387 dicio
327 363 425 396 quam
443 358 544 392 extra,
564 350 772 389 adhibeatur,
792 360 876 393 quae
888 360 978 393 prae-

223 407 368 441 sentibus
382 407 499 440 litteris
523 405 745 445 adhiberetur,
763 404 788 437 si
810 404 980 437 [010111οΧ-

224 461 347 494 hibitae
363 461 412 494 vel
433 467 590 494 ostensae.

268 515 384 548 Datum
414 514 534 547 Romae
563 512 650 557 apud
679 512 710 546 S.
738 512 893 551 Petrum,
920 511 980 544 sub

226 569 347 602 annulo
386 567 570 605 piscatoris,
593 566 644 599 die
684 566 810 599 decima
844 565 981 608 septima

227 623 431 667 septembris,
456 621 628 655 millesimo
650 619 909 663 quingentesimo
935 629 982 651 se-

228 677 391 719 xagesimo
422 686 521 715 nono,
540 674 749 718 pontificatus
771 673 871 706 nostri
897 682 981 705 anno

228 734 357 772 quarto.

285 788 347 817 nat.
368 787 414 817 die
434 787 469 816 17
486 791 560 826 sept.
574 787 662 822 15611,
684 785 787 825 pontis.
805 794 881 815 anno
894 794 932 815 iv.

1021 347 1287 381 christifidelilms
1302 373 1309 387 ‚
1332 346 1388 390 qui
1402 373 1409 387 ‚
1431 345 1611 379 simultates
1641 344 1773 377 insimul

1021 402 1190 442 habentes,
1218 406 1365 434 mutuam
1401 410 1513 445 pacem
1539 398 1772 437 contraxerim,

1021 456 1147 500 quoties
1177 456 1208 488 id
1232 455 1379 496 fecerint,
1402 453 1617 497 quadraginta
1642 452 1710 486 dies
1735 452 1773 485 de

1022 510 1174 543 iniunctis
1208 509 1267 542 sibi
1302 521 1358 542 seu
1384 507 1630 552 quomodolibet
1658 505 1775 539 debitis

1023 563 1228 608 poenitentiis
1245 563 1497 597 misericorditer
1517 562 1549 595 in
1569 561 1706 594 Domino
1727 570 1775 593 10-

1024 617 1179 650 laxamus.

1068 672 1134 714 §GL
1161 671 1399 712 Praesentibus,
1423 681 1505 714 quas
1530 670 1589 703 sub
1610 668 1776 712 quibusvis

1025 726 1178 759 similium
1199 727 1247 759 vel
1265 725 1466 758 dissimilium
1487 724 1663 768 gratiarum
1686 733 1777 756 revo-

1025 780 1220 820 eationibus,
1235 779 1505 823 suspensionibus
1525 784 1553 811 et
1576 776 1777 810 limitationi-

1025 834 1086 866 bus
1120 832 1253 865 minime
1288 831 1534 875 comprehendi,
1570 831 1625 864 sed
1650 841 1779 874 semper

1026 887 1066 919 ab
1086 887 1148 919 illis·
1174 892 1334 929 exceptas,
1358 892 1388 919 01
1407 885 1533 928 quoties
1549 885 1622 917 illae
1647 894 1779 917 emana-

1027 941 1120 980 bunt,
1143 941 1237 973 toties
1270 940 1302 972 in
1339 939 1510 984 pristinum
1536 944 1654 971 statum
1690 937 1780 971 resti-

1030 1001 1125 1034 tutas,
1149 994 1305 1038 repositas
1339 1000 1367 1026 01
1400 994 1545 1037 plenarie
1568 994 1780 1035 reintegratus

1028 1060 1108 1089 esse,
1132 1049 1243 1091 sicque
1279 1048 1318 1080 ab
1352 1047 1505 1081 omnibus
1539 1047 1664 1080 eemeri
1688 1046 1780 1079 volu-

1029 1113 1112 1143 mus,
1133 1102 1299 1146 perpetuis
1324 1101 1440 1135 suturis
1467 1101 1667 1145 temporibus
1683 1100 1780 1133 dura-

1030 1155 1120 1189 turis.

1072 1210 1187 1243 Datum
1208 1210 1328 1243 Romae
1358 1210 1444 1253 apud
1472 1209 1504 1242 S.
1546 1209 1688 1248 Petrum,
1718 1207 1778 1240 sub

1031 1265 1152 1297 annulo
1174 1264 1353 1303 piscatoris,
1374 1264 1425 1297 die
1446 1274 1483 1296 xx
1500 1263 1701 1307 septembris,
1713 1262 1784 1294 mil-

1032 1318 1144 1350 lesimo
1165 1318 1426 1361 quingentesimo
1458 1316 1656 1360 sexagesimo
1683 1326 1781 1356 110110,

1034 1371 1240 1414 pontificatus
1261 1371 1361 1404 nostri
1382 1381 1466 1404 anno
1488 1381 1528 1403 lv.

564 959 650 994 CXL.

230 1039 442 1083 Inclulyentia
459 1037 678 1080 confratribus
694 1036 864 1069 societatis
877 1035 987 1069 Nomi-

275 1093 329 1126 111-ς
345 1093 405 1126 Dei
421 1102 566 1125 concessa
587 1091 614 1124 ¹.

231 1174 292 1203 Pius
310 1174 382 1209 Papa
397 1173 428 1207 V,
453 1173 590 1202 universis
609 1171 835 1201 christifidelibus
859 1177 987 1207 praesen·

278 1229 324 1257 tes
345 1228 463 1256 litteras
483 1227 664 1262 inspecturis,
682 1226 801 1254 salutem
825 1226 855 1253 et
878 1226 990 1260 aposto-

277 1282 359 1310 licam
377 1281 607 1310 benedictionem.

279 1354 479 1387 Cunctorum
501 1353 688 1386 mortalium
710 1352 834 1384 animas
854 1352 919 1385 Deo
940 1353 990 1385 lu-

236 1407 358 1441 crifieri
386 1407 605 1440 desiderantes
644 1407 683 1440 ad
718 1417 754 1439 ca
767 1433 775 1447 ,
818 1417 876 1449 per
908 1416 990 1449 quae

237 1460 465 1495 christifideles
490 1460 550 1504 piis
571 1460 725 1504 operibus
749 1465 914 1500 vacantes,
944 1471 992 1493 sa-

239 1516 342 1549 lutem
357 1525 449 1548 suam
469 1514 534 1548 Deo
555 1513 697 1558 propitio
720 1514 846 1547 valeant.
864 1524 993 1557 prome-

238 1568 304 1602 reri
324 1594 332 1609 ‚
359 1573 489 1602 nostrae
514 1567 783 1601 considerationis
804 1568 994 1610 frequenter

239 1622 411 1666 dirigimus
433 1623 602 1663 intuitum,
620 1628 722 1666 utque
742 1622 920 1666 praemissa
936 1633 994 1666 per

239 1688 294 1711 eos
314 1676 458 1710 caritatis
480 1676 605 1710 fervore
626 1682 830 1720 exequantur
843 1703 850 1717 ,
872 1687 926 1710 eos
947 1677 994 1709 al-

239 1731 362 1765 lectivis
387 1730 583 1774 quibusdam
604 1730 830 1774 spiritualibus
850 1730 994 1763 muneri-

241 1785 302 1818 bus
321 1784 508 1825 invitamus,
535 1790 633 1828 prout
658 1784 691 1816 in
711 1784 847 1817 Domino
868 1784 995 1828 conspi-

242 1839 346 1872 cimus
363 1837 537 1872 salubriter
557 1837 720 1882 expedire

286 1892 302 1935 §
321 1892 352 1925 ’1.
380 1891 553 1936 Cupientes
589 1892 688 1935 igitur
722 1897 758 1924 ut
792 1891 899 1924 dilecti
938 1891 995 1923 lilii

1076 1429 1139 1459 Dat.
1155 1430 1201 1459 die
1217 1429 1254 1460 *20
1270 1434 1343 1470 sept.
1366 1429 1454 1467 1560,
1472 1429 1576 1468 pontif.
1595 1438 1671 1459 anno
1688 1437 1727 1459 lv.

1353 1606 1452 1639 CXLI.

1037 1684 1252 1727 Confirmatio
1287 1682 1475 1716 concordiae
1507 1682 1593 1714 inter
1622 1681 1786 1724 archicpi-

1080 1750 1207 1781 scopnm
1221 1737 1514 1781 Cotilletostellanmn
1533 1740 1561 1768 rt
1580 1746 1653 1768 suos
1671 1735 1786 1778 stelliu-

1080 1803 1197 1836 pancos
1213 1802 1384 1836 eorumque
1403 1790 1549 1833 capitula
1569 1789 1595 1821 1.

1071 1874 1134 1902 Pius
1151 1874 1223 1908 Papa
1241 1873 1272 1906 V.
1292 1874 1325 1901 ad
1342 1873 1506 1908 perpetuam
1520 1871 1562 1900 rei
1580 1871 1752 1899 memoriam.

1083 1946 1125 1979 Ex
1146 1946 1238 1979 solita
1263 1945 1353 1979 Sedis
1372 1944 1573 1988 Apostolicae
1599 1943 1790 1984 clementia,

1039 2001 1077 2033 ad
1096 2011 1133 2033 ea
1153 2000 1291 2033 libenter
1311 1999 1523 2038 intendimus,
1542 2009 1600 2041 per
1615 2008 1698 2041 quae
1710 1997 1794 2030 inter

1040 2054 1200 2098 praelatos
1225 2052 1462 2087 ecclesiasticos
1482 2058 1512 2085 et
1536 2052 1667 2084 illorum
1690 2051 1793 2084 eccle-

1041 2108 1161 2140 siarum
1183 2107 1324 2152 capitula
1345 2118 1382 2139 ae
1406 2107 1485 2139 alias
1510 2115 1664 2149 personas
1694 2105 1797 2137 ecele—

1042 2162 1184 2195 siasticas
1203 2161 1275 2205 paci
1291 2166 1322 2194 et
1341 2160 1441 2203 quieti
1466 2165 1650 2203 opportune
1677 2169 1795 2191 consu-

1042 2216 1131 2255 litur3
1152 2226 1188 2248 ac
1214 2214 1264 2255 iis,
1287 2225 1370 2258 quae
1396 2218 1569 2257 propterea
1590 2212 1672 2245 saeta
1697 2211 1796 2244 fuisse

1042 2269 1196 2302 (licuntur
1214 2296 1221 2309 ‚
1244 2274 1279 2301 ut
1307 2269 1400 2300 tirma
1427 2271 1584 2310 perpetuo
1617 2270 1647 2298 et
1674 2264 1795 2298 illibata

1042 2323 1227 2366 persistant,
1251 2321 1479 2361 favorabiliter,
1496 2331 1570 2353 cum
1591 2330 1609 2352 a
1629 2319 1720 2352 nobis
1739 2329 1796 2362 pe-

1043 2377 1131 2417 titur,
1153 2376 1321 2420 apostolici
1341 2375 1513 2409 adiieimus
1535 2372 1724 2406 inuniminis
1740 2373 1796 2405 fir-

1043 2430 1198 2464 mitatem.

1087 2485 1101 2528 g
1128 2485 1158 2516 ‘l.
1190 2484 1269 2517 Cum
1296 2484 1417 2526 itaque,
1445 2482 1527 2515 sicut
1543 2481 1683 2514 exhibita
1704 2480 1798 2513 nobis

1044 2548 1160 2581 nuper,
1192 2549 1250 2582 pro
1283 2542 1372 2581 parte
1400 2535 1632 2569 venerabilium
1662 2535 1796 2567 fratrum

1045 2592 1296 2635 archiespiscopi
1323 2590 1586 2635 Compostellani,
1610 2588 1797 2632 metropoli-

1045 2646 1120 2685 tani,
1148 2650 1177 2679 et
1203 2646 1340 2678 aliorum
1367 2645 1636 2688 coepiseoporum
1663 2653 1797 2676 suornm

243 2000 292 2032 nis
309 1999 376 2040 Dei,
394 2004 458 2032 tam
485 1998 517 2030 in
539 1999 666 2031 civitate
684 1998 881 2031 Bononiensi
899 2008 997 2041 spiam

244 2053 315 2087 aliis
335 2053 600 2096 quibuscumque
626 2053 704 2086 locis
729 2058 760 2085 et
785 2052 880 2085 terris
901 2063 998 2085 eano—

245 2108 316 2140 niee
337 2107 570 2147 institutarum,
592 2117 629 2139 eo
651 2106 751 2149 magis
770 2106 801 2137 in
823 2116 901 2148 paee
916 2105 1000 2138 inter

246 2161 325 2194 alios
349 2160 409 2193 sibi
431 2160 568 2193 invicem
592 2160 699 2192 hostes
722 2159 999 2201 trzutanda,quod

247 2225 361 2248 eorum
383 2213 515 2257 proprie
549 2219 596 2246 est
627 2223 759 2252 munus,
783 2224 814 2245 se
837 2212 999 2244 intromit-

248 2274 325 2310 tant,
346 2268 474 2312 ipsique
495 2267 720 2300 christifideles
741 2277 778 2300 eo
796 2266 1000 2299 libentiusad

249 2334 281 2356 se
306 2322 546 2355 conciliandum
568 2321 652 2354 inter
672 2331 704 2353 se
725 2321 939 2360 addin-antur,
962 2320 999 2352 de

249 2375 480 2419 omnipotentis
505 2374 560 2407 Dei
582 2373 803 2406 misericordia
824 2385 858 2405 at·
889 2374 1000 2406 beato-

250 2440 322 2463 rum
343 2429 429 2463 Petri
450 2434 480 2462 et
499 2428 589 2461 Pauli
615 2427 837 2471 apostolorum
859 2427 929 2460 eius
946 2438 1002 2459 au-

250 2483 399 2517 ctoritate
419 2482 544 2523 conlisi,
559 2480 710 2515 omnibus
726 2487 754 2514 et
776 2480 1001 2524 singuliseon-

250 2536 405 2570 fratribus
420 2535 721 2569 confraternitatum
734 2533 932 2573 huiusmodi,
946 2535 1001 2576 qui

251 2590 283 2622 in
304 2590 413 2633 aliqua
425 2600 503 2634 paee
519 2589 746 2632 pertractanda
759 2594 785 2621 et
800 2588 1003 2621 concilianda

253 2654 285 2676 se
321 2643 567 2683 intromiserim,
590 2642 780 2676 omnibusve
805 2647 836 2675 et
870 2640 1004 2684 singulis

291 2712 301 2736 l
321 2710 359 2737 Ex
376 2711 472 2737 81111111,
491 2710 557 2737 Ord.
574 2709 703 2742 Praedia,
723 2713 785 2736 tom.
809 2718 836 2739 v,
860 2717 916 2743 pagg.
942 2709 1001 2734 2211.
1034 2719 1036 2721 ·

335 2756 409 2785 Butt.
431 2755 507 2786 Rom.
529 2755 582 2785 Vol.
606 2755 661 2785 VII.
848 2756 885 2783 ¹.)ss

1085 2715 1092 2738 l
1115 2713 1152 2739 Ex
1166 2714 1269 2747 llegcst.
1293 2713 1316 2738 111
1338 2712 1439 2740 Secret.
1463 2712 1538 2738 brev,

1789 290 1836 316 An.
1851 290 1879 316 C.
1905 288 1972 316 ¹569

1826 672 1920 692 Firmitas
1936 671 1975 690 liu-

1793 705 1824 724 ius
1848 708 1975 723 υυιιννςςιου

1794 736 1834 755 1115Δ

1835 1944 1963 1965 Prommium.

1838 2493 1904 2513 (Ianisu
1914 2492 1991 2513 count

1814 2525 1908 2545 tutionis.
