2237 3100
235 303 286 331 Α11.
304 304 417 332 C.1562

253 357 418 378 contravenien-

234 391 283 410 tium
301 395 389 416 poenae.

242 1329 361 1350 Annultniio
380 1329 414 1349 uli-

239 1363 262 1382 er
277 1363 391 1387 gestorum>

254 1815 351 1837 Clausala
366 1815 416 1837 sub-

231 1848 281 1868 lata.

256 2512 367 2533 Clausulae
384 2514 418 2534 ‹le-

229 2545 355 2571 rogatoriae.

476 293 540 328 0206

433 367 491 401 pro
503 361 648 400 tempore
663 354 807 389 existenti
820 354 1009 395 camerario,
1029 355 1060 387 in
1073 355 1186 387 virtute

433 415 561 444 sanctae
582 408 795 449 obedientiam
819 409 944 442 clericis
969 419 1042 441 vero
1072 419 1108 441 ac
1129 418 1186 441 no-

432 463 521 497 tariis
541 469 571 497 et
591 464 661 497 aliis
681 463 874 496 officialibus
903 468 930 495 et
953 473 1066 495 eorum
1088 461 1184 494 mini-

431 517 504 551 stris
519 517 792 561 quibuscumque,
807 517 865 549 sub
876 516 1183 549 excommunicatio—

431 571 479 604 nis
508 572 589 604 latae
615 570 809 610 sententiae,
842 580 968 603 necnon
999 569 1184 612 privationis

430 625 612 658 officiorum
621 623 890 657 etbeneficiorum
900 630 1184 666 1111011111101111111110

431 688 554 722 pereos
565 679 772 711 obtentorum
790 688 825 710 ac
846 671 1055 709 inhabilitatis
1076 677 1115 710 ad
1131 677 1185 711 illa

430 735 460 764 et
488 731 550 763 alia
576 731 607 763 in
634 736 798 774 posterum
827 730 1021 771 obtinenda,
1050 731 1184 774 aliisque

429 784 528 816 nostri
550 788 580 816 et
606 794 663 827 pro
694 789 839 827 tempore
868 784 1030 817 existentis
1050 785 1185 817 Romani

430 836 592 870 Pontificis
626 837 749 869 arbitrii
780 837 906 880 poenis,
932 848 971 869 ne
1000 837 1038 870 de
1066 837 1182 878 causis,

429 890 572 932 negociis
592 901 628 923 ac
645 890 903 934 expeditionibus
920 902 977 934 per
1000 897 1185 934 praesentes

430 942 619 984 interdictis,
632 943 727 977 etiam
742 949 906 987 praetextu
917 945 1106 987 quorumvis
1120 945 1184 988 pri-

429 996 617 1040 vilegiorum
639 1003 669 1030 et
695 997 897 1031 indultorum
919 998 963 1030 eis
984 998 1185 1041 quomodoli-

428 1050 480 1082 bet
508 1061 758 1090 concessorum,
789 1056 843 1083 aut
869 1051 1113 1085 consuetudinis
1138 1052 1184 1084 vel

429 1103 520 1146 quasi
541 1104 750 1148 possessionis
770 1104 956 1137 huiusmodi
975 1116 1006 1138 se
1027 1105 1186 1138 intromit-

428 1162 494 1190 tere
520 1168 652 1201 quoquo
682 1158 778 1191 modo
804 1159 942 1191 audeant
969 1170 1025 1192 seu
1050 1170 1184 1203 praesu-

430 1215 528 1243 mant.

474 1264 488 1304 ,Q
512 1263 564 1296 21.
589 1265 804 1298 Decernentes
815 1276 1183 1308 quascumspieconces-

429 1317 551 1354 siones,
577 1318 821 1351 commissiones
846 1324 876 1351 et
905 1319 1121 1362 expeditiones
1146 1320 1185 1352 ab

430 1370 491 1403 illis
512 1377 541 1404 ct
576 1382 593 1403 a
622 1372 705 1404 dicta
735 1371 868 1404 Camera
892 1372 1044 1416 deinceps
1073 1378 1185 1406 contra

429 1425 646 1468 praesentium
659 1431 803 1458 tenorem
821 1436 879 1469 pro
897 1432 1043 1470 tempore
1064 1428 1182 1466 forsan,

428 1479 514 1522 quod
536 1479 627 1518 absit,
650 1484 830 1519 attentatas,
850 1480 945 1512 etiam
968 1479 992 1512 si
1014 1480 1083 1513 illas
1099 1480 1184 1512 vivae

427 1532 512 1565 vocis
533 1533 665 1565 oraculo
695 1544 879 1566 emanassae
905 1539 1078 1573 asseratur,
1101 1533 1184 1566 111111-

428 1585 569 1618 lominus
589 1586 695 1618 nullas
715 1592 746 1619 et
766 1586 919 1619 invalidas
944 1598 979 1619 ac
1001 1592 1139 1620 extortas
1155 1593 1182 1620 et

429 1638 635 1683 subreptitias
661 1640 728 1673 sore
750 1645 780 1672 et
801 1651 868 1673 esse
902 1651 938 1673 ac
969 1640 1105 1681 censeri,
1128 1651 1184 1674 ne-

429 1692 573 1736 minique
596 1698 766 1737 propterea
787 1694 955 1737 suffragari
972 1705 1076 1738 posse.

473 1746 487 1789 ξ
508 1746 561 1779 29..
585 1747 618 1779 Et
641 1747 682 1780 ita
705 1758 762 1791 per
791 1759 1015 1792 quoscumque
1037 1749 1183 1781 locorum

430 1799 610 1833 ordinarios
648 1811 684 1834 ac
719 1801 840 1834 iudices
866 1807 894 1834 et
925 1801 1182 1842 commissarios,

430 1853 525 1887 etiam
548 1865 719 1887 causarum
740 1855 850 1887 Palatii
872 1852 1186 1897 Apostoliei'audiio-

430 1918 492 1949 res,
515 1919 552 1941 ac
578 1908 722 1941 eiusdem
743 1908 905 1941 Romanae
931 1908 1093 1941 Ecclesiae.
1115 1920 1184 1941 car—

429 1961 567 1999 dinales,
591 1962 686 1995 etiam
712 1961 952 2006 provinciarum
975 1967 1003 1994 et
1025 1968 1184 1995 terrarum

428 2014 559 2047 ditionis
579 2015 811 2047 esclesiasticae
837 2015 976 2058 legatos,
1005 2025 1184 2058 eorumque

428 2067 630 2111 vicelegatos,
643 2069 876 2110 gubernatores
888 2074 915 2102 et
929 2069 1007 2102 alios
1017 2070 1182 2107 officiales,

428 2121 553 2154 sublata
574 2121 619 2154 eis
639 2127 666 2154 et
689 2132 801 2154 eorum
816 2122 947 2155 cuilibet
963 2123 1073 2166 [plavis
1094 2123 1187 2155 aliter

428 2174 592 2207 iudicandi
609 2180 637 2207 et
654 2175 887 2219 interpretandi
909 2176 1058 2209 sacultate
1080 2182 1105 2209 et
1128 2188 1184 2209 au-

429 2228 586 2269 ctoritate,
607 2228 742 2262 iudicari
765 2235 795 2262 et
815 2229 942 2262 definiri
963 2230 1093 2270 debere,
1117 2231 1187 2263 irri-

429 2288 496 2315 tum
510 2293 639 2326 quoque
651 2287 681 2315 et
698 2283 794 2315 inane
808 2283 962 2326 quicquid
985 2294 1077 2316 secus
1089 2295 1186 2327 super

428 2335 477 2368 his
489 2347 506 2368 a
516 2346 694 2379 quoquam,
708 2336 818 2379 quavis
835 2337 1036 2377 auctoritate,
1050 2338 1187 2370 seient‹;=r

430 2390 477 2421 vel
499 2389 874 2431 ignoranter,contigerit
891 2393 1049 2423 attentari.

477 2444 491 2485 ξ
511 2442 563 2475 023.
587 2443 654 2475 Non
673 2443 874 2476 obstantibus
903 2444 1187 2477 constitutionibus

434 2495 464 2523 et
492 2491 750 2524 ordinationibus
780 2492 983 2535 apostolicis,
1016 2491 1188 2535 privilegiis

434 2550 586 2583 quoque,
610 2541 741 2573 indultis
766 2553 802 2573 ac
836 2542 1041 2574 facultatibus
1068 2541 1186 2575 eisdem

436 2589 613 2621 camerario
635 2600 670 2622 ac
699 2590 956 2633 praesidentibus
990 2596 1020 2623 et
1047 2591 1185 2631 clericis,

435 2637 530 2670 etiam
551 2643 640 2670 motu
662 2639 794 2681 proprio
813 2645 843 2671 et
863 2639 1138 2680 consistorialiter,
1153 2651 1190 2672 ac

435 2686 474 2719 de
491 2687 626 2720 fratrum
648 2688 837 2721 eorumden]
850 2688 984 2721 oonsilio
997 2694 1027 2721 et
1047 2699 1189 2729 assensu,

1029 300 1209 326 BULLARH'M
1232 300 1383 325 ROMANUM

1228 354 1288 386 sub
1309 353 1569 398 quibuscumque
1586 353 1753 388 tenoribus
1769 359 1799 388 et
1809 353 1932 395 formis,
1945 365 1983 388 ac

1229 419 1303 441 cum
1331 408 1494 452 quibusvis
1522 408 1675 442 clausulis
1703 414 1734 442 et
1762 408 1918 450 decretis,
1949 407 1982 441 in

1227 472 1344 504 genere
1365 463 1411 495 vel
1428 462 1460 494 in
1477 462 1583 506 specie
1595 468 1625 495 et
1634 462 1711 495 alias
1722 462 1980 506 quomodolibet,

1228 516 1323 548 etiam
1355 527 1412 559 per
1438 516 1510 560 piae
1545 516 1719 549 memoriae
1748 516 1920 550 Martinum
1945 517 1980 557 V,

1227 569 1408 612 Eugenium
1421 570 1468 610 IV,
1481 570 1646 603 Innocent.
1665 571 1728 603 VIII
1740 576 1771 604 et
1791 571 1982 614 praedictum

1227 623 1365 655 Leonem
1376 623 1401 654 X
1413 628 1440 655 et
1452 624 1589 656 Paulum
1608 624 1645 657 Ill
1662 634 1697 657 ac
1708 624 1825 658 Iulium
1839 624 1934 658 etiam
1944 624 1983 658 111

1227 681 1253 709 et
1276 676 1355 709 allos
1380 688 1605 721 quoscumque
1626 678 1787 712 Romanos
1810 678 1984 712 Pontifices

1228 730 1491 773 praedecessores
1516 737 1661 773 nostros,
1689 743 1725 766 ac
1755 733 1862 766 forsan
1888 732 1983 767 etiam

1227 794 1284 816 nos
1301 785 1473 825 concessis,
1496 786 1681 829 approbatis
1706 792 1737 820 et
1756 786 1924 829 innovatis,
1947 799 1983 821 ac

1227 837 1363 871 decretis
1383 844 1411 871 et
1434 839 1622 873 censurisin
1642 840 1705 873 illis
1725 841 1890 885 appositiS‚
1911 841 1983 886 qui-

1227 891 1287 924 bus
1306 892 1469 932 omnibus,
1493 892 1588 925 etiam
1610 893 1647 934 si,
1671 904 1729 937 pro
1741 893 1872 927 illorum
1893 895 1984 928 suffi-

1228 945 1323 977 cienti
1340 946 1560 989 derogatione,
1579 947 1618 979 de
1639 947 1700 979 illis
1720 958 1899 991 eorumque
1910 948 1984 982 totis

1228 998 1395 1031 tenoribus
1415 999 1564 1043 specialis
1577 1027 1584 1040 ,
1608 1000 1758 1043 specifica
1785 1007 1816 1034 et
1835 1012 1984 1049 expressa

1227 1063 1263 1084 ac
1284 1051 1447 1085 individua
1468 1058 1497 1085 et
1513 1053 1551 1086 de
1572 1054 1669 1086 verbo
1689 1054 1728 1086 ad
1749 1054 1895 1094 verbum,
1919 1065 1984 1088 non

1227 1110 1335 1138 autem
1362 1116 1419 1149 per
1440 1106 1601 1139 clausulas
1621 1107 1788 1149 generales
1817 1106 1900 1140 idem
1922 1107 1983 1141 im-

1228 1164 1403 1201 portantes,
1423 1159 1543 1192 mentio
1561 1171 1616 1193 seu
1629 1161 1758 1203 quaevis
1770 1160 1832 1193 alia
1853 1172 1982 1205 expres-

1227 1212 1273 1244 sio
1286 1212 1444 1253 habenda,
1459 1218 1513 1245 aut
1522 1212 1629 1256 aliqua
1641 1213 1702 1245 alia
1713 1213 1869 1257 exquisita
1880 1214 1984 1248 forma

1999 299 2047 326 An.
2066 299 2093 325 c.
2114 297 2182 328 1562

1227 1265 1265 1298 ad
1287 1266 1348 1298 hoe
1369 1266 1523 1299 servanda
1540 1267 1632 1307 soret,
1652 1272 1781 1300 tenores
1795 1267 1983 1302 huiusmodi
2028 1307 2031 1310 ¹

1228 1330 1286 1362 pro
1315 1319 1513 1353 sufficienter
1534 1320 1690 1364 expressis
1717 1321 1893 1362 babentes,
1921 1321 1984 1355 illis

1228 1373 1305 1404 alias
1321 1373 1351 1405 111
1374 1384 1431 1406 5110
1453 1373 1570 1406 robore
1586 1374 1819 1417 permansuris,
1842 1374 1902 1408 hac
1915 1374 1983 1409 vice

1227 1425 1402 1466 dumtaxat,
1423 1426 1605 1469 specialiter
1625 1432 1652 1459 et
1675 1417 1822 1470 expresse
1852 1427 1985 1471 deroga-

1229 1490 1312 1519 mus,
1325 1479 1494 1513 contrariis
1514 1480 1786 1524 quibuscumque.
1811 1481 1873 1513 Aut
1893 1480 1917 1514 si
1928 1480 1985 1514 ali-

1227 1531 1585 1574 quibus,communiter
1604 1533 1652 1566 vel
1671 1533 1806 1574 divisim,
1820 1533 1860 1566 ab
1872 1533 1984 1568 eadem

1228 1586 1263 1618 sit
1286 1586 1367 1619 Sede
1388 1587 1549 1619 indultum
1561 1587 1647 1630 quod
1658 1587 1818 1627 interdici,
1831 1587 1984 1631 suspendi

1228 1639 1274 1671 vel
1296 1640 1570 1672 ‹5¹xii'0mlntlnieari
1585 1651 1647 1673 non
1661 1641 1783 1684 possint
1802 1651 1861 1684 per
1877 1640 1985 1675 literas

1228 1692 1421 1736 apostolicas
1447 1704 1511 1726 non
1538 1694 1690 1727 facientes
1720 1695 1848 1738 plenam
1875 1700 1906 1727 et
1930 1705 1983 1728 ex-

1229 1757 1371 1791 pressam
1389 1758 1424 1780 ac
1445 1748 1483 1780 de
1501 1748 1597 1781 verbo
1609 1748 1647 1780 ad
1660 1748 1792 1781 verbum
1804 1749 1842 1782 de
1859 1748 1984 1782 indulto

1229 1800 1415 1834 huiusmodi
1437 1802 1634 1835 mentionem
1656 1808 1686 1835 et
1706 1802 1984 1846 quibuslibetaliis

1229 1854 1410 1898 privilegiis,
1420 1855 1628 1897 indulgentiis
1640 1861 1669 1888 et
1681 1855 1781 1888 literis
1791 1855 1984 1900 apostolicis,

1228 1908 1432 1951 generalibus
1452 1910 1499 1942 vel
1520 1909 1725 1953 specialibus,
1748 1920 1984 1953 quorumcum-

1228 1973 1290 2005 que.
1312 1967 1461 1995 tenorum
1483 1962 1628 2003 existant,
1652 1974 1710 2007 per
1725 1974 1820 2007 quae,
1836 1974 1986 2007 praesen-

1228 2016 1312 2048 tibus
1322 2027 1385 2049 non
1399 2027 1547 2060 expressa
1558 2018 1605 2050 vel
1626 2017 1765 2050 totaliter
1775 2027 1840 2050 non
1852 2017 1982 2058 inserta,

1229 2069 1362 2102 effectus
1382 2070 1599 2113 praesentium
1615 2070 1764 2114 impediri
1784 2070 1887 2103 valeat
1906 2081 1986 2115 quo-

1229 2123 1405 2156 modolibet
1425 2124 1471 2157 vel
1494 2124 1628 2161 differri,
1656 2129 1686 2156 et
1706 2125 1744 2157 de
1764 2124 1883 2167 quibus
1902 2134 1985 2168 quo-

1229 2187 1367 2219 rumque
1402 2177 1474 2210 totis
1507 2177 1676 2210 tenoribus
1711 2178 1859 2211 habenda
1887 2177 1926 2211 sit
1950 2178 1983 2211 in

1228 2230 1345 2261 nostris
1366 2230 1465 2263 literis
1486 2230 1605 2264 mentio
1627 2230 1786 2273 specialis.

1273 2284 1287 2326 ἕ
1314 2283 1367 2316 2-1.
1400 2284 1434 2317 Ut
1466 2289 1573 2317 autem
1600 2291 1784 2328 praesentes
1808 2284 1920 2318 literae
1945 2284 1983 2317 ad

2025 2305 2100 2327 Forma
2115 2309 2136 2327 et
2151 2304 2185 2327 es-

1229 2337 1374 2370 omniuin
1388 2338 1532 2371 notitiam
1552 2339 1766 2379 deducantur,
1784 2344 1814 2371 et
1829 2348 1894 2378 eOS,
1904 2348 1985 2381 quo·
1997 2337 2066 2358 ‘mm
2089 2337 2184 2365 “ulfic''

1230 2402 1300 2423 rum
1324 2391 1456 2425 interest
1471 2393 1518 2425 vel
1535 2393 1688 2426 interesse
1704 2392 1832 2436 poterit,
1851 2391 1983 2425 omnino

1230 2445 1391 2485 alliciant,
1413 2447 1561 2479 volumus
1586 2451 1617 2479 et
1643 2447 1834 2479 mandamus
1857 2445 1927 2478 illas
1951 2445 1985 2478 in

1230 2494 1338 2526 Palatii
1354 2495 1452 2527 nostri
1478 2506 1513 2528 ac
1530 2495 1681 2527 Gamerae
1702 2495 1903 2539 apostolicae
1920 2496 1984 2528 val-

1230 2542 1274 2574 vis·
1300 2549 1326 2574 et
1354 2543 1422 2576 acie
1449 2544 1559 2587 Campi
1588 2544 1699 2577 Florae
1726 2554 1784 2586 per
1804 2543 1930 2586 aliquos
1949 2555 1987 2578 ex

1232 2593 1418 2625 cursoribus
1430 2593 1546 2626 nostris
1557 2593 1641 2635 affigi
1652 2598 1678 2626 et
1690 2604 1748 2636 per
1763 2593 1895 2637 aliquod
1905 2600 1985 2627 tem-

1232 2641 1319 2683 poris
1331 2642 1483 2685 spatium,
1495 2642 1606 2675 relicta
1618 2642 1736 2674 ibidem
1758 2653 1869 2675 earum
1882 2642 1985 2686 copia,

1232 2689 1340 2723 affixas
1360 2690 1513 2732 detineri,
1537 2696 1572 2724 ut
1592 2690 1631 2731 ii,
1655 2701 1736 2733 quos
1756 2690 1868 2725 literae
1898 2691 1985 2736 ipsae

1997 2369 2070 2390 ttonls.
