2237 3100
11 304 61 334 An.
78 303 108 332 C.
127 302 193 331 1562

35 943 120 965 sineno
142 950 195 972 poe-

10 975 71 996 nalis.

42 2338 160 2361 Exordium.

887 307 955 332 PIUS
975 303 1005 329 IV
1025 303 1073 327 PF.

208 356 321 391 Florae
345 367 404 401 per
428 356 553 402 aliquos
578 369 615 393 ex
640 359 830 393 cursoribus
848 359 967 394 nostris

208 411 295 455 affigi
323 417 353 445 et
377 423 435 456 per
467 412 600 457 aliquod
624 414 781 458 temporis
806 414 963 459 spatium,

208 465 319 499 relicta
339 466 459 500 ibidem
489 478 602 500 earum
623 468 727 512 copia,
751 468 861 502 affixas
886 469 966 502 deti-

207 519 290 559 neri,
319 525 354 553 ut
373 520 408 560 ii,
427 531 508 564 quos
524 522 635 556 literae
657 522 743 566 ipsae
766 528 967 555 concernunt

208 583 264 606 seu
282 583 479 607 concernere
500 580 653 618 poterunt
669 576 914 619 quomodolibet
934 576 965 609 in

208 627 374 668 futurum,
410 629 533 662 nullam
569 630 693 673 possint
726 631 966 664 excusationem

208 681 419 724 praetendere
434 682 483 715 vel
504 683 644 726 allegare
661 684 749 728 quod
765 683 804 716 ad
820 684 966 728 ipsorum

208 733 354 768 notitiam
382 745 447 768 non
477 737 700 779 pervenerint,
734 748 808 771 cum
838 748 904 770 non
929 737 968 771 sit

207 787 381 822 verisimile
402 790 488 833 apud
505 801 559 823 eos
580 790 781 834 incognitum
797 802 967 825 remanere

208 841 294 885 quod
315 847 379 875 tam
401 848 548 886 patenter
567 845 768 888 publicatum
790 844 898 878 fuerit.

253 895 267 938 ἓ
288 895 340 928 24.
360 895 446 929 Nulli
457 907 533 940 ergo
546 898 679 931 omnino
692 899 860 932 hominum
874 898 968 931 liceat

209 949 292 982 hanc
313 949 464 992 paginam
484 956 671 984 nostrorum
693 951 812 991 statuti,
836 951 966 984 ordina-

209 1001 313 1043 tionis,
335 1001 547 1043 inhibitionis,
571 1003 712 1043 decreti,
736 1004 965 1047 derogationis,

208 1054 380 1089 voluntatis
392 1061 422 1088 et
434 1057 576 1089 mandati
593 1057 770 1100 infringere
784 1058 832 1090 vel
846 1057 873 1090 ei
886 1068 967 1091 ausu

208 1109 380 1142 temerario
411 1110 582 1143 contraire.
614 1110 646 1144 Si
675 1110 747 1153 quis
772 1118 878 1144 autem
905 1111 968 1144 hoc

207 1166 364 1195 attentare
399 1164 675 1207 praesumpserit,
713 1163 966 1206 indignationem

208 1214 439 1258 omnipotentis
448 1216 502 1249 Dei
521 1217 733 1250 aebeatorum
743 1217 866 1251 Petriet
877 1217 967 1250 Pauli

207 1268 429 1312 apostolorum
455 1270 525 1303 eius
545 1282 577 1304 se
598 1270 721 1304 noverit
743 1270 964 1304 incursurum.

252 1321 367 1355 Datum
388 1322 508 1356 Romae
529 1323 616 1368 apud
641 1324 795 1357 Sanctum
821 1324 964 1364 Petrum,

208 1384 292 1408 anno
305 1374 540 1410 Incarnationis
557 1377 739 1410 dominicae
748 1387 867 1417 nntxii,
880 1383 966 1411 sexto

207 1426 361 1462 kalendas
386 1428 486 1471 iunii,
520 1430 727 1474 pontificatus
753 1431 854 1464 nostri
882 1442 967 1465 anno

209 1481 318 1516 tertio.

252 1536 282 1578 ἦ·
300 1535 366 1579 Ego
386 1535 472 1578 P1rs,
503 1537 680 1572 catholicae
700 1537 865 1572 Ecclesiae
881 1537 967 1583 epis-

210 1599 324 1633 copus.

253 1641 439 1687 Sequuntur
467 1644 717 1689 subscriptiones
746 1646 967 1680 cardinalium

209 1700 240 1730 et
255 1696 445 1740 publicatio.

255 1750 317 1781 Dat.
337 1752 384 1781 die
407 1751 444 1781 27
469 1753 537 1782 maii
559 1752 646 1789 1562,
665 1753 769 1793 pontif.
786 1764 861 1784 anuo
882 1761 923 1784 111.

530 1923 656 1957 LXVIII.

212 1998 412 2041 Reformati‘o
424 2000 598 2033 tribunalis
605 2000 808 2033 Rcverendae
817 1998 841 2032 C
844 2009 971 2032 amerae

257 2052 458 2095 Apostolicae
479 2053 505 2085 l,

309 2133 371 2162 Pius
391 2133 533 2168 episcopus
554 2140 649 2162 servus
669 2140 810 2161 servorum
828 2132 883 2166 Det,

363 2188 396 2215 ad
411 2189 575 2223 perpetuam
595 2188 637 2216 rei
657 2189 827 2216 memoriam.

258 2256 423 2290 Romanus
443 2258 597 2298 Pontifex,
620 2258 735 2291 Christi
752 2258 901 2298 vicarius,
925 2259 971 2291 uti

215 2311 358 2355 prudens
375 2312 614 2356 paterfamilias,
630 2312 759 2355 provide
769 2312 970 2345 animadver-

215 2371 285 2399 tens
304 2364 337 2399 in
363 2376 439 2408 agro
456 2366 620 2399 dominico
638 2366 772 2399 multam
794 2377 929 2399 messem
942 2372 971 2399 et

216 2420 335 2453 multos
356 2419 417 2452 iam
431 2420 597 2463 operarios
609 2430 688 2459 csse,
703 2425 738 2452 ut
754 2430 836 2463 opus
846 2420 971 2452 Domini

215 2479 302 2507 recte
322 2479 353 2507 et
363 2474 431 2507 sine
452 2474 640 2507 confusione
661 2473 888 2517 adimpleatur,
907 2474 971 2507 sin-

254 2544 263 2569 l
285 2543 321 2569 De
342 2550 451 2568 munere
468 2542 616 2569 officialium
635 2542 771 2572 Gamerae,
799 2541 874 2576 plene
892 2542 972 2568 habes

215 2582 247 2609 de
263 2583 400 2609 clericisin
417 2584 606 2610 constitutione
618 2589 675 2608 xvii
694 2583 800 2616 lingenii
823 2582 866 2612 tv,
888 2584 971 2613 luter,

216 2625 281 2649 tom.
301 2631 330 2654 v,
352 2631 409 2658 pag.
428 2623 472 2655 52&
494 2628 520 2649 et
541 2623 565 2648 iu
583 2622 773 2648 constitutione
791 2630 797 2648 ι
814 2623 911 2649 Callisti
926 2622 970 2654 ΙΙΙ,

215 2663 286 2696 Quae
307 2664 448 2694 laudabili,
470 2662 545 2694 ibid,
564 2670 622 2697 pag.
640 2663 697 2694 ll6;
720 2662 971 2693 iuroustitutioucx

216 2702 275 2729 Iulli
291 2702 324 2735 ll,
344 2704 384 2729 Ex
400 2705 531 2736 iniuncto,
554 2703 629 2735 ibid„
651 2710 710 2737 pag.
731 2703 792 2729 1118,

1657 292 1720 327 203

1007 357 1091 401 gulis
1111 366 1206 390 curas
1226 355 1365 400 partitur
1376 360 1405 388 et
1423 354 1528 388 osticia
1541 354 1713 396 distribuit,
1728 368 1764 389 ac

1008 422 1048 445 ne
1068 411 1140 455 quis
1160 410 1304 443 muneris
1316 409 1375 442 sibi
1396 409 1558 443 commissi
1579 409 1697 443 limites
1709 421 1762 443 ex-

1008 465 1111 506 cedat,
1135 470 1190 498 ant
1209 464 1241 497 in
1262 464 1394 497 alterius
1414 474 1551 497 messem
1573 463 1686 497 falcem
1704 464 1765 497 im-

1009 525 1117 562 ponat,
1138 518 1247 552 solerti
1259 518 1364 552 studio
1381 523 1411 551 et
1428 517 1592 561 diligentia
1610 517 1765 561 providet,

1008 573 1102 614 sicut,
1121 585 1179 618 pro
1191 573 1274 607 felici
1295 573 1396 617 ipsius
1415 573 1614 616 agricultura
1631 579 1661 606 et
1680 574 1765 608 dire-

1008 629 1125 669 ctione,
1148 629 1181 662 in
1204 628 1337 662 Domino
1355 627 1513 672 conspicit
1524 628 1696 662 salubriter
1715 639 1767 662 ex—

1008 683 1130 727 pedire.

1053 737 1067 780 g
1088 736 1119 770 1.
1135 737 1226 777 Sane,
1239 743 1410 781 postquam
1431 748 1490 770 nos
1515 747 1642 771 sacrum
1665 748 1764 771 oecu-

1009 790 1171 823 menicum
1189 797 1218 824 et
1233 792 1383 834 generale
1400 791 1575 825 concilium
1595 802 1653 835 pro
1673 791 1765 824 extir-

1008 844 1122 888 pandis
1138 845 1327 877 haeresibus
1343 851 1373 877 et
1393 845 1556 877 christiani
1574 845 1684 888 populi
1700 855 1766 878 mo—

1008 898 1098 930 ribus
1131 898 1340 931 emendandis
1370 898 1402 930 in
1432 898 1555 931 civitate
1581 898 1766 931 Tridentina

1009 951 1239 984 celebrandum
1251 951 1436 989 indiximus,
1448 956 1544 994 prout
1557 951 1648 989 illud,
1663 951 1767 984 divina

1009 1005 1130 1038 favente
1151 1005 1264 1048 gratia,
1277 1005 1535 1049 sreqiientissimo
1549 1005 1766 1048 praelatorum

1009 1064 1166 1091 conventu
1180 1058 1241 1091 iam
1255 1058 1390 1091 feliciter
1407 1063 1637 1101 congregatum
1655 1057 1764 1098 extitit,

1009 1116 1039 1144 et
1051 1122 1126 1145 suos
1137 1111 1294 1144 salutares
1306 1122 1496 1157 progressus
1511 1111 1634 1143 habere
1646 1111 1763 1154 coepit,

1009 1164 1084 1196 dum
1095 1164 1268 1197 concilium
1281 1164 1386 1207 ipsum
1396 1164 1536 1206 generali
1550 1163 1647 1196 totius
1659 1164 1767 1197 Eccle-

1009 1216 1072 1250 siae
1092 1217 1313 1250 reformationi
1330 1217 1502 1260 diligenter
1517 1216 1686 1255 incumbit,
1709 1227 1767 1251 nos

1009 1270 1122 1304 Curiae
1153 1276 1282 1305 nostrae
1298 1281 1335 1304 ac
1356 1271 1441 1304 illius
1462 1270 1646 1304 officiorum
1669 1276 1699 1304 et
1714 1271 1767 1304 tri-

1008 1323 1177 1356 bunalium
1208 1323 1364 1367 peculiari
1396 1323 1589 1357 correctioni
1621 1324 1766 1357 animum

1009 1377 1198 1417 adiecimus,
1216 1383 1246 1410 et
1266 1388 1282 1410 a
1299 1377 1686 1410 sacraepoenitentiariae
1699 1377 1767 1411 offi-

1009 1430 1071 1469 cio,
1094 1431 1126 1463 in
1147 1442 1211 1475 quo
1237 1432 1323 1464 salus
1348 1431 1523 1475 praecipue
1548 1431 1681 1464 vertitur
1701 1429 1768 1464 ani-

1009 1494 1148 1524 marum,
1177 1484 1266 1517 initio
1292 1490 1432 1528 sumpte,
1452 1484 1539 1517 illius
1563 1484 1766 1517 reformatio-

1009 1548 1082 1570 nem
1105 1537 1240 1571 feliciter
1255 1538 1460 1571 absolvimus.

1054 1590 1108 1633 ξὲ.
1128 1591 1218 1624 Nunc
1230 1602 1306 1624 vero
1322 1591 1475 1625 Gamerae
1492 1596 1622 1624 nostrae
1633 1592 1769 1635 Aposto-

1009 1643 1089 1676 lirae
1105 1645 1432 1688 tribunal,tamquam
1448 1644 1581 1688 reliquis
1598 1644 1694 1678 totins
1706 1644 1767 1678 Cu-

1010 1697 1076 1730 riae
1097 1698 1225 1741 dignius
1250 1704 1279 1731 et
1308 1698 1533 1739 excellentius,
1562 1697 1593 1730 in
1619 1709 1682 1742 quo
1704 1709 1769 1731 non

1010 1752 1115 1784 solum
1137 1752 1324 1785 Patrimonii
1345 1752 1430 1785 Beati
1452 1751 1549 1792 Petri,
1573 1752 1626 1784 sed
1645 1751 1771 1785 univer-

1011 1815 1121 1838 sorum
1143 1805 1211 1838 fisci
1232 1806 1398 1850 apostolici
1429 1806 1549 1838 iuriam
1572 1806 1771 1839 conservatio

1011 1864 1040 1891 et
1052 1859 1287 1892 administratio
1299 1865 1456 1900 versatur,
1471 1859 1648 1892 direximus
1660 1861 1773 1893 oculos

1012 1919 1139 1946 nostrae
1176 1913 1313 1954 mentis,
1351 1913 1704 1956 animadvertiimisque
1739 1913 1771 1946 in

1012 1966 1160 2000 eamdem
1181 1967 1361 2007 Cameraiu,
1380 1978 1439 2011 pro
1456 1967 1664 2011 superiorum
1686 1972 1768 2000 tem-

1012 2030 1128 2063 porum
1143 2020 1272 2054 licentia
1285 2027 1313 2054 et
1323 2021 1463 2058 incuria,
1474 2021 1772 2064 pleraqnencgocia

1013 2079 1099 2106 extra
1116 2074 1281 2118 propriam
1305 2075 1405 2119 ipsius
1421 2075 1592 2107 tribunalis
1608 2080 1768 2115 naturam,

1013 2132 1076 2159 tam
1099 2127 1183 2161 circa
1205 2128 1317 2161 ditioni
1335 2129 1570 2162 ecclesiasticae
1592 2129 1623 2161 in
1645 2134 1770 2172 tempo-

1013 2180 1135 2213 ralibus
1163 2182 1343 2222 subiectas,
1376 2193 1471 2225 quam
1506 2182 1647 2225 reliquas
1673 2181 1771 2214 totius

1013 2234 1178 2267 christiani
1202 2235 1287 2268 orbis
1309 2236 1501 2279 provincias,
1526 2235 1771 2279 irrepsisse‚per

1013 2298 1095 2330 quae
1119 2289 1288 2321 camerarii
1311 2290 1411 2321 nostri
1448 2300 1484 2321 ac
1515 2288 1769 2333 praesidentium

1014 2346 1043 2373 et
1068 2342 1263 2375 clericorum
1283 2342 1426 2375 eiusdem
1449 2342 1601 2375 Gamerae
1629 2343 1732 2375 studia
1753 2353 1771 2375 a

1014 2395 1154 2438 propriis
1170 2401 1199 2428 et
1213 2395 1432 2439 peculIaribus
1453 2407 1567 2429 eorum
1590 2396 1689 2429 curiis
1709 2396 1770 2429 dis-

1014 2449 1186 2482 trahuntur
1201 2476 1208 2489 ,
1251 2450 1454 2493 aliorumque
1490 2449 1702 2483 tribunalium
1740 2454 1770 2483 et

1014 2498 1195 2531 officiorum
1218 2499 1320 2532 dictae
1341 2500 1468 2540 Curiae,
1491 2511 1528 2533 ac
1545 2499 1642 2532 totius
1658 2499 1769 2532 Eccle-

1013 2548 1130 2581 siastici
1143 2549 1249 2583 Status
1265 2548 1455 2589 iurisdictio,
1474 2560 1548 2582 cum
1567 2559 1683 2592 magno
1702 2547 1769 2581 lisci

1013 2597 1113 2629 nostri
1138 2608 1174 2630 ac
1195 2598 1335 2641 partium
1361 2597 1554 2637 litigantium
1577 2597 1770 2630 detrimento

1013 2650 1044 2677 et
1072 2645 1273 2688 reliquorum
1304 2646 1561 2679 christifidelium
1597 2646 1767 2685 scandalo,

1014 2694 1223 2727 confunditur
1243 2700 1274 2728 et
1293 2695 1480 2739 impeditur.
1503 2695 1692 2736 Idcirco‚ad
1708 2695 1768 2727 tol-

1781 302 1828 329 An.
1847 302 1876 329 C.
1898 302 1964 328 isa-2

1805 749 1898 771 Studium
1907 748 1966 776 Papae

1780 781 1908 802 reformandi
1919 783 1965 803 eiu·

1780 814 1870 833 Curiam.

1816 1604 1883 1626 cau-a
1905 1605 1967 1627 liuta·

1783 1636 1948 1658 retormutienle.
