2237 3100
232 243 284 271 An.
303 244 331 272 c.
350 244 416 271 ¹569
475 233 539 269 770
1026 243 1205 268 nummuli
1229 241 1380 267 ROMANUM

232 307 310 327 ceratis
322 306 415 327 cambra·
430 303 503 331 ante
523 298 622 339 diem,
646 298 823 331 dummodo
843 297 929 330 circa
945 306 1110 337 auroram,
1129 307 1180 329 ce·
1222 296 1423 329 confratrum
1437 297 1476 330 de
1497 297 1547 330 his
1568 308 1652 341 quac
1668 298 1789 332 habere
1806 299 1974 340 deberent,

233 343 255 358 Ἐ
271 340 375 365 „emme
429 352 556 385 lebrare
576 357 717 395 possent.
1221 349 1318 382 ctiam
1340 349 1441 383 libere
1463 351 1649 384 succedere.

474 406 488 448 ἓ
509 405 561 438 18].
585 405 715 438 Necnon
736 404 888 436 omnibus
903 413 975 436 vere
986 403 1180 446 poenitenti-
1266 403 1280 446 ξ
1301 403 1354 436 15.
1378 404 1496 447 Atque,
1521 404 1552 437 in
1575 404 1627 437 die
1637 405 1865 439 Decollationis
1880 406 1976 440 S,10-
2040 413 2175 448 flammatum

271 458 488 491 luant-*untiasbus
509 464 539 491 et
558 457 722 497 confessis,
745 462 797 489 aut
820 457 951 489 firmum
980 457 1179 500 temporibus
1222 456 1314 489 aunis
1344 457 1518 501 Baptistae,
1551 468 1654 490 unum
1683 465 1903 501 carceratum,
1935 460 1974 493 ad
1993 444 2175 503 {Jssfl'.¹,¹5s;i¹‚b⁶‘³‘⁰

1994 243 2045 271 An.
2065 245 2095 272 C.
2107 240 2174 272 ¹369

231 563 306 586 cotuh

253 1154 365 1181 Legatum,
383 1157 413 1176 tn-

225 1188 256 1207 {ra
271 1192 306 1207 sex
317 1188 411 1211 ducatos,

226 1226 248 1237 a<-
270 1223 340 1239 testes
361 1221 413 1240 dani-

226 1253 321 1270 uatoium
345 1251 412 1271 cidem

226 1282 317 1301 indulsit.

288 2178 363 2201 Pardus
380 2180 407 2201 lll

226 2212 356 2232 continuant
388 2215 409 2232 et.

226 2243 332 2268 ampliatit.
343 2244 409 2270 quoad

227 2274 280 2298 legat
290 2282 303 2298 t,

231 499 415 550 {{{‘,¹,‘f,¹.¹.}³¹'¹'³c<}}‚⁶j
429 511 545 543 debitis
566 510 742 543 confitendi
755 510 958 553 propositum
969 510 1178 551 habentibus,

428 564 482 607 qui
505 564 624 596 dictam
646 563 815 596 ecclesiam
838 564 869 596 in
882 564 1044 598 Paschatis
1064 564 1181 597 Resur-

429 617 579 650 rectionis
601 624 628 650 et
650 618 878 651 Decollationis
899 618 929 652 S.
954 618 1081 651 loannis
1102 619 1181 662 Bap-

428 671 519 704 tistae
550 671 777 705 festivitatibus
797 677 825 704 et
848 671 975 712 diebus,
1014 684 1031 705 a
1066 672 1180 716 primis

427 724 567 768 vesperis
598 736 700 768 usque
720 725 759 758 ad
781 736 930 758 occasum
952 726 1028 758 solis
1054 737 1181 758 cariun-

426 778 499 810 dem
512 778 718 811 festivitatum
731 784 759 812 et
771 779 916 819 dierum,
934 779 1069 822 singulis
1088 780 1180 812 amiis

426 831 538 864 devote
573 832 751 874 visitarent,
782 839 812 866 et
842 844 900 877 pro
936 833 1180 866 manutentione

426 885 530 919 dictae
551 887 826 920 confraternitatis
845 898 958 920 manus
976 887 1179 930 porrige—rent

426 939 613 981 adiutrices,
637 940 764 984 quoties
786 940 816 973 id
840 941 986 980 fecerint,
1010 940 1181 983 indulgen—

427 992 503 1024 tiam
540 994 719 1036 plenariam
742 1000 770 1027 et
793 994 941 1027 onmium
972 1000 1179 1038 pcccatorum

425 1057 559 1079 suorum
581 1048 818 1081 remissionem.

470 1100 485 1143 ξ
506 1099 559 1133 13.
584 1100 779 1145 Eisdemque
797 1101 1024 1141 confratribus,
1043 1102 1130 1145 quod
1148 1101 1180 1133 in

427 1164 636 1197 quocumque
663 1156 788 1198 legato,
812 1166 971 1188 summam
1003 1166 1055 1188 sex
1084 1156 1181 1188 duca-

429 1211 534 1239 torum
557 1218 621 1240 non
642 1208 819 1248 excetjlenti,
841 1219 899 1251 per
915 1208 1091 1252 qrwmlibet
1106 1219 1182 1241 con—

428 1260 617 1293 demnatum
645 1262 690 1294 οἰδ
711 1263 808 1295 verbo
829 1263 877 1295 vel
897 1262 931 1294 in
950 1262 1079 1305 scriptis
1108 1262 1182 1295 reli-

427 1319 490 1354 cto,
514 1314 589 1347 licet
609 1321 691 1348 esset
711 1315 743 1347 in
763 1316 1001 1359 pracdudicium
1014 1316 1082 1349 fisci
1100 1322 1127 1349 ct
1148 1316 1180 1348 in

426 1368 495 1400 eius
516 1368 684 1410 damnum,
704 1369 873 1402 satisfactis
894 1369 985 1413 prius
1010 1375 1180 1415 executore

426 1426 457 1453 et
477 1421 647 1464 capitaneo
668 1423 807 1455 carceris
828 1423 867 1455 de
888 1423 1036 1466 expensis
1062 1434 1121 1467 pro
1139 1423 1181 1456 vi-

426 1479 479 1506 ctu
500 1475 707 1508 condemnati
729 1476 833 1516 factis,
856 1476 958 1509 libere
983 1477 1179 1516 succedere;

426 1533 457 1560 et.
477 1528 587 1561 onmia
607 1529 798 1562 indumenta
819 1535 847 1563 et
869 1530 1060 1563 vestimenta
1080 1530 1181 1563 dicto-

425 1591 498 1613 rum
519 1582 825 1624 condemnatorum,
848 1595 923 1617 cum
958 1584 1077 1627 quibus
1113 1595 1181 1618 car—

425 1636 524 1668 cerati
546 1642 600 1669 aut
629 1638 669 1670 ad
691 1638 841 1671 ultimum
877 1638 1075 1682 supplicium
1105 1650 1181 1672 eon-

426 1689 514 1722 ducti
544 1690 671 1730 forent,
703 1702 719 1723 a
750 1703 1050 1735 quorumeumque,
1083 1693 1179 1725 etiam

426 1742 480 1775 illa
509 1744 701 1778 auctoritate
721 1745 838 1778 iudicis
859 1746 1088 1786 detinentium,
1113 1758 1180 1779 rna-

425 1796 532 1837 nibus,
555 1798 690 1841 propria
710 1799 903 1832 auctoritate
924 1805 955 1832 et
976 1800 1098 1843 absque
1124 1800 1181 1832 ali-

425 1850 518 1883 cuius
538 1861 695 1894 personae
713 1852 856 1892 licentia,
880 1853 1028 1897 accipere
1055 1859 1110 1886 aut.
1130 1865 1181 1887 ac-

425 1903 489 1947 cipi
511 1904 629 1946 facere,
651 1911 682 1938 et
702 1905 804 1939 libere
827 1907 981 1949 retinere,
995 1907 1181 1951 etinopera

425 1956 478 2000 pia
489 1962 543 1989 aut
563 1957 626 1990 alia
638 1958 889 1992 substentationi
904 1966 932 1992 et
945 1960 1062 1994 honori
1075 1961 1180 1994 dictae

425 2010 699 2045 confraternitatis
737 2019 924 2047 convertere
968 2015 1108 2047 valerent
1139 2020 1182 2051 ‚et

425 2070 568 2107 possent,
591 2065 741 2098 similiter
761 2067 930 2100 concessit..

470 2119 484 2161 ς’
506 2118 560 2152 14.
583 2119 740 2163 Quodque
757 2121 863 2154 clarae
875 2122 1052 2155 memoriae
1063 2122 1180 2155 Paulus

426 2170 511 2214 Papa
530 2172 581 2213 lll,
604 2174 726 2216 pariter
746 2174 1107 2217 praedecessornoster,
1125 2176 1181 2208 do-

427 2225 586 2268 nationes,
608 2227 844 2269 concessiones,
867 2228 1103 2272 ampliationes,
1130 2240 1181 2262 or-

427 2278 621 2321 dinationes,
649 2281 768 2324 gratias
789 2287 820 2314 ct
841 2281 1060 2325 indulgentias
1089 2293 1182 2326 prae-

427 2332 633 2366 decessorum
663 2334 888 2368 confirmando
909 2341 940 2368 ct
969 2336 1181 2379 {qiprobaudo

428 2391 458 2417 ct
497 2388 682 2421 renovando
696 2416 703 2430 ,
745 2389 963 2422 confratribus
1006 2389 1181 2432 praedictis

428 2435 527 2476 quod,
551 2436 647 2470 etiam
664 2449 737 2470 cum
758 2438 959 2482 praeiudicio
981 2439 1061 2479 fisci,
1085 2439 1117 2470 in
1139 2440 1182 2472 le-

427 2483 508 2525 gatis
537 2485 611 2526 sibi,
633 2492 668 2519 ut
695 2498 805 2531 supra,
829 2498 932 2531 usque
953 2488 993 2520 ad
1021 2499 1180 2520 summam

1222 516 1360 544 mortem
1382 522 1442 555 pro
1460 522 1669 556 quocumque
1682 523 1812 546 excessu
1823 514 1976 547 condem-

1222 569 1346 604 natum,
1370 565 1409 597 ad
1431 576 1543 598 eorum
1562 566 1754 599 electionem
1770 566 1905 610 singulis
1921 577 1977 600 an-

1223 617 1272 650 nis
1292 618 1445 660 liberare,
1469 620 1686 663 omnibusque
1703 619 1890 663 privilegiis,
1905 620 1976 664 qui—

1222 671 1282 703 bus
1303 672 1383 704 aliae
1405 673 1685 707 confraternitates
1706 674 1738 706 in
1750 673 1802 707 die
1813 674 1844 707 S.
1859 673 1976 707 Mariae

1222 724 1260 757 de
1283 736 1391 759 mense
1412 727 1538 769 augusti
1551 728 1705 769 gaudent,
1724 732 1882 771 perpetuo
1899 738 1976 772 gau-

1223 779 1299 811 dere
1317 785 1459 822 possent,
1482 780 1703 827 pariformiter
1723 781 1892 814 concessit.

1266 834 1280 874 ,ξ
1302 832 1355 866 tss.
1387 833 1472 873 Quae
1494 834 1603 867 onmia
1623 845 1682 878 per
1702 834 1846 867 eiusdem
1868 835 1974 867 clarae

1223 886 1399 920 memoriae
1419 887 1536 920 Iulium
1559 888 1703 928 tertium,
1726 888 1823 921 etiam
1840 888 1975 932 praede-

1223 950 1382 973 cessorem
1404 946 1564 981 nostrum,
1587 942 1778 975 confirmata
1798 947 1829 974 et,
1840 942 1976 985 probata

1223 994 1364 1027 suerunt.
1402 994 1461 1034 Qui
1492 995 1589 1028 etiam
1618 995 1718 1028 voluit
1748 995 1837 1039 quod
1872 995 1976 1028 dictus

1222 1054 1406 1081 carceratus
1426 1048 1616 1082 liberandus
1632 1055 1668 1083 ut
1690 1049 1885 1093 praefertur,
1903 1049 1976 1082 abs-

1223 1112 1285 1144 que
1306 1102 1470 1145 aliquibus
1500 1102 1657 1146 expensis,
1688 1108 1753 1135 tam
1782 1103 1848 1136 suis
1877 1113 1975 1146 quam

1222 1155 1327 1189 dictae
1348 1156 1623 1189 confraternitatis
1642 1156 1706 1189 sive
1717 1156 1892 1197 societatis,
1909 1162 1975 1190 tam

1223 1209 1347 1242 ratione
1377 1216 1529 1253 capturae
1551 1221 1648 1254 quam
1676 1210 1917 1252 carcerationis,
1936 1210 1976 1243 li-

1223 1264 1329 1296 berari
1351 1264 1494 1297 deberet.

1267 1318 1281 1360 ξ
1302 1317 1355 1350 17.
1379 1318 1414 1350 Et
1436 1317 1573 1362 quilibet
1593 1318 1828 1352 condemnatus
1840 1318 1880 1351 ad
1891 1328 1978 1351 mor·-

1224 1376 1299 1411 tem,
1324 1382 1381 1414 per
1401 1371 1483 1404 viam
1502 1371 1697 1405 testamenti-
1710 1372 1775 1405 sive
1791 1371 1977 1405 donationis

1223 1430 1277 1456 aut
1311 1424 1374 1457 alio
1408 1436 1616 1469 quocumque
1652 1426 1761 1467 modo,
1798 1436 1902 1469 usque
1936 1425 1977 1458 ad

1222 1489 1381 1511 summam
1404 1479 1513 1522 viginti
1535 1479 1681 1523 quinque
1698 1480 1904 1521 ducatorum,
1933 1478 1977 1513 ei-

1223 1532 1295 1564 dem
1317 1532 1575 1566 confraternitati
1596 1533 1699 1566 libere
1720 1532 1907 1577 relinquere
1924 1543 1978 1566 va·-

1222 1586 1313 1618 leret.

1267 1640 1281 1681 ξ
1302 1639 1355 1673 18.
1379 1640 1538 1683 Quodque
1568 1640 1747 1674 confratres
1768 1639 1874 1674 dictae
1900 1649 1977 1674 eon-

1223 1693 1433 1726 fraternitatis
1457 1694 1567 1726 onmia
1596 1694 1779 1738 privilegia,
1800 1694 1920 1738 gratias
1945 1699 1977 1727 et

1223 1746 1441 1790 indulgentias
1461 1747 1521 1780 sibi
1542 1758 1695 1781 concessa
1715 1753 1743 1781 et
1756 1748 1974 1788 concedenda,

1223 1800 1374 1833 omnibus
1421 1801 1637 1834 confratribus
1685 1806 1715 1834 et
1767 1800 1976 1835 societatibus

1223 1854 1350 1895 mundi,
1374 1854 1489 1888 erectis
1510 1860 1565 1887 aut
1590 1854 1765 1898 erigendis,
1789 1866 1871 1898 quae
1902 1865 1978 1888 con-

1223 1908 1451 1941 demnatorum
1471 1907 1587 1941 ultimo
1608 1908 1769 1952 supplicio
1800 1907 1896 1942 morti
1926 1908 1977 1941 in»

1224 1961 1418 2001 terveniunt,
1441 1967 1472 1994 et
1500 1961 1533 1994 in
1554 1961 1715 1995 similibus
1735 1961 1890 2005 operibus
1915 1961 1977 1994 mi-

1223 2015 1420 2048 serirordiae
1441 2015 1673 2055 exercitantur,
1696 2026 1732 2048 ac
1752 2015 1778 2048 si
1794 2015 1978 2059 parimodo

1223 2068 1402 2111 privilegia,
1424 2068 1546 2111 gratiae
1577 2074 1607 2101 et
1632 2068 1855 2113 indulgentiae
1884 2079 1978 2112 prae-

1223 2121 1328 2155 dictae
1349 2122 1471 2155 eisdem
1492 2122 1636 2165 propriis
1656 2122 1976 2155 confraternitatibus

1224 2174 1422 2218 illort.tuique
1435 2175 1653 2208 confratribus
1665 2185 1818 2208 concessa
1827 2175 1975 2216 fuissent,

1224 2228 1467 2261 communicare
1498 2234 1526 2261 et
1549 2229 1729 2262 concedere
1758 2234 1902 2273 possent.
1923 2229 1977 2262 At-

1223 2293 1285 2326 que
1302 2283 1389 2326 quod
1411 2283 1450 2315 ad
1467 2283 1691 2326 processiones
1721 2283 1768 2316 ire
1796 2294 1853 2316 seu
1887 2293 1978 2316 acce-

1224 2336 1312 2375 dere,
1335 2335 1395 2369 nisi
1418 2336 1457 2369 ad
1479 2347 1592 2369 eorum
1614 2336 1893 2379 commoditatem,
1912 2346 1977 2385 non

1225 2394 1424 2429 tenerentur,
1455 2400 1513 2423 nec
1534 2390 1573 2423 ad
1596 2389 1627 2422 id
1649 2389 1800 2434 compelli
1833 2394 1975 2433 possent,

1224 2438 1374 2471 omnibus
1404 2438 1436 2470 in
1466 2439 1666 2472 contrarium
1696 2438 1888 2472 facientibus
1921 2438 1977 2471 de-

1224 2488 1380 2530 rogando.

2018 847 2082 869 lulius
2098 847 2126 868 ΙΙΙ
2142 854 2177 874 ap-

1991 879 2095 907 probarim

2006 1328 2083 1356 Legata
2098 1330 2176 1351 eunde-

1992 1364 2110 1382 nutritorum
2138 1367 2175 1382 us-

1992 1398 2032 1419 que
2047 1393 2072 1414 ad
2086 1393 2173 1414 ducatos

1992 1429 2031 1445 uv
2062 1424 2175 1451 ampliavit.

2047 1646 2176 1668 Facultatem

1992 1678 2050 1699 dedit
2063 1683 2177 1705 aggregan-

1993 1711 2012 1731 di
2027 1710 2079 1730 alins
2094 1709 2176 1731 contru-

1992 1742 2112 1763 tei-uitales.

1268 2537 1282 2577 ξ,
1304 2536 1356 2569 lt).
1380 2537 1417 2569 Et
1442 2536 1558 2570 ultimo
1579 2537 1691 2570 beatae
1712 2535 1889 2569 memoriae
1902 2535 1977 2568 Pius
2016 2548 2066 2570 rius
2081 2548 2107 2570 iv
2124 2555 2174 2570 eon-

1224 2578 1308 2628 Papa
1329 2591 1474 2628 quartus,
1488 2586 1719 2629 praedecessor
1734 2590 1856 2626 noster,
1874 2584 1977 2617 dona·
1991 2580 2086 2601 ¹³¹‘¹¹¹³'³‘·

1224 2634 1339 2675 tiones,
1367 2630 1604 2676 concessiones,
1625 2634 1876 2679 ,ampliationes
1905 2643 1977 2677 gra-

429 2532 540 2565 decem
578 2535 769 2569 ducatorum
802 2547 860 2580 pro
890 2536 1037 2579 quolibet
1077 2537 1181 2579 legato

430 2581 560 2623 relictis,
585 2590 754 2618 executore
784 2591 815 2618 et
835 2586 1003 2630 capitaneo
1029 2586 1179 2625 carceris,

430 2635 465 2662 ut
484 2642 595 2675 supra,
620 2633 788 2668 satisfactis
800 2646 859 2678 per
880 2645 994 2669 manus
1020 2635 1181 2669 dictorum
