2237 3100
101 244 150 270 An.
169 242 198 269 C.
218 241 282 270 ¹56&

121 2073 242 2096 Annultatio
261 2078 286 2094 e—

975 238 1042 262 Plt's
1066 238 1096 261 lv
1117 237 1163 260 PP.

300 292 519 327 aestimatione
531 293 725 334 excedentia,
734 304 860 337 necnon
872 293 1044 336 prioratus,

299 347 537 392 praeposituras
557 359 593 381 ac
614 347 691 381 alias
711 345 879 390 dignitates
907 358 1045 380 conven-

296 401 399 434 tuales
414 406 445 434 et
456 401 694 445 praeceptorias
709 402 875 444 generales
890 401 1045 434 Ordinmu

297 466 580 499 quorumcumque
623 455 823 499 dispositioni
852 466 928 488 suae
953 466 1046 498 gene-

296 509 407 542 raliter
426 509 643 550 reservaverit,
666 520 703 542 ac
724 515 895 553 propterea
915 509 1045 542 illorum

297 563 496 606 provisiones
510 590 517 603 ,
540 569 570 596 et
589 564 627 596 ad
649 575 702 601 ea,
725 574 807 607 quae
828 563 958 607 speciali
980 563 1046 607 pri-

296 616 410 659 vilegio
431 617 580 659 eligendi,
596 617 654 649 sibi
675 628 733 660 per
752 617 865 650 Sedem
888 616 1046 660 Apostoli-

299 681 368 703 eam
389 681 553 711 concesso,
577 671 707 703 suss'ulta
725 676 809 711 sunt,
832 672 984 704 canonice
1005 671 1047 703 sa-

298 729 423 757 etarum
437 725 629 758 electionum
643 725 915 764 confirmationes,
925 724 962 756 ad
972 724 1048 757 San-
1068 755 1069 760 ,

298 777 439 811 etitatem
453 778 550 811 Suam
572 783 600 811 et
622 778 740 811 dictam
757 778 870 811 Sedem
887 778 1047 821 pertinere

298 837 485 873 noseantur;
499 832 710 865 nibiltjuninus
736 832 879 875 plerique
892 831 1045 874 religiosi,

298 896 395 918 caeca
414 885 510 918 nimis
530 886 704 919 ambitione
725 885 844 928 agitati,
860 885 1050 928 partimele-

298 939 419 972 ctiones
452 939 491 972 de
518 940 584 973 suis
612 940 757 983 personis
781 939 820 971 ad
846 939 1048 978 monasteria,

296 992 460 1037 prioratus
481 998 511 1026 et
531 993 608 1026 alias
634 993 802 1036 dignitates
822 993 1050 1025 conventuales

297 1046 559 1085 huiusmodi‚vel
573 1046 773 1091 privilegium
795 1046 933 1089 eligendi
955 1056 1048 1090 prae-

298 1099 419 1132 dictum
445 1100 583 1133 habeant
618 1101 667 1133 vel
696 1100 751 1133 illo
781 1105 931 1139 careant,
958 1100 1048 1132 nullo

298 1153 379 1186 iuris
403 1153 515 1187 ordine
550 1159 688 1193 servato,
722 1153 877 1197 nullaque
904 1153 981 1186 boni
1002 1154 1050 1185 vel

298 1207 392 1250 aequi
413 1207 536 1240 ratione
556 1208 675 1248 habita,
694 1213 815 1240 temere
831 1206 912 1246 fieri,
937 1208 1050 1239 saetas-

297 1271 370 1304 que,
382 1261 606 1305 perOrdinum
624 1261 808 1305 superiores
828 1266 883 1293 aut
902 1261 1049 1293 locorum

298 1314 478 1348 ordinarios
509 1315 547 1348 de
582 1316 663 1348 sacto
698 1314 902 1354 confirmari,
934 1314 1049 1357 partim

296 1378 382 1406 vero,
403 1369 522 1401 nedum
545 1369 734 1412 priusquam
760 1367 934 1402 electiones
955 1368 992 1399 de
1019 1379 1050 1400 se

297 1421 337 1454 ad
367 1422 560 1454 monasteria
589 1427 620 1455 ct
648 1423 726 1455 alias
755 1422 984 1455 conventuales
1003 1421 1050 1453 di-

297 1474 431 1519 gnitates
447 1476 583 1519 eligendi
600 1475 764 1520 privilegio
781 1476 923 1515 suffulta,
938 1476 1049 1512 sactae,

299 1528 358 1562 rite
388 1529 641 1570 confirmentur,
665 1530 719 1563 sed
745 1540 784 1562 ne
805 1529 898 1562 electi
919 1529 1051 1572 quidem

299 1582 466 1623 canonice,
497 1594 529 1616 se
553 1583 584 1616 in
612 1583 767 1627 regimine
797 1589 825 1616 et
847 1583 1051 1616 administra-

300 1637 397 1677 tione,
419 1643 483 1670 tam
515 1638 547 1669 in
568 1637 788 1680 si‘iiritualilms
808 1648 905 1681 quam
927 1642 1051 1680 tempo-

299 1690 439 1731 ralibus,
463 1691 731 1724 monasteriorum
766 1690 968 1733 aliarumque
1004 1689 1052 1722 tli-

299 1744 457 1788 gnitatum
468 1745 650 1778 vacantium
662 1745 851 1777 eorumdem
864 1755 898 1777 ac
921 1744 1051 1776 illorum

298 1799 462 1832 bonorum
497 1798 678 1831 immiscere
714 1810 777 1831 non
816 1803 982 1835 verentur,
1021 1797 1051 1829 in

299 1853 482 1886 animarum
504 1863 635 1885 suarum
662 1852 857 1895 periculum,
881 1851 1053 1884 auctorita-

299 1906 339 1939 tis
372 1906 566 1950 apostolieae
597 1912 818 1950 contemptum
844 1911 872 1938 et
894 1905 1052 1949 plurimo-

300 1971 373 1993 rum
396 1960 594 1993 scandalum.

344 2015 359 2057 ἓ
379 2013 411 2046 1.
434 2013 549 2046 Volens
568 2013 673 2054 tantis,
692 2014 748 2056 qui
772 2013 926 2057 paulatim
948 2012 979 2044 in
1002 2022 1052 2044 re-

300 2067 431 2110 ligiosos
449 2066 648 2110 irrepserunt
674 2067 828 2100 alsnisibtis
862 2072 892 2099 et
921 2065 1053 2099 ausibus

100 2106 216 2128 lectionum
222 2105 286 2126 tacta-
325 2121 330 2126 .

101 2144 146 2158 rum
158 2137 236 2164 absque
247 2136 287 2157 Se—

102 2169 133 2189 rlis
148 2168 285 2195 Apostolicaa

101 2200 224 2227 provisione
252 2198 286 2220 vel

102 2232 270 2254 confirmatione.

300 2121 396 2154 nimis
416 2120 590 2153 licentiosis
611 2120 795 2163 aliquando,
819 2121 901 2153 sieut
922 2132 979 2164 par
995 2125 1050 2159 est,

301 2185 486 2214 occurrere,
510 2185 666 2217 suamque
685 2174 757 2207 Sedi
778 2176 938 2218 praefatae
958 2184 1052 2218 prae-

301 2228 474 2273 rogativam
517 2239 670 2268 asserere,
703 2239 815 2261 omnes
849 2234 877 2261 et
912 2228 1054 2271 singulas

301 2283 474 2318 electiones
506 2282 691 2326 quarnmvis
714 2293 927 2326 personarum
949 2282 987 2314 ad
1008 2293 1054 2314 re-

301 2338 420 2382 gimina
441 2337 722 2376 monasteriorum,
743 2336 960 2380 prioratuum,
973 2348 1053 2380 prax-

301 2392 520 2436 positurarum
552 2398 579 2424 et
607 2390 742 2423 aliarum
764 2391 955 2433 dignitatum
977 2401 1053 2423 eon-

301 2442 499 2475 ventualium
524 2441 732 2485 ipsartu‘ntsslue
758 2440 954 2473 electionum
975 2451 1051 2472 cen-

302 2491 525 2530 firmationes,
561 2502 620 2535 per
643 2500 886 2533 quoscumque,
917 2489 1054 2522 cuiusvis

304 2545 415 2580 status,
433 2540 562 2583 gradus,
577 2539 697 2572 ordinis
727 2545 757 2571 et
777 2538 970 2571 conditionis
991 2539 1054 2572 exi-

303 2594 398 2630 stant,
419 2595 449 2622 et
468 2589 586 2633 quavis,
598 2587 981 2631 ctiamarchiepiscopali,
1000 2600 1054 2631 pa-

1734 223 1798 259 5309

1094 292 1249 323 hactenus
1269 288 1313 321 sic
1333 293 1566 332 praesumptas,
1584 287 1688 320 nullas
1709 293 1736 320 et
1760 287 1844 320 inva-

1090 344 1184 383 lidas,
1206 354 1241 376 ac
1271 353 1330 387 pro
1358 341 1467 382 nullis,
1492 341 1636 374 invalidis
1661 347 1691 374 et
1711 352 1844 386 prorsus

1090 397 1225 435 inseetis,
1248 396 1411 429 habendas
1432 407 1512 434 esser,
1543 406 1761 440 personasque
1783 396 1839 435 sic,

1090 456 1121 483 ut
1144 451 1336 495 praefertur,
1356 451 1473 483 electas
1493 455 1521 483 et
1538 450 1756 489 confirmatas,
1775 460 1841 481 mo-

1089 506 1227 538 nasteria
1266 505 1407 549 aliasque
1447 504 1616 548 dignitates
1653 503 1841 536 huiusmodi

1089 559 1155 592 sine
1172 559 1314 602 legitimo
1327 559 1418 593 titulo
1436 559 1611 603 possedisse
1624 563 1651 591 et
1665 558 1841 602 possidere,

1090 624 1216 645 necnon
1236 613 1365 645 illorum
1388 614 1511 645 fructus
1524 640 1531 650 ,
1555 611 1697 645 redditus
1718 617 1747 644 et
1767 622 1842 655 pro-

1089 672 1200 700 ventus
1225 667 1364 700 indebite
1386 667 1566 711 percepisse
1601 672 1630 700 et
1660 665 1841 710 percipere;

1089 732 1125 752 ae
1147 731 1298 763 personas
1324 721 1408 764 ipsas
1428 721 1467 753 ad
1486 720 1722 753 absolutionem
1738 724 1768 752 et
1787 719 1843 751 ha-

1090 774 1300 807 bilitationem
1324 786 1421 818 super
1440 775 1499 815 liis,
1522 785 1649 808 necnon
1676 773 1844 806 confirma-

1069 827 1071 862 ζ
1090 828 1209 860 tionem
1231 828 1422 861 electionum
1446 829 1484 861 de
1505 839 1536 861 se
1558 829 1713 861 saetarum
1734 827 1843 860 aSan-

1091 881 1196 914 ctitate
1231 882 1294 914 Sua
1328 893 1384 915 seu
1418 882 1562 915 Romano
1594 881 1749 915 Pontifice
1785 891 1844 924 pro

1091 941 1235 979 tempore
1257 935 1409 969 existente
1429 941 1484 968 aut
1504 936 1584 969 Sede
1606 936 1780 979 praedicta,
1798 935 1845 967 in-

1091 988 1137 1021 fra
1163 1000 1214 1022 sex
1241 1000 1367 1022 menses
1389 1001 1405 1022 a
1426 989 1498 1022 data
1520 989 1737 1033 praesentium
1759 999 1846 1021 com-

1092 1043 1262 1086 putandos,
1286 1042 1537 1087 impetrandum,
1560 1054 1596 1076 ac
1625 1043 1734 1075 literas
1768 1053 1845 1086 apo-

1092 1097 1218 1129 stolicas
1253 1107 1350 1140 super
1383 1097 1568 1129 huiusmodi
1598 1096 1845 1129 confirmatione

1093 1150 1123 1183 in
1145 1155 1246 1183 totum
1268 1150 1492 1193 expediendas,
1515 1151 1646 1183 omnino
1668 1150 1768 1183 teneri
1789 1149 1845 1182 de-

1093 1204 1233 1236 claravit.

1137 1260 1150 1301 g'
1171 1258 1202 1290 z).
1225 1258 1258 1290 Et
1281 1257 1494 1290 nihilominus
1515 1258 1574 1290 liae
1605 1268 1662 1290 sua
1687 1262 1844 1301 perpetuo

1092 1312 1225 1344 valitura
1246 1311 1472 1344 constitutione
1494 1311 1600 1344 statuit
1631 1316 1660 1344 et
1690 1310 1847 1344 ordinavit

1092 1366 1178 1408 quod
1199 1366 1308 1398 nullus
1338 1365 1375 1398 de
1405 1370 1511 1398 cetero
1533 1377 1565 1398 se
1587 1365 1617 1397 in
1639 1365 1795 1408 regimine
1816 1371 1845 1397 et

1093 1419 1368 1452 :ululinistratione
1407 1419 1591 1452 monasterii
1630 1419 1677 1451 vel
1715 1418 1847 1451 alterius

1093 1472 1255 1515 dignitatis
1272 1472 1504 1512 conventualis,
1516 1473 1554 1505 ad
1570 1473 1657 1516 quod
1677 1483 1733 1505 seu
1750 1483 1846 1516 quam

1094 1527 1183 1561 illum
1206 1526 1279 1569 eligi
1301 1527 1481 1570 contigerit,
1505 1526 1537 1558 in
1558 1526 1781 1570 spiritualibus
1799 1526 1846 1558 vel

1095 1581 1341 1624 temporalilms,
1365 1586 1537 1624 antequam
1556 1581 1615 1613 rite
1637 1581 1797 1613 celebrata
1818 1590 1848 1612 e-

1094 1635 1188 1667 lectio
1210 1646 1227 1667 a
1248 1635 1420 1668 Sanctitate
1442 1635 1505 1668 Sua
1526 1639 1580 1666 aut
1601 1635 1745 1667 Romano
1764 1634 1847 1666 Pon-

1095 1689 1179 1721 tisiee
1201 1699 1258 1732 pro
1280 1694 1424 1732 tempore
1441 1688 1593 1722 existente
1611 1694 1641 1722 et
1658 1689 1738 1722 Sede
1754 1698 1845 1732 prae-

1094 1743 1176 1776 dicta
1211 1743 1411 1783 confirmata,
1446 1748 1475 1775 et
1509 1743 1620 1775 literae.
1654 1742 1848 1786 apostolicae

1094 1797 1234 1840 desuper
1269 1797 1433 1840 expeditae
1464 1796 1580 1829 suerint
1601 1824 1608 1838 ,
1645 1808 1702 1840 per
1735 1807 1767 1829 se
1800 1797 1846 1829 vel

1094 1851 1203 1888 alium,
1225 1850 1257 1882 in
1279 1856 1343 1884 toto
1363 1851 1410 1884 vel
1433 1851 1463 1883 in
1486 1856 1594 1894 parte,
1617 1851 1729 1895 quovis
1749 1861 1847 1893 quae-

1095 1904 1152 1937 sito
1174 1905 1301 1945 colore,
1322 1905 1504 1938 immiscere
1523 1933 1529 1944 ,
1552 1910 1606 1937 aut
1633 1905 1671 1937 ad
1702 1905 1780 1937 illud
1800 1905 1847 1937 vel

1095 1958 1181 1991 illam
1194 1969 1225 1992 se
1238 1959 1338 2003 recipi
1360 1960 1476 2000 facere,
1494 1959 1542 1991 vel
1563 1958 1640 1991 alias
1656 1969 1688 1992 se
1705 1969 1764 2002 pro
1780 1958 1848 1992 eius

1095 2013 1237 2057 praelato
1258 2023 1370 2055 gerere
1392 2017 1613 2057 praesumant.

1139 2068 1152 2109 ξ
1172 2066 1202 2099 3.
1226 2066 1408 2100 Decernens
1428 2078 1541 2100 omnes
1561 2072 1591 2099 et
1611 2066 1753 2109 singulos
1766 2093 1774 2107 ,
1792 2066 1847 2110 qui

1095 2132 1188 2154 secus
1208 2121 1353 2161 fecerint,
1377 2121 1459 2161 iure,
1482 2121 1507 2154 si
1527 2120 1613 2164 quod
1635 2120 1697 2152 illis
1717 2121 1754 2153 ad
1777 2131 1846 2153 mo-

1096 2175 1233 2208 nasteria
1263 2175 1309 2208 vel
1344 2186 1456 2208 eorum
1483 2174 1639 2217 regimina
1664 2180 1695 2207 et
1715 2174 1848 2207 admini-

1095 2229 1264 2262 strationes
1281 2240 1316 2261 ac
1333 2229 1411 2262 alias
1428 2228 1655 2262 conventuales
1680 2228 1849 2271 dignitates

1096 2294 1153 2327 per
1173 2283 1364 2316 electionem
1380 2282 1568 2316 huiusmodi
1585 2283 1765 2326 quaesitum
1782 2283 1848 2316 sue-

1096 2338 1147 2377 rit,
1170 2349 1208 2370 eo
1229 2337 1296 2381 ipso
1318 2338 1467 2381 privatos,
1490 2342 1520 2370 et
1541 2337 1692 2381 deinceps
1711 2337 1754 2370 ibi
1775 2337 1842 2371 ine-

1096 2391 1232 2433 ligibiles
1253 2403 1333 2432 esse,
1356 2392 1488 2435 ipsaque
1505 2392 1699 2425 monasteria
1720 2397 1750 2425 et
1769 2392 1847 2425 alias

1095 2440 1264 2484 dignitates
1279 2442 1318 2474 ab
1330 2441 1442 2475 eadem
1459 2441 1539 2475 Sede
1556 2441 1720 2485 impetrari
1738 2452 1843 2486 posse,

1095 2490 1149 2534 qui
1184 2502 1257 2523 vero
1297 2491 1416 2523 similes
1449 2490 1622 2523 electiones
1655 2490 1848 2523 confirmare

1098 2540 1384 2583 praesumpserint,
1401 2539 1493 2572 etiam
1507 2550 1544 2572 eo
1562 2540 1643 2583 ipso,
1666 2540 1849 2583 superiores

1097 2588 1251 2621 Ordinum
1273 2589 1431 2628 videlieet,
1445 2588 1510 2621 suis
1521 2588 1727 2631 dignitatibus
1748 2588 1848 2632 priva-

302 2638 432 2675 triarch.
448 2644 500 2671 aut
514 2638 639 2673 maiori,
654 2638 875 2681 praefulgeant
889 2637 1053 2680 dignitate,
1074 2630 1079 2687 i
1097 2643 1144 2670 tos
1161 2649 1168 2676 ;
1190 2637 1361 2671 ordinariis
1389 2643 1495 2671 autem
1516 2639 1676 2680 locorum,
1703 2637 1798 2671 etiam
1820 2636 1844 2670 si

1861 232 1910 258 An.
1927 232 1955 259 C.
1974 228 2042 259 ¹56&

1862 1267 1934 1287 Forma
1954 1268 2045 1293 desuper

1861 1300 1881 1319 in
1898 1299 1987 1320 [uturum
2003 1304 2046 1318 scr-

1862 1331 1935 1351 canda.

1877 2071 1962 2092 Poenae
1986 2070 2050 2091 aliter

1865 2104 1988 2127 electorum,
2015 2101 2049 2122 vel

1864 2135 1985 2155 electiones
1996 2139 2049 2154 eon-

1865 2166 1998 2186 ttrmanttunr
