2237 3100
223 256 274 284 An.
291 257 321 284 C.
339 255 405 284 ¹56⁷

273 1055 404 1076 Conanonon

221 1088 346 1113 dignitatum
383 1089 405 1107 et

220 1119 373 1140 beneficiorum
395 1124 406 1138 a

221 1156 261 1177 quo
274 1150 316 1170 sint
327 1149 406 1170 tacien-

222 1182 270 1202 dae.

258 2427 380 2450 Clausulas.

464 246 530 280 552

1016 248 1196 274 BULLARIUM
1220 246 1371 272 ROMANUM

421 318 500 341 num
511 313 541 341 et
556 307 704 340 locorum
724 302 910 338 huiusmodi
926 302 1024 339 bona,
1041 301 1175 337 fruetus,
1217 297 1476 342 quingentesimo
1485 296 1680 339 sexagesimo
1697 295 1846 340 septimo,
1859 295 1973 339 quinto

421 361 492 394 iura
510 365 541 394 et
559 360 701 393 actiones
721 355 891 400 capitulari
912 353 1031 387 mensis
1050 353 1177 396 praedi·
1217 362 1319 385 nonas
1340 350 1459 391 martii,
1481 349 1689 393 pontificatus
1708 349 1810 382 nostri
1831 359 1916 382 anno
1936 359 1969 382 11.

421 410 491 451 ctis,
509 409 552 442 ita
568 415 673 442 tamen
690 411 734 446 ut,
756 404 848 438 dictis
869 402 1033 436 canonicis
1048 402 1175 445 regula-

420 459 511 492 ribus
526 456 686 491 desunctis
696 455 746 488 vel
761 454 834 486 inde
853 451 1027 491 translatis,
1038 456 1075 484 111
1085 461 1178 495 prae-

422 508 541 546 fertur,
569 510 710 548 quatuor
729 502 783 535 alii
806 501 1018 535 canonicatus
1038 505 1069 533 ct
1095 511 1176 543 qua-

422 561 495 589 tuor
522 553 724 598 praebendae
748 551 783 584 in
811 550 896 583 dicta
916 549 1052 583 ecclesia
1080 550 1175 583 Bolo-

421 604 524 637 niensi
536 613 573 636 ex
584 602 685 646 ipsius
701 610 831 633 mensae
851 599 1039 643 capitularis
1056 609 1178 642 ponen-

421 653 506 685 tibus
516 652 527 674 '¹
536 679 543 685 .
557 662 616 696 pro
632 649 774 684 todidem
787 647 952 682 canonicis
962 646 1063 690 ipsius
1073 648 1177 681 eccle-

420 701 484 734 siae
500 700 633 734 omnino
654 699 905 737 constituantur,
927 695 1177 729 determinatus-

420 761 483 794 que
495 760 651 783 numerus
660 748 758 781 unius
769 753 797 781 et
808 746 918 791 viginti
928 745 1177 779 canonicatuum

420 806 451 834 et.
471 799 730 844 praebendarum
751 807 819 831 esse
839 796 966 835 debeat,
984 805 1050 828 uno
1070 801 1178 828 tamen

420 854 452 884 et
471 860 536 883 una
557 848 653 882 certis
673 847 797 886 usibus,
820 845 908 879 iuxta
928 845 1032 878 dictae
1053 844 1179 877 divisio-

421 897 470 931 nis
511 898 670 937 sormam,
699 894 886 938 assignatis,
924 894 956 927 111
981 898 1177 937 perpetuum

421 946 623 991 applicamus
647 950 677 978 et
696 942 957 988 appropriamus.

464 996 480 1039 ἓ
505 995 535 1029 7.
557 994 690 1028 Necnon
721 992 925 1031 collationes,
961 989 1175 1034 provisiones,

421 1043 698 1089 praesentationes
726 1047 757 1075 et
784 1039 988 1074 omnimodas
1014 1038 1092 1071 alias
1112 1038 1178 1071 dis-

422 1093 597 1139 positiones
626 1092 843 1136 prioratuum,
869 1088 1074 1132 dignitatum,
1108 1098 1180 1131 per-

421 1147 606 1181 sonatuum,
627 1139 954 1178 administrationum,
982 1136 1177 1177 officiorum,

422 1190 659 1236 parochialium
670 1194 700 1222 et
716 1188 853 1222 aliarum
866 1187 1090 1224 ecclesiarum,
1101 1197 1178 1219 nec-

422 1251 487 1274 non
507 1239 742 1283 cappellarum,
769 1236 1045 1281 cappellaniarum
1066 1246 1180 1279 perpe-

422 1295 552 1322 tuarum
567 1315 574 1328 ‚
602 1286 811 1331 hospitalium
837 1290 1088 1329 ceterorumque
1109 1295 1179 1317 0111-

422 1338 513 1372 nium
539 1342 570 1370 et
593 1336 798 1379 singulorum
817 1334 1053 1368 beneficiorum
1074 1334 1180 1367 eccle-

423 1386 643 1425 siasticorum,
675 1394 802 1418 necnon
834 1382 1112 1427 praesentationes
1151 1388 1181 1415 et

422 1436 597 1470 electiones
629 1434 669 1467 ad
703 1434 773 1474 illa,
796 1432 1060 1466 confirmationes
1081 1437 1110 1465 et
1130 1431 1180 1465 in-

423 1484 605 1519 stitutiones
624 1483 657 1517 in
678 1482 733 1523 eis,
759 1482 874 1526 iusque
896 1481 1084 1515 universum
1106 1492 1181 1515 con-

422 1533 556 1574 serendi,
578 1537 673 1577 prout
686 1532 718 1565 in
730 1531 894 1576 praedicta
906 1530 1060 1564 divisione
1076 1532 1180 1574 speci-

423 1584 536 1623 ficata,
564 1581 734 1615 distributa
768 1586 799 1613 et
833 1580 995 1613 declarata
1024 1585 1118 1621 sunt,
1151 1586 1181 1614 et

423 1633 519 1667 etiam
539 1632 703 1677 quondam
725 1629 868 1675 episcopi
888 1634 919 1662 et
939 1629 1083 1672 capituli,
1106 1630 1183 1664 alia-

423 1692 563 1726 rumque
588 1690 803 1726 personarum
833 1678 910 1712 olim
936 1678 1091 1712 ecclesiae
1118 1680 1181 1713 Mo-

423 1730 562 1766 rinensis
594 1731 746 1763 suerunt:
787 1732 953 1772 praeterea
987 1728 1041 1761 illa
1057 1755 1064 1769 ‚
1098 1740 1181 1773 quae

425 1780 588 1824 quondam
609 1778 733 1812 abbatis
758 1783 789 1811 et
819 1781 995 1810 conventus
1015 1779 1181 1822 suppressi

424 1828 611 1863 monasterii
652 1827 839 1861 huiusmodi
877 1826 1095 1860 communiter
1133 1828 1182 1861 vel

425 1878 551 1913 divisim
581 1882 692 1918 crant,
725 1876 880 1920 episcopo
909 1880 939 1908 et
969 1876 1111 1920 capitulo
1146 1888 1182 1910 ac

426 1927 584 1962 universis
618 1931 648 1960 et
683 1925 818 1969 singulis
846 1925 994 1969 personis
1026 1925 1181 1959 ecclesiae

426 1976 625 2010 Boloniensis
633 1974 834 2015 huiusmodi,
852 1974 999 2007 videlicet
1011 1985 1093 2018 quae
1105 1975 1181 2008 olim

426 2025 562 2067 abbatis,
574 2025 726 2068 deinceps
740 2023 900 2067 episcopi3
919 2034 1002 2066 quae
1017 2034 1092 2057 vero
1103 2034 1181 2058 eon-

426 2080 540 2109 ventus
560 2073 733 2107 extiterunt
746 2073 773 2111 2,
800 2078 872 2116 post
895 2072 955 2105 hac.
977 2073 1121 2116 capituli.

471 2124 487 2167 5
507 2123 537 2157 8.
560 2123 646 2156 Nulli
667 2133 743 2165 ergo
764 2126 821 2155 etc.
844 2122 928 2155 hanc
949 2121 1098 2165 paginam
1126 2133 1183 2156 no-

428 2179 511 2207 strae
537 2172 793 2216 suppressionis,
813 2171 1030 2209 extinctionis,
1045 2172 1182 2205 erectio-

427 2223 492 2263 nis,
518 2221 746 2261 institutionis,
775 2219 1015 2263 assignationis,
1046 2222 1182 2254 transla-

429 2272 543 2313 tionis,
570 2270 814 2315 applicationis,
847 2269 1120 2313 appropriationis
1154 2274 1196 2304 et‘

429 2320 646 2354 concessionis
665 2320 841 2363 infringere
866 2323 923 2351 etc.

474 2371 588 2403 Datum
608 2370 729 2402 Romae
749 2369 835 2412 aqud
855 2367 1008 2401 Sanctum
1033 2368 1163 2401 Petrum
1176 2396 1183 2409 ,

430 2429 515 2453 anno
539 2418 771 2452 Incarnationis
798 2416 978 2451 dominicae
1011 2417 1183 2451 millesimo

468 2483 479 2508 1
501 2481 550 2508 Ed.
572 2482 641 2509 Lux.
667 2481 727 2517 tegit
746 2482 925 2508 conventualis
943 2482 1118 2512 proventibus
1129 2488 1177 2508 oco

431 2524 590 2555 capitularis
605 2524 765 2556 ponentibus
778 2522 815 2557 (n.
838 2521 887 2557 T.).

466 2571 483 2597 ᾖ
502 2569 600 2597 Eadem
616 2571 671 2597 ed:
689 2573 847 2603 extiterant,
858 2572 967 2603 posthac
978 2571 1093 2602 capituti
1104 2578 1185 2603 prae-

432 2613 566 2637 dictorum
586 2619 636 2637 esse
655 2613 776 2640 debeant,
797 2613 876 2638 ctiam
897 2612 924 2637 in
939 2613 1101 2643 perpetuum
1117 2618 1183 2636 con-

431 2653 544 2679 cedimus
564 2652 592 2686 (a
611 2651 661 2687 T.).

1289 404 1350 435 Dat.
1373 404 1420 434 1110
1443 404 1461 434 3
1480 403 1577 433 martii
1598 403 1684 440 1567,
1699 407 1779 442 pont.
1805 411 1851 432 an.
1874 411 1904 432 11.

1578 552 1610 585 L.

1218 629 1313 663 Form
1319 640 1338 662 11-
1347 628 1539 672 erpediemli
1554 627 1666 661 literas
1681 626 1872 670 apostolicas
1881 636 1976 670 super

1262 684 1380 727 [Jralefe's
1400 682 1660 725 resigmationmn
1680 681 1906 723 beneficiomtm
1926 690 1975 714 ec-

1265 736 1529 770 clcsv'asticorum.

1341 824 1404 854 Pius
1422 825 1494 860 Papa
1508 823 1538 857 V.
1560 824 1640 853 mutu
1657 821 1780 860 proprio,
1800 823 1856 851 etc.

1264 914 1355 958 Cogit
1378 924 1438 947 nos
1461 913 1635 947 necessitas
1659 916 1695 946 ut
1722 922 1837 945 novam
1860 911 1978 946 suturis

1220 968 1343 1012 aliquot
1378 967 1476 1001 huius
1511 966 1626 1000 Curiae
1664 965 1807 1010 negociis
1839 967 1977 1000 sormam

1221 1022 1389 1066 imponere
1405 1031 1569 1054 curemus.
1592 1019 1661 1060 Quo
1674 1020 1759 1054 circa
1770 1019 1894 1053 dilectis
1902 1019 1979 1054 filiis

1221 1075 1251 1110 S.
1275 1076 1311 1108 R.
1336 1076 1370 1108 E.
1399 1073 1677 1114 vicecancellario,
1709 1073 1878 1107 literarum
1898 1084 1978 1118 apo-

1221 1129 1409 1163 stolicarum
1426 1127 1713 1168 abbreviatoribus,
1741 1132 1772 1161 et
1790 1128 1823 1161 in
1847 1127 1978 1161 illarum

1221 1183 1423 1228 expeditione
1445 1183 1529 1216 dicto
1545 1181 1810 1215 vicecancellario
1831 1180 1979 1216 assisten-

1223 1237 1319 1276 tibus,
1343 1236 1533 1269 summatori
1563 1234 1745 1278 ceterisque
1775 1234 1928 1269 omnibus
1947 1235 1978 1268 id

1222 1290 1434 1334 expeditionis
1468 1300 1588 1323 munus
1618 1290 1651 1323 in
1671 1289 1767 1323 Curia
1787 1293 1818 1322 et
1845 1288 1979 1322 Camera

1222 1345 1405 1388 Apostolica
1427 1349 1455 1377 et
1477 1343 1677 1387 ubicumque
1697 1342 1904 1386 gerentibuS‚
1930 1347 1979 1376 te-

1222 1407 1301 1431 nore
1322 1397 1554 1440 praesentium,
1576 1395 1768 1430 auctoritate
1787 1395 1976 1440 apostolica,

1223 1452 1428 1485 mandamus.

1266 1506 1280 1549 ξ
1300 1505 1331 1538 1.
1355 1505 1394 1538 Ut
1407 1504 1571 1549 deinceps,
1590 1514 1689 1549 super
1704 1503 1855 1538 omnibus
1869 1503 1980 1548 gratiis

1223 1563 1253 1592 01
1273 1558 1536 1592 concessionibus
1558 1557 1744 1602 apostolicis
1761 1558 1799 1591 de
1815 1557 1981 1602 quibusvis

1222 1611 1400 1654 beneficiis,
1423 1623 1498 1645 011111
1519 1622 1597 1645 cura
1617 1616 1648 1645 et
1672 1611 1739 1645 sine
1760 1622 1848 1652 cura,
1869 1621 1982 1645 saecu-

1222 1666 1344 1700 laribus
1356 1671 1386 1699 et
1396 1665 1584 1710 quorumvis
1595 1665 1751 1700 Ordinum
1763 1665 1979 1709 regularibus,

1223 1720 1318 1754 ctiam
1345 1720 1432 1764 apud
1459 1719 1574 1754 Sedem
1603 1719 1822 1763 Apostolicam
1841 1719 1980 1753 vacanti·

1222 1774 1298 1814 bus,
1335 1773 1536 1818 dispositioni
1564 1773 1761 1818 apostolicae
1792 1773 1978 1814 reservatis,

1224 1827 1255 1860 in
1283 1826 1402 1870 quibus
1426 1826 1534 1859 addita
1564 1826 1660 1860 fuerit
1699 1826 1845 1860 clausula
1881 1825 1911 1860 εἰ
1944 1827 1982 1860 in

1223 1882 1330 1923 forma
1356 1881 1504 1925 clz'ynum,
1531 1880 1640 1914 literas
1669 1879 1862 1924 apostolicas
1887 1891 1983 1926 expe·

1224 1934 1310 1968 (liant
1332 1935 1365 1968 111
1393 1935 1504 1968 eadem
1534 1934 1655 1974 forma,
1686 1944 1750 1978 qua
1774 1939 1830 1967 aut
1857 1934 1897 1967 ad
1917 1933 1983 1979 epi—

1224 1998 1359 2033 scopum
1376 1988 1605 2022 dioecesanum
1623 1993 1675 2020 aut
1701 1987 1741 2020 ad
1757 1987 1915 2021 vicarium
1929 1999 1982 2032 ge-

1225 2042 1367 2075 neralem
1402 2047 1457 2074 aut
1485 2041 1523 2074 ad
1552 2041 1706 2074 officiales
1739 2040 1883 2074 eiusdem
1912 2041 1982 2086 epi-

1225 2095 1314 2139 scopi
1331 2094 1531 2134 disiunctivffi
1545 2094 1585 2127 ad
1596 2094 1787 2127 electionem
1802 2094 1982 2138 impetran-

1225 2144 1276 2184 tis,
1299 2144 1495 2187 diriguntur,
1510 2154 1585 2176 cum
1595 2143 1842 2177 limitationibus
1851 2149 1882 2177 et
1897 2144 1983 2178 clau-

1225 2193 1303 2227 sulis
1327 2192 1555 2237 infrascriptis,
1577 2192 1734 2233 videlicet,
1754 2193 1793 2226 de
1805 2192 1981 2237 'parochia-

1225 2242 1309 2276 libus
1334 2242 1494 2283 ccclesiis,
1519 2242 1569 2275 vel
1601 2252 1713 2274 earum
1740 2241 1983 2286 parochialibus

1225 2292 1369 2326 ecclesiis
1388 2293 1565 2332 dumtaxat,
1596 2296 1627 2325 et
1647 2301 1705 2335 per
1730 2290 1980 2334 resignationem

1225 2342 1423 2382 vacantibus,
1445 2341 1478 2374 in
1498 2340 1591 2374 dictis
1610 2340 1728 2381 literis,
1756 2344 1829 2383 post
1846 2339 1981 2373 verbum

1225 2392 1437 2431 mcmdcmzus,
1480 2395 1516 2423 111
1548 2389 1574 2423 si
1602 2389 1661 2422 tibi
1696 2389 1874 2422 constiterit
1893 2389 1981 2432 quod

1225 2441 1329 2475 dictus
1357 2441 1393 2474 N.
1423 2440 1589 2483 resignans
1620 2439 1652 2471 in
1683 2438 1782 2472 sacris
1813 2437 1982 2471 ordinibus

1226 2491 1418 2525 constitutus
1437 2490 1559 2527 existat,
1587 2488 1717 2522 aliunde
1742 2487 1913 2521 commode
1937 2487 1982 2520 vi-

1225 2552 1300 2575 vere
1324 2540 1436 2584 possit,
1463 2550 1500 2573 ac
1527 2549 1586 2583 per
1605 2538 1791 2581 diligentem
1815 2536 1979 2569 examina-

1226 2591 1359 2630 tionem,
1387 2600 1444 2633 per
1463 2594 1506 2629 te,
1533 2587 1684 2621 adhibitis
1709 2585 1981 2619 examinatoribus

1226 2640 1265 2673 ad
1291 2640 1354 2673 1100
1381 2650 1399 2672 a
1426 2637 1564 2672 concilio
1584 2635 1771 2671 Tridentino
1794 2634 1978 2679 designatis,

1987 247 2038 275 An.
2055 247 2086 275 C.
2105 243 2173 275 ¹56⁷

2018 921 2140 944 Exordium.

2021 1519 2095 1542 Forma
2109 1521 2179 1548 provi-

1995 1552 2062 1574 sionis
2077 1552 2165 1579 primae.
