2237 3100
84 280 134 307 An.
151 279 181 307 C.
202 278 268 307 1566

120 1188 214 1209 Simoni-2
228 1194 262 1209 sa-

79 1220 215 1240 cramentalis
231 1225 265 1240 se-

78 1251 191 1272 verissime
229 1257 266 1277 pu-

78 1282 148 1302 utatur
157 1282 214 1302 iuna
224 1285 264 1302 sta-

79 1316 123 1333 tuta
134 1313 212 1333 concil.
221 1312 265 1334 Tri-

78 1344 166 1364 denunt.

110 1538 262 1565 Btaspheman-

77 1569 127 1590 tium
144 1575 235 1596 poenae.

962 269 1031 294 PIUS
1054 268 1074 294 V
1097 269 1146 293 1³1².

1723 253 1787 288 437

281 334 335 362 tus
354 327 459 368 fuerit,
481 327 544 360 illis
564 325 712 360 similiter
731 324 768 358 sit
787 324 856 369 ipso
877 324 947 357 iure
968 324 1033 367 pri·
1077 322 1108 355 in
1142 322 1205 355 hoc.
1234 319 1454 364 blasphemiae
1488 318 1611 353 crimen
1640 318 1829 359 incurrerit,

282 387 384 422 vatus,
407 386 437 414 et.
449 381 488 413 ad
502 382 668 413 fructuum
689 379 849 417 omnium,
867 388 948 421 quos
964 388 1035 420 per-

283 433 417 478 ceperit,
438 433 673 466 restitutionem
690 436 850 471 teneatur,
872 436 900 463 et
919 441 1034 473 perpe-

283 494 337 521 tuo
367 487 407 520 sit
440 487 592 519 inhabilis
625 486 663 518 ad
693 496 730 518 ca
750 490 780 517 et
808 494 1034 528 quaecumque

281 541 344 574 alia
364 540 522 573 beneficia
551 538 767 572 ecclesiastiea
793 537 979 570 obtinenda.
1003 536 1034 569 Si

281 593 354 638 quis
374 598 482 626 autem
504 593 565 625 tale
591 592 714 625 crimen
739 589 863 634 pluries
897 589 1034 622 commi-

281 647 359 679 sisse
393 646 559 678 convictus
588 644 695 685 fuerit,
718 648 846 688 praeter
866 643 1034 686 supradic-

281 705 328 732 tas
348 709 481 742 poenas,
513 699 607 732 etiam
634 697 847 741 corporaliter
866 695 1032 740 puniatur,

281 758 322 793 et,
338 752 378 785 ab
389 751 558 785 ordinibus
582 749 806 785 ecclesiasticis
827 749 1033 792 degradatus,

280 817 298 839 a
324 805 469 838 fidelium
496 805 658 838 consortio
683 803 840 837 eliciatur.
873 802 932 842 Qui
959 813 1034 835 vero

280 859 410 892 ordines
422 863 453 891 et
462 857 621 891 beneficia
633 857 807 890 simoniace
823 855 1032 895 contulerint,

279 912 393 956 poenis
413 922 431 944 a
450 912 521 944 iure
548 911 674 944 statutis
700 910 893 954 puniantur,
924 908 1033 942 cuius-

280 975 421 1008 cumque
440 964 572 1008 gradus,
595 963 789 997 conditionis
809 968 839 995 et
858 961 1030 1005 dignitatis,

279 1018 404 1051 etiamsi
434 1017 594 1062 episcopi,
619 1015 857 1060 archiepiscopi
889 1016 937 1048 vel
966 1025 1033 1048 ma-

279 1072 366 1105 iores
385 1071 516 1104 suerint.

323 1125 338 1169 ἓ
358 1124 390 1158 9.
413 1124 550 1157 Caveant
582 1130 749 1168 praeterea
775 1123 973 1166 quicumque
994 1132 1033 1155 nc

280 1178 312 1211 in
341 1184 619 1211 sacramentorum
650 1177 846 1211 exhibitione
880 1176 1032 1209 simonia-

279 1242 354 1264 cum
385 1230 507 1273 aliquid
528 1230 656 1270 faciant,
683 1230 828 1274 alioquin
848 1229 1032 1273 gravissime

279 1284 458 1328 puniantur
485 1294 543 1327 per
570 1283 719 1316 locorum
749 1282 942 1323 ordinarios,
976 1281 1032 1326 qui

278 1335 466 1370 huiusmodi
487 1336 632 1369 criminis
648 1346 720 1369 reos
740 1347 814 1369 cum
832 1336 970 1368 maxima
986 1346 1034 1368 se-

278 1390 410 1423 veritate
435 1400 587 1423 coercere
615 1394 809 1433 procurent,
839 1389 926 1422 iuxta
957 1399 1033 1422 con-

278 1443 344 1476 cilii
363 1443 542 1476 Tridentini
562 1448 691 1477 statuta.

293 1520 295 1524 ⁴
321 1497 337 1540 ἓ
356 1496 410 1530 ἸΟ.
437 1496 484 1529 Ad
505 1496 700 1530 abolendum
727 1506 801 1530 vero
821 1495 980 1529 nefarium
1002 1501 1032 1529 et

277 1549 457 1584 execrabile
485 1549 707 1593 blasphemiae
740 1550 861 1590 scelus,
887 1550 974 1593 quod
999 1550 1031 1582 in

276 1603 408 1647 antiqua
427 1603 498 1646 lege
523 1603 608 1637 Deus
626 1609 731 1636 morte
752 1603 861 1647 puniri
886 1603 1029 1643 mandat,

276 1661 307 1690 et
325 1656 550 1700 imperialibus
568 1667 699 1700 quoque
718 1657 843 1699 legibus
863 1662 1030 1700 receptum

276 1715 335 1749 est,
356 1720 444 1743 nunc
455 1715 576 1751 autem,
595 1715 729 1754 propter
739 1710 872 1743 nimiam
885 1711 1031 1743 iudicum

275 1763 308 1796 in
329 1763 494 1807 puniendo
523 1763 690 1807 segnitiem
710 1764 759 1796 vel
789 1764 896 1807 potius
916 1765 1030 1797 desue-

275 1816 431 1856 tudinem,
452 1827 550 1860 supra
570 1816 702 1849 modum
714 1817 985 1857 invaluit,Leonis
996 1817 1031 1858 X,

275 1870 533 1913 praedecessoris
558 1870 671 1909 nostri,
699 1869 732 1902 in
752 1870 924 1903 novissimo
940 1871 1031 1903 Late-

276 1922 405 1956 ranensi
434 1923 572 1956 concilio
602 1928 718 1956 statuta
750 1923 950 1964 innovantes,
979 1924 1032 1957 de—

277 1975 443 2008 cernimus
462 1981 498 2009 ut
517 1976 717 2020 quicumque
743 1977 845 2009 laicus
871 1977 972 2010 Deum
1002 1982 1033 2010 et

277 2028 452 2061 Dominum
477 2034 625 2062 nostrum
653 2030 758 2063 Iesum
782 2029 958 2071 Christum,
984 2032 1031 2064 vel

278 2082 451 2125 gloriosam
463 2082 625 2125 Virginem
645 2083 788 2123 Mariam,
809 2083 878 2116 eius
898 2083 1031 2126 genitri-

278 2146 359 2176 cem,
380 2146 527 2179 expresse
548 2136 830 2180 blasphemaverit,
854 2147 911 2180 pro
928 2137 1032 2180 prima

277 2189 357 2228 vice,
370 2199 509 2233 poenam
518 2199 578 2222 xxv
588 2189 781 2222 ducatorum
799 2189 955 2230 incurratj.
973 2201 1032 2234 pro

277 2242 430 2281 secunda,
462 2252 566 2286 poena
586 2242 822 2286 duplicabitur3
857 2253 916 2286 pro
940 2243 1033 2276 tertia

276 2300 398 2335 autem,
421 2300 550 2328 centum
567 2296 701 2333 ducatos
717 2297 826 2336 solvet,
844 2301 875 2328 et
894 2296 1032 2338 ignomi-

277 2348 330 2381 nia
351 2353 490 2389 notatus,
511 2349 606 2382 exilio
626 2349 848 2382 mulctabitur.
875 2349 934 2388 Qui
958 2360 1032 2383 vero

277 2401 425 2445 plebeius
444 2402 552 2443 fuerit,
567 2413 626 2435 nec
642 2403 702 2436 erit
713 2402 876 2443 solvendo,
895 2413 953 2446 pro
969 2403 1033 2447 pri-

280 2461 331 2483 ma
340 2451 420 2491 viee,
434 2450 584 2483 manibus
594 2456 663 2495 post
678 2457 806 2494 tergum
822 2451 938 2495 ligatis,
961 2457 1032 2485 ante

279 2501 363 2533 fores
383 2500 538 2534 ecclesiae
559 2499 772 2533 constituetur
796 2511 854 2543 per
877 2500 962 2534 diem
983 2501 1033 2534 in-

278 2555 418 2593 tegrum3
432 2560 491 2594 pro
504 2550 658 2589 secunda,
672 2549 877 2593 fustigabitur
897 2561 955 2593 pcr
977 2551 1033 2583 Ur—

278 2598 365 2638 bcm;
388 2609 448 2642 pro
469 2598 697 2642 tertia,lingua
717 2598 746 2631 ei
767 2599 984 2642 perforabitur
1003 2606 1034 2633 et

280 2646 426 2681 mittetur
445 2648 484 2681 ad
504 2648 662 2682 triremes.
677 2648 880 2691 Quicumque
895 2647 1033 2682 clericus

1078 386 1136 418 pro
1152 375 1257 419 prima
1267 374 1346 414 vice,
1369 373 1529 406 fructibus
1549 372 1645 405 unius
1664 372 1739 404 anni
1760 382 1831 404 om-

1078 428 1167 461 nium
1207 434 1237 460 et
1271 436 1556 471 quorumcumque
1596 425 1830 457 beneficiorum

1077 492 1224 518 suorum;
1236 491 1294 524 pro
1303 480 1456 521 secunda,
1466 478 1632 512 beneficiis
1641 478 1718 522 ipsis
1731 477 1831 521 prive-

1077 539 1130 566 tur
1144 534 1169 574 ¹;
1196 540 1223 566 et
1246 534 1277 566 in
1290 533 1420 566 exilium
1438 533 1595 565 mittatur.
1613 531 1703 570 Quod
1724 531 1748 563 si
1766 531 1831 563 ele-

1078 586 1164 619 ricus
1176 587 1302 619 nullum
1320 585 1494 619 obtinuerit
1512 585 1719 623 beneficium,
1736 594 1832 628 poena

1077 639 1267 682 pecuniaria
1287 640 1335 672 vel
1356 638 1518 683 corporali
1545 649 1604 683 pro
1634 639 1739 682 prima
1763 638 1831 669 vice

1078 692 1242 735 puniatur;
1266 703 1324 736 pro
1341 692 1494 732 secunda,
1506 692 1692 725 carceribus
1711 690 1832 724 manci-

1077 751 1184 789 petur3
1204 757 1262 789 pro
1284 746 1388 786 tertia,
1400 745 1572 778 verbaliter
1588 745 1782 788 degradetur
1801 749 1831 776 et

1077 798 1116 830 ad
1138 799 1285 831 triremes
1301 799 1457 831 mittatur.
1472 798 1530 837 Qui
1547 798 1689 842 reliquos
1704 803 1832 831 sanctos

1076 852 1359 895 blasphemaverit,
1383 862 1442 895 pro
1453 851 1606 895 qualitate
1622 851 1831 895 blasphemiae

1076 909 1171 947 atquc
1188 915 1358 947 personae,
1377 905 1510 937 arbitrio
1527 904 1641 937 iudicis
1662 904 1828 948 puniatur.

1120 958 1134 1000 ἓ
1156 957 1208 989 ll.
1233 957 1263 991 Si
1284 958 1356 1001 quis
1377 957 1501 991 crimen
1522 958 1697 990 nefandum
1720 963 1831 991 contra

1076 1016 1238 1049 naturam,
1267 1016 1399 1054 propter
1428 1011 1514 1053 quod
1535 1011 1581 1043 ira
1610 1012 1664 1044 Dei
1688 1011 1774 1044 venit
1799 1010 1830 1043 in

1076 1063 1159 1096 filios
1175 1063 1380 1103 diffidentiae,
1393 1064 1634 1107 perpetraverit,
1648 1065 1756 1097 curiae
1772 1076 1831 1098 sae-

1076 1116 1179 1150 culari
1207 1117 1392 1160 punifflidus
1417 1117 1574 1157 tradatur;
1596 1123 1627 1150 et
1649 1118 1674 1150 si
1695 1118 1832 1151 clericus

1075 1169 1183 1209 fuerit,
1206 1170 1357 1202 omnihus
1384 1170 1551 1203 ordinibus
1571 1171 1775 1214 degradatus,
1789 1172 1831 1205 si-

1076 1223 1142 1255 mili
1166 1234 1269 1266 poena
1294 1223 1495 1257 subiiciatur.

1120 1274 1135 1314 ξ
1156 1272 1209 1305 ‘1:2.
1233 1273 1399 1305 Monemus
1419 1278 1585 1316 praeterea
1610 1284 1722 1306 omnes
1742 1274 1831 1306 loco-

1075 1332 1147 1354 rum
1169 1321 1362 1362 ordinarios,
1377 1327 1407 1354 et
1427 1322 1458 1354 in
1474 1322 1591 1354 virtute
1608 1328 1737 1355 sanctae
1753 1323 1830 1355 obc-

1075 1370 1212 1403 dientiae
1234 1371 1279 1404 cis
1307 1370 1526 1414 praecipimus
1557 1377 1592 1403 ut
1615 1377 1731 1404 statuta
1760 1372 1830 1404 Tri-

1074 1423 1196 1457 dentini
1209 1424 1338 1457 concilii
1351 1430 1462 1456 eontra
1484 1424 1746 1464 concubinarios,
1766 1430 1830 1457 tam

1074 1472 1210 1506 clericos
1238 1483 1336 1516 quam
1358 1472 1467 1513 laicos,
1488 1472 1584 1513 edita,
1611 1473 1754 1507 districte
1783 1475 1830 1506 fa-

1074 1526 1159 1559 ciant
1179 1525 1353 1565 observari,
1387 1526 1544 1558 reddituri
1564 1527 1628 1560 Deo
1654 1538 1691 1560 ac
1715 1527 1826 1569 nobis,

1074 1574 1098 1607 si
1119 1574 1150 1607 id
1171 1575 1355 1615 omiserint,
1382 1574 1554 1607 rationem.

1120 1624 1134 1666 ξ
1158 1623 1206 1656 13.
1230 1624 1265 1656 Et
1293 1629 1327 1656 ut
1356 1624 1608 1667 praemissorum
1636 1624 1828 1658 delictorum

1073 1672 1240 1711 simoniae.
1262 1672 1480 1716 blasphemiae
1504 1683 1541 1706 ac
1563 1673 1665 1716 stupri
1699 1674 1827 1708 nefandi

1073 1720 1185 1753 notitia
1210 1721 1336 1754 facilius
1361 1721 1531 1761 habeatur,
1562 1721 1712 1755 volumus
1741 1725 1827 1766 quod

1073 1770 1105 1801 in
1126 1770 1261 1812 singulis
1281 1770 1420 1810 casibus,
1444 1780 1509 1802 non
1529 1770 1634 1803 solum
1651 1782 1710 1814 per
1729 1778 1827 1805 accu-

1073 1818 1230 1851 sationem
1259 1824 1289 1851 et
1315 1818 1570 1862 inquisitionem,
1599 1820 1653 1853 sed
1674 1820 1770 1853 etiam
1791 1822 1830 1855 ad

1074 1867 1255 1911 simplicem
1294 1874 1323 1901 et
1357 1873 1512 1900 secretam
1547 1867 1830 1902 denunciationem

1074 1917 1270 1959 procedatur
1284 1928 1343 1961 per
1353 1927 1579 1960 quoscumque
1600 1917 1735 1958 iudices,
1753 1918 1831 1951 alias

1074 1970 1181 1999 tamen
1210 1966 1249 1999 de
1274 1966 1344 1999 iure
1365 1971 1598 2010 competentes,
1620 1971 1685 1999 tam
1706 1966 1830 2000 ratione

1073 2014 1183 2047 delicti
1207 2025 1305 2058 quam
1330 2025 1558 2058 personarum,
1582 2014 1624 2047 ita
1643 2015 1730 2058 quod
1745 2016 1830 2049 inter

1074 2074 1128 2096 eos
1147 2063 1239 2096 locus
1259 2064 1298 2097 sit
1318 2063 1549 2108 praeventioni.

1117 2112 1132 2155 ξ
1152 2112 1204 2145 14.
1220 2113 1387 2146 Monemus
1403 2118 1571 2157 praeterea
1587 2123 1700 2146 omnes
1715 2120 1745 2148 et
1762 2115 1828 2148 sin-

1073 2161 1165 2202 gulos
1181 2166 1227 2201 ut,
1245 2162 1350 2194 solum
1370 2161 1426 2194 Dei
1454 2160 1605 2194 timorem
1627 2173 1704 2206 prae
1727 2164 1830 2197 oculis

1074 2209 1229 2243 habentes
1249 2216 1279 2243 et
1299 2221 1364 2243 non
1379 2210 1441 2243 alia
1458 2210 1558 2243 animi
1574 2221 1670 2254 prava
1690 2212 1831 2246 affectio-

1074 2269 1113 2292 ne
1133 2259 1233 2300 ducti,
1252 2259 1431 2303 culpabiles
1450 2264 1575 2292 tantum
1596 2260 1752 2302 deserant,
1780 2262 1830 2295 in-

1075 2314 1226 2342 nocentes
1255 2319 1321 2342 non
1348 2313 1471 2342 vexent.
1502 2308 1593 2348 Quod
1622 2309 1647 2341 si
1668 2309 1767 2354 aliqui
1792 2322 1829 2345 ex

1075 2357 1237 2390 calumnia
1265 2357 1391 2401 aliquos
1424 2357 1636 2391 denunciasse
1671 2360 1830 2404 comperti

1074 2406 1204 2446 fuerint,
1226 2417 1280 2439 eos
1303 2407 1342 2439 ad
1361 2417 1500 2451 poenam
1516 2406 1646 2440 talionis
1661 2409 1763 2441 teneri
1774 2420 1829 2443 vo·
1858 2421 1860 2423 ’

1074 2455 1183 2489 lumus
1203 2461 1234 2488 et
1257 2456 1461 2489 mandamus.

1118 2505 1134 2547 ξ
1152 2504 1205 2538 115.
1224 2504 1361 2538 Mulctae
1375 2510 1483 2538 autem
1499 2506 1707 2550 pecuniariae
1727 2507 1829 2551 appli-
1870 2522 1945 2545 pm„
1960 2524 2028 2550 mh-

1076 2552 1248 2594 cabuntur,
1268 2564 1327 2597 pro
1343 2554 1470 2588 duabus
1485 2555 1642 2599 partibus,
1665 2556 1746 2589 locis
1768 2555 1827 2599 piis
1844 2558 1918 2575 ‘⁹⁰¹⁰‘
1935 2558 1955 2575 ¹¹¹
1971 2556 2011 2576 ¹¹²⁰·

1111 2617 1122 2642 1
1141 2616 1236 2642 Adde:
1253 2625 1303 2648 pro
1316 2621 1406 2648 tertia,
1423 2619 1543 2644 «inanibus
1555 2620 1634 2643 ctiam
1652 2621 1828 2650 ‹lisjnilatihus

1073 2659 1177 2689 emulus,
1193 2659 1354 2690 deponatur,
1376 2657 1492 2685 Cherub.
1509 2661 1536 2685 et
1555 2658 1678 2686 Giraldus
1694 2659 1732 2694 (n.
1752 2660 1791 2694 T).

1849 264 1899 290 An.
1917 263 1946 290 C.
1966 262 2033 290 ¹566

1878 964 2031 984 Sodomitarum

1847 1000 1937 1022 poenae.

1866 1286 2031 1307 Concubin-rtw

1848 1323 1892 1337 rum
1908 1323 1997 1343 poenae.

1901 1645 2030 1667 Procedatur

1845 1680 1920 1698 eontra
1943 1679 2029 1702 praedi-

1844 1712 1890 1729 ctos
1906 1711 1968 1729 etiam
1992 1715 2030 1736 per

1844 1744 1949 1760 secret-im
1992 1742 2028 1761 de-

1844 1772 2009 1792 nunciationem.

1884 2137 2028 2159 Denunciato-

1846 2175 1880 2190 ros
1903 2170 2027 2190 calumniosi

1846 2204 1994 2222 coerceantur.
