2237 3100
23 267 73 294 An.
90 266 119 293 C.
140 265 208 293 1572

57 544 154 565 Habitum
172 545 204 565 ili-

23 578 108 597 mittere
133 577 205 604 prohi—

22 608 65 634 bet;

32 1133 149 1153 Orrlinariis
160 1136 203 1153 tau-

20 1167 62 1185 tum
86 1166 111 1185 de
128 1164 202 1191 hospi-

20 1197 90 1216 talium
101 1197 203 1222 regimine

20 1233 124 1253 rationem
153 1235 204 1253 red-

20 1265 107 1285 dendam
155 1270 202 1285 esse

20 1297 132 1323 praccipit;

97 2316 205 2337 Clausulas

0 2355 1 2380 ἰ
36 2347 198 2374 ρτωεετναῑίνςις

24 2379 71 2400 lmie
101 2382 206 2400 constitu-

24 2411 75 2431 tioni
92 2411 187 2437 ῑηηιοιιίν,

904 266 973 290 PIUS
997 267 1016 290 V
1034 266 1082 290 PP.

221 322 325 356 eidem
345 323 511 357 ordinario
542 324 622 357 benc
651 324 735 364 viso,
758 324 859 368 legale
889 335 976 357 com-

220 383 336 421 putum
368 377 472 412 eidem
498 379 663 412 ordinario
691 378 753 412 loci
787 384 913 412 tantum
947 384 977 412 et

220 431 300 463 nulli
320 431 412 464 alteri
433 432 568 465 reddere
589 433 717 466 debere.

263 485 278 527 ξ
298 485 329 518 5.
352 485 483 518 Necnon
504 485 590 528 quod
606 486 760 529 praedicti
783 486 930 519 moderni
948 493 978 519 et

219 549 279 581 pro
307 544 453 582 tempore
486 540 656 573 existentes
692 540 881 573 eorumdem
917 541 975 574 ho-

219 592 384 635 spitalium
418 594 615 633 confratres,
635 599 805 637 postquam
829 594 975 627 habitum

220 645 420 688 praedictum
441 647 656 690 susceperint,
684 647 775 679 illum
797 647 974 689 dimittere,

220 698 364 732 minusve
395 710 469 732 eum
505 700 603 733 alicui
634 700 805 741 exhibere,
837 700 897 733 nisi
938 701 976 733 de

219 762 378 785 consensu
408 753 555 786 omnium
595 753 743 800 alioruin
776 754 975 787 confratrum

218 806 397 850 hospitalis,
416 807 448 839 in
461 818 526 850 quo
541 807 687 839 habitum
708 808 815 851 ipsum
833 807 976 841 exhiberi

218 860 400 902 contigerit,
414 861 473 893 sub
485 860 617 893 maioris
634 861 978 894 excommunicationis

218 913 483 948 latacsententiae
505 914 574 958 ipso
590 915 673 947 sacto
686 914 882 948 incurrenda
902 926 977 959 poe-

218 977 258 1000 na
270 994 278 1008 ‚
301 968 441 1001 audeant
451 969 499 1002 vel
511 974 730 1013 praesumant,
742 975 901 1013 perpetuo
917 975 976 1003 sta-

218 1021 339 1054 tuimus
357 1027 388 1055 et
405 1022 605 1055 ordinamus.

262 1075 277 1118 g
298 1076 328 1108 O.
352 1076 484 1109 Necnon
506 1076 659 1109 omnibus
679 1082 710 1109 et
737 1077 872 1120 singulis
901 1088 975 1121 pcr-

217 1129 315 1169 sonis,
330 1129 568 1173 cuiuscumque
580 1136 691 1171 status,
704 1131 836 1174 gradus,
854 1131 976 1164 ordinis

217 1188 249 1215 et
272 1183 468 1216 conditionis
493 1183 714 1225 existentibus,
748 1189 974 1228 praeterquam

218 1236 366 1269 locorum
387 1237 570 1277 ordinariis,
592 1248 633 1269 ne
654 1237 766 1280 quovis
794 1242 974 1281 praetextu,

218 1290 250 1322 in
264 1290 433 1334 regimine,
452 1291 611 1335 gubernio
627 1296 682 1324 aut
697 1291 975 1325 administratione

217 1345 407 1378 eorumdem
442 1345 652 1389 hospitalium
682 1351 738 1378 aut
764 1345 902 1378 aliorum
936 1345 975 1378 ad

217 1397 362 1441 ipsorum
390 1398 490 1431 instar
519 1399 765 1441 eligendorum,
792 1399 852 1432 sub
892 1399 975 1432 dicta

218 1461 322 1496 poena
347 1463 404 1496 per
430 1453 707 1486 contravenientes
731 1453 881 1486 similiter
906 1454 975 1497 ipso

219 1506 301 1539 facto
321 1505 529 1546 incurrenda,
556 1507 801 1549 quomodolibet
820 1518 853 1540 se
874 1507 974 1540 intro-

219 1559 343 1593 mittere
353 1561 494 1594 audeant
503 1572 559 1594 seu
570 1567 790 1604 praesumant,
800 1561 976 1595 districtius

220 1613 416 1647 inhibemus.
438 1614 656 1648 Decernentes
676 1615 833 1648 maiorem
849 1626 975 1648 nuncu-

217 1672 329 1711 patum
342 1667 676 1712 etalioshospitalium
690 1669 876 1702 huiusmodi
888 1680 976 1702 nune

218 1726 249 1755 et
263 1732 322 1766 pro
334 1727 481 1766 tempore
493 1722 664 1756 existentes
676 1723 865 1763 confratres,
878 1734 976 1767 super

218 1776 319 1809 libera
339 1776 630 1812 administratione,
658 1777 818 1819 gubernio
846 1783 876 1810 et
896 1777 976 1820 regi-

219 1830 305 1863 mine
325 1830 485 1864 dictorum
513 1831 735 1874 hospitalium,
765 1842 783 1864 a
811 1831 976 1874 quibusvis

219 1885 378 1927 personiS,
393 1884 629 1928 cuiuscumque
645 1890 757 1925 status,
775 1885 906 1928 gradus,
922 1896 976 1918 or-

217 1937 301 1972 dinis
312 1944 343 1971 ct
353 1937 547 1971 conditionis
563 1938 784 1980 existentibus,
807 1939 903 1972 etiam
917 1940 976 1973 sub

218 1997 385 2035 praetextu
402 1991 533 2025 illorum
554 1991 586 2024 in
607 1997 674 2025 toto
694 1993 741 2025 vel
764 1998 855 2035 parte
882 1994 977 2026 sabri-

219 2041 395 2081 cationum,
418 2041 513 2073 etiam
537 2052 573 2074 ex
605 2052 815 2084 quocumque
844 2042 898 2085 pio
932 2044 977 2075 le-

218 2099 291 2137 gato
310 2095 358 2127 vel
369 2095 449 2128 alias
459 2094 706 2138 quomodolibet
722 2096 895 2135 sactorum,
910 2107 977 2129 mo-

220 2148 338 2188 lestari,
366 2149 563 2192 perturbari,
592 2148 696 2181 vexari
723 2154 778 2182 aut
806 2149 976 2193 inquietari

219 2203 404 2235 nullatenus
424 2213 529 2246 posse.

264 2256 319 2300 57.
332 2257 711 2300 Praesentesquelitteras
722 2259 813 2291 nullo
821 2269 977 2302 umquam

221 2310 979 2355 temporedesubrcptionisvelobreptionisvitio

221 2369 277 2396 aut
304 2363 491 2397 intentionis
515 2370 643 2398 nostrae
663 2366 711 2397 vel
737 2365 891 2408 quopiam
917 2365 979 2398 alio

221 2416 350 2449 defectu
377 2417 496 2457 notari,
524 2417 710 2461 impugnari
730 2419 779 2451 vel
797 2418 977 2459 invalidari,

222 2471 277 2498 aut
298 2465 402 2508 injus·
422 2466 469 2498 vel
491 2466 741 2499 controversi-im
772 2477 980 2511 quacumque

225 2515 348 2547 ratione
369 2515 415 2547 vel
437 2526 533 2548 causa
557 2515 675 2555 vocari,
690 2520 745 2547 aut
764 2516 803 2548 ad
827 2516 981 2550 terminos

226 2563 304 2596 iuris
333 2564 456 2601 reduci,
485 2565 532 2597 vel
559 2565 693 2608 quodvis
718 2565 802 2597 alind
825 2566 904 2598 iuris
924 2577 978 2599 scu

225 2614 345 2655 gratiae
374 2614 551 2647 remedium
586 2620 699 2647 contra
718 2615 789 2647 illas
816 2615 980 2659 impetrari

225 2675 330 2706 posse,
349 2674 544 2707 causamque
554 2664 600 2695 vel
613 2676 736 2705 causas,
758 2670 870 2707 [ju‘opte
878 2676 891 2697 r
902 2677 981 2707 quas

307 2713 379 2742 Ball.
401 2714 475 2743 Rom.
507 2713 559 2742 Vol.
583 2713 640 2741 Vll.
847 2713 896 2743 1⁹21

1665 257 1723 291 961

1020 330 1203 367 praesentes
1214 325 1301 369 ipsae
1312 336 1329 357 a
1340 325 1433 358 nobis
1441 332 1647 367 emanarunt,
1661 338 1771 361 coram

1019 378 1081 411 loci
1101 378 1264 412 ordinario
1280 385 1335 411 aut
1350 389 1558 422 quocumque
1574 380 1636 413 alio
1653 381 1772 423 iudice,

1019 432 1114 466 etiam
1142 433 1288 476 delegato
1317 444 1354 466 ac
1382 433 1532 467 facultate
1565 445 1773 479 quacumque

1019 487 1183 529 fungente,
1198 486 1363 521 verificare
1383 498 1448 520 non
1465 488 1595 529 debere,
1610 499 1670 522 nec
1686 489 1727 522 ob
1744 489 1775 522 id

1019 539 1138 572 viribus
1156 550 1278 580 carere,
1293 546 1345 573 aut
1357 552 1416 584 per
1429 541 1652 585 obreptionem
1665 542 1776 576 obten-

1020 600 1082 634 tas;
1106 604 1165 627 nec
1186 594 1294 627 minus
1313 594 1434 627 dictum
1451 595 1645 629 Rodericum
1667 597 1704 630 ad
1725 608 1776 631 ve-

1021 647 1213 680 rificandum
1244 649 1418 692 praemissa
1446 651 1561 692 teneri,
1589 650 1773 695 minusque,

1019 701 1078 732 sul»
1110 702 1383 746 quibuscunuple,
1415 703 1568 737 similium
1600 705 1646 737 vel
1682 695 1774 738 dissi-

1020 755 1158 795 milium,
1173 757 1361 797 gratiarum,
1380 763 1442 790 tam
1457 769 1514 801 per
1533 769 1699 803 nosquam
1711 760 1774 792 Ro-

1021 819 1133 841 manos
1148 809 1321 843 Pontifices
1337 821 1539 844 successores
1551 817 1775 856 nostrosque-

1020 862 1196 896 modolibet
1216 874 1252 895 ac
1273 875 1346 896 cum
1368 864 1546 907 quibusvis,
1568 865 1662 898 etiam
1684 867 1776 900 dero-

1019 916 1216 958 gatoriarum
1228 918 1441 960 derogatoriis
1457 919 1592 962 aliisque
1612 920 1774 954 efficacio-

1020 968 1109 1002 ribus
1124 976 1155 1003 et
1171 970 1307 1003 insolitis
1320 971 1485 1013 clausulis,
1509 972 1774 1017 irritantibusque

1019 1028 1045 1055 et
1068 1023 1139 1056 aliis
1160 1024 1296 1057 decretis
1316 1036 1374 1068 pro
1401 1031 1545 1069 tempore
1564 1026 1665 1067 sactis,
1692 1038 1773 1071 quo—

1019 1083 1395 1120 rumcumquetenorum
1411 1078 1556 1119 existant,
1569 1080 1703 1120 includi,
1719 1081 1773 1113 sed

1019 1131 1082 1163 illis
1100 1141 1165 1164 non
1191 1132 1401 1172 obstantibus,
1424 1132 1454 1165 in
1481 1133 1547 1165 suis
1572 1133 1706 1175 robore,
1728 1134 1772 1167 vi-

1017 1194 1095 1227 gore
1109 1190 1140 1217 et
1154 1185 1295 1218 efficacia
1310 1186 1494 1229 persistere,
1512 1192 1539 1219 ct
1556 1187 1682 1229 quoties
1698 1188 1772 1221 illae

1019 1238 1228 1277 emanabunt,
1252 1239 1345 1272 toties
1364 1239 1396 1271 in
1412 1239 1583 1282 pristinum
1602 1246 1632 1273 ct
1650 1242 1773 1274 validis-

1018 1287 1135 1320 simum
1153 1294 1268 1321 statum
1291 1289 1455 1322 restitutas
1472 1295 1502 1321 et.
1523 1290 1665 1333 plenarie
1686 1291 1774 1324 rein-

1020 1347 1168 1384 tegratas,
1179 1348 1210 1375 et
1219 1342 1278 1375 sub
1291 1343 1363 1376 data
1379 1354 1437 1386 per
1448 1344 1569 1377 dictum
1579 1344 1773 1378 Rodericum

1018 1401 1048 1427 et
1068 1406 1127 1438 pro
1140 1402 1286 1440 tempore
1303 1396 1487 1430 existentem
1508 1397 1663 1431 maiorem
1689 1409 1774 1431 nun-

1018 1454 1172 1492 cupatum
1194 1450 1387 1483 confratrem
1409 1451 1482 1483 dicti
1509 1451 1675 1495 hospitalis
1696 1452 1774 1485 Gra-

1018 1503 1158 1536 natensis
1178 1503 1337 1546 eligenda,
1354 1504 1392 1537 de
1405 1515 1485 1537 novo
1503 1516 1671 1538 concessas
1692 1517 1773 1544 esse,

1018 1562 1048 1589 et
1068 1556 1110 1589 ita
1130 1557 1405 1590 incommutabilis
1424 1559 1596 1592 voluntatis
1618 1565 1647 1592 ct
1673 1559 1775 1593 inten-

1019 1610 1113 1643 tionis
1133 1617 1261 1643 nostrae
1282 1623 1361 1645 csse.
1386 1612 1503 1656 Sicque
1524 1624 1582 1656 per
1601 1624 1774 1656 quoscum-

1018 1676 1080 1708 que
1102 1664 1224 1699 iudices
1249 1671 1278 1698 et
1300 1667 1557 1707 commissarios,
1585 1667 1695 1711 quavis
1720 1680 1775 1701 au-

1018 1718 1166 1751 ctoritate
1186 1719 1367 1762 fungentes,
1390 1720 1513 1753 sublata
1538 1720 1583 1753 eis
1610 1726 1640 1753 ct
1661 1732 1773 1754 corum

1018 1772 1151 1806 cuilibet
1170 1774 1280 1816 quavis
1293 1774 1387 1806 aliter
1399 1774 1560 1807 iudicandi
1577 1780 1605 1807 et
1619 1774 1774 1819 interpre-

1018 1827 1106 1859 tandi
1125 1827 1275 1860 facultate
1295 1833 1326 1860 et
1345 1828 1549 1868 auctoritate,
1578 1828 1714 1861 iudicari
1744 1834 1774 1862 et

1019 1880 1147 1913 deliniri
1162 1881 1292 1921 debere;
1317 1892 1353 1914 ac
1371 1882 1497 1914 irritum
1520 1888 1550 1915 et
1569 1882 1662 1915 inane
1683 1882 1708 1915 si
1723 1893 1772 1916 se-

1019 1946 1076 1967 cus
1095 1946 1194 1979 super
1212 1936 1262 1968 his
1286 1947 1304 1968 a
1331 1947 1509 1979 quoquam,
1531 1936 1641 1980 quavis
1660 1942 1772 1971 aucto-

1019 1988 1125 2029 ritate,
1147 1989 1286 2023 scienter
1304 1991 1352 2022 vel
1378 1990 1575 2032 ignoranter,
1604 1991 1775 2034 contigerit

1019 2043 1179 2076 attentari.

1064 2097 1078 2140 ξ
1103 2097 1134 2130 8.
1170 2097 1328 2136 Quocirca
1353 2098 1589 2131 venerabilibus
1622 2098 1775 2132 fratribus

1020 2151 1137 2184 nostris
1156 2151 1402 2195 archiepiscopo
1416 2152 1603 2185 Granatensi
1623 2163 1660 2185 ac
1680 2153 1775 2186 Ame-

1021 2206 1092 2238 rino
1113 2212 1143 2238 et,
1157 2206 1358 2239 Cordubensi
1374 2205 1545 2250 episcopis,
1570 2217 1628 2250 per
1647 2212 1775 2250 aposto-

1021 2259 1083 2292 lica
1103 2260 1221 2303 scripta
1242 2260 1433 2292 mandamus
1457 2265 1615 2303 quatenus
1632 2260 1691 2303 ipsi
1730 2259 1780 2294 vel¹

1021 2313 1086 2345 duo
1106 2319 1161 2345 aut
1182 2323 1266 2345 unus
1291 2323 1417 2352 eorum,
1447 2324 1506 2356 per
1535 2324 1567 2345 se
1597 2314 1644 2345 vel
1677 2314 1776 2347 alium

1022 2377 1078 2399 seu
1098 2366 1188 2406 alios,
1211 2372 1395 2409 praesentes
1415 2366 1536 2398 litteras
1552 2366 1627 2399 etin
1642 2367 1686 2400 eis
1700 2378 1777 2401 con—

1023 2424 1108 2453 tenta
1137 2430 1372 2464 quaecumque,
1404 2419 1456 2451 ubi
1488 2425 1517 2452 et
1541 2420 1671 2463 quando
1698 2432 1779 2465 opus

1024 2469 1131 2509 suerit,
1150 2481 1186 2503 ac
1202 2469 1327 2512 quoties
1345 2480 1403 2513 pro
1424 2474 1514 2512 parte
1531 2469 1606 2502 dicti
1627 2470 1775 2503 Roderiei

1023 2530 1077 2551 seu
1101 2518 1231 2551 maioris
1251 2518 1427 2561 nuncupati
1455 2529 1512 2561 pro
1542 2524 1686 2563 tempore
1713 2519 1778 2552 exi-

1023 2568 1134 2601 stentis
1154 2568 1253 2612 ipsius
1278 2567 1444 2610 hospitalis
1473 2569 1676 2601 (li-anateusis
1701 2580 1778 2602 eon-

1024 2617 1129 2649 {ratris
1151 2616 1268 2649 l'ucrint.
1288 2616 1445 2658 requisiti,
1464 2618 1651 2651 solemniter
1671 2619 1777 2662 publi-

1024 2671 1156 2701 cantes,
1197 2665 1322 2707 illisque
1353 2666 1383 2697 in
1424 2667 1606 2708 praemissis
1633 2668 1775 2700 efficacis

1790 268 1840 296 An.
1858 268 1887 296 C.
1907 268 1974 296 ¹572

1845 2103 1974 2124 Executorc·

1791 2137 1893 2163 deputat3
