2237 3100
274 265 322 291 An.
341 262 370 289 C.
391 263 456 290 1567

296 699 404 720 clausulae
415 699 454 719 de-

270 732 397 758 togatumne.

297 2575 358 2595 Fides
382 2580 455 2596 exem-

270 2607 359 2635 plorum.

515 252 580 287 586

471 315 597 359 misque
618 325 716 359 super
737 315 786 348 his
810 314 964 347 habendis
984 314 1114 347 servatis
1144 324 1219 357 pro-

472 369 625 409 cessibus,
649 379 802 401 censuras
821 374 850 400 et
872 378 992 411 poenas
1012 368 1096 411 ipsas
1124 367 1219 401 etiam

471 423 592 455 iteratis
622 422 744 455 vicibus
773 421 992 464 aggravando,
1027 427 1058 453 et
1087 421 1219 455 interdi-

471 482 557 510 ctum
579 475 830 509 ecclesiasticum
848 474 1053 518 apponendo,
1075 475 1220 508 invocato

470 530 509 562 ad
531 530 603 568 lioc,
635 529 660 560 si
688 539 770 572 opus
803 528 912 569 suerit,
942 528 1061 561 auxilio
1095 529 1218 562 brachii

470 582 654 615 saecularis.

513 636 527 679 g
548 635 579 668 6.
602 635 671 668 Non
691 635 893 669 obstantibus
908 636 1093 679 praemissis
1109 643 1137 669 et
1150 637 1220 669 aliis

468 689 661 734 apostolicis,
692 700 818 723 necnon
848 690 880 722 iu
909 690 1160 734 provincialibus
1190 697 1217 724 et

468 743 675 788 synodalibus
703 744 848 777 conciliis
876 744 988 784 editis,
1016 744 1221 787 generalibus

468 798 514 831 vel
535 797 741 841 specialibus,
774 798 1058 831 constitutionibus
1086 804 1114 831 et
1136 799 1220 831 ordi-

467 851 653 884 nationibus
673 851 869 895 apostolicis;
892 863 929 885 ac
945 852 1039 885 etiam
1059 852 1221 885 iuramen-

467 910 510 945 to,
541 904 787 937 confirmatione
822 905 998 949 apostolica
1033 906 1080 938 vel
1110 906 1220 949 quavis

466 958 617 993 firmitate
638 958 699 991 alia
715 959 875 993 roboratis
895 959 1020 993 statutis
1038 965 1067 993 et
1087 971 1220 993 eonsue-

466 1013 648 1053 tudinibus;
671 1012 845 1056 privilegiis
866 1024 1015 1057 quoquc,
1038 1014 1170 1046 indultis
1190 1019 1220 1047 et

465 1067 567 1101 literis
598 1067 783 1111 apostolicis
816 1067 937 1101 eisdem
973 1068 1134 1113 episeopis
1165 1074 1217 1101 aut

465 1122 630 1166 quibusvis
656 1121 725 1155 aliis
746 1123 905 1166 personis,
930 1123 988 1156 sub
1009 1123 1220 1166 quibuscum-

465 1187 528 1220 que
550 1176 716 1209 tenoribus
736 1183 766 1210 et
786 1177 914 1214 formis,
935 1188 971 1210 ac
993 1188 1066 1210 cuni
1085 1178 1219 1221 quibus-

465 1230 530 1271 vis,
566 1230 660 1263 etiam
702 1230 978 1273 derogatoriarmn
1009 1231 1220 1274 derogatoriis

465 1283 600 1327 aliisque
610 1284 846 1317 efficacioribus
856 1290 886 1317 et
896 1284 1041 1325 insolitis,
1056 1285 1219 1325 clausulis,

467 1338 733 1381 irritantibusque
754 1344 784 1371 et
801 1339 872 1371 aliis
887 1338 1037 1378 decretis,
1056 1339 1087 1370 in
1103 1350 1220 1381 genere

465 1392 514 1425 vel
548 1392 580 1424 in
609 1392 730 1436 specie,
767 1392 863 1425 etiam
893 1398 983 1425 motu
1018 1393 1152 1437 proprio
1183 1404 1220 1427 ac

466 1446 545 1480 alias
564 1446 807 1490 quomodolibet
830 1446 1003 1485 concessis,
1035 1447 1221 1491 approbatis

467 1506 498 1535 et
517 1500 674 1534 innovatis
696 1512 704 1540 3
727 1500 845 1544 quibus
874 1501 1042 1541 omnibus,
1065 1501 1159 1534 etiam
1181 1502 1218 1542 si,

468 1566 526 1599 pro
557 1555 688 1587 illorum
722 1555 892 1588 sufficienti
927 1555 1149 1599 derogatione,
1182 1557 1220 1589 de

468 1608 531 1641 illis
551 1619 730 1652 eorumque
753 1609 825 1641 totis
857 1609 1024 1642 tenoribus
1053 1610 1217 1654 specialis,

469 1662 637 1706 specifica,
661 1673 809 1706 expressa
830 1667 859 1695 et
880 1663 1054 1703 individua,
1077 1674 1141 1696 non
1161 1675 1219 1697 au-

468 1721 532 1749 tem
554 1727 611 1760 per
631 1716 791 1749 clausulas
811 1718 976 1759 generales
996 1717 1080 1750 idem
1102 1717 1222 1762 impor-

469 1774 582 1809 tames,
607 1769 726 1802 mentio
752 1780 806 1802 seu
829 1770 957 1813 quaevis
978 1771 1038 1802 alia
1059 1772 1220 1814 expressio

468 1823 627 1862 habenda,
649 1829 700 1855 aut
723 1822 830 1865 aliqua
850 1823 912 1855 alia
933 1824 1088 1866 exquisita
1119 1826 1220 1857 torma

468 1878 507 1911 ad
527 1878 589 1910 hoc
605 1877 758 1909 servanda
775 1878 867 1914 l'oret,
881 1878 1217 1916 tenoreshuiusmodi,

468 1930 694 1975 praesentibus
715 1941 772 1973 pro
794 1931 951 1974 expressis
972 1932 1136 1969 habentes,
1160 1932 1221 1965 illis

469 1985 547 2018 alias
568 1984 598 2017 in
620 1995 678 2017 suo
700 1985 815 2016 robore
831 1985 1064 2028 permansuris,
1083 1986 1220 2019 liat-viee

467 2039 648 2078 dumtaxat,
672 2037 854 2081 specialiter
874 2045 901 2070 et
920 2049 1067 2081 expresse
1084 2039 1219 2080 deroga-

468 2103 551 2131 mus,
579 2091 750 2124 contrariis
788 2091 1062 2134 quibuscumquej,
1103 2099 1157 2125 aut
1196 2094 1218 2125 si

467 2147 615 2179 locorum
652 2144 823 2177 ordinariis
853 2146 900 2177 vel
934 2145 1098 2189 quibusvis
1136 2147 1217 2184 aliis,

468 2200 686 2233 communiter
713 2200 760 2232 vel
787 2199 924 2239 divisim,
948 2211 965 2232 a
986 2201 1148 2243 praedicta
1182 2202 1217 2233 sit

468 2254 548 2287 Sede
569 2254 741 2291 indultum,
763 2254 849 2297 quod
871 2254 1032 2292 interdici,
1068 2255 1218 2298 suspendi

467 2309 515 2341 vel
536 2307 809 2341 excommunicari
832 2318 895 2340 uon
918 2307 1036 2350 possint
1059 2319 1116 2351 per
1137 2309 1219 2342 litte-

468 2373 519 2395 ras
539 2362 741 2405 apostolicas,
764 2372 828 2394 nou
849 2361 1001 2394 facientes
1031 2363 1158 2405 plenam
1191 2368 1217 2396 et

469 2426 663 2459 expressam,
682 2427 718 2448 ac
739 2416 776 2448 de
793 2415 889 2447 verbo
906 2415 942 2446 ad
959 2416 1105 2455 verbum,
1124 2416 1161 2449 ‹le
1174 2417 1218 2449 in<

469 2464 557 2496 dulto
580 2464 776 2503 huiusmodi,
798 2464 1007 2497 mentionem.

513 2514 528 2556 ἓ
548 2513 578 2546 7.
603 2513 635 2545 Ei
657 2513 733 2557 quia
767 2513 896 2546 difficile
917 2514 997 2545 soret
1033 2516 1217 2547 earuuuleui

469 2563 687 2607 praesentium
734 2563 877 2595 notitiam
916 2562 955 2595 ad
998 2574 1219 2606 quascumque

471 2622 624 2656 personas
640 2612 819 2655 pervenire,
843 2617 871 2644 et
893 2611 1014 2655 ubique
1035 2611 1105 2644 illas
1127 2624 1218 2654 prae-

1065 261 1243 285 BULLARIUM
1267 259 1417 284 ROMANUM

1260 313 1409 346 volumus
1429 320 1457 347 et
1474 314 1679 348 decernimus
1694 315 2014 361 quod,transumptis

1261 367 1404 407 illarum,
1427 368 1523 400 etiam
1557 379 1615 411 per
1634 368 1880 412 impressionem
1908 370 2011 409 sactis,

1262 431 1359 454 manu
1379 420 1517 454 alieuius
1537 422 1652 454 notarii
1673 422 1793 465 publici
1811 423 2011 467 subscriptis,

1262 473 1324 507 sive
1345 474 1450 518 sigillo
1470 475 1608 508 alicuius
1629 485 1785 518 personae
1806 475 1839 508 in
1859 476 2014 520 dignitate

1261 528 1477 561 ecclesiastica
1507 528 1699 562 constitutae
1720 528 1881 571 sigillatis,
1917 536 2013 573 prout

1261 581 1382 614 eisdem
1409 582 1631 625 praesentibus
1650 581 1859 614 adhiberetur
1878 582 1903 615 si
1920 594 2013 626 prae-

1262 636 1479 669 sentarentur,
1508 631 1627 674 ubique
1646 631 1850 671 adhibeatur,
1883 637 1948 664 tam
1980 631 2014 664 in

1262 683 1383 717 iudicio
1404 695 1501 727 quam
1522 690 1610 717 extra
1630 685 1722 725 illud,
1744 685 1839 728 plena
1868 690 1900 718 et
1919 685 2013 719 indu-

1261 738 1360 770 bitata
1380 738 1472 771 sides.

1306 793 1320 834 ξ
1340 792 1370 825 8.
1395 792 1481 825 Nulli
1503 803 1579 836 ergo
1600 793 1733 826 omnino
1766 793 1937 826 hominum
1977 793 2016 826 li-

1262 852 1328 879 ceat
1356 847 1439 879 lianc
1464 847 1613 890 pagiuam
1634 852 1762 880 nostrae
1784 847 2015 888 absolutionis,

1262 900 1470 939 extensionis,
1502 901 1718 944 ampliationis
1752 907 1782 934 et
1815 901 1936 935 decreti
1965 901 2016 935 in-

1261 955 1414 997 fringere,
1436 956 1483 988 vel
1505 955 1531 988 ei
1553 966 1634 989 ausu
1654 956 1827 989 temerario
1838 956 2013 990 contraire.

1262 1009 1292 1041 Si
1314 1009 1386 1051 quis
1420 1014 1527 1042 autem
1563 1010 1625 1042 hoc
1652 1015 1809 1043 attentare
1847 1020 2015 1053 praesum-

1263 1063 1372 1106 pserit,
1410 1063 1663 1105 indignationem
1685 1063 1915 1108 omnipotentis
1947 1063 2015 1105 Dei,

1261 1123 1297 1145 ac
1317 1112 1486 1145 beatorum
1508 1113 1591 1145 Petri
1622 1118 1652 1146 et
1671 1113 1761 1146 Pauli
1794 1113 2015 1158 apostolorum

1261 1166 1330 1199 eius
1350 1177 1382 1199 se
1403 1166 1527 1200 noverit
1548 1167 1775 1200 incursurum.

1306 1220 1420 1253 Datum
1441 1220 1551 1253 Roma*
1571 1220 1658 1264 apud
1683 1220 1715 1253 S.
1752 1220 1896 1262 Petrum,
1932 1231 2018 1255 anno

1261 1274 1496 1307 lncarnationis
1519 1274 1701 1307 dominicae
1718 1274 1892 1308 millesimo
1921 1275 2018 1319 quin-

1262 1328 1440 1370 gentesimo
1461 1327 1658 1370 sexagesimo
1669 1328 1820 1372 septimo,
1833 1338 1895 1361 xvn
1907 1328 2019 1362 kalen-

1262 1382 1317 1414 das
1328 1382 1519 1425 septembris
1542 1381 1747 1425 pontificatus
1761 1381 1863 1415 nostri
1879 1393 1964 1416 anno
1978 1392 1998 1415 1.

1334 1435 1395 1466 Dat.
1422 1436 1469 1465 die
1490 1436 1527 1465 16
1547 1436 1676 1473 augusti,
1697 1436 1801 1474 pontif.
1818 1445 1895 1466 anno
1914 1444 1944 1466 11.

1348 1519 1501 1564 Sequitur
1519 1521 1694 1554 declaratio
1705 1521 1927 1564 praeiit-sertae
1944 1532 2020 1555 con-

1409 1574 1609 1607 stitutionis.

1261 1647 1322 1676 Pius
1341 1647 1412 1681 Papa
1431 1646 1450 1674 V
1466 1646 1605 1675 universis
1624 1647 1655 1675 et
1674 1646 1792 1682 singulis
1816 1647 2022 1676 venerabilibus

1305 1700 1446 1729 fratribus
1475 1700 1656 1737 patriarchis,
1682 1701 1896 1737 archiepiscopis
1914 1703 1945 1731 et
1963 1702 2019 1738 epi·

1307 1755 1408 1790 scopis,
1432 1761 1463 1783 ac
1495 1755 1606 1783 dilectis
1628 1755 1694 1783 filiis
1722 1756 1869 1784 abbatibus
1897 1757 1927 1785 et
1955 1756 2020 1785 aliis

1305 1809 1429 1844 personis
1443 1809 1469 1836 in
1480 1809 1621 1844 dignitate
1636 1809 1826 1838 ecclesiastica
1841 1810 2019 1844 constitutis.

1305 1870 1406 1891 necnon
1423 1863 1700 1898 metropolitanarum
1727 1864 1757 1891 et
1783 1863 1901 1892 aliarum
1925 1864 2020 1893 cathe-

1305 1918 1423 1946 dralium
1448 1917 1625 1946 ecclesxarum
1641 1918 1788 1951 canonicis,
1810 1925 1841 1946 ao
1863 1920 2021 1948 eorumdem

1305 1972 1541 2007 patriarcharum,
1563 1972 1832 2008 archiepiscoporum
1860 1974 1890 2001 et
1914 1974 2019 2008 episco-

1305 2033 1401 2061 porum
1421 2024 1596 2058 officialibus,
1612 2033 1661 2054 seu
1679 2026 1793 2054 vicariis
1811 2027 1840 2055 in
1860 2027 2016 2063 spirituali-

1306 2081 1355 2107 bus
1379 2081 1563 2115 generalibus,
1593 2081 1709 2109 ubilibet
1737 2081 1916 2114 constitutis,
1945 2081 2019 2111 salu·

1306 2136 1362 2163 tem
1382 2136 1410 2163 et
1429 2135 1609 2170 apostolicam
1629 2135 1856 2164 benedictionem.

1306 2200 1350 2231 Ad
1372 2199 1432 2240 hoc
1454 2209 1512 2231 nos
1533 2199 1614 2231 Deus
1635 2199 1787 2242 praetulit
1805 2195 1841 2231 in
1866 2198 2019 2231 familiam

1262 2254 1377 2285 «lomus
1399 2264 1474 2285 suae
1496 2279 1502 2291 ,
1525 2258 1560 2285 ut
1580 2253 1713 2294 singulis
1734 2258 1918 2297 opportuna
1946 2263 2020 2296 pro-

1262 2307 1390 2339 visionis
1416 2307 1533 2339 auxilia
1559 2307 1661 2339 tidelis
1688 2306 1846 2339 servitutis
1876 2305 2020 2340 iniuncta

1263 2361 1460 2405 providentia
1496 2372 1553 2404 pro
1592 2366 1737 2404 tempore
1775 2361 1995 2404 dispensantes
2010 2387 2018 2401 ‚

1262 2415 1485 2455 religiosorum
1507 2415 1738 2458 quorumlibet,
1758 2413 1943 2457 praesertim
1960 2414 2021 2447 fra-

1262 2470 1345 2497 trum
1367 2464 1493 2497 tlrdinis
1505 2464 1765 2497 Praedicatorum
1782 2463 1813 2496 in
1830 2463 2020 2497 humilitatis

1262 2513 1387 2555 spiritu,
1408 2513 1467 2545 sub
1484 2513 1657 2551 Religionis
1691 2513 1764 2555 iugo
1785 2512 1849 2544 Deo
1878 2512 2019 2545 servien-

1263 2563 1354 2601 tium,
1378 2563 1620 2595 necessitatibus
1650 2562 1864 2600 intendamus,
1888 2561 2018 2605 dispen-

1261 2612 1321 2643 diis
1341 2617 1369 2644 et
1391 2612 1664 2656 oppressionibus,
1686 2611 1789 2643 divina
1824 2617 2019 2654 cooperante

471 2667 608 2702 semare,
644 2661 740 2693 etiam
779 2660 862 2694 dicta
891 2660 1080 2694 auctoritate
1111 2667 1219 2694 nostra
1239 2675 1244 2708 3
1262 2661 1442 2701 clementia,
1464 2661 1638 2694 salubriter
1670 2670 1901 2694 occurramus.

2031 264 2078 290 An.
2097 260 2125 289 C.
2143 262 2209 290 ¹567

2055 804 2141 826 Sanctio
2160 808 2214 832 poe-

2030 837 2092 858 nalts.

2062 2209 2184 2231 Exordium.
