<?xml version="1.0" encoding="UTF-8"?>
<!DOCTYPE html PUBLIC "-//W3C//DTD XHTML 1.0 Transitional//EN"
    "http://www.w3.org/TR/xhtml1/DTD/xhtml1-transitional.dtd">
<html xmlns="http://www.w3.org/1999/xhtml" xml:lang="en" lang="en">
 <head>
  <title>
</title>
<meta http-equiv="Content-Type" content="text/html;charset=utf-8" />
  <meta name='ocr-system' content='tesseract 3.04.00' />
  <meta name='ocr-capabilities' content='ocr_page ocr_carea ocr_par ocr_line ocrx_word'/>
</head>
<body>
  <div class='ocr_page' id='page_1' title='image "./bullarumdiplomat07cath_0962.png"; bbox 0 0 2237 3100; ppageno 0'>
   <div class='ocr_carea' id='block_1_1' title="bbox 247 250 425 277">
    <p class='ocr_par' dir='ltr' id='par_1_1' title="bbox 247 250 425 277">
     <span class='ocr_line' id='line_1_1' title="bbox 247 250 425 277; baseline 0 -1"><span class='ocrx_word' id='word_1_1' title='bbox 247 252 293 276; x_wconf 75' lang='lat' dir='ltr'>Aa.</span> <span class='ocrx_word' id='word_1_2' title='bbox 314 251 341 277; x_wconf 91' lang='lat' dir='ltr'>C.</span> <span class='ocrx_word' id='word_1_3' title='bbox 365 250 425 276; x_wconf 65' lang='lat'>¹571</span> 
     </span>
    </p>
   </div>
   <div class='ocr_carea' id='block_1_2' title="bbox 489 241 552 273">
    <p class='ocr_par' dir='ltr' id='par_1_2' title="bbox 489 241 552 273">
     <span class='ocr_line' id='line_1_2' title="bbox 489 241 552 273; baseline 0 0"><span class='ocrx_word' id='word_1_4' title='bbox 489 241 552 273; x_wconf 75' lang='lat'>886</span> 
     </span>
    </p>
   </div>
   <div class='ocr_carea' id='block_1_3' title="bbox 443 301 1196 1042">
    <p class='ocr_par' dir='ltr' id='par_1_3' title="bbox 443 301 1196 977">
     <span class='ocr_line' id='line_1_3' title="bbox 445 301 1192 343; baseline -0.007 -8"><span class='ocrx_word' id='word_1_5' title='bbox 445 303 551 343; x_wconf 86' lang='lat' dir='ltr'>divini,</span> <span class='ocrx_word' id='word_1_6' title='bbox 568 304 606 335; x_wconf 80' lang='lat' dir='ltr'>‹le</span> <span class='ocrx_word' id='word_1_7' title='bbox 621 302 801 335; x_wconf 82' lang='lat' dir='ltr'>obedientia</span> <span class='ocrx_word' id='word_1_8' title='bbox 814 307 841 333; x_wconf 88' lang='lat' dir='ltr'>et</span> <span class='ocrx_word' id='word_1_9' title='bbox 859 301 932 339; x_wconf 82' lang='lat' dir='ltr'>vita,</span> <span class='ocrx_word' id='word_1_10' title='bbox 953 306 984 332; x_wconf 93' lang='lat' dir='ltr'>ut</span> <span class='ocrx_word' id='word_1_11' title='bbox 1000 306 1092 332; x_wconf 86' lang='lat' dir='ltr'>antea</span> <span class='ocrx_word' id='word_1_12' title='bbox 1105 310 1192 331; x_wconf 81' lang='lat' dir='ltr'>com-</span> 
     </span>
     <span class='ocr_line' id='line_1_4' title="bbox 444 352 1194 399; baseline -0.005 -11"><span class='ocrx_word' id='word_1_13' title='bbox 444 355 545 395; x_wconf 83' lang='lat' dir='ltr'>muni,</span> <span class='ocrx_word' id='word_1_14' title='bbox 564 356 665 399; x_wconf 82' lang='lat' dir='ltr'>deque</span> <span class='ocrx_word' id='word_1_15' title='bbox 680 354 774 387; x_wconf 86' lang='lat' dir='ltr'>modo</span> <span class='ocrx_word' id='word_1_16' title='bbox 793 353 1054 396; x_wconf 77' lang='lat' dir='ltr'>recipiendorum</span> <span class='ocrx_word' id='word_1_17' title='bbox 1075 358 1104 384; x_wconf 83' lang='lat' dir='ltr'>et</span> <span class='ocrx_word' id='word_1_18' title='bbox 1118 352 1194 384; x_wconf 87' lang='lat' dir='ltr'>edu-</span> 
     </span>
     <span class='ocr_line' id='line_1_5' title="bbox 445 406 1194 449; baseline -0.005 -7"><span class='ocrx_word' id='word_1_19' title='bbox 445 409 621 442; x_wconf 87' lang='lat' dir='ltr'>candorum</span> <span class='ocrx_word' id='word_1_20' title='bbox 648 407 871 449; x_wconf 58' lang='lat' dir='ltr'>religiosorum</span> <span class='ocrx_word' id='word_1_21' title='bbox 904 406 1109 449; x_wconf 69' lang='lat' dir='ltr'>providenter</span> <span class='ocrx_word' id='word_1_22' title='bbox 1133 411 1194 438; x_wconf 77' lang='lat' dir='ltr'>sta-</span> 
     </span>
     <span class='ocr_line' id='line_1_6' title="bbox 444 460 1193 503; baseline -0.004 -8"><span class='ocrx_word' id='word_1_23' title='bbox 444 468 560 502; x_wconf 84' lang='lat' dir='ltr'>tuerat,</span> <span class='ocrx_word' id='word_1_24' title='bbox 588 472 660 494; x_wconf 85' lang='lat' dir='ltr'>cum</span> <span class='ocrx_word' id='word_1_25' title='bbox 679 461 931 503; x_wconf 71' lang='lat' dir='ltr'>intelligeremus</span> <span class='ocrx_word' id='word_1_26' title='bbox 948 471 1001 493; x_wconf 80' lang='lat' dir='ltr'>eos</span> <span class='ocrx_word' id='word_1_27' title='bbox 1026 460 1078 492; x_wconf 88' lang='lat' dir='ltr'>illa</span> <span class='ocrx_word' id='word_1_28' title='bbox 1108 466 1193 492; x_wconf 70' lang='lat' dir='ltr'>eete-</span> 
     </span>
     <span class='ocr_line' id='line_1_7' title="bbox 444 514 1194 558; baseline -0.003 -10"><span class='ocrx_word' id='word_1_29' title='bbox 444 515 889 558; x_wconf 68' lang='lat' dir='ltr'>raqueomniaRegulaesuae</span> <span class='ocrx_word' id='word_1_30' title='bbox 905 514 1046 547; x_wconf 76' lang='lat' dir='ltr'>instituta</span> <span class='ocrx_word' id='word_1_31' title='bbox 1062 514 1194 546; x_wconf 82' lang='lat' dir='ltr'>omnino</span> 
     </span>
     <span class='ocr_line' id='line_1_8' title="bbox 444 568 1194 612; baseline -0.003 -11"><span class='ocrx_word' id='word_1_32' title='bbox 444 569 621 612; x_wconf 82' lang='lat' dir='ltr'>aspernari,</span> <span class='ocrx_word' id='word_1_33' title='bbox 644 574 804 610; x_wconf 61' lang='lat' dir='ltr'>vitamque</span> <span class='ocrx_word' id='word_1_34' title='bbox 822 568 967 600; x_wconf 89' lang='lat' dir='ltr'>omnium</span> <span class='ocrx_word' id='word_1_35' title='bbox 994 568 1194 611; x_wconf 83' lang='lat' dir='ltr'>voluptatum</span> 
     </span>
     <span class='ocr_line' id='line_1_9' title="bbox 444 622 1193 666; baseline -0.003 -11"><span class='ocrx_word' id='word_1_36' title='bbox 444 629 624 655; x_wconf 86' lang='lat' dir='ltr'>consertam</span> <span class='ocrx_word' id='word_1_37' title='bbox 643 623 778 661; x_wconf 70' lang='lat' dir='ltr'>ducere,</span> <span class='ocrx_word' id='word_1_38' title='bbox 806 633 841 654; x_wconf 84' lang='lat' dir='ltr'>ac</span> <span class='ocrx_word' id='word_1_39' title='bbox 865 622 1065 666; x_wconf 76' lang='lat' dir='ltr'>praepositos</span> <span class='ocrx_word' id='word_1_40' title='bbox 1085 628 1112 654; x_wconf 83' lang='lat' dir='ltr'>et</span> <span class='ocrx_word' id='word_1_41' title='bbox 1140 624 1193 665; x_wconf 87' lang='lat' dir='ltr'>‹1ui</span> 
     </span>
     <span class='ocr_line' id='line_1_10' title="bbox 443 675 1194 712; baseline -0.003 -3"><span class='ocrx_word' id='word_1_42' title='bbox 443 687 478 709; x_wconf 83' lang='lat' dir='ltr'>ex</span> <span class='ocrx_word' id='word_1_43' title='bbox 514 687 551 709; x_wconf 83' lang='lat' dir='ltr'>eo</span> <span class='ocrx_word' id='word_1_44' title='bbox 585 675 702 709; x_wconf 81' lang='lat' dir='ltr'>Ordine</span> <span class='ocrx_word' id='word_1_45' title='bbox 739 688 846 708; x_wconf 86' lang='lat' dir='ltr'>rerum</span> <span class='ocrx_word' id='word_1_46' title='bbox 883 675 1194 712; x_wconf 75' lang='lat' dir='ltr'>:ulministrationem</span> 
     </span>
     <span class='ocr_line' id='line_1_11' title="bbox 444 730 1193 772; baseline -0.001 -10"><span class='ocrx_word' id='word_1_47' title='bbox 444 730 620 766; x_wconf 80' lang='lat' dir='ltr'>habebant,</span> <span class='ocrx_word' id='word_1_48' title='bbox 647 730 763 762; x_wconf 85' lang='lat' dir='ltr'>bonam</span> <span class='ocrx_word' id='word_1_49' title='bbox 788 741 1002 772; x_wconf 69' lang='lat' dir='ltr'>magnamque</span> <span class='ocrx_word' id='word_1_50' title='bbox 1029 730 1193 761; x_wconf 77' lang='lat' dir='ltr'>fructuum</span> 
     </span>
     <span class='ocr_line' id='line_1_12' title="bbox 444 783 1196 828; baseline 0.001 -13"><span class='ocrx_word' id='word_1_51' title='bbox 444 790 580 827; x_wconf 84' lang='lat' dir='ltr'>partem,</span> <span class='ocrx_word' id='word_1_52' title='bbox 616 784 713 816; x_wconf 82' lang='lat' dir='ltr'>veluti</span> <span class='ocrx_word' id='word_1_53' title='bbox 748 784 927 828; x_wconf 86' lang='lat' dir='ltr'>propriam,</span> <span class='ocrx_word' id='word_1_54' title='bbox 951 785 983 815; x_wconf 93' lang='lat' dir='ltr'>in</span> <span class='ocrx_word' id='word_1_55' title='bbox 1004 783 1196 816; x_wconf 66' lang='lat' dir='ltr'>vanitatibus</span> 
     </span>
     <span class='ocr_line' id='line_1_13' title="bbox 444 837 1196 881; baseline 0.001 -12"><span class='ocrx_word' id='word_1_56' title='bbox 444 837 614 870; x_wconf 90' lang='lat' dir='ltr'>mundanis</span> <span class='ocrx_word' id='word_1_57' title='bbox 626 837 946 881; x_wconf 79' lang='lat' dir='ltr'>turpitudinibasque</span> <span class='ocrx_word' id='word_1_58' title='bbox 956 837 1108 879; x_wconf 69' lang='lat' dir='ltr'>flagitiose</span> <span class='ocrx_word' id='word_1_59' title='bbox 1125 848 1196 880; x_wconf 86' lang='lat' dir='ltr'>pro-</span> 
     </span>
     <span class='ocr_line' id='line_1_14' title="bbox 445 891 1196 935; baseline 0 -12"><span class='ocrx_word' id='word_1_60' title='bbox 445 891 577 923; x_wconf 79' lang='lat' dir='ltr'>fundere</span> <span class='ocrx_word' id='word_1_61' title='bbox 591 918 598 931; x_wconf 87' lang='lat'>,</span> <span class='ocrx_word' id='word_1_62' title='bbox 627 893 862 935; x_wconf 82' lang='lat' dir='ltr'>innumeraque</span> <span class='ocrx_word' id='word_1_63' title='bbox 897 891 1018 923; x_wconf 77' lang='lat' dir='ltr'>scelera</span> <span class='ocrx_word' id='word_1_64' title='bbox 1051 894 1196 923; x_wconf 80' lang='lat' dir='ltr'>conmut-</span> 
     </span>
     <span class='ocr_line' id='line_1_15' title="bbox 446 950 523 977; baseline 0.013 -1"><span class='ocrx_word' id='word_1_65' title='bbox 446 950 523 977; x_wconf 87' lang='lat' dir='ltr'>tere.</span> 
     </span>
    </p>

    <p class='ocr_par' dir='ltr' id='par_1_4' title="bbox 483 998 1195 1042">
     <span class='ocr_line' id='line_1_16' title="bbox 483 998 1195 1042; baseline 0.001 -12"><span class='ocrx_word' id='word_1_66' title='bbox 483 999 498 1041; x_wconf 63' lang='lat' dir='ltr'>g</span> <span class='ocrx_word' id='word_1_67' title='bbox 518 998 548 1030; x_wconf 65' lang='lat'>2.</span> <span class='ocrx_word' id='word_1_68' title='bbox 563 998 711 1035; x_wconf 73' lang='lat' dir='ltr'>Nos,vias</span> <span class='ocrx_word' id='word_1_69' title='bbox 727 1009 848 1035; x_wconf 74' lang='lat' dir='ltr'>omnes,</span> <span class='ocrx_word' id='word_1_70' title='bbox 864 1010 945 1042; x_wconf 84' lang='lat' dir='ltr'>quac</span> <span class='ocrx_word' id='word_1_71' title='bbox 957 998 1027 1031; x_wconf 88' lang='lat' dir='ltr'>illos</span> <span class='ocrx_word' id='word_1_72' title='bbox 1043 998 1073 1030; x_wconf 88' lang='lat' dir='ltr'>in</span> <span class='ocrx_word' id='word_1_73' title='bbox 1086 1004 1195 1042; x_wconf 80' lang='lat' dir='ltr'>aperta</span> 
     </span>
    </p>
   </div>
   <div class='ocr_carea' id='block_1_4' title="bbox 376 1052 1197 1096">
    <p class='ocr_par' dir='ltr' id='par_1_5' title="bbox 376 1052 1197 1096">
     <span class='ocr_line' id='line_1_17' title="bbox 376 1052 1197 1096; baseline 0.001 -12"><span class='ocrx_word' id='word_1_74' title='bbox 376 1066 395 1077; x_wconf 76' lang='lat'>‹-</span> <span class='ocrx_word' id='word_1_75' title='bbox 415 1066 426 1078; x_wconf 83' lang='grc' dir='ltr'>ι-</span> <span class='ocrx_word' id='word_1_76' title='bbox 443 1052 783 1096; x_wconf 81' lang='lat' dir='ltr'>huiusmodipericula</span> <span class='ocrx_word' id='word_1_77' title='bbox 796 1053 1106 1096; x_wconf 84' lang='lat' dir='ltr'>atqueincommoda</span> <span class='ocrx_word' id='word_1_78' title='bbox 1122 1064 1197 1085; x_wconf 81' lang='lat' dir='ltr'>con-</span> 
     </span>
    </p>
   </div>
   <div class='ocr_carea' id='block_1_5' title="bbox 350 1101 1197 1150">
    <p class='ocr_par' dir='ltr' id='par_1_6' title="bbox 350 1101 1197 1150">
     <span class='ocr_line' id='line_1_18' title="bbox 350 1101 1197 1150; baseline -0.002 -10"><span class='ocrx_word' id='word_1_79' title='bbox 350 1128 360 1140; x_wconf 51' lang='grc' dir='ltr'><em>ο</em></span> <span class='ocrx_word' id='word_1_80' title='bbox 405 1101 597 1145; x_wconf 56' lang='grc' dir='ltr'>0ἶίθεοιϊιηῑ,</span> <span class='ocrx_word' id='word_1_81' title='bbox 620 1106 790 1138; x_wconf 71' lang='lat' dir='ltr'>excludere</span> <span class='ocrx_word' id='word_1_82' title='bbox 812 1106 930 1142; x_wconf 72' lang='lat' dir='ltr'>conati.</span> <span class='ocrx_word' id='word_1_83' title='bbox 956 1107 1110 1150; x_wconf 85' lang='lat' dir='ltr'>pleraque</span> <span class='ocrx_word' id='word_1_84' title='bbox 1136 1106 1197 1139; x_wconf 89' lang='lat' dir='ltr'>alia</span> 
     </span>
    </p>
   </div>
   <div class='ocr_carea' id='block_1_6' title="bbox 245 1756 428 1875">
    <p class='ocr_par' dir='ltr' id='par_1_7' title="bbox 245 1756 428 1875">
     <span class='ocr_line' id='line_1_19' title="bbox 302 1756 427 1777; baseline 0.008 -2"><span class='ocrx_word' id='word_1_85' title='bbox 302 1756 342 1777; x_wconf 78' lang='lat' dir='ltr'>Sed</span> <span class='ocrx_word' id='word_1_86' title='bbox 359 1760 427 1776; x_wconf 62' lang='lat' dir='ltr'>tamen</span> 
     </span>
     <span class='ocr_line' id='line_1_20' title="bbox 246 1787 428 1808; baseline 0.005 -1"><span class='ocrx_word' id='word_1_87' title='bbox 246 1790 307 1808; x_wconf 72' lang='lat' dir='ltr'>tidem</span> <span class='ocrx_word' id='word_1_88' title='bbox 350 1787 428 1808; x_wconf 74' lang='lat' dir='ltr'>[ratres</span> 
     </span>
     <span class='ocr_line' id='line_1_21' title="bbox 245 1819 419 1843; baseline 0 -5"><span class='ocrx_word' id='word_1_89' title='bbox 245 1819 368 1843; x_wconf 60' lang='lat' dir='ltr'>flagitiosam</span> <span class='ocrx_word' id='word_1_90' title='bbox 416 1820 419 1822; x_wconf 88' lang='lat'>&#39;</span> 
     </span>
     <span class='ocr_line' id='line_1_22' title="bbox 246 1851 401 1875; baseline 0.006 -6"><span class='ocrx_word' id='word_1_91' title='bbox 246 1851 401 1875; x_wconf 75' lang='lat' dir='ltr'>iamtotiuent;</span> 
     </span>
    </p>
   </div>
   <div class='ocr_carea' id='block_1_7' title="bbox 441 1159 1200 1794">
    <p class='ocr_par' dir='ltr' id='par_1_8' title="bbox 441 1159 1199 1676">
     <span class='ocr_line' id='line_1_23' title="bbox 443 1159 1196 1203; baseline -0.003 -12"><span class='ocrx_word' id='word_1_92' title='bbox 443 1159 482 1191; x_wconf 90' lang='lat' dir='ltr'>de</span> <span class='ocrx_word' id='word_1_93' title='bbox 508 1161 651 1203; x_wconf 88' lang='lat' dir='ltr'>ipsorum</span> <span class='ocrx_word' id='word_1_94' title='bbox 673 1159 745 1199; x_wconf 84' lang='lat' dir='ltr'>vita,</span> <span class='ocrx_word' id='word_1_95' title='bbox 774 1159 920 1192; x_wconf 87' lang='lat' dir='ltr'>moribus</span> <span class='ocrx_word' id='word_1_96' title='bbox 945 1166 973 1192; x_wconf 87' lang='lat' dir='ltr'>et</span> <span class='ocrx_word' id='word_1_97' title='bbox 1000 1162 1196 1203; x_wconf 67' lang='lat' dir='ltr'>proprietater</span> 
     </span>
     <span class='ocr_line' id='line_1_24' title="bbox 441 1212 1196 1257; baseline 0 -11"><span class='ocrx_word' id='word_1_98' title='bbox 441 1213 583 1255; x_wconf 75' lang='lat' dir='ltr'>Regulae</span> <span class='ocrx_word' id='word_1_99' title='bbox 605 1212 751 1249; x_wconf 79' lang='lat' dir='ltr'>inimica,</span> <span class='ocrx_word' id='word_1_100' title='bbox 768 1213 871 1257; x_wconf 77' lang='lat' dir='ltr'>deque</span> <span class='ocrx_word' id='word_1_101' title='bbox 889 1213 984 1246; x_wconf 89' lang='lat' dir='ltr'>modo</span> <span class='ocrx_word' id='word_1_102' title='bbox 1001 1219 1030 1246; x_wconf 84' lang='lat' dir='ltr'>et</span> <span class='ocrx_word' id='word_1_103' title='bbox 1052 1220 1196 1257; x_wconf 84' lang='lat' dir='ltr'>tempore</span> 
     </span>
     <span class='ocr_line' id='line_1_25' title="bbox 442 1266 1196 1311; baseline 0.003 -13"><span class='ocrx_word' id='word_1_104' title='bbox 442 1266 672 1308; x_wconf 69' lang='lat' dir='ltr'>gubernandae</span> <span class='ocrx_word' id='word_1_105' title='bbox 686 1266 843 1309; x_wconf 75' lang='lat' dir='ltr'>cuiusque</span> <span class='ocrx_word' id='word_1_106' title='bbox 852 1267 1107 1311; x_wconf 71' lang='lat' dir='ltr'>praepositurae,</span> <span class='ocrx_word' id='word_1_107' title='bbox 1121 1278 1196 1300; x_wconf 88' lang='lat' dir='ltr'>nec-</span> 
     </span>
     <span class='ocr_line' id='line_1_26' title="bbox 443 1319 1197 1361; baseline 0.001 -9"><span class='ocrx_word' id='word_1_108' title='bbox 443 1330 507 1352; x_wconf 86' lang='lat' dir='ltr'>non</span> <span class='ocrx_word' id='word_1_109' title='bbox 528 1320 652 1352; x_wconf 89' lang='lat' dir='ltr'>ratione</span> <span class='ocrx_word' id='word_1_110' title='bbox 672 1319 960 1353; x_wconf 69' lang='lat' dir='ltr'>administrationis</span> <span class='ocrx_word' id='word_1_111' title='bbox 979 1321 1153 1361; x_wconf 64' lang='lat' dir='ltr'>bonorum,</span> <span class='ocrx_word' id='word_1_112' title='bbox 1168 1327 1197 1353; x_wconf 93' lang='lat' dir='ltr'>et</span> 
     </span>
     <span class='ocr_line' id='line_1_27' title="bbox 442 1373 1198 1417; baseline 0.001 -11"><span class='ocrx_word' id='word_1_113' title='bbox 442 1373 682 1417; x_wconf 86' lang='lat' dir='ltr'>dispensatione</span> <span class='ocrx_word' id='word_1_114' title='bbox 707 1380 946 1417; x_wconf 85' lang='lat' dir='ltr'>proventuum,</span> <span class='ocrx_word' id='word_1_115' title='bbox 971 1374 1104 1417; x_wconf 83' lang='lat' dir='ltr'>aliisque</span> <span class='ocrx_word' id='word_1_116' title='bbox 1128 1386 1198 1407; x_wconf 89' lang='lat' dir='ltr'>mu-</span> 
     </span>
     <span class='ocr_line' id='line_1_28' title="bbox 442 1427 1198 1471; baseline -0.001 -11"><span class='ocrx_word' id='word_1_117' title='bbox 442 1427 578 1460; x_wconf 88' lang='lat' dir='ltr'>neribus</span> <span class='ocrx_word' id='word_1_118' title='bbox 590 1433 617 1460; x_wconf 89' lang='lat' dir='ltr'>et</span> <span class='ocrx_word' id='word_1_119' title='bbox 631 1427 757 1467; x_wconf 81' lang='lat' dir='ltr'>officiis,</span> <span class='ocrx_word' id='word_1_120' title='bbox 776 1427 814 1459; x_wconf 90' lang='lat' dir='ltr'>ad</span> <span class='ocrx_word' id='word_1_121' title='bbox 828 1428 970 1471; x_wconf 72' lang='lat' dir='ltr'>prolapsi</span> <span class='ocrx_word' id='word_1_122' title='bbox 989 1428 1086 1461; x_wconf 74' lang='lat' dir='ltr'>liuius</span> <span class='ocrx_word' id='word_1_123' title='bbox 1099 1434 1198 1461; x_wconf 83' lang='lat' dir='ltr'>status</span> 
     </span>
     <span class='ocr_line' id='line_1_29' title="bbox 442 1481 1197 1525; baseline 0.003 -12"><span class='ocrx_word' id='word_1_124' title='bbox 442 1481 630 1525; x_wconf 85' lang='lat' dir='ltr'>disciplinae</span> <span class='ocrx_word' id='word_1_125' title='bbox 658 1482 816 1525; x_wconf 72' lang='lat' dir='ltr'>regularis</span> <span class='ocrx_word' id='word_1_126' title='bbox 857 1482 1094 1525; x_wconf 83' lang='lat' dir='ltr'>reparationem</span> <span class='ocrx_word' id='word_1_127' title='bbox 1130 1494 1197 1515; x_wconf 89' lang='lat' dir='ltr'>ma-</span> 
     </span>
     <span class='ocr_line' id='line_1_30' title="bbox 441 1535 1199 1580; baseline 0.001 -12"><span class='ocrx_word' id='word_1_128' title='bbox 441 1535 524 1568; x_wconf 83' lang='lat' dir='ltr'>xime</span> <span class='ocrx_word' id='word_1_129' title='bbox 547 1535 799 1571; x_wconf 82' lang='lat' dir='ltr'>conserentibus,</span> <span class='ocrx_word' id='word_1_130' title='bbox 828 1535 1006 1575; x_wconf 87' lang='lat' dir='ltr'>edidimus,</span> <span class='ocrx_word' id='word_1_131' title='bbox 1034 1543 1199 1580; x_wconf 75' lang='lat' dir='ltr'>sperantes</span> 
     </span>
     <span class='ocr_line' id='line_1_31' title="bbox 443 1589 1198 1633; baseline 0 -11"><span class='ocrx_word' id='word_1_132' title='bbox 443 1589 497 1622; x_wconf 84' lang='lat' dir='ltr'>illa</span> <span class='ocrx_word' id='word_1_133' title='bbox 514 1600 688 1633; x_wconf 82' lang='lat' dir='ltr'>prosperos</span> <span class='ocrx_word' id='word_1_134' title='bbox 703 1590 831 1622; x_wconf 87' lang='lat' dir='ltr'>tandem</span> <span class='ocrx_word' id='word_1_135' title='bbox 852 1600 1021 1622; x_wconf 83' lang='lat' dir='ltr'>successus</span> <span class='ocrx_word' id='word_1_136' title='bbox 1037 1590 1123 1623; x_wconf 86' lang='lat' dir='ltr'>dicto</span> <span class='ocrx_word' id='word_1_137' title='bbox 1139 1590 1198 1624; x_wconf 92' lang='lat' dir='ltr'>Or-</span> 
     </span>
     <span class='ocr_line' id='line_1_32' title="bbox 443 1643 681 1676; baseline 0 -1"><span class='ocrx_word' id='word_1_138' title='bbox 443 1643 510 1675; x_wconf 90' lang='lat' dir='ltr'>dini</span> <span class='ocrx_word' id='word_1_139' title='bbox 533 1643 681 1676; x_wconf 85' lang='lat' dir='ltr'>allatura.</span> 
     </span>
    </p>

    <p class='ocr_par' dir='ltr' id='par_1_9' title="bbox 443 1696 1200 1794">
     <span class='ocr_line' id='line_1_33' title="bbox 487 1696 1200 1741; baseline 0.001 -12"><span class='ocrx_word' id='word_1_140' title='bbox 487 1697 501 1740; x_wconf 62' lang='grc' dir='ltr'><strong>ξ</strong></span> <span class='ocrx_word' id='word_1_141' title='bbox 517 1696 549 1729; x_wconf 82' lang='grc'>3.</span> <span class='ocrx_word' id='word_1_142' title='bbox 564 1697 638 1737; x_wconf 86' lang='lat' dir='ltr'>Sed,</span> <span class='ocrx_word' id='word_1_143' title='bbox 650 1696 822 1730; x_wconf 89' lang='lat' dir='ltr'>obsistente</span> <span class='ocrx_word' id='word_1_144' title='bbox 836 1696 995 1730; x_wconf 82' lang='lat' dir='ltr'>bonarum</span> <span class='ocrx_word' id='word_1_145' title='bbox 1009 1709 1117 1730; x_wconf 87' lang='lat' dir='ltr'>rerum</span> <span class='ocrx_word' id='word_1_146' title='bbox 1128 1709 1200 1741; x_wconf 84' lang='lat' dir='ltr'>per-</span> 
     </span>
     <span class='ocr_line' id='line_1_34' title="bbox 443 1750 1199 1794; baseline 0.003 -12"><span class='ocrx_word' id='word_1_147' title='bbox 443 1750 621 1791; x_wconf 89' lang='lat' dir='ltr'>turbatore,</span> <span class='ocrx_word' id='word_1_148' title='bbox 645 1751 792 1794; x_wconf 80' lang='lat' dir='ltr'>plerique</span> <span class='ocrx_word' id='word_1_149' title='bbox 813 1761 924 1783; x_wconf 85' lang='lat' dir='ltr'>omnes</span> <span class='ocrx_word' id='word_1_150' title='bbox 945 1751 1112 1794; x_wconf 59' lang='lat' dir='ltr'>(quoniam</span> <span class='ocrx_word' id='word_1_151' title='bbox 1136 1751 1199 1784; x_wconf 88' lang='lat' dir='ltr'>otio</span> 
     </span>
    </p>
   </div>
   <div class='ocr_carea' id='block_1_8' title="bbox 401 1803 1199 1845">
    <p class='ocr_par' dir='ltr' id='par_1_10' title="bbox 401 1803 1199 1845">
     <span class='ocr_line' id='line_1_35' title="bbox 401 1803 1199 1845; baseline 0 -8"><span class='ocrx_word' id='word_1_152' title='bbox 401 1825 427 1838; x_wconf 57' lang='lat' dir='ltr'>m.</span> <span class='ocrx_word' id='word_1_153' title='bbox 443 1809 472 1837; x_wconf 88' lang='lat' dir='ltr'>et</span> <span class='ocrx_word' id='word_1_154' title='bbox 498 1803 620 1836; x_wconf 84' lang='lat' dir='ltr'>desidia</span> <span class='ocrx_word' id='word_1_155' title='bbox 646 1803 781 1836; x_wconf 87' lang='lat' dir='ltr'>nimium</span> <span class='ocrx_word' id='word_1_156' title='bbox 810 1808 1038 1839; x_wconf 66' lang='lat' dir='ltr'>assueverant)</span> <span class='ocrx_word' id='word_1_157' title='bbox 1059 1805 1199 1845; x_wconf 59' lang='lat' dir='ltr'>Regula«-</span> 
     </span>
    </p>
   </div>
   <div class='ocr_carea' id='block_1_9' title="bbox 444 1857 1202 2385">
    <p class='ocr_par' dir='ltr' id='par_1_11' title="bbox 444 1857 1202 2385">
     <span class='ocr_line' id='line_1_36' title="bbox 444 1857 1199 1892; baseline 0.001 -2"><span class='ocrx_word' id='word_1_158' title='bbox 444 1857 588 1890; x_wconf 87' lang='lat' dir='ltr'>instituta</span> <span class='ocrx_word' id='word_1_159' title='bbox 599 1864 628 1891; x_wconf 91' lang='lat' dir='ltr'>et</span> <span class='ocrx_word' id='word_1_160' title='bbox 641 1857 897 1890; x_wconf 78' lang='lat' dir='ltr'>ememlationem</span> <span class='ocrx_word' id='word_1_161' title='bbox 907 1858 1130 1892; x_wconf 80' lang='lat' dir='ltr'>abhorrentes.</span> <span class='ocrx_word' id='word_1_162' title='bbox 1143 1859 1199 1891; x_wconf 82' lang='lat' dir='ltr'>etsi</span> 
     </span>
     <span class='ocr_line' id='line_1_37' title="bbox 444 1914 1200 1956; baseline 0.001 -12"><span class='ocrx_word' id='word_1_163' title='bbox 444 1918 560 1945; x_wconf 87' lang='lat' dir='ltr'>statuta</span> <span class='ocrx_word' id='word_1_164' title='bbox 581 1918 610 1945; x_wconf 91' lang='lat' dir='ltr'>et</span> <span class='ocrx_word' id='word_1_165' title='bbox 632 1918 803 1956; x_wconf 81' lang='lat' dir='ltr'>praecepta</span> <span class='ocrx_word' id='word_1_166' title='bbox 820 1918 928 1944; x_wconf 78' lang='lat' dir='ltr'>nostra</span> <span class='ocrx_word' id='word_1_167' title='bbox 943 1914 1107 1945; x_wconf 87' lang='lat' dir='ltr'>communi</span> <span class='ocrx_word' id='word_1_168' title='bbox 1126 1925 1200 1946; x_wconf 83' lang='lat' dir='ltr'>con-</span> 
     </span>
     <span class='ocr_line' id='line_1_38' title="bbox 444 1966 1200 2010; baseline 0.001 -12"><span class='ocrx_word' id='word_1_169' title='bbox 444 1977 541 1998; x_wconf 85' lang='lat' dir='ltr'>sensu</span> <span class='ocrx_word' id='word_1_170' title='bbox 555 1966 661 2009; x_wconf 87' lang='lat' dir='ltr'>palam</span> <span class='ocrx_word' id='word_1_171' title='bbox 673 1971 895 2009; x_wconf 75' lang='lat' dir='ltr'>acceptarunt,</span> <span class='ocrx_word' id='word_1_172' title='bbox 911 1967 993 1998; x_wconf 90' lang='lat' dir='ltr'>clam</span> <span class='ocrx_word' id='word_1_173' title='bbox 1009 1973 1116 1999; x_wconf 84' lang='lat' dir='ltr'>tamen</span> <span class='ocrx_word' id='word_1_174' title='bbox 1129 1966 1200 2010; x_wconf 83' lang='lat' dir='ltr'>qui-</span> 
     </span>
     <span class='ocr_line' id='line_1_39' title="bbox 444 2019 1201 2063; baseline 0.001 -12"><span class='ocrx_word' id='word_1_175' title='bbox 444 2020 504 2052; x_wconf 90' lang='lat' dir='ltr'>bus</span> <span class='ocrx_word' id='word_1_176' title='bbox 517 2019 569 2051; x_wconf 91' lang='lat' dir='ltr'>illa</span> <span class='ocrx_word' id='word_1_177' title='bbox 582 2019 684 2052; x_wconf 89' lang='lat' dir='ltr'>modis</span> <span class='ocrx_word' id='word_1_178' title='bbox 698 2019 938 2063; x_wconf 78' lang='lat' dir='ltr'>supprimerent</span> <span class='ocrx_word' id='word_1_179' title='bbox 954 2020 1201 2053; x_wconf 85' lang='lat' dir='ltr'>comminiscen-</span> 
     </span>
     <span class='ocr_line' id='line_1_40' title="bbox 444 2073 1200 2116; baseline 0 -9"><span class='ocrx_word' id='word_1_180' title='bbox 444 2080 502 2113; x_wconf 86' lang='lat' dir='ltr'>tes,</span> <span class='ocrx_word' id='word_1_181' title='bbox 524 2073 662 2106; x_wconf 85' lang='lat' dir='ltr'>nefarias</span> <span class='ocrx_word' id='word_1_182' title='bbox 678 2073 924 2116; x_wconf 79' lang='lat' dir='ltr'>protestationes</span> <span class='ocrx_word' id='word_1_183' title='bbox 936 2073 1103 2107; x_wconf 84' lang='lat' dir='ltr'>inocculto</span> <span class='ocrx_word' id='word_1_184' title='bbox 1117 2075 1200 2107; x_wconf 86' lang='lat' dir='ltr'>sece-</span> 
     </span>
     <span class='ocr_line' id='line_1_41' title="bbox 445 2127 1202 2171; baseline 0.003 -12"><span class='ocrx_word' id='word_1_185' title='bbox 445 2132 532 2167; x_wconf 83' lang='lat' dir='ltr'>runt,</span> <span class='ocrx_word' id='word_1_186' title='bbox 555 2127 753 2160; x_wconf 88' lang='lat' dir='ltr'>necessarios</span> <span class='ocrx_word' id='word_1_187' title='bbox 764 2137 839 2159; x_wconf 86' lang='lat' dir='ltr'>suos</span> <span class='ocrx_word' id='word_1_188' title='bbox 850 2132 878 2159; x_wconf 89' lang='lat' dir='ltr'>et</span> <span class='ocrx_word' id='word_1_189' title='bbox 901 2127 980 2160; x_wconf 88' lang='lat' dir='ltr'>alios</span> <span class='ocrx_word' id='word_1_190' title='bbox 1003 2128 1202 2171; x_wconf 87' lang='lat' dir='ltr'>potentiores</span> 
     </span>
     <span class='ocr_line' id='line_1_42' title="bbox 445 2180 1200 2221; baseline 0.001 -8"><span class='ocrx_word' id='word_1_191' title='bbox 445 2181 544 2214; x_wconf 69' lang='lat' dir='ltr'>laicos</span> <span class='ocrx_word' id='word_1_192' title='bbox 556 2181 594 2213; x_wconf 90' lang='lat' dir='ltr'>ad</span> <span class='ocrx_word' id='word_1_193' title='bbox 609 2180 774 2213; x_wconf 80' lang='lat' dir='ltr'>intestinas</span> <span class='ocrx_word' id='word_1_194' title='bbox 789 2180 960 2213; x_wconf 82' lang='lat' dir='ltr'>seditiones</span> <span class='ocrx_word' id='word_1_195' title='bbox 983 2181 1200 2221; x_wconf 85' lang='lat' dir='ltr'>concitarunt,</span> 
     </span>
     <span class='ocr_line' id='line_1_43' title="bbox 446 2234 1202 2278; baseline 0.001 -11"><span class='ocrx_word' id='word_1_196' title='bbox 446 2245 595 2267; x_wconf 76' lang='lat' dir='ltr'>suasores</span> <span class='ocrx_word' id='word_1_197' title='bbox 624 2240 792 2278; x_wconf 87' lang='lat' dir='ltr'>praeterea</span> <span class='ocrx_word' id='word_1_198' title='bbox 821 2240 849 2267; x_wconf 88' lang='lat' dir='ltr'>et</span> <span class='ocrx_word' id='word_1_199' title='bbox 872 2234 1066 2278; x_wconf 81' lang='lat' dir='ltr'>impulsores</span> <span class='ocrx_word' id='word_1_200' title='bbox 1087 2236 1125 2268; x_wconf 88' lang='lat' dir='ltr'>ad</span> <span class='ocrx_word' id='word_1_201' title='bbox 1154 2236 1202 2268; x_wconf 92' lang='lat' dir='ltr'>in-</span> 
     </span>
     <span class='ocr_line' id='line_1_44' title="bbox 449 2287 1200 2331; baseline 0 -10"><span class='ocrx_word' id='word_1_202' title='bbox 449 2288 543 2321; x_wconf 88' lang='lat' dir='ltr'>timos</span> <span class='ocrx_word' id='word_1_203' title='bbox 559 2299 762 2321; x_wconf 87' lang='lat' dir='ltr'>summorum</span> <span class='ocrx_word' id='word_1_204' title='bbox 775 2287 960 2331; x_wconf 85' lang='lat' dir='ltr'>principum</span> <span class='ocrx_word' id='word_1_205' title='bbox 978 2288 1142 2321; x_wconf 74' lang='lat' dir='ltr'>ministros</span> <span class='ocrx_word' id='word_1_206' title='bbox 1153 2290 1200 2321; x_wconf 91' lang='lat' dir='ltr'>di-</span> 
     </span>
     <span class='ocr_line' id='line_1_45' title="bbox 448 2341 1202 2385; baseline 0.001 -11"><span class='ocrx_word' id='word_1_207' title='bbox 448 2342 617 2383; x_wconf 85' lang='lat' dir='ltr'>miserunt,</span> <span class='ocrx_word' id='word_1_208' title='bbox 641 2342 695 2385; x_wconf 84' lang='lat' dir='ltr'>qui</span> <span class='ocrx_word' id='word_1_209' title='bbox 717 2342 840 2385; x_wconf 75' lang='lat' dir='ltr'>magnis</span> <span class='ocrx_word' id='word_1_210' title='bbox 860 2341 1013 2385; x_wconf 84' lang='lat' dir='ltr'>praemiis</span> <span class='ocrx_word' id='word_1_211' title='bbox 1031 2348 1058 2374; x_wconf 87' lang='lat' dir='ltr'>et</span> <span class='ocrx_word' id='word_1_212' title='bbox 1076 2342 1202 2385; x_wconf 86' lang='lat' dir='ltr'>pollici-</span> 
     </span>
    </p>
   </div>
   <div class='ocr_carea' id='block_1_10' title="bbox 448 2445 1203 2538">
    <p class='ocr_par' dir='ltr' id='par_1_12' title="bbox 448 2445 1203 2538">
     <span class='ocr_line' id='line_1_46' title="bbox 448 2445 1202 2489; baseline 0.001 -12"><span class='ocrx_word' id='word_1_213' title='bbox 448 2445 608 2478; x_wconf 89' lang='lat' dir='ltr'>dictorum</span> <span class='ocrx_word' id='word_1_214' title='bbox 630 2445 815 2489; x_wconf 79' lang='lat' dir='ltr'>principum</span> <span class='ocrx_word' id='word_1_215' title='bbox 842 2445 996 2478; x_wconf 88' lang='lat' dir='ltr'>inducere</span> <span class='ocrx_word' id='word_1_216' title='bbox 1016 2451 1051 2478; x_wconf 84' lang='lat' dir='ltr'>ut</span> <span class='ocrx_word' id='word_1_217' title='bbox 1077 2456 1135 2477; x_wconf 84' lang='lat' dir='ltr'>nos</span> <span class='ocrx_word' id='word_1_218' title='bbox 1165 2446 1202 2478; x_wconf 88' lang='lat' dir='ltr'>ad</span> 
     </span>
     <span class='ocr_line' id='line_1_47' title="bbox 448 2494 1203 2538; baseline 0 -12"><span class='ocrx_word' id='word_1_219' title='bbox 448 2494 537 2526; x_wconf 87' lang='lat' dir='ltr'>illam</span> <span class='ocrx_word' id='word_1_220' title='bbox 557 2495 802 2528; x_wconf 83' lang='lat' dir='ltr'>rescindendam</span> <span class='ocrx_word' id='word_1_221' title='bbox 817 2494 1022 2535; x_wconf 85' lang='lat' dir='ltr'>inclinarent,</span> <span class='ocrx_word' id='word_1_222' title='bbox 1037 2495 1203 2538; x_wconf 83' lang='lat' dir='ltr'>multaque</span> 
     </span>
    </p>
   </div>
   <div class='ocr_carea' id='block_1_11' title="bbox 449 2543 1227 2701">
    <p class='ocr_par' dir='ltr' id='par_1_13' title="bbox 449 2543 1227 2701">
     <span class='ocr_line' id='line_1_48' title="bbox 449 2543 1225 2587; baseline 0.001 -12"><span class='ocrx_word' id='word_1_223' title='bbox 449 2543 512 2575; x_wconf 86' lang='lat' dir='ltr'>alia</span> <span class='ocrx_word' id='word_1_224' title='bbox 531 2543 570 2575; x_wconf 90' lang='lat' dir='ltr'>de</span> <span class='ocrx_word' id='word_1_225' title='bbox 591 2554 628 2576; x_wconf 85' lang='lat' dir='ltr'>ea</span> <span class='ocrx_word' id='word_1_226' title='bbox 648 2544 789 2576; x_wconf 87' lang='lat' dir='ltr'>tollenda</span> <span class='ocrx_word' id='word_1_227' title='bbox 809 2543 915 2587; x_wconf 84' lang='lat' dir='ltr'>pravis</span> <span class='ocrx_word' id='word_1_228' title='bbox 935 2543 1057 2576; x_wconf 87' lang='lat' dir='ltr'>artibus</span> <span class='ocrx_word' id='word_1_229' title='bbox 1069 2549 1204 2576; x_wconf 81' lang='lat' dir='ltr'>suntco-</span> <span class='ocrx_word' id='word_1_230' title='bbox 1223 2548 1225 2551; x_wconf 83' lang='lat'>&#39;</span> 
     </span>
     <span class='ocr_line' id='line_1_49' title="bbox 449 2590 1225 2636; baseline -0.003 -10"><span class='ocrx_word' id='word_1_231' title='bbox 449 2590 527 2632; x_wconf 84' lang='lat' dir='ltr'>nati,</span> <span class='ocrx_word' id='word_1_232' title='bbox 550 2597 585 2624; x_wconf 93' lang='lat' dir='ltr'>ut</span> <span class='ocrx_word' id='word_1_233' title='bbox 601 2597 730 2636; x_wconf 87' lang='lat' dir='ltr'>turpem</span> <span class='ocrx_word' id='word_1_234' title='bbox 746 2593 833 2625; x_wconf 86' lang='lat' dir='ltr'>illam</span> <span class='ocrx_word' id='word_1_235' title='bbox 850 2598 881 2625; x_wconf 84' lang='lat' dir='ltr'>et</span> <span class='ocrx_word' id='word_1_236' title='bbox 900 2591 1089 2635; x_wconf 80' lang='lat' dir='ltr'>flagitiosam</span> <span class='ocrx_word' id='word_1_237' title='bbox 1106 2592 1203 2624; x_wconf 89' lang='lat' dir='ltr'>vitam</span> <span class='ocrx_word' id='word_1_238' title='bbox 1224 2591 1225 2595; x_wconf 72' lang='grc'>’</span> 
     </span>
     <span class='ocr_line' id='line_1_50' title="bbox 450 2641 1227 2701; baseline -0.001 -26"><span class='ocrx_word' id='word_1_239' title='bbox 450 2652 542 2681; x_wconf 76' lang='lat' dir='ltr'>suam</span> <span class='ocrx_word' id='word_1_240' title='bbox 561 2641 750 2682; x_wconf 83' lang='lat' dir='ltr'>retinerent,</span> <span class='ocrx_word' id='word_1_241' title='bbox 773 2642 968 2686; x_wconf 87' lang='lat' dir='ltr'>laetalesque</span> <span class='ocrx_word' id='word_1_242' title='bbox 980 2641 1093 2676; x_wconf 88' lang='lat' dir='ltr'>mundi</span> <span class='ocrx_word' id='word_1_243' title='bbox 1113 2642 1204 2675; x_wconf 82' lang='lat' dir='ltr'>volu·</span> <span class='ocrx_word' id='word_1_244' title='bbox 1223 2678 1227 2701; x_wconf 54' lang='grc' dir='ltr'>Ι</span> 
     </span>
    </p>
   </div>
   <div class='ocr_carea' id='block_1_12' title="bbox 1216 831 1224 2347">
    <p class='ocr_par' dir='ltr' id='par_1_14' title="bbox 1216 831 1224 2347">
     <span class='ocr_line' id='line_1_51' title="bbox 1216 831 1224 2347; baseline 0 0"><span class='ocrx_word' id='word_1_245' title='bbox 1216 831 1224 2347; x_wconf 95' lang='lat' dir='ltr'> </span> 
     </span>
    </p>
   </div>
   <div class='ocr_carea' id='block_1_13' title="bbox 1019 246 1370 270">
    <p class='ocr_par' dir='ltr' id='par_1_15' title="bbox 1019 246 1370 270">
     <span class='ocr_line' id='line_1_52' title="bbox 1019 246 1370 270; baseline 0 -1"><span class='ocrx_word' id='word_1_246' title='bbox 1019 248 1115 270; x_wconf 59' lang='lat' dir='ltr'>mmm</span> <span class='ocrx_word' id='word_1_247' title='bbox 1122 247 1195 269; x_wconf 73' lang='grc' dir='ltr'>ΠΙῙἬ</span> <span class='ocrx_word' id='word_1_248' title='bbox 1221 246 1370 269; x_wconf 64' lang='grc' dir='ltr'>ΠΠΜᾸΝΙῚῙ</span> 
     </span>
    </p>
   </div>
   <div class='ocr_carea' id='block_1_14' title="bbox 1236 300 1995 1419">
    <p class='ocr_par' dir='ltr' id='par_1_16' title="bbox 1236 300 1995 1419">
     <span class='ocr_line' id='line_1_53' title="bbox 1238 300 1986 343; baseline 0.005 -14"><span class='ocrx_word' id='word_1_249' title='bbox 1238 305 1337 341; x_wconf 79' lang='lat' dir='ltr'>ptates</span> <span class='ocrx_word' id='word_1_250' title='bbox 1354 305 1579 341; x_wconf 77' lang='lat' dir='ltr'>sequerentur,</span> <span class='ocrx_word' id='word_1_251' title='bbox 1599 300 1681 332; x_wconf 86' lang='lat' dir='ltr'>inter</span> <span class='ocrx_word' id='word_1_252' title='bbox 1697 310 1779 343; x_wconf 89' lang='lat' dir='ltr'>qnos</span> <span class='ocrx_word' id='word_1_253' title='bbox 1793 311 1855 333; x_wconf 90' lang='lat' dir='ltr'>non</span> <span class='ocrx_word' id='word_1_254' title='bbox 1874 300 1986 341; x_wconf 84' lang='lat' dir='ltr'>defuit,</span> 
     </span>
     <span class='ocr_line' id='line_1_54' title="bbox 1236 351 1989 396; baseline 0.007 -14"><span class='ocrx_word' id='word_1_255' title='bbox 1236 351 1290 394; x_wconf 77' lang='lat' dir='ltr'>qui</span> <span class='ocrx_word' id='word_1_256' title='bbox 1311 351 1406 384; x_wconf 84' lang='lat' dir='ltr'>altius</span> <span class='ocrx_word' id='word_1_257' title='bbox 1428 352 1669 396; x_wconf 81' lang='lat' dir='ltr'>praecipitatus,</span> <span class='ocrx_word' id='word_1_258' title='bbox 1693 353 1989 388; x_wconf 77' lang='lat' dir='ltr'>etiamacatliolica</span> 
     </span>
     <span class='ocr_line' id='line_1_55' title="bbox 1237 404 1990 450; baseline 0.005 -14"><span class='ocrx_word' id='word_1_259' title='bbox 1237 404 1298 437; x_wconf 79' lang='lat' dir='ltr'>tide</span> <span class='ocrx_word' id='word_1_260' title='bbox 1319 404 1358 436; x_wconf 91' lang='lat' dir='ltr'>ad</span> <span class='ocrx_word' id='word_1_261' title='bbox 1379 405 1558 438; x_wconf 78' lang='lat' dir='ltr'>haereticos</span> <span class='ocrx_word' id='word_1_262' title='bbox 1584 413 1612 438; x_wconf 89' lang='lat' dir='ltr'>et</span> <span class='ocrx_word' id='word_1_263' title='bbox 1640 406 1739 449; x_wconf 80' lang='lat' dir='ltr'>impia</span> <span class='ocrx_word' id='word_1_264' title='bbox 1759 406 1889 439; x_wconf 88' lang='lat' dir='ltr'>illorum</span> <span class='ocrx_word' id='word_1_265' title='bbox 1912 407 1990 450; x_wconf 84' lang='lat' dir='ltr'>dog-</span> 
     </span>
     <span class='ocr_line' id='line_1_56' title="bbox 1237 459 1990 503; baseline 0.005 -14"><span class='ocrx_word' id='word_1_266' title='bbox 1237 464 1320 490; x_wconf 85' lang='lat' dir='ltr'>mata</span> <span class='ocrx_word' id='word_1_267' title='bbox 1334 459 1515 499; x_wconf 78' lang='lat' dir='ltr'>deelinarit;</span> <span class='ocrx_word' id='word_1_268' title='bbox 1539 460 1657 503; x_wconf 80' lang='lat' dir='ltr'>quibus</span> <span class='ocrx_word' id='word_1_269' title='bbox 1679 460 1827 503; x_wconf 81' lang='lat' dir='ltr'>cognitis,</span> <span class='ocrx_word' id='word_1_270' title='bbox 1845 460 1990 493; x_wconf 87' lang='lat' dir='ltr'>omnium</span> 
     </span>
     <span class='ocr_line' id='line_1_57' title="bbox 1236 512 1991 558; baseline 0.005 -15"><span class='ocrx_word' id='word_1_271' title='bbox 1236 512 1459 553; x_wconf 61' lang='lat' dir='ltr'>gravissiimtm</span> <span class='ocrx_word' id='word_1_272' title='bbox 1483 514 1746 557; x_wconf 85' lang='lat' dir='ltr'>impoenitentiae</span> <span class='ocrx_word' id='word_1_273' title='bbox 1766 520 1934 558; x_wconf 87' lang='lat' dir='ltr'>peccatum</span> <span class='ocrx_word' id='word_1_274' title='bbox 1958 514 1991 547; x_wconf 90' lang='lat' dir='ltr'>in</span> 
     </span>
     <span class='ocr_line' id='line_1_58' title="bbox 1237 565 1992 611; baseline 0.005 -14"><span class='ocrx_word' id='word_1_275' title='bbox 1237 565 1282 598; x_wconf 82' lang='lat' dir='ltr'>eis</span> <span class='ocrx_word' id='word_1_276' title='bbox 1296 566 1593 607; x_wconf 70' lang='lat' dir='ltr'>anitnadverfflnus,</span> <span class='ocrx_word' id='word_1_277' title='bbox 1612 568 1667 611; x_wconf 89' lang='lat' dir='ltr'>qui</span> <span class='ocrx_word' id='word_1_278' title='bbox 1680 567 1772 601; x_wconf 86' lang='lat' dir='ltr'>toties</span> <span class='ocrx_word' id='word_1_279' title='bbox 1789 569 1906 602; x_wconf 77' lang='lat' dir='ltr'>frustra</span> <span class='ocrx_word' id='word_1_280' title='bbox 1922 579 1992 601; x_wconf 88' lang='lat' dir='ltr'>eor-</span> 
     </span>
     <span class='ocr_line' id='line_1_59' title="bbox 1237 619 1992 666; baseline 0.007 -15"><span class='ocrx_word' id='word_1_281' title='bbox 1237 619 1331 662; x_wconf 80' lang='lat' dir='ltr'>repti,</span> <span class='ocrx_word' id='word_1_282' title='bbox 1360 620 1391 652; x_wconf 90' lang='lat' dir='ltr'>in</span> <span class='ocrx_word' id='word_1_283' title='bbox 1420 620 1532 653; x_wconf 80' lang='lat' dir='ltr'>eadem</span> <span class='ocrx_word' id='word_1_284' title='bbox 1568 622 1783 655; x_wconf 84' lang='lat' dir='ltr'>obstinatione</span> <span class='ocrx_word' id='word_1_285' title='bbox 1814 623 1992 666; x_wconf 81' lang='lat' dir='ltr'>perdurare</span> 
     </span>
     <span class='ocr_line' id='line_1_60' title="bbox 1238 674 1993 713; baseline 0.008 -10"><span class='ocrx_word' id='word_1_286' title='bbox 1238 674 1450 713; x_wconf 70' lang='lat' dir='ltr'>contendunt,</span> <span class='ocrx_word' id='word_1_287' title='bbox 1474 685 1537 706; x_wconf 87' lang='lat' dir='ltr'>non</span> <span class='ocrx_word' id='word_1_288' title='bbox 1560 675 1634 708; x_wconf 89' lang='lat' dir='ltr'>satis</span> <span class='ocrx_word' id='word_1_289' title='bbox 1656 676 1811 709; x_wconf 80' lang='lat' dir='ltr'>habentes</span> <span class='ocrx_word' id='word_1_290' title='bbox 1840 676 1915 709; x_wconf 86' lang='lat' dir='ltr'>talia</span> <span class='ocrx_word' id='word_1_291' title='bbox 1944 682 1993 709; x_wconf 82' lang='lat' dir='ltr'>at-</span> 
     </span>
     <span class='ocr_line' id='line_1_61' title="bbox 1238 727 1992 773; baseline 0.008 -16"><span class='ocrx_word' id='word_1_292' title='bbox 1238 731 1372 766; x_wconf 79' lang='lat' dir='ltr'>tentare,</span> <span class='ocrx_word' id='word_1_293' title='bbox 1395 727 1454 759; x_wconf 80' lang='lat' dir='ltr'>nisi</span> <span class='ocrx_word' id='word_1_294' title='bbox 1484 734 1512 760; x_wconf 87' lang='lat' dir='ltr'>et</span> <span class='ocrx_word' id='word_1_295' title='bbox 1541 728 1573 767; x_wconf 85' lang='lat' dir='ltr'>ii,</span> <span class='ocrx_word' id='word_1_296' title='bbox 1606 729 1661 772; x_wconf 83' lang='lat' dir='ltr'>qui</span> <span class='ocrx_word' id='word_1_297' title='bbox 1689 729 1772 762; x_wconf 89' lang='lat' dir='ltr'>inter</span> <span class='ocrx_word' id='word_1_298' title='bbox 1793 729 1880 773; x_wconf 89' lang='lat' dir='ltr'>ipsos</span> <span class='ocrx_word' id='word_1_299' title='bbox 1913 730 1992 773; x_wconf 87' lang='lat' dir='ltr'>quid</span> 
     </span>
     <span class='ocr_line' id='line_1_62' title="bbox 1239 781 1992 826; baseline 0.007 -15"><span class='ocrx_word' id='word_1_300' title='bbox 1239 790 1331 822; x_wconf 81' lang='lat' dir='ltr'>posse</span> <span class='ocrx_word' id='word_1_301' title='bbox 1355 785 1478 822; x_wconf 86' lang='lat' dir='ltr'>putant,</span> <span class='ocrx_word' id='word_1_302' title='bbox 1512 781 1573 813; x_wconf 83' lang='lat' dir='ltr'>illis</span> <span class='ocrx_word' id='word_1_303' title='bbox 1603 782 1634 814; x_wconf 88' lang='lat' dir='ltr'>in</span> <span class='ocrx_word' id='word_1_304' title='bbox 1664 782 1788 826; x_wconf 81' lang='lat' dir='ltr'>primis,</span> <span class='ocrx_word' id='word_1_305' title='bbox 1815 783 1871 826; x_wconf 86' lang='lat' dir='ltr'>qui</span> <span class='ocrx_word' id='word_1_306' title='bbox 1897 783 1992 816; x_wconf 83' lang='lat' dir='ltr'>saluti</span> 
     </span>
     <span class='ocr_line' id='line_1_63' title="bbox 1239 834 1993 879; baseline 0.009 -15"><span class='ocrx_word' id='word_1_307' title='bbox 1239 844 1351 865; x_wconf 91' lang='lat' dir='ltr'>eorum</span> <span class='ocrx_word' id='word_1_308' title='bbox 1372 834 1485 867; x_wconf 87' lang='lat' dir='ltr'>sedulo</span> <span class='ocrx_word' id='word_1_309' title='bbox 1504 835 1682 879; x_wconf 74' lang='lat' dir='ltr'>invigilant,</span> <span class='ocrx_word' id='word_1_310' title='bbox 1711 837 1842 869; x_wconf 79' lang='lat' dir='ltr'>exitium</span> <span class='ocrx_word' id='word_1_311' title='bbox 1869 838 1993 871; x_wconf 85' lang='lat' dir='ltr'>machi-</span> 
     </span>
     <span class='ocr_line' id='line_1_64' title="bbox 1239 887 1993 934; baseline 0.008 -16"><span class='ocrx_word' id='word_1_312' title='bbox 1239 892 1369 926; x_wconf 78' lang='lat' dir='ltr'>nentur,</span> <span class='ocrx_word' id='word_1_313' title='bbox 1392 887 1478 920; x_wconf 88' lang='lat' dir='ltr'>illins</span> <span class='ocrx_word' id='word_1_314' title='bbox 1498 889 1636 922; x_wconf 85' lang='lat' dir='ltr'>stimulis</span> <span class='ocrx_word' id='word_1_315' title='bbox 1658 889 1820 930; x_wconf 84' lang='lat' dir='ltr'>concitati,</span> <span class='ocrx_word' id='word_1_316' title='bbox 1843 890 1898 934; x_wconf 89' lang='lat' dir='ltr'>qui</span> <span class='ocrx_word' id='word_1_317' title='bbox 1924 902 1993 925; x_wconf 86' lang='lat' dir='ltr'>sce-</span> 
     </span>
     <span class='ocr_line' id='line_1_65' title="bbox 1239 940 1995 978; baseline 0.008 -6"><span class='ocrx_word' id='word_1_318' title='bbox 1239 940 1354 972; x_wconf 83' lang='lat' dir='ltr'>lestum</span> <span class='ocrx_word' id='word_1_319' title='bbox 1376 941 1487 973; x_wconf 87' lang='lat' dir='ltr'>Iudam</span> <span class='ocrx_word' id='word_1_320' title='bbox 1510 942 1541 974; x_wconf 91' lang='lat' dir='ltr'>in</span> <span class='ocrx_word' id='word_1_321' title='bbox 1562 943 1724 975; x_wconf 85' lang='lat' dir='ltr'>funestum</span> <span class='ocrx_word' id='word_1_322' title='bbox 1742 943 1893 977; x_wconf 85' lang='lat' dir='ltr'>avaritiae</span> <span class='ocrx_word' id='word_1_323' title='bbox 1909 955 1995 978; x_wconf 87' lang='lat' dir='ltr'>mor-</span> 
     </span>
     <span class='ocr_line' id='line_1_66' title="bbox 1238 993 1994 1037; baseline 0.008 -12"><span class='ocrx_word' id='word_1_324' title='bbox 1238 993 1315 1025; x_wconf 86' lang='lat' dir='ltr'>bum</span> <span class='ocrx_word' id='word_1_325' title='bbox 1342 993 1489 1027; x_wconf 88' lang='lat' dir='ltr'>iniecisse</span> <span class='ocrx_word' id='word_1_326' title='bbox 1515 1006 1579 1028; x_wconf 90' lang='lat' dir='ltr'>non</span> <span class='ocrx_word' id='word_1_327' title='bbox 1609 1001 1792 1037; x_wconf 86' lang='lat' dir='ltr'>contentus,</span> <span class='ocrx_word' id='word_1_328' title='bbox 1825 997 1922 1030; x_wconf 85' lang='lat' dir='ltr'>etiam</span> <span class='ocrx_word' id='word_1_329' title='bbox 1955 998 1994 1032; x_wconf 90' lang='lat' dir='ltr'>ad</span> 
     </span>
     <span class='ocr_line' id='line_1_67' title="bbox 1240 1047 1993 1094; baseline 0.007 -15"><span class='ocrx_word' id='word_1_330' title='bbox 1240 1047 1442 1090; x_wconf 86' lang='lat' dir='ltr'>prodendum</span> <span class='ocrx_word' id='word_1_331' title='bbox 1464 1048 1636 1081; x_wconf 87' lang='lat' dir='ltr'>Dominum</span> <span class='ocrx_word' id='word_1_332' title='bbox 1659 1061 1753 1083; x_wconf 90' lang='lat' dir='ltr'>suum</span> <span class='ocrx_word' id='word_1_333' title='bbox 1775 1051 1912 1094; x_wconf 86' lang='lat' dir='ltr'>pecunia</span> <span class='ocrx_word' id='word_1_334' title='bbox 1932 1051 1993 1084; x_wconf 89' lang='lat' dir='ltr'>im-</span> 
     </span>
     <span class='ocr_line' id='line_1_68' title="bbox 1239 1101 1993 1148; baseline 0.008 -15"><span class='ocrx_word' id='word_1_335' title='bbox 1239 1101 1331 1144; x_wconf 85' lang='lat' dir='ltr'>pulit.</span> <span class='ocrx_word' id='word_1_336' title='bbox 1356 1102 1458 1134; x_wconf 87' lang='lat' dir='ltr'>lIuius</span> <span class='ocrx_word' id='word_1_337' title='bbox 1479 1102 1634 1136; x_wconf 85' lang='lat' dir='ltr'>nimirum</span> <span class='ocrx_word' id='word_1_338' title='bbox 1656 1104 1787 1148; x_wconf 88' lang='lat' dir='ltr'>spiritus</span> <span class='ocrx_word' id='word_1_339' title='bbox 1802 1105 1993 1148; x_wconf 83' lang='lat' dir='ltr'>nequissimi</span> 
     </span>
     <span class='ocr_line' id='line_1_69' title="bbox 1239 1155 1992 1202; baseline 0.007 -15"><span class='ocrx_word' id='word_1_340' title='bbox 1239 1155 1355 1195; x_wconf 69' lang='lat' dir='ltr'>ductu,</span> <span class='ocrx_word' id='word_1_341' title='bbox 1390 1157 1553 1200; x_wconf 83' lang='lat' dir='ltr'>quondam</span> <span class='ocrx_word' id='word_1_342' title='bbox 1583 1157 1799 1202; x_wconf 60' lang='lat' dir='ltr'>Hieronymus</span> <span class='ocrx_word' id='word_1_343' title='bbox 1832 1159 1992 1202; x_wconf 84' lang='lat' dir='ltr'>Lignana,</span> 
     </span>
     <span class='ocr_line' id='line_1_70' title="bbox 1241 1210 1992 1258; baseline 0.008 -17"><span class='ocrx_word' id='word_1_344' title='bbox 1241 1210 1443 1253; x_wconf 67' lang='lat' dir='ltr'>&#39;itraepositus</span> <span class='ocrx_word' id='word_1_345' title='bbox 1459 1212 1704 1255; x_wconf 88' lang='lat' dir='ltr'>praepositurae</span> <span class='ocrx_word' id='word_1_346' title='bbox 1720 1212 1751 1246; x_wconf 84' lang='lat' dir='ltr'>S.</span> <span class='ocrx_word' id='word_1_347' title='bbox 1770 1212 1992 1258; x_wconf 87' lang='lat' dir='ltr'>Christophori</span> 
     </span>
     <span class='ocr_line' id='line_1_71' title="bbox 1239 1263 1995 1308; baseline 0.008 -13"><span class='ocrx_word' id='word_1_348' title='bbox 1239 1263 1449 1297; x_wconf 66' lang='lat' dir='ltr'>Yet-cellensis</span> <span class='ocrx_word' id='word_1_349' title='bbox 1469 1270 1499 1297; x_wconf 90' lang='lat' dir='ltr'>et</span> <span class='ocrx_word' id='word_1_350' title='bbox 1520 1265 1629 1308; x_wconf 90' lang='lat' dir='ltr'>plures</span> <span class='ocrx_word' id='word_1_351' title='bbox 1643 1266 1696 1298; x_wconf 86' lang='lat' dir='ltr'>alii</span> <span class='ocrx_word' id='word_1_352' title='bbox 1709 1266 1920 1300; x_wconf 83' lang='lat' dir='ltr'>conscelerati</span> <span class='ocrx_word' id='word_1_353' title='bbox 1934 1267 1995 1300; x_wconf 93' lang='lat' dir='ltr'>hu-</span> 
     </span>
     <span class='ocr_line' id='line_1_72' title="bbox 1240 1317 1995 1354; baseline 0.007 -5"><span class='ocrx_word' id='word_1_354' title='bbox 1240 1317 1289 1350; x_wconf 88' lang='lat' dir='ltr'>ius</span> <span class='ocrx_word' id='word_1_355' title='bbox 1310 1317 1436 1350; x_wconf 85' lang='lat' dir='ltr'>Ordinis</span> <span class='ocrx_word' id='word_1_356' title='bbox 1461 1317 1493 1351; x_wconf 90' lang='lat' dir='ltr'>in</span> <span class='ocrx_word' id='word_1_357' title='bbox 1519 1329 1632 1352; x_wconf 84' lang='lat' dir='ltr'>necem</span> <span class='ocrx_word' id='word_1_358' title='bbox 1658 1319 1734 1353; x_wconf 88' lang='lat' dir='ltr'>dicti</span> <span class='ocrx_word' id='word_1_359' title='bbox 1759 1319 1864 1353; x_wconf 87' lang='lat' dir='ltr'>Caroli</span> <span class='ocrx_word' id='word_1_360' title='bbox 1889 1321 1995 1354; x_wconf 84' lang='lat' dir='ltr'>cardi-</span> 
     </span>
     <span class='ocr_line' id='line_1_73' title="bbox 1241 1371 1994 1419; baseline 0.007 -16"><span class='ocrx_word' id='word_1_361' title='bbox 1241 1371 1321 1403; x_wconf 84' lang='lat' dir='ltr'>nalis</span> <span class='ocrx_word' id='word_1_362' title='bbox 1336 1372 1556 1415; x_wconf 85' lang='lat' dir='ltr'>propitiatoris</span> <span class='ocrx_word' id='word_1_363' title='bbox 1572 1373 1621 1405; x_wconf 90' lang='lat' dir='ltr'>sui</span> <span class='ocrx_word' id='word_1_364' title='bbox 1637 1373 1872 1417; x_wconf 81' lang='lat' dir='ltr'>conspirantes,</span> <span class='ocrx_word' id='word_1_365' title='bbox 1887 1380 1923 1408; x_wconf 86' lang='lat' dir='ltr'>ut</span> <span class='ocrx_word' id='word_1_366' title='bbox 1937 1385 1994 1419; x_wconf 91' lang='lat' dir='ltr'>pe-</span> 
     </span>
    </p>
   </div>
   <div class='ocr_carea' id='block_1_15' title="bbox 2005 245 2183 273">
    <p class='ocr_par' dir='ltr' id='par_1_17' title="bbox 2005 245 2183 273">
     <span class='ocr_line' id='line_1_74' title="bbox 2005 245 2183 273; baseline 0.011 -2"><span class='ocrx_word' id='word_1_367' title='bbox 2005 247 2053 271; x_wconf 78' lang='grc' dir='ltr'>Αη.</span> <span class='ocrx_word' id='word_1_368' title='bbox 2071 247 2099 271; x_wconf 78' lang='lat' dir='ltr'>C.</span> <span class='ocrx_word' id='word_1_369' title='bbox 2120 245 2183 273; x_wconf 70' lang='lat'>¹5⁷¹</span> 
     </span>
    </p>
   </div>
   <div class='ocr_carea' id='block_1_16' title="bbox 2004 308 2186 399">
    <p class='ocr_par' dir='ltr' id='par_1_18' title="bbox 2004 308 2186 399">
     <span class='ocr_line' id='line_1_75' title="bbox 2030 308 2186 329; baseline -0.006 0"><span class='ocrx_word' id='word_1_370' title='bbox 2030 308 2141 329; x_wconf 58' lang='lat' dir='ltr'>Nonnulli·</span> <span class='ocrx_word' id='word_1_371' title='bbox 2167 310 2186 328; x_wconf 80' lang='lat' dir='ltr'>in</span> 
     </span>
     <span class='ocr_line' id='line_1_76' title="bbox 2004 342 2186 367; baseline -0.005 -6"><span class='ocrx_word' id='word_1_372' title='bbox 2004 342 2108 361; x_wconf 52' lang='lat' dir='ltr'>tuma-im</span> <span class='ocrx_word' id='word_1_373' title='bbox 2121 347 2186 367; x_wconf 70' lang='lat' dir='ltr'>utqnn</span> 
     </span>
     <span class='ocr_line' id='line_1_77' title="bbox 2004 373 2100 399; baseline -0.01 -6"><span class='ocrx_word' id='word_1_374' title='bbox 2004 374 2014 393; x_wconf 89' lang='lat' dir='ltr'>d</span> <span class='ocrx_word' id='word_1_375' title='bbox 2033 373 2085 399; x_wconf 52' lang='lat' dir='ltr'>iqui</span> <span class='ocrx_word' id='word_1_376' title='bbox 2096 388 2100 395; x_wconf 83' lang='lat'>.</span> 
     </span>
    </p>
   </div>
   <div class='ocr_carea' id='block_1_17' title="bbox 2008 1170 2194 1319">
    <p class='ocr_par' dir='ltr' id='par_1_19' title="bbox 2008 1170 2194 1319">
     <span class='ocr_line' id='line_1_78' title="bbox 2035 1170 2194 1192; baseline 0 -1"><span class='ocrx_word' id='word_1_377' title='bbox 2035 1171 2075 1192; x_wconf 74' lang='lat' dir='ltr'>Ali·</span> <span class='ocrx_word' id='word_1_378' title='bbox 2098 1177 2144 1192; x_wconf 83' lang='lat' dir='ltr'>cum</span> <span class='ocrx_word' id='word_1_379' title='bbox 2160 1170 2194 1192; x_wconf 77' lang='lat' dir='ltr'>Lt-</span> 
     </span>
     <span class='ocr_line' id='line_1_79' title="bbox 2009 1205 2193 1227; baseline 0.005 -5"><span class='ocrx_word' id='word_1_380' title='bbox 2009 1209 2076 1227; x_wconf 65' lang='lat' dir='ltr'>gnnnn</span> <span class='ocrx_word' id='word_1_381' title='bbox 2097 1205 2193 1223; x_wconf 61' lang='lat' dir='ltr'>ear-tina-</span> 
     </span>
     <span class='ocr_line' id='line_1_80' title="bbox 2008 1234 2192 1255; baseline 0 0"><span class='ocrx_word' id='word_1_382' title='bbox 2008 1234 2034 1255; x_wconf 75' lang='lat' dir='ltr'>lis</span> <span class='ocrx_word' id='word_1_383' title='bbox 2058 1234 2192 1255; x_wconf 57' lang='lat' dir='ltr'>rontium-rt</span> 
     </span>
     <span class='ocr_line' id='line_1_81' title="bbox 2009 1268 2192 1287; baseline 0.005 -1"><span class='ocrx_word' id='word_1_384' title='bbox 2009 1272 2083 1287; x_wconf 76' lang='lat' dir='ltr'>nerem</span> <span class='ocrx_word' id='word_1_385' title='bbox 2112 1268 2192 1287; x_wconf 64' lang='lat' dir='ltr'>macht-</span> 
     </span>
     <span class='ocr_line' id='line_1_82' title="bbox 2008 1303 2094 1319; baseline 0 -1"><span class='ocrx_word' id='word_1_386' title='bbox 2008 1303 2094 1319; x_wconf 72' lang='lat' dir='ltr'>namur.</span> 
     </span>
    </p>
   </div>
   <div class='ocr_carea' id='block_1_18' title="bbox 1241 1425 2035 1471">
    <p class='ocr_par' dir='ltr' id='par_1_20' title="bbox 1241 1425 2035 1471">
     <span class='ocr_line' id='line_1_83' title="bbox 1241 1425 2035 1471; baseline 0.005 -14"><span class='ocrx_word' id='word_1_387' title='bbox 1241 1425 1368 1457; x_wconf 90' lang='lat' dir='ltr'>cuniam</span> <span class='ocrx_word' id='word_1_388' title='bbox 1391 1426 1428 1458; x_wconf 89' lang='lat' dir='ltr'>ad</span> <span class='ocrx_word' id='word_1_389' title='bbox 1445 1431 1568 1459; x_wconf 89' lang='lat' dir='ltr'>tantum</span> <span class='ocrx_word' id='word_1_390' title='bbox 1586 1426 1675 1460; x_wconf 86' lang='lat' dir='ltr'>nefas</span> <span class='ocrx_word' id='word_1_391' title='bbox 1695 1428 1867 1471; x_wconf 84' lang='lat' dir='ltr'>expetitam</span> <span class='ocrx_word' id='word_1_392' title='bbox 1893 1427 1996 1461; x_wconf 85' lang='lat' dir='ltr'>confi·</span> <span class='ocrx_word' id='word_1_393' title='bbox 2032 1454 2035 1455; x_wconf 17' lang='grc' dir='ltr'><em>γ</em></span> 
     </span>
    </p>
   </div>
   <div class='ocr_carea' id='block_1_19' title="bbox 1241 1480 2000 2170">
    <p class='ocr_par' dir='ltr' id='par_1_21' title="bbox 1241 1480 2000 2170">
     <span class='ocr_line' id='line_1_84' title="bbox 1241 1480 1996 1525; baseline 0.004 -13"><span class='ocrx_word' id='word_1_394' title='bbox 1241 1485 1363 1520; x_wconf 85' lang='lat' dir='ltr'>cerent,</span> <span class='ocrx_word' id='word_1_395' title='bbox 1386 1480 1425 1512; x_wconf 75' lang='lat' dir='ltr'>tle</span> <span class='ocrx_word' id='word_1_396' title='bbox 1452 1480 1642 1514; x_wconf 85' lang='lat' dir='ltr'>trucidando</span> <span class='ocrx_word' id='word_1_397' title='bbox 1671 1481 1705 1513; x_wconf 93' lang='lat' dir='ltr'>in</span> <span class='ocrx_word' id='word_1_398' title='bbox 1738 1481 1852 1525; x_wconf 88' lang='lat' dir='ltr'>primis</span> <span class='ocrx_word' id='word_1_399' title='bbox 1879 1482 1996 1515; x_wconf 87' lang='lat' dir='ltr'>dilecto</span> 
     </span>
     <span class='ocr_line' id='line_1_85' title="bbox 1241 1533 1994 1576; baseline 0.005 -11"><span class='ocrx_word' id='word_1_400' title='bbox 1241 1533 1307 1566; x_wconf 82' lang='lat' dir='ltr'>filio</span> <span class='ocrx_word' id='word_1_401' title='bbox 1327 1533 1423 1566; x_wconf 87' lang='lat' dir='ltr'>Fabio</span> <span class='ocrx_word' id='word_1_402' title='bbox 1445 1533 1610 1567; x_wconf 85' lang='lat' dir='ltr'>Simoneta</span> <span class='ocrx_word' id='word_1_403' title='bbox 1630 1534 1726 1568; x_wconf 87' lang='lat' dir='ltr'>fratre</span> <span class='ocrx_word' id='word_1_404' title='bbox 1752 1535 1829 1568; x_wconf 86' lang='lat' dir='ltr'>dicti</span> <span class='ocrx_word' id='word_1_405' title='bbox 1853 1534 1994 1576; x_wconf 86' lang='lat' dir='ltr'>Ordinis,</span> 
     </span>
     <span class='ocr_line' id='line_1_86' title="bbox 1241 1588 1997 1632; baseline 0.005 -13"><span class='ocrx_word' id='word_1_406' title='bbox 1241 1593 1455 1630; x_wconf 82' lang='lat' dir='ltr'>proventuum</span> <span class='ocrx_word' id='word_1_407' title='bbox 1484 1588 1729 1632; x_wconf 86' lang='lat' dir='ltr'>praepositurae</span> <span class='ocrx_word' id='word_1_408' title='bbox 1754 1589 1896 1622; x_wconf 86' lang='lat' dir='ltr'>Braedae</span> <span class='ocrx_word' id='word_1_409' title='bbox 1931 1589 1997 1622; x_wconf 89' lang='lat' dir='ltr'>Me-</span> 
     </span>
     <span class='ocr_line' id='line_1_87' title="bbox 1241 1641 1996 1686; baseline 0.004 -13"><span class='ocrx_word' id='word_1_410' title='bbox 1241 1641 1439 1674; x_wconf 85' lang='lat' dir='ltr'>dionalensis</span> <span class='ocrx_word' id='word_1_411' title='bbox 1459 1641 1665 1686; x_wconf 83' lang='lat' dir='ltr'>depositario,</span> <span class='ocrx_word' id='word_1_412' title='bbox 1687 1642 1773 1686; x_wconf 86' lang='lat' dir='ltr'>apud</span> <span class='ocrx_word' id='word_1_413' title='bbox 1788 1653 1886 1686; x_wconf 88' lang='lat' dir='ltr'>quem</span> <span class='ocrx_word' id='word_1_414' title='bbox 1904 1653 1996 1676; x_wconf 89' lang='lat' dir='ltr'>num-</span> 
     </span>
     <span class='ocr_line' id='line_1_88' title="bbox 1242 1694 1996 1736; baseline 0.004 -9"><span class='ocrx_word' id='word_1_415' title='bbox 1242 1705 1312 1727; x_wconf 89' lang='lat' dir='ltr'>mos</span> <span class='ocrx_word' id='word_1_416' title='bbox 1332 1694 1475 1728; x_wconf 87' lang='lat' dir='ltr'>invenire</span> <span class='ocrx_word' id='word_1_417' title='bbox 1494 1695 1678 1736; x_wconf 88' lang='lat' dir='ltr'>credebant,</span> <span class='ocrx_word' id='word_1_418' title='bbox 1699 1701 1823 1729; x_wconf 84' lang='lat' dir='ltr'>secreto</span> <span class='ocrx_word' id='word_1_419' title='bbox 1838 1707 1996 1730; x_wconf 85' lang='lat' dir='ltr'>convene-</span> 
     </span>
     <span class='ocr_line' id='line_1_89' title="bbox 1242 1748 1997 1795; baseline 0.004 -14"><span class='ocrx_word' id='word_1_420' title='bbox 1242 1753 1328 1789; x_wconf 70' lang='lat' dir='ltr'>runt,</span> <span class='ocrx_word' id='word_1_421' title='bbox 1351 1748 1425 1781; x_wconf 87' lang='lat' dir='ltr'>inde</span> <span class='ocrx_word' id='word_1_422' title='bbox 1445 1749 1483 1781; x_wconf 84' lang='lat' dir='ltr'>ad</span> <span class='ocrx_word' id='word_1_423' title='bbox 1511 1749 1679 1782; x_wconf 80' lang='lat' dir='ltr'>ecclesiam</span> <span class='ocrx_word' id='word_1_424' title='bbox 1707 1750 1808 1783; x_wconf 88' lang='lat' dir='ltr'>dictae</span> <span class='ocrx_word' id='word_1_425' title='bbox 1833 1750 1997 1795; x_wconf 79' lang='lat' dir='ltr'>praeposi-</span> 
     </span>
     <span class='ocr_line' id='line_1_90' title="bbox 1242 1801 1997 1846; baseline 0.005 -12"><span class='ocrx_word' id='word_1_426' title='bbox 1242 1807 1345 1842; x_wconf 90' lang='lat' dir='ltr'>turae,</span> <span class='ocrx_word' id='word_1_427' title='bbox 1369 1802 1401 1834; x_wconf 89' lang='lat' dir='ltr'>in</span> <span class='ocrx_word' id='word_1_428' title='bbox 1422 1813 1485 1845; x_wconf 77' lang='lat' dir='ltr'>qua</span> <span class='ocrx_word' id='word_1_429' title='bbox 1505 1801 1611 1846; x_wconf 89' lang='lat' dir='ltr'>ipsum</span> <span class='ocrx_word' id='word_1_430' title='bbox 1629 1808 1776 1836; x_wconf 86' lang='lat' dir='ltr'>orantem</span> <span class='ocrx_word' id='word_1_431' title='bbox 1792 1803 1909 1846; x_wconf 88' lang='lat' dir='ltr'>laqueo</span> <span class='ocrx_word' id='word_1_432' title='bbox 1929 1804 1997 1838; x_wconf 79' lang='lat' dir='ltr'>suf-</span> 
     </span>
     <span class='ocr_line' id='line_1_91' title="bbox 1243 1856 1998 1900; baseline 0.005 -13"><span class='ocrx_word' id='word_1_433' title='bbox 1243 1856 1349 1889; x_wconf 80' lang='lat' dir='ltr'>focare</span> <span class='ocrx_word' id='word_1_434' title='bbox 1370 1856 1589 1897; x_wconf 71' lang='lat' dir='ltr'>decreverant,</span> <span class='ocrx_word' id='word_1_435' title='bbox 1612 1857 1761 1900; x_wconf 79' lang='lat' dir='ltr'>profecti,</span> <span class='ocrx_word' id='word_1_436' title='bbox 1783 1857 1838 1890; x_wconf 89' lang='lat' dir='ltr'>sed</span> <span class='ocrx_word' id='word_1_437' title='bbox 1863 1857 1947 1891; x_wconf 79' lang='lat' dir='ltr'>inter</span> <span class='ocrx_word' id='word_1_438' title='bbox 1965 1869 1998 1892; x_wconf 87' lang='lat' dir='ltr'>se</span> 
     </span>
     <span class='ocr_line' id='line_1_92' title="bbox 1243 1910 2000 1953; baseline 0.003 -11"><span class='ocrx_word' id='word_1_439' title='bbox 1243 1910 1281 1942; x_wconf 86' lang='lat' dir='ltr'>de</span> <span class='ocrx_word' id='word_1_440' title='bbox 1307 1910 1401 1943; x_wconf 87' lang='lat' dir='ltr'>modo</span> <span class='ocrx_word' id='word_1_441' title='bbox 1434 1910 1655 1953; x_wconf 77' lang='lat' dir='ltr'>aggrediendi,</span> <span class='ocrx_word' id='word_1_442' title='bbox 1684 1910 1906 1944; x_wconf 87' lang='lat' dir='ltr'>misericordia</span> <span class='ocrx_word' id='word_1_443' title='bbox 1932 1911 2000 1944; x_wconf 87' lang='lat' dir='ltr'>Sat-</span> 
     </span>
     <span class='ocr_line' id='line_1_93' title="bbox 1243 1963 1999 2004; baseline 0.005 -10"><span class='ocrx_word' id='word_1_444' title='bbox 1243 1963 1359 1996; x_wconf 83' lang='lat' dir='ltr'>vatoris</span> <span class='ocrx_word' id='word_1_445' title='bbox 1379 1963 1492 2003; x_wconf 83' lang='lat' dir='ltr'>nostri,</span> <span class='ocrx_word' id='word_1_446' title='bbox 1512 1963 1690 2004; x_wconf 87' lang='lat' dir='ltr'>discordes,</span> <span class='ocrx_word' id='word_1_447' title='bbox 1714 1964 1775 1997; x_wconf 87' lang='lat' dir='ltr'>hoc</span> <span class='ocrx_word' id='word_1_448' title='bbox 1797 1970 1913 1998; x_wconf 88' lang='lat' dir='ltr'>conatu</span> <span class='ocrx_word' id='word_1_449' title='bbox 1943 1965 1999 1997; x_wconf 90' lang='lat' dir='ltr'>de-</span> 
     </span>
     <span class='ocr_line' id='line_1_94' title="bbox 1243 2017 2000 2061; baseline 0.003 -11"><span class='ocrx_word' id='word_1_450' title='bbox 1243 2018 1405 2057; x_wconf 85' lang='lat' dir='ltr'>stiterunt,</span> <span class='ocrx_word' id='word_1_451' title='bbox 1424 2023 1613 2061; x_wconf 88' lang='lat' dir='ltr'>mutatoque</span> <span class='ocrx_word' id='word_1_452' title='bbox 1634 2017 1769 2051; x_wconf 86' lang='lat' dir='ltr'>consilio</span> <span class='ocrx_word' id='word_1_453' title='bbox 1790 2029 1881 2051; x_wconf 84' lang='lat' dir='ltr'>sacra</span> <span class='ocrx_word' id='word_1_454' title='bbox 1901 2029 2000 2052; x_wconf 84' lang='lat' dir='ltr'>aurea</span> 
     </span>
     <span class='ocr_line' id='line_1_95' title="bbox 1244 2071 1999 2113; baseline 0.001 -9"><span class='ocrx_word' id='word_1_455' title='bbox 1244 2077 1275 2104; x_wconf 92' lang='lat' dir='ltr'>et</span> <span class='ocrx_word' id='word_1_456' title='bbox 1295 2077 1445 2113; x_wconf 74' lang='lat' dir='ltr'>argentea</span> <span class='ocrx_word' id='word_1_457' title='bbox 1465 2071 1561 2104; x_wconf 82' lang='lat' dir='ltr'>furati</span> <span class='ocrx_word' id='word_1_458' title='bbox 1582 2077 1667 2104; x_wconf 84' lang='lat' dir='ltr'>sunt.</span> <span class='ocrx_word' id='word_1_459' title='bbox 1688 2072 1810 2111; x_wconf 86' lang='lat' dir='ltr'>Quibus</span> <span class='ocrx_word' id='word_1_460' title='bbox 1828 2072 1910 2105; x_wconf 87' lang='lat' dir='ltr'>clam</span> <span class='ocrx_word' id='word_1_461' title='bbox 1922 2082 1999 2105; x_wconf 86' lang='lat' dir='ltr'>ven-</span> 
     </span>
     <span class='ocr_line' id='line_1_96' title="bbox 1244 2125 2000 2170; baseline 0.003 -13"><span class='ocrx_word' id='word_1_462' title='bbox 1244 2125 1317 2157; x_wconf 73' lang='lat' dir='ltr'>ditis</span> <span class='ocrx_word' id='word_1_463' title='bbox 1337 2136 1392 2158; x_wconf 86' lang='lat' dir='ltr'>seu</span> <span class='ocrx_word' id='word_1_464' title='bbox 1403 2125 1531 2169; x_wconf 79' lang='lat' dir='ltr'>pignori</span> <span class='ocrx_word' id='word_1_465' title='bbox 1543 2125 1635 2165; x_wconf 85' lang='lat' dir='ltr'>datis,</span> <span class='ocrx_word' id='word_1_466' title='bbox 1648 2125 1833 2169; x_wconf 84' lang='lat' dir='ltr'>praedictus</span> <span class='ocrx_word' id='word_1_467' title='bbox 1843 2125 2000 2170; x_wconf 68' lang='lat' dir='ltr'>Hierony-</span> 
     </span>
    </p>
   </div>
   <div class='ocr_carea' id='block_1_20' title="bbox 1221 2178 2000 2224">
    <p class='ocr_par' dir='ltr' id='par_1_22' title="bbox 1221 2178 2000 2224">
     <span class='ocr_line' id='line_1_97' title="bbox 1221 2178 2000 2224; baseline 0.001 -13"><span class='ocrx_word' id='word_1_468' title='bbox 1221 2216 1224 2224; x_wconf 27' lang='lat'><em>*</em></span> <span class='ocrx_word' id='word_1_469' title='bbox 1245 2179 1487 2222; x_wconf 76' lang='lat' dir='ltr'>musquondam</span> <span class='ocrx_word' id='word_1_470' title='bbox 1499 2179 1658 2212; x_wconf 87' lang='lat' dir='ltr'>Donatum</span> <span class='ocrx_word' id='word_1_471' title='bbox 1671 2178 1832 2220; x_wconf 86' lang='lat' dir='ltr'>Farinam,</span> <span class='ocrx_word' id='word_1_472' title='bbox 1849 2190 2000 2223; x_wconf 88' lang='lat' dir='ltr'>compro-</span> 
     </span>
    </p>
   </div>
   <div class='ocr_carea' id='block_1_21' title="bbox 1245 2233 2001 2277">
    <p class='ocr_par' dir='ltr' id='par_1_23' title="bbox 1245 2233 2001 2277">
     <span class='ocr_line' id='line_1_98' title="bbox 1245 2233 2001 2277; baseline 0.004 -13"><span class='ocrx_word' id='word_1_473' title='bbox 1245 2233 1396 2265; x_wconf 83' lang='lat' dir='ltr'>t&#39;essorem</span> <span class='ocrx_word' id='word_1_474' title='bbox 1415 2243 1520 2272; x_wconf 81' lang='lat' dir='ltr'>suum,</span> <span class='ocrx_word' id='word_1_475' title='bbox 1539 2238 1734 2276; x_wconf 84' lang='lat' dir='ltr'>apostatam,</span> <span class='ocrx_word' id='word_1_476' title='bbox 1752 2238 1846 2276; x_wconf 83' lang='lat' dir='ltr'>pacta</span> <span class='ocrx_word' id='word_1_477' title='bbox 1861 2233 2001 2277; x_wconf 84' lang='lat' dir='ltr'>pecunia</span> 
     </span>
    </p>
   </div>
   <div class='ocr_carea' id='block_1_22' title="bbox 448 2285 2002 2440">
    <p class='ocr_par' dir='ltr' id='par_1_24' title="bbox 448 2285 2002 2440">
     <span class='ocr_line' id='line_1_99' title="bbox 1222 2285 2002 2330; baseline 0.003 -12"><span class='ocrx_word' id='word_1_478' title='bbox 1222 2307 1224 2317; x_wconf 74' lang='lat'>.</span> <span class='ocrx_word' id='word_1_479' title='bbox 1244 2285 1369 2319; x_wconf 83' lang='lat' dir='ltr'>induxit</span> <span class='ocrx_word' id='word_1_480' title='bbox 1390 2292 1423 2319; x_wconf 89' lang='lat' dir='ltr'>ut</span> <span class='ocrx_word' id='word_1_481' title='bbox 1444 2286 1549 2330; x_wconf 86' lang='lat' dir='ltr'>ipsum</span> <span class='ocrx_word' id='word_1_482' title='bbox 1570 2286 1720 2319; x_wconf 86' lang='lat' dir='ltr'>Carolum</span> <span class='ocrx_word' id='word_1_483' title='bbox 1739 2286 1936 2320; x_wconf 86' lang='lat' dir='ltr'>cardinalem</span> <span class='ocrx_word' id='word_1_484' title='bbox 1949 2297 2002 2320; x_wconf 90' lang='lat' dir='ltr'>oc-</span> 
     </span>
     <span class='ocr_line' id='line_1_100' title="bbox 1222 2339 2001 2384; baseline 0.001 -12"><span class='ocrx_word' id='word_1_485' title='bbox 1222 2375 1223 2379; x_wconf 41' lang='lat'>,</span> <span class='ocrx_word' id='word_1_486' title='bbox 1245 2340 1381 2379; x_wconf 81' lang='lat' dir='ltr'>cideret;</span> <span class='ocrx_word' id='word_1_487' title='bbox 1405 2339 1472 2384; x_wconf 85' lang='lat' dir='ltr'>qui,</span> <span class='ocrx_word' id='word_1_488' title='bbox 1500 2345 1592 2373; x_wconf 87' lang='lat' dir='ltr'>nacta</span> <span class='ocrx_word' id='word_1_489' title='bbox 1612 2340 1674 2373; x_wconf 82' lang='lat' dir='ltr'>loci</span> <span class='ocrx_word' id='word_1_490' title='bbox 1702 2346 1733 2373; x_wconf 92' lang='lat' dir='ltr'>et</span> <span class='ocrx_word' id='word_1_491' title='bbox 1754 2339 1910 2383; x_wconf 86' lang='lat' dir='ltr'>temporis</span> <span class='ocrx_word' id='word_1_492' title='bbox 1943 2350 2001 2384; x_wconf 88' lang='lat' dir='ltr'>op-</span> 
     </span>
     <span class='ocr_line' id='line_1_101' title="bbox 448 2395 1224 2440; baseline 0 -12"><span class='ocrx_word' id='word_1_493' title='bbox 448 2395 624 2429; x_wconf 87' lang='lat' dir='ltr'>tationibus</span> <span class='ocrx_word' id='word_1_494' title='bbox 644 2406 699 2429; x_wconf 87' lang='lat' dir='ltr'>eos</span> <span class='ocrx_word' id='word_1_495' title='bbox 718 2396 909 2440; x_wconf 86' lang='lat' dir='ltr'>pellicerent</span> <span class='ocrx_word' id='word_1_496' title='bbox 922 2395 954 2427; x_wconf 90' lang='lat' dir='ltr'>in</span> <span class='ocrx_word' id='word_1_497' title='bbox 967 2396 1091 2428; x_wconf 89' lang='lat' dir='ltr'>animos</span> <span class='ocrx_word' id='word_1_498' title='bbox 1109 2407 1202 2439; x_wconf 84' lang='lat' dir='ltr'>prae·</span> <span class='ocrx_word' id='word_1_499' title='bbox 1222 2407 1224 2414; x_wconf 47' lang='lat'>⁸</span> 
     </span>
    </p>
   </div>
   <div class='ocr_carea' id='block_1_23' title="bbox 1245 2392 2002 2685">
    <p class='ocr_par' dir='ltr' id='par_1_25' title="bbox 1245 2392 2002 2685">
     <span class='ocr_line' id='line_1_102' title="bbox 1246 2392 2001 2437; baseline 0.001 -12"><span class='ocrx_word' id='word_1_500' title='bbox 1246 2393 1459 2436; x_wconf 83' lang='lat' dir='ltr'>portunitate‚</span> <span class='ocrx_word' id='word_1_501' title='bbox 1482 2393 1515 2425; x_wconf 91' lang='lat' dir='ltr'>in</span> <span class='ocrx_word' id='word_1_502' title='bbox 1536 2404 1611 2426; x_wconf 89' lang='lat' dir='ltr'>eum</span> <span class='ocrx_word' id='word_1_503' title='bbox 1630 2393 1755 2437; x_wconf 84' lang='lat' dir='ltr'>vesperi</span> <span class='ocrx_word' id='word_1_504' title='bbox 1781 2393 1820 2426; x_wconf 89' lang='lat' dir='ltr'>de</span> <span class='ocrx_word' id='word_1_505' title='bbox 1848 2403 1938 2426; x_wconf 86' lang='lat' dir='ltr'>more</span> <span class='ocrx_word' id='word_1_506' title='bbox 1968 2392 2001 2426; x_wconf 88' lang='lat' dir='ltr'>in</span> 
     </span>
     <span class='ocr_line' id='line_1_103' title="bbox 1246 2443 2002 2488; baseline -0.001 -12"><span class='ocrx_word' id='word_1_507' title='bbox 1246 2444 1363 2476; x_wconf 82' lang='lat' dir='ltr'>sacello</span> <span class='ocrx_word' id='word_1_508' title='bbox 1380 2454 1454 2476; x_wconf 85' lang='lat' dir='ltr'>cum</span> <span class='ocrx_word' id='word_1_509' title='bbox 1475 2443 1596 2476; x_wconf 81' lang='lat' dir='ltr'>familia</span> <span class='ocrx_word' id='word_1_510' title='bbox 1623 2448 1824 2488; x_wconf 84' lang='lat' dir='ltr'>precantem,</span> <span class='ocrx_word' id='word_1_511' title='bbox 1842 2448 1877 2475; x_wconf 92' lang='lat' dir='ltr'>ut</span> <span class='ocrx_word' id='word_1_512' title='bbox 1897 2448 2002 2476; x_wconf 86' lang='lat' dir='ltr'>trans-</span> 
     </span>
     <span class='ocr_line' id='line_1_104' title="bbox 1245 2492 2001 2536; baseline -0.001 -11"><span class='ocrx_word' id='word_1_513' title='bbox 1245 2493 1445 2533; x_wconf 86' lang='lat' dir='ltr'>verberaret,</span> <span class='ocrx_word' id='word_1_514' title='bbox 1459 2493 1606 2535; x_wconf 87' lang='lat' dir='ltr'>sclopum</span> <span class='ocrx_word' id='word_1_515' title='bbox 1624 2492 1795 2536; x_wconf 77' lang='lat' dir='ltr'>glandibus</span> <span class='ocrx_word' id='word_1_516' title='bbox 1808 2492 2001 2532; x_wconf 82' lang='lat' dir='ltr'>confertum,</span> 
     </span>
     <span class='ocr_line' id='line_1_105' title="bbox 1246 2541 2002 2584; baseline -0.001 -10"><span class='ocrx_word' id='word_1_517' title='bbox 1246 2542 1319 2584; x_wconf 80' lang='lat' dir='ltr'>igne</span> <span class='ocrx_word' id='word_1_518' title='bbox 1327 2542 1468 2582; x_wconf 87' lang='lat' dir='ltr'>admoto,</span> <span class='ocrx_word' id='word_1_519' title='bbox 1481 2542 1661 2575; x_wconf 74' lang='lat' dir='ltr'>exoneravit</span> <span class='ocrx_word' id='word_1_520' title='bbox 1673 2554 1679 2579; x_wconf 85' lang='grc'>;</span> <span class='ocrx_word' id='word_1_521' title='bbox 1692 2542 1748 2574; x_wconf 91' lang='lat' dir='ltr'>sed</span> <span class='ocrx_word' id='word_1_522' title='bbox 1759 2541 1898 2574; x_wconf 91' lang='lat' dir='ltr'>telorum</span> <span class='ocrx_word' id='word_1_523' title='bbox 1910 2545 2002 2584; x_wconf 86' lang='lat' dir='ltr'>parte</span> 
     </span>
     <span class='ocr_line' id='line_1_106' title="bbox 1247 2589 2001 2632; baseline -0.004 -8"><span class='ocrx_word' id='word_1_524' title='bbox 1247 2592 1286 2624; x_wconf 86' lang='lat' dir='ltr'>ad</span> <span class='ocrx_word' id='word_1_525' title='bbox 1307 2597 1409 2624; x_wconf 83' lang='lat' dir='ltr'>vestes</span> <span class='ocrx_word' id='word_1_526' title='bbox 1423 2591 1544 2624; x_wconf 87' lang='lat' dir='ltr'>orantis</span> <span class='ocrx_word' id='word_1_527' title='bbox 1553 2590 1728 2631; x_wconf 78' lang='lat' dir='ltr'>exinanita,</span> <span class='ocrx_word' id='word_1_528' title='bbox 1750 2589 1822 2623; x_wconf 87' lang='lat' dir='ltr'>aliis</span> <span class='ocrx_word' id='word_1_529' title='bbox 1847 2589 2001 2632; x_wconf 87' lang='lat' dir='ltr'>utrinque</span> 
     </span>
     <span class='ocr_line' id='line_1_107' title="bbox 1246 2637 2001 2685; baseline -0.003 -11"><span class='ocrx_word' id='word_1_530' title='bbox 1246 2641 1280 2674; x_wconf 89' lang='lat' dir='ltr'>in</span> <span class='ocrx_word' id='word_1_531' title='bbox 1299 2640 1446 2685; x_wconf 79' lang='lat' dir='ltr'>proximo</span> <span class='ocrx_word' id='word_1_532' title='bbox 1472 2639 1625 2674; x_wconf 79' lang='lat' dir='ltr'>violentia</span> <span class='ocrx_word' id='word_1_533' title='bbox 1644 2639 1729 2673; x_wconf 87' lang='lat' dir='ltr'>ictus</span> <span class='ocrx_word' id='word_1_534' title='bbox 1749 2637 1876 2680; x_wconf 74' lang='lat' dir='ltr'>defixis,</span> <span class='ocrx_word' id='word_1_535' title='bbox 1905 2637 2001 2672; x_wconf 74' lang='lat' dir='ltr'>inno=</span> 
     </span>
    </p>
   </div>
  </div>
 </body>
</html>
