2237 3100
22 292 72 319 An.
89 291 119 318 C.
139 290 207 319 ¹⁸60

45 1009 178 1031 Promotum.

888 283 955 307 Plus
979 281 1010 305 IV
1033 280 1081 304 Pr.

565 338 628 372 XX.

221 413 434 456 Confirmatio
442 411 725 454 confraternitatis
736 409 970 444 SancttRochi,

262 478 283 499 a
302 467 411 499 morbo
431 466 607 510 epidemiae
632 466 824 505 liberatoris,
837 465 872 496 in
892 464 972 496 Urbe

264 520 417 554 hactenus
428 521 611 560 institutae,
628 524 657 552 et
673 520 712 551 ab
727 518 914 552 Alexandro
930 517 974 549 VJ

263 579 292 608 et
315 575 418 608 Leone
438 574 470 607 X
490 574 658 607 nonnullis
679 573 862 616 prioz'leqiis
885 572 972 603 deco—

261 631 371 668 ratae,
388 639 460 660 cum
479 628 623 661 aliarum
647 626 925 669 indttlyeutiorzmz
943 629 972 657 et

261 683 448 726 qratiarum
472 682 690 721 concessione,
724 685 753 713 et
786 679 903 712 iudicis
931 679 973 710 acl

263 745 398 768 suarum
417 746 590 768 causarum
609 734 826 778 coynitionem
841 733 972 774 deputa-

265 789 351 821 tione
370 788 397 821 1.

259 869 322 899 Pius
341 871 412 906 Papa
430 870 472 903 lv,
487 870 521 898 ad
537 870 699 906 perpetuam
709 868 749 897 rei
763 867 930 896 memoriam.

264 941 423 985 Regimini
453 942 640 976 universalis
654 941 826 980 Ecclesiae,
851 939 972 972 meritis

220 995 295 1030 licet
310 996 499 1040 imparibus,
519 1007 657 1041 superna
673 995 881 1039 dispositione
894 1006 974 1038 pra·-

220 1050 304 1091 feoti,
325 1051 364 1084 ad
385 1051 526 1094 singulas
548 1051 634 1084 orbis
649 1049 801 1083 ecclesias
816 1055 845 1082 et
862 1050 972 1094 hospi-

220 1104 295 1137 talia
327 1115 364 1137 ac
393 1105 454 1137 alia
474 1105 527 1149 pia
546 1105 616 1137 loca
629 1131 637 1144 ‚
659 1103 848 1147 praesertim
869 1105 972 1138 almae

219 1157 314 1190 Urbis
333 1163 474 1198 nostrae,
496 1158 528 1191 in
548 1157 666 1201 quibus
691 1157 758 1201 pias
779 1157 972 1191 christifide-

220 1210 299 1243 lium
325 1211 508 1252 societates,
532 1210 653 1243 diversa
679 1210 805 1254 pietatis
831 1217 859 1244 et
889 1212 971 1244 cari-

221 1263 291 1297 tatis
315 1275 413 1308 opera
437 1264 560 1297 sincera
584 1263 751 1297 devotione
772 1270 969 1305 exercentes,

220 1317 258 1350 ad
283 1317 510 1361 omnipotentis
537 1316 593 1350 Dei
622 1328 659 1350 ac
684 1323 870 1350 sanctorum
903 1318 973 1352 eius

217 1370 352 1411 gloriam
369 1376 399 1404 et
414 1371 571 1404 honorem
590 1371 763 1411 institutas,
782 1383 855 1405 cum
873 1373 972 1405 odore

216 1423 319 1457 bonae
343 1424 446 1458 famae
467 1430 497 1458 et
517 1425 649 1459 illorum
670 1437 707 1459 ac
727 1426 866 1460 aliorum
888 1427 973 1460 chri-

215 1476 399 1510 stifidelium
420 1478 532 1520 salute,
552 1479 658 1523 vigere
680 1480 853 1521 cernimuS,
867 1486 899 1513 ut
918 1492 972 1514 no-

215 1529 288 1563 stris
308 1531 482 1576 praecipue
504 1532 705 1576 temporibus
724 1533 836 1566 votivis
856 1533 887 1566 in
909 1534 973 1577 spi-

213 1583 385 1617 ritualibus
419 1589 449 1618 et
477 1585 712 1630 temporalibus
733 1587 905 1630 proficiant
925 1587 972 1620 in-

214 1638 406 1679 crementis,
429 1640 599 1683 pastoralis
624 1639 720 1673 officii
742 1641 842 1674 nostri
864 1647 971 1685 partes

212 1689 351 1724 libenter
371 1692 600 1733 convertimus,
624 1699 652 1726 et
674 1693 723 1734 iis,
746 1705 829 1737 quae
851 1694 882 1727 in
901 1695 970 1728 illo-

213 1755 285 1777 rum
307 1746 446 1779 t‘avorem
472 1753 503 1780 et
525 1748 733 1782 commodum
769 1760 804 1781 ac
840 1760 971 1793 prospe-

212 1809 285 1831 rum
309 1804 340 1832 et
363 1799 490 1833 felicem
511 1812 698 1835 successum
719 1813 736 1835 a
757 1802 888 1836 diversis
909 1803 971 1836 Ro-

212 1853 315 1886 manis
343 1854 553 1888 Pontificibus
586 1856 889 1900 praedecessoribus
910 1868 968 1890 no-

211 1906 284 1940 stris
309 1918 462 1941 concessa
480 1914 564 1949 sunt,
587 1915 623 1942 ut
648 1910 741 1943 firma
761 1916 919 1954 perpetuo
939 1917 969 1944 et

211 1959 331 1994 illibata
351 1962 538 2005 persistant,
569 1973 644 1996 cum
670 1975 687 1996 a
710 1964 804 1997 nobis
830 1964 966 2007 petitur,

209 2015 378 2058 apostolici
422 2016 612 2050 muniminis
646 2018 831 2050 firmitatem
859 2018 970 2051 adiici-

211 2079 293 2109 mus,
314 2069 434 2113 illaque
455 2071 658 2104 extendimus
678 2076 707 2104 et
722 2072 916 2115 ainpliamus
932 2083 968 2105 ac

211 2113 249 2145 dc
283 2124 365 2147 novo
400 2115 630 2156 concedimus,
658 2122 689 2149 et
721 2117 800 2149 alias
830 2117 969 2161 desuper

211 2167 436 2211 providemus,
468 2175 565 2214 prout
587 2181 803 2214 ,personarum
835 2171 968 2204 societa-

213 2227 280 2254 tum
298 2223 487 2256 earumdem
504 2223 555 2267 pia
572 2229 641 2257 vota
658 2224 847 2268 deposcunt,
864 2230 893 2258 et
910 2236 969 2259 nos

210 2273 242 2307 in
270 2275 407 2309 Domino
433 2276 652 2321 conspicimus
679 2278 851 2312 salubriter
871 2290 967 2324 cxpe-

211 2328 292 2362 dire.

255 2382 270 2426 ἓ
290 2383 322 2417 1.
345 2383 427 2418 Sane
443 2384 521 2418 alias
536 2383 639 2419 felicis
654 2385 969 2421 reeordationisAle-

210 2435 333 2470 xandro
360 2437 465 2482 Papae
484 2438 538 2480 VI,
561 2438 803 2483 praedecessori
832 2447 942 2475 nostro
957 2469 965 2483 ,

250 2511 259 2536 ¹
279 2509 332 2536 Has
348 2509 524 2545 indulgentias
541 2511 696 2539 moderatus
712 2517 761 2545 cst,
779 2517 805 2540 et
820 2513 883 2540 alias
900 2522 966 2541 con-

208 2555 289 2581 cessit
305 2553 402 2582 Paulus
418 2556 441 2585 V
462 2556 486 2582 in
513 2555 570 2583 eius
595 2558 783 2585 constitutione
809 2558 895 2586 adhuc
916 2568 968 2587 non

207 2598 288 2632 edita,
306 2601 431 2635 quamvis
455 2601 557 2628 firmata
582 2602 624 2629 die
645 2608 673 2628 ιιι
691 2602 807 2630 octobris
833 2604 909 2632 1606.
936 2604 969 2631 Et

207 2652 330 2673 normam
348 2647 505 2682 aggregandi
529 2647 593 2674 alias
612 2647 844 2676 confraternitates
862 2649 969 2676 tradidit

205 2688 329 2718 Clemens
347 2690 407 2718 vm
422 2691 449 2719 in
465 2692 659 2720 constitutione
676 2692 856 2726 chamnnque.

1680 265 1722 300 69

1013 345 1072 379 pro
1088 338 1178 378 parte
1188 331 1380 365 dilectorum
1401 330 1546 364 filiorum
1566 329 1766 363 confratrum

1783 274 1833 301 Αιι.
1850 276 1879 302 C.
1901 274 1969 303 ¹360

1809 333 1929 354 Alexander
1940 332 1968 353 vt

1743 383 1749 389 ,
1782 366 1970 385 confirmaviteon-

1013 385 1281 420 confraternitatis
1307 385 1415 419 Sancti
1449 384 1549 418 Rochi
1575 384 1767 418 confessoris

1013 441 1051 473 de
1090 440 1175 473 dieta
1191 439 1288 479 Urbe,
1320 438 1463 483 exposito
1500 439 1587 482 quod
1616 437 1766 471 nonnulli

1013 494 1238 527 christifideles
1249 493 1282 526 in
1294 493 1405 527 eadem
1421 493 1505 526 L'rbe
1518 499 1766 533 commorantes,

1014 549 1064 592 pie
1086 548 1327 582 considerantes
1346 548 1433 592 quod
1453 548 1663 592 quamplures
1684 547 1768 581 cliri-

1014 602 1107 635 stiani
1141 602 1282 635 nominis
1311 603 1509 646 professores
1538 601 1768 635 intercessione

1014 655 1158 688 eiusdem
1181 656 1287 689 Sancti
1307 656 1408 689 Rochi
1426 667 1444 689 a
1460 655 1574 689 morbo
1590 655 1768 700 epidemiae

1014 720 1079 742 non
1113 711 1217 743 solum
1252 711 1558 754 praeservabantur,
1584 711 1639 743 sed
1673 710 1769 744 etiam

1014 762 1099 795 dicto
1120 764 1233 796 morbo
1268 764 1375 797 infecti
1408 763 1642 805 liberabantur;
1664 764 1769 807 quod-

1014 828 1076 860 que
1111 817 1143 849 in
1169 817 1252 850 dicta
1273 817 1357 851 Urbe
1378 818 1467 850 nulla
1488 817 1624 851 ecclesia
1643 818 1702 851 sub
1723 818 1770 851 in-

1015 871 1180 903 vocatione
1211 871 1317 904 Sancti
1352 871 1453 904 Roehi
1482 871 1669 905 huiusmodi
1691 883 1770 905 con-

1014 929 1135 957 structa
1156 924 1320 963 existebat,
1338 925 1511 969 quamdam
1528 926 1771 960 confraternita-

1016 983 1078 1010 tem
1095 978 1179 1011 inter
1194 989 1239 1019 se,
1251 978 1309 1011 sub
1319 978 1518 1012 invocatione
1535 979 1678 1013 eiusdem
1694 979 1772 1013 San-

1015 1032 1055 1064 cti
1076 1032 1189 1072 Rochi,
1212 1032 1354 1065 fecerant
1374 1039 1405 1065 et
1420 1033 1663 1075 ordinaverant,
1686 1040 1716 1067 et
1735 1040 1771 1068 ut

1015 1086 1168 1119 haberent
1190 1087 1315 1127 locum,
1337 1087 1369 1119 in
1389 1098 1466 1131 quo,
1480 1098 1539 1131 pro
1555 1087 1669 1121 divinis
1689 1089 1771 1121 cele-

1014 1139 1145 1173 brandis
1182 1146 1212 1173 et
1244 1140 1282 1173 iis
1311 1151 1393 1184 quae
1428 1140 1466 1173 ad
1496 1140 1706 1174 directionem
1741 1147 1771 1175 et

1014 1193 1282 1235 gubernationem
1295 1193 1398 1227 dictae
1415 1193 1684 1227 confraternitatis
1700 1205 1771 1238 per-

1016 1247 1158 1280 tinebant
1183 1252 1213 1280 et
1237 1247 1436 1291 pertinerent
1455 1247 1488 1280 in
1508 1247 1671 1289 futurum,
1695 1259 1771 1282 con-

1013 1301 1122 1334 venire
1158 1307 1300 1345 possent,
1333 1301 1506 1344 quamdam
1527 1301 1645 1346 petiam
1675 1308 1770 1336 terrae

1014 1355 1132 1387 montis
1144 1355 1306 1398 Augustae
1322 1355 1360 1388 de
1375 1355 1458 1388 dicta
1469 1355 1678 1400 Urbe,prope
1687 1356 1768 1389 viam

1014 1408 1190 1452 publicam,
1214 1420 1277 1452 qua
1298 1408 1362 1441 itur
1382 1409 1420 1442 ad
1441 1409 1610 1442 ecclesiam
1635 1409 1769 1443 Sanctae

1014 1462 1128 1495 Mariae
1163 1463 1201 1496 de
1234 1463 1377 1507 Populo,
1400 1462 1495 1496 etiam
1517 1463 1555 1496 de
1576 1463 1644 1508 ipsa
1663 1463 1767 1505 Urbe,

1014 1515 1252 1556 consistentem,
1271 1516 1330 1549 sub
1355 1527 1463 1549 annua
1483 1517 1691 1561 responsione
1717 1517 1770 1550 de—

1014 1580 1083 1602 cem
1118 1570 1331 1610 ducatorum,
1357 1570 1452 1603 certis
1477 1570 1573 1603 modo
1607 1576 1637 1604 et
1666 1571 1769 1604 forma

1013 1629 1089 1656 tunc
1112 1624 1281 1667 expressis,
1300 1624 1537 1666 conduxerunt,
1560 1630 1589 1658 et
1605 1625 1691 1669 quod
1709 1625 1769 1669 ipsi

1013 1678 1190 1711 confratres
1211 1678 1421 1713 intendebant
1440 1679 1518 1711 inibi
1543 1690 1641 1713 unam
1668 1680 1770 1713 eccle-

1012 1730 1090 1763 siam
1125 1732 1184 1764 sub
1217 1732 1302 1765 dicta
1336 1732 1536 1767 invocatione
1570 1733 1714 1767 construi
1740 1739 1770 1767 et

1011 1784 1195 1826 aedificari,
1219 1797 1254 1819 ac
1276 1786 1308 1818 in
1328 1797 1365 1819 ea
1385 1787 1499 1820 missas
1523 1792 1554 1820 et
1578 1787 1640 1820 alia
1665 1786 1770 1820 divina

1012 1838 1117 1871 officia
1138 1850 1195 1883 per
1211 1840 1437 1884 cappellanum
1455 1852 1510 1874 seu
1523 1842 1730 1885 cappellanos
1741 1847 1771 1874 et

1011 1892 1091 1925 alios
1103 1893 1235 1927 idoneos
1248 1894 1405 1928 celebrari
1425 1896 1547 1936 facere,
1566 1901 1596 1929 et
1616 1895 1704 1929 illam
1721 1907 1772 1929 or-

1012 1948 1171 1980 namentis
1192 1949 1421 1983 ecelesiasticis
1441 1949 1569 1983 munire
1590 1956 1621 1983 et
1640 1950 1768 1991 fulcire,

1011 2002 1174 2045 praefatus
1208 2003 1438 2047 praedecessor
1479 2010 1514 2037 ut
1543 2005 1771 2039 christifideles

1011 2055 1099 2088 illam
1121 2056 1247 2090 visitare
1258 2062 1287 2090 et
1298 2057 1403 2090 divina
1421 2058 1526 2091 officia
1543 2058 1669 2099 audire,
1682 2070 1719 2092 ac
1736 2065 1772 2092 ut

1012 2108 1241 2143 intercessione
1263 2110 1408 2144 eiusdem
1430 2111 1537 2145 Sancti
1561 2112 1663 2145 Bochi
1683 2113 1769 2156 apud

1010 2162 1207 2197 Altissimum
1235 2164 1421 2198 huiusmodi
1451 2166 1566 2199 morbo
1590 2166 1769 2210 epidemiae

1011 2218 1193 2250 conservari
1216 2224 1246 2251 et
1265 2218 1396 2252 liberari
1413 2225 1555 2263 possent,
1579 2220 1767 2254 eorumdem

1011 2270 1209 2304 confratrum
1245 2272 1536 2317 supplicationibus
1570 2273 1742 2307 inclinatus
1759 2301 1767 2314 ,

1011 2325 1307 2359 confraternitatem
1327 2327 1503 2371 praefatam
1514 2328 1737 2371 perquasdam
1754 2328 1764 2355 Ἰ

1010 2379 1186 2423 apostolica
1207 2380 1408 2422 auctoritate,
1433 2381 1621 2426 approbavit
1639 2387 1669 2415 et
1693 2392 1769 2416 con-

1012 2433 1162 2468 firmavit.

1055 2487 1070 2531 ἓ
1086 2487 1117 2521 2.
1140 2489 1183 2521 Ac
1199 2489 1319 2523 eisdem
1336 2490 1554 2523 confratribus
1568 2495 1646 2524 tunc
1661 2496 1693 2525 et
1708 2502 1767 2536 pro

1010 2542 1156 2581 tempore
1177 2538 1401 2579 existentibus,
1425 2544 1543 2573 statuta
1566 2540 1767 2574 rationabilia

1011 2592 1041 2619 et
1064 2587 1200 2620 honesta
1223 2599 1260 2620 ac
1285 2589 1384 2621 sacris
1409 2589 1588 2623 canonibus
1608 2601 1673 2623 non
1693 2601 1768 2623 con-

1010 2635 1120 2677 traria,
1138 2647 1196 2680 pro
1214 2637 1391 2671 directione
1411 2643 1442 2671 et
1456 2639 1698 2673 conservatione
1718 2639 1765 2672 di-

1047 2696 1058 2721 1
1080 2696 1132 2722 Per
1150 2698 1278 2729 quasdam
1296 2698 1397 2731 literas,
1415 2696 1532 2726 Cherub.
1549 2698 1589 2733 (ι.
1607 2697 1658 2733 τ.).

1782 395 1936 416 fraternitatem
1946 395 1967 415 S.

1783 425 1855 451 nocui,
1867 427 1926 446 cuius
1938 427 1972 445 in-

1783 461 1872 478 tereus.
1882 457 1968 477 multitu

1783 487 1837 509 Urbe
1867 493 1968 514 praeser-

1782 520 1969 545 vabanturapest·

1783 554 1804 571 et
1817 549 1969 574 liberabantun

1809 2502 1891 2525 Statum
1914 2510 1968 2526 con-

1784 2536 1845 2556 dendi
1855 2539 1876 2556 et
1885 2535 1968 2557 officin-

1785 2566 1816 2585 les
1853 2566 1967 2592 deputandi

1784 2596 1904 2618 facultatem
1929 2598 1967 2619 de-

1784 2628 1820 2653 dnt3
