2237 3100
38 269 95 297 An.
112 268 142 297 C.
158 267 226 297 ¹562

93 753 224 780 sponsiones

42 790 106 812 super
115 785 223 806 electione

40 816 149 837 Pontificis
169 818 224 836 dam-

40 849 124 868 uantur.

65 1185 187 1206 Cat-dinatvs
199 1192 224 1206 u-

40 1217 89 1237 nico
105 1215 186 1237 ferculo
202 1220 224 1237 et

39 1248 156 1274 moderato,
173 1249 223 1268 etin

42 1280 129 1306 propria
170 1279 226 1300 cella

40 1313 154 1331 vescantur
169 1312 226 1332 iuxta

41 1341 119 1361 nuttam
129 1341 225 1364 clemen-

41 1372 68 1392 tis
83 1371 119 1393 Vl.

41 1611 132 1634 Praelati
151 1616 225 1634 eusto-

41 1646 79 1665 ‹tes
116 1645 225 1666 cont-lavis

41 1681 67 1696 ne
83 1675 167 1699 literae.
184 1678 224 1696 etc.

42 1707 182 1727 transmittan.
191 1713 226 1728 cu-

41 1741 95 1759 rent.

77 2568 225 2592 Conclavtsine

44 2599 154 2623 disc-den,
184 2608 226 2623 non

910 264 977 290 PIUS
1001 266 1032 291 tv
1055 266 1103 292 1³1².

240 321 266 355 si
285 321 501 356 cardinalatus
516 320 651 363 honore,
664 320 899 367 praefulgeant,
916 331 993 364 poe-

240 387 300 410 nae
330 377 673 411 excommunicationis
704 377 787 409 latae
816 376 991 409 sententiae

239 431 438 472 subiaceant,
456 431 639 465 absolvendi
660 431 822 471 facultate,
848 436 991 474 praeter-

238 495 336 529 quam
366 486 398 518 in
428 485 540 519 mortis
569 485 705 519 articulo
718 512 725 525 ,
758 484 816 518 soli
846 485 992 518 Pontifici

238 538 375 572 Maximo
396 545 568 580 reservata,
586 551 603 572 a
624 550 689 583 quo
710 538 922 572 nihilominus
935 550 992 582 pro

238 592 392 636 qualitate
413 593 534 634 delicti,
562 594 648 627 ultra
667 593 785 626 dictam
805 604 992 627 excommu-

238 645 411 680 nicationis
435 658 573 691 poenam
587 675 594 689 ,
617 647 773 692 puniendi
795 653 900 681 erunt.

282 700 297 744 ἓ
322 700 375 733 ⁶21.
402 701 612 735 prohibentes
639 702 732 735 etiam
764 713 862 746 super
885 703 994 735 futura

238 754 396 788 electione
418 756 583 789 Pontificis
612 756 817 800 sponsiones,
840 767 919 799 quas
939 767 993 789 ex-

239 809 427 851 commissas
446 816 572 850 vocant,
597 810 678 849 fieri3
700 815 730 842 et
746 810 770 841 si
787 810 866 843 forte
883 815 994 843 contra

238 863 455 906 praesentium
477 869 622 897 tenorem
645 865 745 897 saetae
767 865 897 903 suerint,
925 864 995 898 illas

238 916 345 949 nullas
361 917 520 958 etirritas,
540 917 571 950 in
588 917 708 950 iudicio
729 923 759 950 et.
771 923 871 958 extra,
886 918 953 951 fore
965 924 995 951 et

239 969 371 1003 omnino
393 970 528 1011 censeri,
553 976 583 1003 et
598 971 866 1003 contrafacientes
875 982 912 1004 ac
924 982 995 1014 pro-

238 1028 368 1057 xenetas
378 1024 510 1057 arbitrio
522 1024 749 1067 gubernatoris
761 1030 791 1057 et.
802 1024 902 1057 futuri
913 1025 994 1058 Pon-

239 1076 335 1109 tificis
355 1077 465 1121 puniri
486 1078 604 1111 debere
624 1078 840 1111 decernimus.

283 1130 298 1173 ἓ
318 1130 372 1163 ⁶22.
390 1131 576 1165 Cardinales
595 1136 704 1164 autem
722 1131 827 1175 primo
849 1131 917 1175 ipso
930 1131 993 1171 die,

239 1194 305 1227 quo
317 1185 467 1217 conclave
479 1184 613 1227 ingressi
631 1184 762 1225 suerint,
777 1185 884 1217 tamin
900 1196 995 1229 pran-

240 1236 292 1270 dio
308 1249 405 1281 quam
422 1238 454 1270 in
475 1249 586 1279 coena,
604 1249 669 1271 uno
681 1240 751 1271 solo
764 1239 886 1271 ferculo
898 1239 998 1278 unius

240 1291 359 1334 speciei
379 1297 505 1324 tantum
518 1319 525 1333 ,
549 1303 651 1336 eoque
672 1292 839 1325 moderato
869 1297 899 1325 et
918 1292 997 1325 alias

240 1344 327 1377 iuxta
337 1344 600 1378 constitutionem
612 1346 747 1390 praefati
767 1345 941 1379 Clementis
959 1346 995 1379 VI

240 1398 437 1442 qualificato,
460 1399 601 1432 contenti
623 1400 685 1432 sint
705 1404 735 1431 et
759 1410 827 1432 esse
845 1400 993 1440 debeant,

240 1462 300 1484 nec
317 1451 493 1495 quisquam
506 1452 538 1484 in
550 1452 683 1486 alterius
693 1453 775 1486 cella
794 1453 842 1486 vel
858 1453 896 1486 de
917 1454 996 1487 alte-

240 1505 308 1539 rius
328 1506 451 1539 ferculo
471 1512 628 1539 vescatur.

284 1558 363 1602 523.
375 1559 514 1592 Praelati
529 1570 660 1604 quoque
672 1560 710 1593 ad
722 1559 900 1593 custodiam
918 1570 996 1593 con-

241 1612 336 1646 clavis
356 1612 511 1657 deputati,
534 1614 592 1646 sub
614 1624 717 1657 poena
733 1613 869 1658 periurii
884 1619 915 1647 et
931 1624 998 1647 sus-

240 1666 407 1711 pensionis
436 1678 453 1700 a
473 1666 599 1707 divinis,
622 1668 760 1700 maxima
781 1674 812 1701 et
841 1668 997 1711 exquisita

240 1720 405 1763 diligentia
428 1725 559 1754 utantur
583 1721 833 1765 ininspiciendis
854 1733 889 1755 ac
908 1733 998 1765 prae-

241 1774 402 1807 servandis
413 1774 425 1802 ‘l
440 1774 545 1818 epulis
556 1780 587 1807 et
597 1775 668 1807 aliis
683 1776 780 1808 rebus
797 1781 833 1808 ac
853 1776 998 1819 personis

240 1823 392 1857 conclave
413 1823 607 1857 intrantibus
627 1830 654 1857 et
678 1825 716 1857 de
738 1836 774 1858 eo
791 1825 995 1865 exeuntibus,

240 1882 293 1912 ne,
308 1872 366 1905 sub
377 1883 488 1905 earum
505 1884 615 1906 rerum
630 1874 801 1913 velamine,
817 1874 926 1907 literae
944 1880 998 1907 aut

240 1926 335 1954 notae
346 1923 395 1955 vel
411 1922 502 1965 signa
511 1923 618 1967 aliqua
628 1924 895 1956 transmittantur.
907 1924 997 1963 Quod

241 1970 266 2004 si
291 1971 353 2003 tale
383 1972 460 2014 quid
481 1972 645 2005 inventum
662 1973 791 2013 'suc-rit,
824 1973 998 2019 tai‘niliares

241 2019 455 2053 cardinalium
477 2026 532 2054 aut
543 2021 597 2054 alii
614 2021 841 2065 delinquentes
860 2033 997 2065 poenam

240 2067 429 2111 privationis
463 2070 644 2103 officiorum
676 2076 706 2103 et
743 2071 994 2111 beneficiorum,

240 2127 277 2162 ac
289 2116 497 2151 inhabilitatis
509 2119 547 2151 ad
564 2120 694 2152 obtenta
715 2124 745 2151 et
765 2119 939 2152 obtinenda
951 2120 999 2152 in-

241 2171 385 2198 currant.
401 2167 438 2199 Et
450 2167 586 2200 ulterius
597 2179 655 2212 per
665 2169 917 2211 gubernatorem
930 2180 999 2202 car—

243 2215 371 2249 ceribus
392 2216 630 2260 manripentur,
649 2218 843 2258 exinde,nisi
860 2219 897 2251 de
910 2230 998 2252 man-

241 2264 315 2297 dato
332 2265 404 2297 novi
416 2265 590 2306 Pontificis,
604 2266 734 2299 minime
751 2267 925 2308 relaxandi,
945 2269 997 2301 sed

241 2313 311 2346 eius
331 2314 465 2347 arbitrio
482 2315 588 2348 acrius
605 2316 774 2359 puniendi,
793 2316 881 2349 omni
899 2318 998 2350 sacul-

241 2368 305 2397 tate
326 2364 461 2407 collegio
482 2365 696 2398 cardinalium
718 2365 749 2397 in
768 2367 906 2399 savorem
920 2378 999 2409 quo-

242 2424 473 2459 rumcumque,
497 2415 552 2458 qui
574 2415 606 2447 in
623 2415 806 2459 praemissis
826 2417 997 2449 veleorum

243 2464 352 2507 aliquo
374 2465 581 2508 deliquerint,
602 2465 736 2498 omnino
756 2465 937 2499 interdicta.

289 2515 304 2557 ξ
323 2513 377 2548 24.
400 2514 617 2548 Conclavistae
646 2526 721 2548 vcro
742 2520 772 2548 et
800 2515 998 2560 quicumque

245 2563 299 2597 alii
320 2565 493 2598 servientes
512 2565 665 2601 conclavi„
687 2575 723 2596 ex
744 2575 840 2597 causa
861 2564 997 2597 infirmi-

245 2612 318 2647 tatis
334 2613 520 2647 manifestae
532 2620 562 2647 et
582 2613 743 2653 notabilis,
757 2625 775 2647 a
786 2614 918 2648 medicis
934 2626 997 2648 me-

285 2677 295 2703 1
317 2678 533 2710 Praescutandis,
548 2677 663 2704 Cherub.
686 2676 724 2712 (ui
742 2677 778 2712 T).

1680 255 1744 293 935
1805 266 1854 294 An.
1872 265 1900 294 c.
1920 264 1989 295 1562

1035 321 1087 354 dio
1117 321 1299 355 iuramento
1328 320 1481 365 probatae
1512 325 1543 354 et
1565 320 1603 355 de
1631 331 1787 355 consensu
1805 335 1992 363 infernumqu-

1035 377 1276 420 deputatorum‚
1291 386 1431 420 quorum
1443 375 1537 409 etiam
1559 375 1788 410 conscientiam
1806 368 1878 388 ¹²¹³⁰⁵²

1035 431 1174 474 desuper
1193 441 1377 470 oneramus,
1399 435 1429 463 et
1458 440 1522 463 non
1543 430 1636 464 aliter
1655 431 1788 472 exituri,

1035 486 1124 519 nullo
1136 486 1231 518 modo
1244 485 1357 518 reverti
1375 484 1508 528 possint,
1523 484 1577 517 sed
1593 496 1707 517 eorum
1719 486 1790 518 loco

1035 538 1087 571 alii
1109 539 1222 572 eodem
1244 549 1379 583 prorsus
1398 543 1556 582 tempore,
1580 549 1644 581 quo
1670 538 1788 572 infirmi

1036 592 1182 634 exibunt,
1206 592 1440 636 ingrediantur.

1080 647 1168 690 5⁹25.
1201 647 1379 680 Statuimus
1406 647 1502 679 etiam
1537 653 1567 680 et
1588 648 1790 682 declaramus

1035 701 1122 744 quod
1143 701 1168 733 si
1190 701 1270 734 forte
1291 701 1408 744 aliquis
1429 701 1601 735 cardinalis
1626 704 1737 737 saltem
1759 703 1790 736 in

1035 754 1225 788 diaconatus
1244 755 1357 788 ordine
1374 756 1566 788 constitutus
1590 767 1654 790 non
1680 757 1789 798 suerit,

1037 808 1062 841 is
1072 809 1256 842 nullatenus
1271 810 1310 841 ad
1329 809 1511 852 eligendum
1529 810 1652 844 admitti
1664 812 1788 845 debeat.

1080 864 1094 906 ξ
1114 863 1167 896 ⁶26.
1187 863 1371 896 Cardinales
1391 868 1498 896 autem
1521 874 1578 906 per
1599 865 1720 899 viscera
1736 865 1793 898 mi-

1036 916 1230 950 sericordiae
1242 916 1369 949 Domini
1382 917 1483 949 nostri
1495 917 1565 950 Iesu
1575 917 1691 952 Christi
1702 920 1792 953 enixe

1038 981 1190 1013 rogamus
1210 975 1241 1003 et
1260 971 1442 1011 hortamur,
1456 982 1493 1003 ac
1505 970 1549 1003 eis
1569 971 1792 1013 nihilominus,

1037 1024 1096 1057 sub
1118 1024 1215 1057 divini
1236 1024 1498 1071 interminatione
1525 1024 1648 1066 iudicii,
1671 1028 1795 1071 praeci-

1038 1078 1146 1122 pimus
1166 1083 1197 1111 et
1217 1078 1409 1110 mandamus
1433 1083 1480 1119 ut,
1506 1080 1704 1113 attendentes
1725 1092 1794 1114 ma-

1037 1131 1239 1175 gnitudinem
1261 1132 1444 1172 ministerii,
1470 1132 1556 1175 quod
1577 1144 1636 1177 per
1656 1146 1710 1167 eos
1729 1139 1793 1167 tra-

1038 1191 1153 1226 ctatur,
1170 1185 1200 1218 in
1210 1186 1323 1219 dandis
1332 1185 1492 1229 suffragiis
1502 1197 1538 1218 ac
1557 1187 1628 1220 aliis
1644 1188 1796 1221 omnibus

1038 1244 1068 1272 et
1088 1239 1223 1281 singulis
1243 1239 1435 1272 electionem
1462 1240 1706 1283 quomodolibet
1722 1253 1796 1276 con-

1038 1293 1258 1333 cernentibus,
1273 1293 1360 1326 onmi
1388 1293 1461 1326 dolo
1475 1304 1511 1326 ac
1532 1294 1668 1335 fraude,
1682 1296 1794 1329 factio-

1038 1346 1133 1378 nibus
1154 1351 1184 1379 et
1209 1346 1393 1380 animorum
1419 1346 1623 1390 passionibus
1648 1350 1792 1390 remotis,

1038 1411 1074 1432 ac
1096 1400 1282 1444 principum
1312 1400 1529 1433 saecularium
1554 1401 1795 1436 intercessioni-

1038 1453 1110 1494 bus,
1135 1454 1314 1498 ceterisque
1333 1454 1505 1487 mundanis
1525 1455 1726 1499 respectibus
1737 1456 1795 1489 mi-

1039 1507 1125 1540 nime
1138 1508 1278 1547 attentis,
1297 1508 1351 1541 sed
1363 1508 1468 1540 solum
1480 1508 1582 1541 Deum
1600 1521 1675 1553 prae
1692 1510 1796 1544 oculis

1040 1561 1204 1601 habentes,
1221 1572 1289 1594 sese
1301 1573 1394 1605 pure,
1407 1562 1520 1602 libere,
1535 1562 1673 1605 sincere,
1687 1564 1795 1607 quiete

1040 1619 1070 1647 et
1090 1614 1224 1658 pacifice
1241 1626 1353 1658 gerere
1374 1620 1405 1648 et
1425 1615 1543 1649 habere
1564 1616 1712 1650 debeant.
1731 1618 1794 1651 Nec

1040 1679 1098 1712 pro
1120 1668 1221 1711 ipsius
1246 1668 1410 1702 Pontificis
1434 1670 1603 1710 electione,
1627 1671 1793 1716 conspira—

1041 1723 1152 1763 tiones,
1176 1723 1336 1764 condicta,
1350 1723 1517 1768 pactiones
1534 1730 1563 1757 et
1576 1724 1655 1757 alios
1667 1725 1795 1759 illicitos

1040 1782 1194 1809 tractatus
1215 1777 1308 1817 inire,
1322 1777 1411 1817 signa
1432 1783 1486 1811 aut
1511 1779 1715 1823 contrasigna
1741 1791 1793 1813 vo-

1040 1836 1147 1864 torum
1160 1842 1294 1864 suorum
1310 1831 1402 1865 alteri
1414 1832 1502 1873 dare,
1516 1833 1656 1866 minasve
1677 1834 1794 1877 aliqui-

1040 1885 1100 1917 bus
1130 1885 1248 1918 inferre
1262 1913 1269 1926 ,
1293 1886 1452 1919 tumultus
1472 1886 1610 1920 excitare
1624 1915 1631 1927 ,
1660 1893 1713 1920 aut
1734 1888 1794 1920 alia

1040 1939 1144 1971 facere
1159 1966 1166 1979 ,
1198 1950 1256 1982 per
1285 1951 1367 1982 quae
1388 1941 1503 1973 electio
1531 1941 1727 1981 retardetur,
1747 1942 1794 1974 vel

1040 1992 1147 2026 minus
1167 1993 1267 2025 libere
1289 1993 1441 2037 suffragia
1462 2000 1675 2038 praestentur,
1688 2006 1746 2039 per
1762 2007 1794 2027 se

1039 2046 1086 2079 vel
1115 2046 1232 2084 alium,
1256 2047 1376 2080 directe
1406 2048 1454 2080 vel
1483 2047 1651 2088 indirecte,
1683 2049 1795 2091 quovis

1040 2100 1148 2132 colore
1157 2101 1205 2133 vel
1215 2100 1354 2143 ingenio,
1365 2102 1504 2134 audeant
1513 2102 1560 2134 vel
1574 2108 1791 2144 praesumant.

1040 2153 1128 2192 Quod
1146 2153 1171 2186 si
1192 2165 1284 2187 secus
1304 2154 1450 2195 fecerint,
1474 2160 1529 2187 aut
1549 2161 1661 2188 eontra
1683 2156 1794 2199 prohi-

1040 2206 1104 2239 bita
1125 2207 1156 2239 in
1168 2208 1329 2251 praesenti
1351 2208 1579 2241 constitutione
1600 2209 1722 2252 aliquid
1738 2210 1794 2242 ad-

1041 2260 1197 2302 miserint,
1212 2262 1296 2294 ultra
1312 2262 1451 2294 divinam
1469 2262 1638 2301 ultionem,
1661 2263 1793 2296 arbitrio

1040 2315 1139 2347 futuri
1160 2315 1324 2348 Pontitieis
1346 2327 1403 2359 pro
1425 2317 1521 2349 modo
1547 2317 1662 2361 culpae
1689 2317 1720 2350 in
1741 2329 1794 2351 eos

1040 2369 1313 2413 quandocumque
1339 2370 1548 2403 anittiadwrti
1570 2371 1680 2414 possit.

1085 2422 1099 2465 ξ
1124 2422 1176 2455 27.
1199 2424 1278 2462 Quia
1294 2435 1368 2457 vero
1389 2435 1503 2469 parum
1526 2430 1608 2457 esset.
1629 2425 1699 2458 iura
1718 2436 1796 2458 cone
1823 2443 1924 2464 ‹:..<10.1‹·<
1940 2450 1994 2464 m-

1041 2472 1137 2513 dere,
1168 2473 1229 2506 nisi
1265 2475 1366 2507 forent
1400 2475 1455 2518 qui
1476 2474 1657 2508 executioni
1678 2486 1713 2507 ea
1742 2475 1993 2517 d11-1†l³·'¹*¹¹'³st·¹··¹“

1041 2523 1251 2563 mandarent,
1284 2524 1453 2556 statuimus
1483 2530 1513 2556 et
1546 2524 1735 2557 ordinamus
1761 2529 1791 2555 ut
1810 2507 1930 2558 ,ἶζΪηῘζῘᾸ-ῘΜ
1953 2508 1978 2526 “b

1041 2571 1186 2614 praelati,
1200 2577 1353 2613 rectores,
1368 2572 1521 2606 otliciales
1533 2573 1626 2606 Urbis
1649 2585 1684 2606 ae
1703 2573 1793 2616 prin-

1041 2620 1150 2663 cipum
1170 2627 1326 2662 oratores,
1340 2622 1479 2654 illustres
1490 2622 1559 2662 viri,
1581 2633 1662 2665 quos
1682 2633 1793 2655 omnes

1041 2680 1058 2702 a
1070 2670 1204 2713 collegio
1217 2681 1276 2714 pro
1288 2671 1434 2704 custodia
1454 2671 1614 2704 conclavis
1634 2670 1708 2714 eligi
1719 2681 1793 2704 con-

1814 669 1937 690 Cardinales
1949 675 1991 690 non

1807 701 1889 722 diaconi
1922 705 1990 722 votum

1806 732 1825 752 in
1835 732 1991 753 elevdonenon

1807 763 1892 784 habent.

1834 886 1956 908 cardinales
1971 888 1992 908 in

1807 918 1915 939 electione
1944 924 1993 938 ser-

1808 953 1859 970 vent
1888 949 1921 970 htc
1954 955 1993 970 ex-

1809 987 1890 1007 pressa.
