2237 3100
55 283 104 310 Αιι.
124 282 154 317 c.
171 284 238 310 ¹567

82 351 179 373 facultas
195 353 240 373 eis-

54 384 102 404 dem
136 389 241 405 concessa

55 415 139 436 uniendi
169 415 240 442 plures

55 450 129 471 domos
145 453 183 468 seu
198 453 242 468 mo·

54 480 150 500 nasteria
185 478 240 499 Con-

55 511 186 532 ventualium
201 516 239 537 pro

57 548 153 568 congrua
197 542 241 562 tra-

57 573 240 594 trumObsei-van-

57 605 107 626 tium
130 607 240 627 sustenta-

56 638 121 658 tione.

119 2067 250 2089 Monaster'ia

67 2099 132 2122 Tertii
138 2099 188 2121 Ord,
196 2098 252 2120 San-

68 2132 96 2152 cti
104 2131 211 2152 francisci
219 2135 252 2150 rev

67 2162 176 2184 formanda
217 2162 252 2182 de-

68 2194 145 2215 cei-nit.

939 286 1007 311 PIUS
1031 287 1049 309 V
1075 287 1123 311 1¹1⁷.

253 336 350 371 steria
375 336 509 369 fratrum
537 341 567 368 et
592 336 781 369 monialium
809 338 1010 372 Conventua-

254 390 335 423 lium
358 389 601 433 praedictorum
630 396 702 424 sunt
724 391 783 424 sita
806 392 836 424 in
858 393 949 433 loeis,
980 393 1010 425 in

255 444 374 488 quibus
393 444 624 478 inconveniens
645 446 716 483 erit,
738 452 789 478 aut
813 452 946 490 propter
965 459 1012 480 as-

255 499 597 543 peritatemlocorum,
613 500 661 532 vel
678 500 755 543 quia
783 501 925 533 solitaria
957 507 1009 534 aut

254 553 334 586 adeo
356 563 537 596 paucorum
563 552 783 586 habitatorum
806 560 890 594 sunt,
916 560 951 587 ut
980 555 1010 587 in

255 606 318 640 illis
338 608 453 640 fratres
473 606 533 651 ipsi
553 606 765 639 Observantes
790 607 935 640 habitent
963 609 1011 641 vel

255 660 363 704 potius
387 671 442 693 eos
462 660 506 693 ibi
527 659 660 693 minime
678 660 822 693 habitare
843 671 936 704 posse
958 674 1011 695 ve-

255 714 393 748 rendum
418 714 458 746 sit
487 725 524 747 ex
553 714 681 747 defectu
711 714 889 758 praecipue
925 717 1011 749 elee-

254 778 475 812 mosynarum,
497 778 535 800 ex
554 767 673 811 quibus
688 767 792 800 vivere
809 768 937 809 debent,
956 781 1011 803 seu

254 822 409 867 quoniam
429 832 534 866 prope
554 822 609 854 illa
629 826 704 855 sunt
729 821 792 854 alia
816 824 1013 857 monasteria

256 877 296 910 de
309 875 529 916 Observantia,
566 875 678 919 sieque
703 876 927 921 eleemosynae
953 889 1012 921 pro

256 936 404 974 tempore
423 929 623 973 colligendae
644 941 703 974 pro
725 931 877 964 omnibus
895 942 1013 975 nequa-

256 996 354 1030 quam
374 985 534 1018 sufficere.
558 985 733 1028 Propterea
748 985 1012 1030 archiepiscopis,

256 1039 418 1084 episcopis
446 1044 478 1072 et
501 1038 754 1083 provincialibus
783 1039 919 1082 aliisque
955 1051 1014 1083 per

257 1104 312 1127 eos
337 1092 587 1136 subdelegandis
616 1092 807 1136 praedictis,
837 1093 924 1137 quod
954 1094 1012 1126 sibi

257 1158 355 1192 super
383 1148 444 1181 hoc
469 1146 589 1180 iustum
617 1152 647 1179 et
671 1147 843 1180 honestum
874 1158 943 1181 esse
967 1148 1013 1180 vi·

258 1201 398 1241 debitur,
421 1200 559 1234 faciendi
584 1205 614 1233 et
639 1200 831 1244 exequendi,
863 1206 890 1233 et
914 1201 938 1233 si
960 1212 1013 1234 ex-

258 1255 390 1301 pediens
419 1266 488 1288 esse
517 1254 738 1298 cognoverint,
774 1255 869 1287 etiam
901 1266 1013 1288 mona-

258 1310 355 1344 steria
380 1309 439 1342 sibi
464 1308 613 1342 benevisa
643 1308 780 1342 invicem
806 1309 946 1342 alterum
968 1311 1014 1343 al-

259 1364 318 1397 teri
344 1363 490 1403 uniendi,
512 1368 540 1396 et
568 1368 603 1395 ut.
625 1362 739 1396 fratres
760 1363 792 1395 in
814 1363 876 1396 illis
900 1375 1014 1397 mona-

259 1417 375 1459 steriis,
398 1417 560 1461 inquibus
580 1417 625 1450 eis
644 1416 748 1450 visum
765 1417 860 1450 fuerit
875 1418 1015 1451 residere

259 1472 418 1511 habeant,
445 1471 617 1504 ordinandi
647 1482 684 1504 ac
714 1471 935 1515 praecipiendi
970 1474 1015 1504 sa-

261 1527 415 1559 cultatem
441 1525 562 1570 pariter
582 1524 800 1568 impartimur.

305 1581 320 1624 g
344 1580 375 1614 6.
398 1580 547 1624 Insuper,
570 1578 724 1623 quoniam
752 1579 784 1612 in
811 1579 1018 1623 praeinsertis

260 1635 361 1668 literis
382 1633 554 1679 praedictis
578 1634 613 1667 sit
635 1633 757 1667 mentio
777 1634 866 1678 quod
893 1634 932 1667 de
954 1635 1017 1666 sra-

260 1689 364 1723 trihus
397 1688 529 1722 illorum
557 1687 733 1728 Ordinum,
760 1699 902 1731 quorum
937 1688 1017 1721 nulli

263 1754 399 1788 usquam
420 1748 597 1776 conventus
618 1747 704 1783 sunt,
727 1742 783 1786 qui
804 1742 899 1775 vitam
926 1753 1019 1785 regu-

262 1798 363 1831 larem
383 1796 563 1837 observent,
586 1796 640 1829 sed
666 1807 779 1829 omnes
800 1796 1018 1829 tantumtlmi-

261 1852 426 1886 ventuales
446 1857 532 1889 sunt,
554 1851 832 1894 quemadmodum
857 1851 915 1894 ipsi
937 1862 1019 1895 quo-

262 1917 326 1951 que
345 1906 544 1940 reformandi
570 1911 601 1938 et
627 1906 666 1938 ad
701 1916 798 1949 quam
834 1905 956 1938 vivendi
988 1905 1019 1937 in

265 1960 432 1995 communi
462 1961 598 1993 formam
631 1960 693 1992 sint
723 1960 918 1997 reducendi,
951 1959 1022 1991 aliis

265 2014 366 2048 literis
386 2019 577 2047 statuemus.
596 2013 681 2051 ideo,
697 2024 771 2046 cuni
789 2013 821 2045 in
841 2013 934 2045 dietis
950 2013 1021 2045 His-

266 2068 437 2113 paniarum
477 2067 583 2109 regnis
628 2067 777 2099 nonnulli
817 2066 952 2100 Ordines
993 2073 1019 2099 et

267 2121 508 2166 quamplurima
525 2120 719 2153 monasteria
736 2119 853 2153 similia
874 2119 1020 2157 existant,

267 2186 350 2221 quae
384 2174 614 2208 reformatione
647 2173 790 2216 indigere
820 2179 1021 2213 noscuntur,

268 2235 361 2274 prout
389 2234 463 2261 sunt
483 2227 678 2261 monasteria
692 2227 789 2260 Tertii
806 2226 932 2259 Ordinis
948 2226 1024 2259 San-

269 2281 511 2321 ctiFrancisei,
540 2281 570 2313 in
605 2281 723 2324 quibus
757 2281 877 2324 degunt
912 2280 1025 2313 fratres

269 2337 423 2371 dissolute
444 2341 474 2368 et
494 2345 643 2379 perverse
658 2334 814 2374 viventes,
837 2334 1025 2378 malumque

271 2391 455 2435 exemplum
481 2394 510 2422 et
535 2388 622 2421 varia
649 2388 799 2421 scandala
820 2387 1023 2431 praebentes,

270 2441 343 2486 qui,
364 2439 389 2473 si
415 2451 433 2472 a
459 2438 525 2472 suis
554 2448 619 2471 non
646 2437 789 2481 probatis
819 2436 971 2469 institutis
997 2442 1026 2469 et

271 2490 364 2524 solito
390 2488 513 2522 vivendi
539 2487 634 2521 modo
665 2497 729 2519 non
759 2490 1024 2527 removerentur,

272 2538 434 2573 difficilius
454 2543 565 2582 postea
592 2536 761 2569 reformari
786 2541 927 2579 possent.
951 2535 1025 2575 Nos,

272 2600 332 2634 pro
346 2589 464 2622 horum
485 2587 620 2620 fratrum
641 2585 882 2626 reformatione,
898 2585 969 2617 illos
989 2585 1027 2617 ad

274 2637 506 2672 observantiam
527 2637 662 2670 fratrum
684 2635 759 2669 dieti
779 2634 905 2669 Ordinis
921 2634 1027 2667 Sancti

274 2687 435 2722 Francisoi
451 2697 509 2731 per
528 2686 740 2732 supradictos,
756 2685 875 2720 eisdem
891 2685 987 2718 modo
999 2690 1030 2718 et

354 2747 430 2778 Ball.
453 2746 530 2779 Rom.
552 2746 608 2779 Vol.
630 2746 687 2778 VII.
913 2744 949 2774 72

1698 277 1762 311 569

1055 340 1157 373 fornia
1175 340 1294 384 quibus
1311 345 1383 373 sunt
1404 340 1580 373 reducendi
1597 341 1709 374 fratres
1724 341 1806 374 Con-

1054 395 1226 433 ventuales,
1243 393 1375 426 omnino
1390 394 1591 427 reducendos
1611 405 1678 428 esse
1699 395 1808 428 decer-

1054 446 1161 480 nimus
1182 452 1212 480 et
1232 447 1445 480 declaramus.
1467 448 1555 487 Item,
1573 458 1646 480 euni
1669 447 1699 481 in
1716 449 1808 483 divtis

1823 285 1873 311 An.
1891 285 1920 311 C.
1938 286 2006 312 i567

1851 453 1934 474 fimes
1951 453 2007 475 Pm-

1781 502 1786 507 ,
1824 488 1963 505 mansu-alen.
1973 492 2005 507 te-

1055 500 1161 542 regnis
1188 500 1415 544 Hispaniarum
1434 501 1592 545 quaedam
1614 507 1807 535 monasteria

1054 553 1180 587 Ordinis
1187 555 1734 599 PrienionstratensissubRegulaS.
1747 557 1810 589 Λιι-

1054 608 1173 649 gustini
1193 609 1382 649 consistant,
1413 619 1555 653 quorum
1584 610 1699 643 fratres
1718 610 1808 643 valde

1055 661 1208 695 dissolute
1223 662 1326 695 vivere
1343 669 1373 696 et
1388 674 1452 696 non
1466 674 1560 706 parva
1575 669 1637 696 tam
1653 663 1684 697 in
1706 664 1808 708 capite

1055 726 1152 758 quam
1178 715 1210 748 in
1241 716 1395 749 membris
1425 728 1523 760 super
1550 717 1662 750 eodeni
1686 717 1809 751 vivendi

1055 769 1152 802 modo
1176 771 1405 803 reformatione
1426 771 1571 814 indigere
1596 771 1756 813 dieantur,
1778 773 1809 806 iu

1055 823 1207 866 dit-toque
1223 823 1340 858 Ordine
1358 825 1484 858 nullmn
1506 825 1737 859 monasterinm
1771 827 1810 860 de

1055 877 1260 911 Observantia
1272 879 1465 922 reperiatur,
1484 880 1631 913 volumus
1648 887 1679 914 et
1693 881 1809 914 harum

1055 932 1137 964 serie
1162 933 1355 966 mandamus
1371 934 1458 978 quod
1479 934 1555 967 dieti
1578 935 1691 968 fratres
1715 936 1809 968 Prae-

1056 990 1308 1020 monstratenses
1341 987 1380 1019 ad
1415 988 1649 1020 observantiam
1674 990 1810 1022 fratrum

1056 1039 1086 1073 S.
1124 1040 1309 1084 Hieronymi
1339 1040 1377 1073 de
1409 1040 1614 1074 Observantia
1642 1042 1810 1085 Hispania-

1056 1104 1142 1133 rum,
1160 1094 1282 1137 pariter
1300 1094 1359 1126 sub
1373 1094 1494 1137 Regula
1510 1095 1539 1128 S.
1561 1095 1728 1138 Augustini
1750 1096 1811 1129 mi-

1056 1146 1230 1188 litantium,
1254 1158 1312 1191 per
1337 1148 1466 1180 eosdem
1492 1148 1755 1193 archiepiscopos
1782 1156 1812 1183 et

1057 1202 1228 1246 episcopos
1243 1213 1424 1245 eorumque
1441 1202 1577 1236 vicarios
1597 1209 1627 1236 et
1646 1204 1810 1245 officiales,

1057 1255 1209 1289 adhibitis
1228 1267 1338 1289 secum
1361 1257 1489 1290 duobus
1509 1257 1619 1301 probis
1640 1262 1669 1289 et
1690 1257 1814 1291 idoneis

1058 1309 1216 1352 religiosis
1236 1309 1337 1354 ipsius
1353 1310 1481 1343 Ordinis
1510 1311 1540 1343 S.
1570 1310 1753 1354 Hieronymi
1775 1312 1814 1345 de

1058 1363 1276 1404 Observantia,
1299 1376 1373 1397 cum
1395 1366 1512 1397 etl'eetu
1531 1365 1740 1398 reducantur.

1104 1418 1118 1459 [ξ
1139 1417 1169 1450 7.
1197 1418 1353 1461 Quodque
1379 1424 1501 1462 septem
1523 1419 1570 1451 vel
1600 1423 1672 1451 oeto
1702 1429 1814 1452 mona-

1060 1471 1155 1505 steria
1175 1471 1313 1512 Ordinis,
1329 1473 1424 1505 etiam
1437 1473 1469 1505 S.
1488 1472 1675 1517 Hieronymi
1692 1473 1814 1506 Ereini<

1060 1533 1176 1564 tarum,
1200 1526 1230 1559 in
1252 1527 1404 1570 predictis
1420 1527 1527 1570 regnis
1543 1528 1721 1568 existentia,
1739 1538 1816 1571 quo-

1061 1592 1133 1614 rum
1164 1582 1278 1614 fratres
1301 1592 1366 1614 non
1397 1582 1562 1625 religiose,
1590 1582 1644 1614 sed
1674 1583 1757 1615 male
1786 1588 1817 1615 et

1061 1646 1125 1668 uon
1160 1636 1230 1669 sino
1264 1636 1415 1669 scandalo
1449 1635 1552 1669 vivere
1586 1636 1814 1677 intelleximus,

1063 1690 1195 1733 fereque
1216 1689 1415 1733 impossibile
1443 1701 1511 1723 esse
1540 1690 1612 1723 illos
1636 1690 1675 1723 ad
1696 1696 1815 1724 rectam

1062 1749 1090 1776 et
1125 1744 1294 1777 honestam
1320 1743 1442 1777 vivendi
1469 1755 1617 1777 normam
1653 1755 1814 1782 revocare.

1063 1798 1124 1830 nisi
1139 1798 1179 1830 ad
1194 1798 1430 1831 observantiam
1444 1800 1580 1832 fratrum
1596 1798 1672 1832 dieti
1689 1798 1817 1832 Ordinis

1063 1852 1093 1885 S.
1118 1851 1318 1895 Hieronymi,
1350 1857 1379 1884 et
1401 1853 1460 1885 snb
1485 1863 1600 1886 eorum
1620 1853 1763 1895 generali
1786 1853 1820 1886 ιιι

1064 1906 1214 1949 Hispania
1249 1911 1471 1940 commorante
1507 1907 1705 1939 reducantur
1720 1933 1727 1946 ,
1765 1906 1818 1939 ubi

1064 1960 1164 1992 multa
1193 1965 1223 1992 et
1243 1959 1379 2002 insignia
1412 1965 1483 1993 sunt
1511 1960 1704 1993 monasteria
1733 1960 1818 2004 ipso-

1066 2024 1136 2046 rum
1159 2014 1294 2046 fratrum
1316 2013 1347 2046 S.
1376 2013 1574 2058 lli0r01lyini,
1597 2013 1664 2057 qui,
1689 2014 1747 2046 sub
1769 2024 1818 2046 re-

1065 2066 1169 2110 gulari
1189 2067 1390 2100 observantia
1410 2073 1441 2100 et
1462 2067 1612 2110 religiosa
1628 2067 1689 2099 vita
1704 2067 1821 2109 degen-

1067 2126 1124 2159 tes,
1147 2121 1297 2153 devotum
1324 2121 1485 2154 altissimo
1514 2121 1707 2153 famulatum
1741 2131 1819 2153 con-

1067 2175 1158 2208 tinuo
1183 2175 1346 2215 exhibent,
1382 2186 1400 2208 a
1420 2176 1538 2219 quibus
1568 2175 1721 2219 praedicti
1744 2175 1820 2207 Ere-

1067 2229 1174 2269 mitae,
1201 2235 1234 2262 ut
1254 2229 1426 2269 asseritur,
1449 2234 1679 2273 processerunt
1702 2240 1738 2260 ac
1759 2228 1822 2261 ori—

1066 2283 1174 2327 ginem
1195 2284 1398 2323 habuerunt,
1430 2282 1578 2315 similiter
1607 2282 1646 2314 ab
1678 2282 1754 2325 ipsis
1773 2293 1822 2314 ar-

1068 2337 1284 2381 chiepiscopis
1312 2343 1343 2370 et.
1373 2336 1532 2381 episcopis
1576 2335 1767 2378 vicariisque
1792 2340 1824 2368 et

1068 2391 1280 2431 officialibus,
1302 2402 1367 2424 una
1405 2402 1479 2423 eum
1510 2390 1636 2423 dnobus
1666 2388 1824 2432 religiosis

1069 2445 1226 2490 praedicti
1260 2444 1388 2478 Ordinis
1422 2443 1529 2477 Sancti
1562 2442 1750 2487 Hieronymi
1784 2442 1823 2474 de

1069 2494 1286 2534 Observantia,
1308 2494 1368 2527 sub
1388 2492 1569 2526 obedientia
1585 2492 1744 2525 dictorum
1763 2492 1824 2524 sra-

1070 2549 1155 2577 trum
1175 2544 1206 2577 S.
1226 2543 1411 2587 Hieronymi
1433 2542 1528 2575 etiam
1546 2542 1585 2575 de
1603 2539 1820 2579 Observantia,

1070 2605 1249 2638 eorumque
1269 2593 1438 2636 generalis,
1464 2592 1533 2625 siue
1561 2591 1669 2634 aliqua
1689 2600 1822 2623 excusa-

1071 2644 1157 2677 tione
1170 2670 1177 2684 ,
1200 2648 1363 2687 ponantur
1382 2669 1388 2683 ,
1412 2641 1625 2676 subiiciantur
1645 2646 1675 2674 et
1705 2638 1822 2672 consti-

1071 2699 1213 2727 tuantur.

1824 516 1940 536 formantur
1987 520 2007 535 et

1825 547 2009 568 sumt-tiuniurttc-

1824 579 1884 604 gulae
1927 579 2010 599 Obser-

1824 611 1915 630 vantium
1926 609 1946 630 S.
1959 609 2008 630 llio-

1825 642 1913 669 rouymi.

1857 1434 1958 1454 Similiter
1975 1440 2015 1453 ino-

1831 1465 1925 1485 nasteria
1960 1464 2014 1484 Ere-

1831 1496 1926 1516 mitarum
1942 1495 2015 1516 §.mcii

1832 1526 1960 1553 Hieronymi.
