2237 3100
191 301 241 328 An.
258 301 288 330 C.
308 302 371 330 1561

388 356 449 389 fide
470 361 500 389 et
515 354 601 388 illius
621 353 818 394 defensione,
845 353 877 386 in
905 353 1142 387 crudelissimos

340 436 344 441 .
389 409 553 443 christiani
569 408 708 442 nominis
718 409 826 441 hostes
837 418 997 451 exponere
1012 418 1141 440 necesse

211 1213 248 1236 Hie
258 1221 308 1242 ergo
317 1215 370 1236 Pon-

185 1246 235 1266 tifex
277 1247 370 1268 declarat

184 1278 221 1298 nub
246 1278 301 1299 dicia
322 1284 371 1299 con-

184 1310 295 1330 stitutione
319 1314 370 1330 eta-

184 1338 218 1359 liis
227 1340 330 1360 similibus
341 1341 369 1360 di-

185 1373 240 1391 ctam
275 1370 368 1396 Religio-

184 1406 232 1422 nern
282 1403 367 1423 minime

184 1434 343 1460 comprehcndi3

389 474 457 497 esse
491 463 664 503 continuo,
704 463 766 495 hoc
796 460 983 505 praesertim
1013 461 1141 493 instanti

388 523 545 562 tempore,
573 528 636 561 quo
664 517 748 549 idem
772 515 1141 548 immanissimushostis

388 572 566 604 Turcarum
592 577 754 615 tyrannus,
774 569 856 601 lucri
869 568 1011 612 proxime
1024 573 1140 612 przete-

388 624 439 657 riti
464 636 528 658 non
552 625 733 663 immemor,
756 623 788 655 in
811 622 992 655 animarum
1013 622 1140 655 christi-

388 679 531 711 fidelium
560 679 640 711 adeo
674 677 771 720 spirat
795 676 896 709 minas
923 681 959 709 ut
991 677 1141 710 omuibus

388 732 547 772 fidelibus,
562 732 662 774 magis
682 737 789 764 tamen
807 730 960 764 fratribus
970 731 1137 769 militibus,

387 796 537 829 pavorem
564 785 742 825 incutiens,
779 784 864 829 ipsos
889 795 955 818 non
980 784 1139 818 immerito

385 838 424 871 ad
440 839 624 881 diligentem
637 839 750 872 excitat
765 849 875 871 rerum
892 839 1138 883 providentiam,

384 898 555 936 propterea
577 904 641 926 non
666 892 837 926 convenire
853 898 889 925 ut
912 892 1007 926 iidem
1028 894 1140 927 fratres

385 945 512 987 milites,
542 947 597 990 qui
625 946 812 991 superstites
831 946 988 987 existunt,
1024 947 1139 981 desun-

385 1005 511 1032 ctorum
542 1001 669 1044 spoliati
696 1001 801 1041 bonis,
828 1001 866 1034 ad
896 1012 1029 1034 suorum
1059 1002 1138 1035 alio-

384 1064 522 1097 rumque
533 1053 790 1088 christicolarum
806 1054 1023 1088 defensionem
1043 1056 1140 1088 rebus

384 1106 551 1150 priventur
570 1108 768 1142 necessariis.

428 1161 443 1204 ἓ
462 1161 493 1194 4.
521 1162 661 1203 Idcirco,
684 1168 719 1195 ut
743 1163 848 1195 omnis
874 1162 1053 1195 haesitandi
1074 1174 1138 1195 ma-

384 1214 463 1247 teria
480 1216 718 1256 submoveatur,
748 1216 891 1249 eiusdem
916 1216 1085 1260 hospitalis
1109 1221 1137 1249 et

384 1268 471 1301 illius
494 1281 705 1313 personarum
722 1270 909 1303 huiusmodi
945 1270 1137 1303 indemnita—

384 1322 469 1355 tibus
487 1329 621 1367 paterno
638 1324 807 1357 consulere
837 1324 964 1363 affectu,
988 1324 1137 1368 ipsosque

383 1377 530 1421 specialis
549 1378 668 1421 gratiae
688 1378 793 1411 favore
815 1378 966 1422 prosequi
986 1379 1137 1419 volentes,

383 1436 472 1464 motu
493 1432 624 1476 proprio
645 1438 675 1465 et
699 1443 736 1466 ex
757 1438 843 1466 certa
863 1438 971 1465 nostra
992 1432 1136 1471 scientia,

383 1496 418 1518 ac
442 1486 479 1518 de
514 1486 708 1530 apostolicae
734 1485 898 1531 potestatis
924 1486 1136 1530 plenitudine,

381 1540 570 1573 auctoritate
582 1541 768 1584 apostolica,
783 1545 893 1573 tenore
906 1541 1135 1584 praesentium,

381 1593 594 1635 declaramus,
618 1594 825 1627 decernimus
850 1599 880 1627 et
905 1594 936 1626 in
961 1594 1058 1627 verbo
1084 1606 1136 1628 ve-

381 1646 483 1681 ritatis
497 1653 686 1681 attestamur
708 1654 834 1681 nostrae
857 1647 1042 1681 intentionis
1058 1659 1138 1681 nun-

380 1712 477 1744 quam
489 1702 585 1735 fuisse
610 1713 669 1736 nec
689 1712 827 1735 essenec.
840 1701 871 1733 in
887 1707 1051 1745 posterum
1070 1702 1137 1735 tore

380 1766 438 1798 per
458 1756 558 1789 dictas
577 1761 701 1789 nostras
723 1761 779 1788 aut
806 1766 1027 1799 quascumque
1060 1756 1138 1788 alias

380 1808 499 1850 literas,
518 1821 535 1842 a
552 1810 644 1842 uobis
665 1814 695 1842 et
711 1810 791 1843 Sede
804 1809 987 1852 Apostolica
1004 1820 1040 1842 ac
1059 1809 1137 1842 alias

381 1863 621 1905 quomodolibet
634 1874 692 1907 pro
702 1869 847 1907 tempore
859 1868 1032 1903 emanatas,
1041 1862 1135 1895 etiam

380 1922 602 1956 quascumque
613 1914 779 1956 generales
790 1913 837 1945 rel
857 1912 1023 1956 speciales,
1041 1912 1135 1944 etiam

380 1960 656 2003 derogatoriarum
677 1961 907 2004 derogatorias,
927 1961 1068 2005 aliasque.
1095 1962 1137 1994 es-

380 2010 548 2043 ficaciores
563 2017 594 2043 et
613 2011 757 2043 insolitas
777 2011 950 2050 clausulas,
964 2021 1023 2044 nec
1038 2010 1047 2032 ¹
1062 2010 1135 2043 irri-

379 2059 477 2092 tantia
498 2060 636 2099 decreta,
658 2061 717 2093 sub
737 2071 943 2104 quacumque
963 2061 1134 2093 verborum

380 2109 596 2152 expressione,
625 2109 656 2141 in
682 2120 713 2142 se
743 2109 956 2150 continentes,
992 2109 1133 2150 statutis,

380 2158 614 2199 stabilimentis,
639 2159 750 2191 usibus
769 2164 800 2191 et
820 2158 942 2190 naturis
970 2158 1136 2202 hospitalis

378 2206 545 2249 praedicti,
568 2218 605 2240 ac
626 2208 813 2251 privilegiis,
845 2206 978 2239 indultis
1006 2218 1042 2240 ac
1067 2207 1136 2240 aliis

378 2256 507 2297 gratiis,
537 2256 581 2289 illi
622 2257 754 2299 <lausque
792 2255 938 2299 personis
975 2256 1136 2289 concessis

379 2310 409 2337 et
438 2306 663 2345 concedendis,
693 2306 724 2338 in
746 2305 854 2348 aliquo
875 2305 1044 2348 derogasse
1076 2316 1134 2338 nec

379 2354 546 2397 derogare,
566 2366 620 2387 seu
641 2355 771 2398 aliquod
788 2354 856 2386 eius
873 2355 919 2387 vel
935 2365 1048 2387 eorum
1070 2354 1135 2387 cui-

377 2403 455 2436 libet
475 2404 709 2447 praeiudicium
739 2403 882 2437 intulisse
910 2415 969 2437 nec
994 2404 1131 2445 inferre,

379 2452 433 2484 sed
454 2464 580 2497 sen‘iper
603 2454 705 2487 valida
735 2459 765 2486 et
794 2453 935 2486 efficacia
964 2465 1000 2486 ac
1026 2453 1134 2486 illaesa

378 2506 409 2533 et
433 2501 464 2533 iu
486 2513 542 2535 suo
565 2503 679 2535 robore
708 2503 922 2545 permansisse
951 2507 981 2535 et
1006 2513 1133 2546 perma-

378 2561 467 2591 nere,
486 2562 545 2584 nec
561 2551 671 2584 eadem
688 2562 792 2594 neque
810 2551 979 2596 hospitale,
998 2562 1135 2584 omnen-

378 2606 459 2642 tum,
482 2601 604 2642 fratres,
626 2601 741 2634 milites
757 2607 787 2634 ct
802 2612 956 2645 personas
975 2602 1134 2645 [η’-51013105

378 2651 438 2684 sub
469 2651 595 2695 scriptis
615 2656 670 2684 aut
694 2651 953 2694 quibuscumque
975 2650 1134 2685 similibus

413 2710 425 2735 1
442 2709 497 2738 Nec
513 2717 578 2743 non,
598 2709 713 2737 Cherub.
738 2708 776 2744 (n.
789 2709 837 2745 r).

984 299 1162 325 BULLARIUM
1185 298 1337 323 ROMANUM

1948 292 2000 320 An.
2020 292 2050 321 C.
2064 294 2130 323 ¹86¹

1185 357 1240 385 aut
1259 349 1467 385 dissimilibus
1485 348 1598 390 literis,
1621 347 1767 389 decretis,
1790 347 1934 382 declara-

1184 405 1335 446 tionibus,
1353 415 1489 438 onerum
1500 402 1759 447 impositionibus
1774 402 1936 436 ullatenus

1185 458 1429 502 comprehendi,
1452 458 1507 491 sed
1529 467 1655 500 semper
1674 457 1713 490 ab
1736 456 1798 490 illis
1818 456 1933 500 excipi,

1184 517 1214 546 et
1234 512 1359 556 quoties
1383 511 1456 545 illae
1480 511 1686 551 emanabunt,
1702 510 1796 543 toties
1815 510 1848 543 in
1868 509 1935 554 pri-

1183 565 1302 599 stinum
1319 572 1349 599 et
1366 565 1508 599 validum
1523 570 1639 598 statum
1659 564 1783 598 restitui
1803 563 1933 604 debere,

1183 631 1219 652 ac
1240 625 1371 664 excepta
1395 624 1423 653 et
1449 619 1595 653 restituta
1615 624 1645 652 et
1664 619 1702 652 de
1723 628 1817 659 novo,
1840 617 1935 651 etiam

1183 675 1242 707 sub
1259 675 1331 707 data
1353 679 1410 707 etc.
1433 685 1492 718 per
1520 684 1673 717 magnum
1694 672 1882 715 magistrum
1907 676 1938 704 et

1184 734 1376 762 conventum
1405 727 1565 771 praefatos
1594 726 1759 770 eligenda,
1785 735 1938 759 concessa

1183 784 1250 816 sore
1271 788 1302 816 et
1322 781 1446 815 censeri
1466 781 1594 815 debere.

1227 838 1241 880 g
1261 837 1291 870 5.
1315 836 1493 879 Omniaque
1513 840 1544 868 et
1568 835 1693 878 singula
1712 845 1764 867 res
1784 839 1814 868 et
1838 834 1935 875 bona,
1973 844 2135 873 Omniaquehn-

1183 891 1418 934 cuiuscumque
1443 889 1605 933 qualitatis
1620 893 1651 922 et
1670 888 1855 932 quantitatis
1870 887 1936 921 exi·
1951 881 2136 933 ἓῇιξῖξῗῑέῗζζξὲ

1183 945 1296 978 stentia
1310 972 1317 986 ,
1348 956 1384 978 ac
1404 944 1437 977 in
1463 942 1628 988 quibusvis
1639 943 1737 976 rebus
1752 943 1763 970 ‘l
1778 948 1809 976 et
1830 943 1937 986 regnis
1951 940 2100 998 ξξξῇξζξᾛῗ
2111 945 2136 990 ξᾱ·

1182 1010 1308 1033 necnon
1333 998 1494 1038 dominiis,
1521 1003 1586 1031 tam
1625 997 1703 1031 citra
1727 1008 1823 1042 quam
1853 998 1938 1031 ultra
1951 1002 2059 1053 lcameram
2071 1004 2136 1022 ³¹⁸³·

1184 1059 1307 1087 montes
1323 1059 1353 1086 et
1370 1053 1470 1086 maria
1491 1051 1710 1091 consistentia,
1728 1062 1787 1096 per
1810 1051 1938 1095 quosvis
1952 1037 2137 1089 ἐιοῃῖοῃέἒοιὲἰῒ

1182 1109 1306 1148 fratres,
1330 1107 1445 1140 milites
1465 1112 1496 1140 et
1507 1116 1661 1150 personas
1681 1105 1756 1138 dicti
1772 1105 1938 1150 hospitalis

1182 1161 1426 1205 quomodolibet
1437 1160 1605 1204 acquisita,
1623 1170 1706 1203 quae
1717 1170 1776 1203 pro
1792 1164 1938 1204 ternpore

1182 1222 1253 1260 post
1273 1226 1386 1249 eorum
1398 1215 1522 1248 obitum
1537 1213 1653 1257 (ubivis
1667 1214 1816 1247 locorum
1830 1214 1940 1247 deces-

1181 1269 1278 1302 serint
1296 1274 1327 1302 et
1341 1269 1509 1319 [legedent,
1526 1273 1581 1301 aut
1596 1267 1714 1311 quibus
1736 1267 1820 1309 illos,
1843 1268 1938 1301 etiam

1181 1323 1226 1356 eis
1245 1323 1435 1363 viventibus,
1454 1327 1637 1355 nontamen
1649 1332 1707 1365 per
1723 1321 1837 1355 Sedem
1854 1322 1938 1366 Apo-

1181 1377 1340 1417 stolicam,
1357 1377 1475 1421 privari
1492 1382 1547 1409 aut.
1565 1376 1609 1409 eis
1627 1375 1756 1408 destitui
1772 1375 1939 1419 continge-

1182 1432 1241 1474 ret)
1257 1432 1412 1465 hactenus
1421 1435 1659 1471 remanserunt,
1672 1435 1840 1463 remanent
1848 1435 1938 1463 etre-

1181 1486 1367 1525 manebunt,
1377 1486 1416 1518 ad
1425 1485 1583 1530 hospitale
1595 1489 1624 1517 et
1638 1488 1832 1517 conventum
1842 1494 1937 1528 prae-

1180 1542 1272 1579 fatos,
1299 1550 1363 1572 non
1385 1544 1491 1572 autem
1521 1539 1559 1571 ad
1590 1538 1736 1584 eamdem
1770 1537 1937 1570 Cameram

1180 1605 1235 1627 seu
1257 1594 1337 1627 alios
1362 1604 1598 1637 quoscumque,
1621 1593 1697 1625 alias
1708 1591 1795 1624 iuxta
1815 1591 1937 1625 stabili-

1181 1653 1376 1688 mentormn,
1405 1658 1542 1687 usuum,
1569 1651 1777 1686 naturarum,
1808 1650 1938 1679 statuto-

1180 1712 1251 1733 rum
1270 1707 1299 1735 et
1322 1701 1563 1745 privilegiorum
1583 1699 1770 1733 huiusmodi
1801 1699 1936 1733 sormam

1180 1761 1210 1788 et
1236 1760 1393 1796 tenorem,
1417 1760 1577 1799 spectasse
1597 1759 1627 1787 et
1643 1759 1800 1797 spectare.

1224 1811 1238 1851 ,ξ
1265 1812 1296 1843 ὕ.
1332 1810 1462 1843 Necnon
1491 1809 1649 1853 hospitale
1686 1813 1716 1840 et
1744 1811 1936 1841 conventum

1179 1863 1365 1896 huiusmodi
1404 1868 1457 1896 aut
1489 1873 1549 1907 pro
1575 1862 1622 1895 eis
1646 1855 1776 1904 agentes
1801 1871 1859 1904 per
1877 1859 1935 1893 Ca-

1180 1924 1286 1946 merae
1310 1912 1498 1946 huiusmodi
1523 1911 1664 1950 iurium,
1696 1909 1875 1953 spoliorum
1907 1915 1938 1942 et.

1179 1963 1339 1995 bonorum
1372 1962 1561 1994 collectores
1595 1966 1625 1993 et
1656 1959 1908 1993 subcollectores
1925 1986 1933 2000 ,

1179 2017 1361 2051 exactores,
1382 2010 1620 2044 conunissarios
1654 2010 1702 2042 vel
1732 2008 1822 2049 alios,
1855 2020 1935 2053 qua-

1179 2072 1320 2104 cumque
1344 2061 1555 2097 auctoritate,
1578 2059 1730 2102 dignitate
1755 2059 1803 2091 vel
1830 2059 1936 2092 officio

1179 2111 1347 2152 fungentes
1367 2116 1397 2144 et
1416 2111 1597 2149 suncturos,
1624 2109 1811 2141 nullatenus
1834 2108 1936 2141 mole-

1178 2160 1265 2199 stari,
1286 2159 1459 2203 inquietari
1478 2159 1526 2191 vel
1552 2157 1736 2202 perturbari
1757 2168 1850 2201 posse
1877 2167 1936 2190 nec

1179 2208 1306 2241 debere.
1326 2209 1362 2241 Et
1383 2209 1425 2241 ila
1449 2219 1507 2252 per
1527 2207 1656 2251 quosvis
1673 2206 1808 2246 iudices,
1826 2206 1937 2249 quavis

1178 2256 1274 2289 etiam
1313 2258 1502 2290 auctoritate
1547 2256 1724 2300 apostoliea
1752 2256 1932 2298 fungentes,

1177 2306 1271 2339 etiam
1304 2307 1413 2339 Palatii
1434 2306 1535 2339 nostri
1560 2315 1731 2339 causarum
1757 2304 1931 2345 auditores,

1178 2355 1207 2387 iu
1229 2356 1339 2400 quavis
1364 2367 1461 2389 causa
1485 2361 1515 2389 et
1542 2354 1708 2395 instantia,
1741 2353 1865 2386 sublata
1889 2353 1934 2387 eis

1177 2410 1207 2437 et
1229 2416 1341 2437 eorum
1365 2406 1498 2439 cuilibet
1521 2405 1632 2448 quavis
1655 2403 1747 2436 aliter
1771 2402 1935 2436 iudicandi

1177 2458 1207 2486 et
1217 2453 1448 2497 interpretandi
1465 2455 1615 2487 facultate
1630 2457 1661 2486 et
1671 2451 1870 2492 auctoritate,
1882 2452 1932 2484 iu-

1176 2502 1275 2535 dicari
1302 2509 1332 2535 et
1352 2504 1479 2536 definiri
1499 2503 1628 2543 debere,
1655 2511 1782 2535 necnon
1805 2501 1932 2534 irritum

1177 2556 1207 2584 et
1227 2552 1321 2585 inane
1337 2553 1495 2596 quidquid
1515 2563 1607 2585 secus
1622 2561 1719 2594 super
1738 2550 1788 2583 his
1812 2561 1830 2583 a
1850 2560 1932 2594 quo-

1176 2612 1286 2645 quam,
1300 2603 1410 2645 quavis
1419 2602 1622 2641 auctoritate,
1634 2600 1772 2633 scienter
1781 2600 1828 2633 vel
1839 2599 1931 2643 igno-

1176 2656 1296 2691 ranter,
1314 2656 1503 2685 attentatum
1521 2656 1566 2684 est
1585 2651 1692 2684 forsan
1712 2650 1868 2683 hactenus
1883 2649 1931 2682 vel

1212 2710 1223 2736 1
1242 2708 1366 2744 Legimus
1386 2710 1446 2737 locis
1467 2709 1504 2745 (n.
1526 2708 1574 2744 Τ,).

1978 1809 2072 1835 Agentes
2083 1808 2139 1831 Reli-

1951 1841 2019 1866 gionis
2048 1842 2068 1861 in
2098 1841 2136 1861 hac

1952 1873 2064 1893 exactione
2092 1878 2135 1893 non

1952 1903 2099 1924 molestentur.
