2237 3100
55 275 105 302 An.
120 273 150 302 C.
168 271 238 300 1570

89 378 176 400 Fratres
190 385 238 399 om-

54 415 94 431 nes
109 410 129 430 in
145 409 238 430 retecto·

55 442 88 462 rio
122 441 238 462 communi·

54 473 93 494 bu}
107 472 177 499 epulis
197 476 238 492 ve-

55 506 149 525 scantur.

111 1408 189 1431 Novitii
209 1407 242 1434 qui

68 1439 104 1460 ubi
119 1442 140 1459 et
160 1438 243 1466 quando

60 1470 179 1498 reeipiendi
222 1472 244 1490 et

61 1501 164 1529 quomodo
211 1502 244 1522 in-

60 1533 156 1555 uti-uendi
171 1533 222 1554 siut.

943 268 1011 293 PIUS
1034 269 1053 292 V
1076 269 1124 292 PP.

297 320 313 364 ἓ
337 320 391 353 22.
413 319 541 353 Fratres
560 330 683 360 omnes,
705 320 800 353 etiam
821 321 1006 365 superiores

253 379 284 407 et
307 374 616 418 quomodocumque
640 373 845 418 privilegiati,
867 375 1006 418 aegrotis

252 433 377 461 tantum
403 428 556 472 exceptis,
583 428 616 461 in
637 428 808 461 refectorio
828 428 936 462 cibum
954 440 1006 462 ca-

251 482 354 526 piant,
369 488 399 516 et
413 482 579 516 communi
591 493 699 515 mensa
712 487 848 523 utentes,
861 494 1008 516 commu-

253 535 350 568 nibus
375 536 479 580 epulis
494 541 675 569 vescantur.
699 536 733 568 ln
758 536 871 579 primis
899 543 1007 569 autem

253 600 367 622 senum
377 595 407 622 et
415 601 600 633 aegrorum,
611 600 738 623 necnon
748 590 1007 633 praedicatorum

253 643 454 676 etlectorum
471 655 551 677 cura
564 641 733 684 habemur,
752 644 795 677 ita
811 649 846 677 ut
862 644 942 676 nihil
954 655 1008 677 eo-

253 706 327 729 rum
343 697 524 731 necessitati
540 703 570 730 et
586 697 808 731 commoditati
826 698 917 730 desit.
932 697 1007 731 Om-

254 761 311 783 nes
326 751 495 795 praedicti,
509 762 718 795 quocumque
727 752 829 795 gradu
841 757 870 785 et
885 752 1009 785 honore

254 805 329 846 sint,
342 805 481 839 camisiis
493 806 594 839 laneis
603 812 630 839 et
641 806 767 849 reliquo
783 806 897 840 vestitu
914 806 1011 839 unius

255 857 368 900 modi,
396 859 576 903 eodemque
601 860 737 892 honesto
763 866 793 893 et
817 859 1010 904 professioni

256 911 471 952 convenienti,
499 913 587 946 omni
612 919 780 957 praeterea
811 912 1010 956 supellectile

256 971 287 999 et
298 965 513 999 instrumento
525 978 669 1010 paupere
681 972 776 1010 atque
792 966 908 999 humili
920 973 1011 1000 utan-

255 1025 319 1053 tur.
346 1019 461 1053 Nullus
483 1021 641 1063 privatum
661 1021 793 1053 hortum
809 1020 937 1061 habeat,
957 1020 1012 1053 sed

257 1083 370 1106 omnes
394 1073 546 1107 omnibus
571 1075 687 1107 domus
712 1074 774 1107 sint
807 1085 1010 1113 communes,

258 1132 498 1171 praeterquam,
520 1129 627 1172 quoad
644 1128 858 1161 infirmariam
880 1134 910 1161 et
925 1127 1014 1161 novi-

256 1181 328 1222 tios,
341 1181 396 1224 qui
406 1181 538 1214 hortum
550 1182 614 1215 sive
626 1182 814 1215 viridarium
831 1182 1013 1215 seiunctum

256 1235 376 1268 habere
396 1235 535 1280 possint,
560 1236 595 1268 in
619 1247 684 1280 quo
709 1237 808 1270 ceteri
828 1236 1014 1269 nullatenus

256 1289 492 1333 ingrediantur.

300 1343 316 1387 ἓ
335 1343 388 1377 ⁰23.
411 1343 538 1385 Novitii,
566 1344 661 1377 etiam
697 1343 809 1385 oblati,
832 1349 905 1377 ante
926 1343 1013 1377 deci-

258 1403 500 1431 mumoctavum
521 1397 633 1431 aetatis
666 1409 743 1431 suae
767 1409 889 1430 annum
924 1409 1014 1431 eom-

258 1451 382 1495 pletum
408 1462 473 1485 non
493 1451 706 1496 recipiantur,
733 1462 840 1495 neque
861 1458 933 1485 ante
959 1452 1014 1485 de-

259 1504 507 1538 cimumnonum
520 1505 719 1549 completum
730 1505 769 1538 ad
780 1505 1015 1548 professionem

259 1559 483 1602 admittantur3
506 1559 562 1604 qui
581 1560 739 1593 hactenus
762 1560 897 1604 recepti,
920 1560 1015 1593 etiam

260 1613 384 1655 oblati,
428 1613 745 1658 decimumquintum
784 1625 906 1646 annum
950 1624 1015 1646 non

260 1667 513 1711 compleverint,
536 1667 667 1701 dimisso
693 1667 806 1700 habitu
826 1666 1014 1710 Religionis,

260 1720 394 1754 domum
414 1721 455 1754 ad
475 1727 626 1765 parentes
646 1727 677 1754 et.
696 1721 907 1760 necessarios,
920 1721 1015 1753 etiam

260 1774 371 1815 inviti,
412 1774 637 1814 remittantur,
676 1776 726 1808 vel
769 1775 847 1807 alias
885 1774 1017 1807 omnino

261 1828 464 1870 emittantur,
491 1840 551 1862 nec
578 1834 691 1873 postea
716 1829 747 1861 in
774 1829 907 1861 aedibus
932 1828 1017 1861 unde

262 1881 398 1915 exierint
417 1888 472 1915 aut
491 1883 523 1915 in
552 1882 623 1915 aliis
649 1882 794 1915 eiusdem
811 1881 939 1915 Ordinis
960 1882 1017 1914 do-

261 1936 370 1969 mibus
403 1937 472 1969 ullo
510 1937 606 1969 modo
642 1937 779 1969 debeant
821 1935 1014 1969 conversari.

260 1989 359 2031 Laici,
382 1990 438 2034 qui
457 1990 800 2034 vigesimi]mquintum
818 2000 939 2022 annum
954 2000 1019 2022 non

262 2043 439 2087 attigerint,
466 2044 505 2077 ad
526 2044 731 2077 serviendum
764 2054 831 2076 non
856 2042 1018 2086 accipian-

262 2101 327 2138 tur,
350 2101 381 2130 et
399 2097 456 2141 qui
476 2097 598 2141 recepti
624 2097 720 2130 etiam
746 2107 833 2129 nunc
854 2107 890 2129 ea
918 2102 1019 2129 aetate

264 2150 407 2183 minores
414 2157 497 2192 sunt,
505 2151 704 2184 reiiciantur.
715 2150 827 2183 Novitii
837 2161 900 2183 non
909 2150 1021 2183 admit-

265 2208 373 2238 tantur
404 2210 458 2238 aut
492 2205 667 2245 educetur,
695 2205 753 2237 nisi
788 2205 819 2237 in
856 2204 1019 2237 conventi-

264 2257 326 2291 bus
344 2257 587 2301 insignioribus,
611 2258 771 2302 inquibus
792 2257 1019 2290 dormitorium

268 2317 295 2344 et
317 2312 497 2356 capitulum
518 2311 800 2345 habeantomnino
822 2317 1017 2354 separatum,

267 2418 468 2452 interdictus.
496 2420 530 2452 In
556 2420 676 2452 eisdem
698 2419 848 2451 domibus
874 2419 912 2451 sit
938 2429 1022 2451 unus

266 2469 430 2512 magister,
449 2469 561 2502 aetatis
581 2469 803 2514 provectioris,
823 2469 969 2502 morilms
992 2475 1022 2501 et
1040 2474 1041 2499 1

267 2517 413 2551 doctrina
436 2519 612 2561 praeditus,
631 2518 684 2562 qui
707 2518 892 2560 diligentem
907 2518 1023 2550 habeat

267 2567 499 2611 praedictorun
535 2567 730 2600 novitiorum
765 2578 877 2600 curam
902 2572 933 2599 ct
960 2566 1023 2599 illis

268 2617 397 2660 praesit.
421 2617 483 2661 lpsi
504 2623 612 2650 autem
627 2617 659 2649 in
673 2617 895 2660 grammatica,
915 2622 1021 2656 cantu,
1041 2620 1042 2647 ζ

268 2667 485 2700 caeremoniis
510 2672 540 2700 et
573 2666 623 2707 iis,
646 2677 728 2710 quae
749 2666 788 2699 ad
813 2665 1021 2699 christianam

346 2720 421 2751 Ball.
445 2720 523 2751 Rom.
552 2720 607 2751 Vol.
628 2720 684 2750 ΠΙ.
848 2719 904 2749 104

1032 1073 1103 1114 ,nis
1147 1074 1336 1107 eorumdem
1380 1074 1647 1107 vcstimentorum

1692 256 1756 291 825

1047 319 1250 364 disciplinam
1288 318 1428 359 faciunt,
1456 318 1671 358 instruantur;
1698 329 1757 352 nec
1784 330 1800 352 e

1047 374 1119 407 loco
1155 373 1338 413 novitiatus,
1374 371 1436 405 nisi
1459 372 1499 405 ad
1535 372 1802 414 ecclesiam,1·e-

1048 428 1219 460 fectorium
1255 434 1286 461 ct
1319 427 1358 460 ad
1402 426 1549 470 publicas
1580 426 1804 469 processiones

1050 487 1080 514 ct
1103 481 1242 514 interdiu
1282 482 1320 514 ad
1361 481 1500 525 aliquam
1544 481 1713 514 honestam
1752 491 1804 513 re-

1050 535 1246 568 creationem
1269 546 1344 568 cum
1367 535 1429 568 fida
1461 535 1608 568 custodia
1637 534 1723 568 exire
1748 535 1804 568 de-

1049 588 1157 621 licant.

1095 642 1109 685 Q
1134 642 1187 675 24.
1211 643 1245 675 ln
1271 653 1399 686 quaque
1429 643 1526 675 domo
1552 642 1592 675 sit
1624 652 1727 675 unum
1751 653 1805 675 ve-

1051 695 1198 728 stiarium
1225 708 1417 737 commune,
1454 697 1485 729 in
1510 707 1575 739 quo
1601 696 1711 729 onmia
1736 707 1806 729 orn-

1052 748 1142 782 nium
1180 750 1315 783 fratrum
1351 749 1539 783 vestimenta
1574 750 1868 798 conferantur,ses

1052 814 1135 846 quae
1149 804 1244 836 unius
1259 804 1344 836 modi
1363 804 1435 844 sint,
1454 804 1630 847 eademque
1648 804 1737 836 nulla
1753 815 1807 837 ex-

1053 857 1169 900 quisita
1190 864 1257 891 arte
1278 859 1434 899 laborata,
1459 858 1513 891 sed
1530 857 1689 902 simplicia
1706 863 1736 890 et
1750 857 1809 891 ho-

1054 917 1153 951 nesta,
1179 911 1221 944 ita
1248 918 1277 944 ut
1305 924 1363 945 nec
1386 924 1486 945 unmn
1508 912 1546 944 ab
1573 912 1674 944 altero
1695 911 1808 944 distin-

1053 972 1182 1007 guatur.
1211 966 1268 999 Cui
1294 967 1442 999 vestiario
1463 972 1570 999 custos
1591 966 1809 1010 praeficiatur,

1054 1019 1108 1062 qui
1135 1020 1324 1061 munditiae,
1349 1020 1531 1053 1·ef‹1='‹1=tionis
1553 1025 1583 1053 et,
1608 1019 1809 1053 distributio-

1697 1085 1809 1107 curam

1054 1132 1155 1170 gerat.

1099 1182 1113 1224 ,ξ
1138 1180 1191 1213 25.
1215 1181 1248 1214 In
1275 1182 1362 1215 omni
1384 1182 1492 1222 domo,
1513 1183 1606 1215 locus
1626 1187 1714 1215 tutus
1734 1192 1809 1215 cum

1055 1235 1202 1268 armariis
1223 1247 1278 1269 seu
1305 1236 1408 1279 capsis
1428 1236 1597 1277 habeatur,
1634 1236 1666 1269 in
1692 1235 1810 1279 quibus

1055 1289 1247 1332 scripturae,
1275 1290 1452 1334 privilegia,
1480 1295 1664 1323 contractus
1689 1295 1719 1323 et
1740 1300 1810 1323 om-

1057 1343 1108 1376 nia
1130 1343 1200 1376 iura
1220 1344 1258 1375 ad
1280 1344 1414 1377 domum
1441 1344 1644 1387 pertinentia,
1667 1344 1811 1387 itemque

1055 1408 1107 1430 res
1132 1398 1291 1441 pretiosae
1320 1399 1542 1439 ecclesiarum,
1564 1398 1660 1431 etiam
1687 1409 1808 1439 sacrae,

1057 1462 1131 1484 cuni
1158 1463 1216 1484 suo
1237 1452 1414 1485 inventario
1450 1464 1506 1485 seu
1540 1452 1721 1496 repertorio
1753 1463 1811 1485 au-

1057 1506 1210 1546 thentico,
1247 1512 1468 1546 asserventur,
1490 1512 1619 1551 practer
1652 1516 1705 1540 eas
1730 1516 1813 1550 quae

1058 1560 1248 1603 quotidiano
1269 1567 1342 1595 sunt
1353 1562 1507 1594 ecclesiae
1518 1561 1592 1594 usui
1602 1560 1812 1600 necessariae,

1058 1625 1139 1657 quae
1161 1614 1193 1647 in
1214 1616 1357 1648 sacristia
1378 1621 1408 1649 et
1434 1626 1491 1659 per
1518 1614 1683 1648 sacristam
1705 1619 1813 1647 custo-

1059 1667 1200 1708 diantm:
1224 1669 1265 1702 ita
1286 1675 1393 1702 tamen
1414 1675 1446 1702 ut
1469 1680 1520 1702 res
1557 1679 1665 1701 sacrae
1690 1679 1707 1700 a
1738 1678 1814 1711 pro-

1059 1721 1140 1754 fanis
1161 1722 1414 1766 distinguantur.
1438 1722 1541 1755 Huius
1558 1721 1815 1755 autemlocilres

1059 1775 1120 1808 sint
1142 1777 1257 1816 claves,
1280 1787 1419 1820 quarum
1441 1788 1539 1809 unam
1561 1776 1662 1820 prior,
1680 1776 1815 1808 alteram

1060 1829 1288 1873 depositarius,
1321 1831 1447 1863 tertiam
1482 1835 1674 1874 procurator
1698 1830 1816 1862 domus

1060 1879 1186 1912 habeat.
1211 1880 1315 1913 Simili
1331 1891 1461 1923 quoque
1483 1881 1579 1913 modo
1599 1878 1814 1912 inventarium

1060 1928 1221 1961 bonorum
1252 1929 1422 1962 mobilium
1449 1929 1685 1971 cuiuscumque
1711 1928 1815 1961 cccle-

1061 1978 1125 2011 siae
1151 1984 1180 2011 et
1215 1979 1342 2018 domus,
1379 1990 1509 2011 necnon
1534 1978 1750 2011 immobilium
1786 1982 1817 2009 et

1061 2038 1347 2071 quorumcumque
1386 2028 1506 2061 iurium
1541 2027 1580 2059 ad
1621 2031 1814 2059 conventum

1062 2076 1308 2119 pertinentium,
1331 2077 1362 2109 iu
1384 2078 1486 2109 forma
1498 2076 1660 2119 probanti,
1675 2075 1817 2108 conscri-

1061 2126 1165 2164 batur,
1183 2127 1285 2169 deque
1311 2138 1348 2159 eo
1379 2127 1562 2170 exemplum
1593 2125 1816 2158 authenticum

1061 2176 1116 2208 fiat
1145 2176 1362 2219 duplicatum,
1390 2182 1424 2207 ut,
1452 2176 1589 2207 alterum
1621 2175 1651 2206 in
1684 2173 1817 2218 propria

1039 2259 1040 2262 ,
1062 2224 1158 2257 domu
1176 2232 1353 2263 remaneat,
1372 2226 1509 2257 alterum
1526 2236 1600 2257 vero
1622 2224 1654 2256 in
1675 2223 1816 2256 archivio

1039 2289 1041 2292 ⁴
1062 2273 1247 2317 insignioris
1286 2286 1339 2307 scu
1377 2274 1564 2318 pzincipalis
1599 2274 1715 2306 domus
1749 2273 1818 2306 eius

1040 2355 1041 2361 ¹
1071 2325 1245 2357 wrovmciae
1266 2330 1453 2357 raejmonatur.

267 2365 361 2398 cuius
381 2366 546 2409 ingressus
566 2366 636 2399 aliis
656 2366 809 2399 fratribus
834 2364 871 2397 sit
894 2364 1021 2408 penitus
1039 2368 1041 2397 ¹,
1063 2336 1073 2367 l
1305 2354 1312 2368 ¹

1107 2374 1121 2415 Q
1146 2373 1200 2407 276.
1224 2375 1257 2406 ln
1283 2374 1370 2407 omni
1392 2373 1501 2412 domo,
1526 2372 1702 2405 infirmaria
1728 2383 1816 2405 com-

1063 2424 1159 2455 modo
1181 2424 1251 2455 loco
1273 2423 1488 2456 constituatur
1509 2433 1566 2465 pro
1588 2422 1740 2454 fratribus
1767 2421 1816 2454 in-

1064 2473 1184 2513 firmis,
1223 2473 1275 2505 cui
1308 2472 1507 2504 infirmarius
1532 2471 1722 2510 ordinetur,
1759 2482 1817 2514 per

1063 2533 1159 2565 quem
1181 2522 1297 2554 domus
1317 2522 1385 2564 ipsa
1405 2520 1443 2552 de
1464 2520 1526 2552 illis
1551 2520 1713 2560 omnibns,
1733 2530 1815 2563 quae

1063 2570 1101 2602 ad
1123 2570 1247 2602 :mimae
1269 2575 1296 2602 et
1319 2569 1465 2613 corporis
1490 2569 1694 2601 intirmorum
1729 2569 1815 2601 salu-

1064 2623 1127 2652 tem
1149 2619 1319 2652 commoda
1344 2625 1371 2651 ct
1395 2618 1575 2651 necessaria
1595 2623 1680 2658 sunt,
1703 2617 1817 2651 carita-

1041 2683 1045 2689 ·
1064 2668 1124 2703 tive
1148 2669 1366 2713 provideatur.

1816 268 1866 295 An.
1881 267 1910 294 C.
1931 267 2000 295 ¹570

1873 649 2004 670 Vestianum

1819 682 1906 703 fratrum
1945 681 2006 709 quale

1821 719 1870 735 esse
1886 713 1963 734 debeat
1984 715 2006 733 et

1821 751 1874 772 quae
1885 750 1957 765 eorum
1967 749 2005 765 ve-

1835 780 1841 797 Ι.

1868 1194 1943 1214 Forma
1958 1198 2008 1214 eer-

1823 1226 1885 1247 vandi
1914 1226 1995 1252 scriptu
2003 1235 2008 1240 ·

1824 1264 1857 1279 ras
1865 1261 1887 1278 et
1894 1263 1928 1278 ros
1939 1256 2010 1278 eccle-

1824 1289 1928 1311 siasticas.

1868 2384 1984 2407 tunt-naria
1994 2386 2015 2406 in

1834 2423 1964 2446 quocumque
1971 2423 2017 2437 con-

1833 2453 1898 2470 ventu
1914 2450 2012 2470 institua-

1833 2484 1873 2502 tur.
