2237 3100
27 255 77 284 An.
94 256 123 283 C.
143 257 209 284 {563

890 259 957 283 PIUS
981 259 1012 283 lv
1035 260 1082 283 PP.

223 311 364 351 iurium,
396 310 636 354 privilegiorum
670 316 700 344 et
730 312 913 352 actionum,
937 323 974 344 ae

224 364 366 397 criminis
399 365 540 397 haeresis
575 376 632 408 pro
666 367 811 399 confesso
846 365 969 405 habiti,

224 429 342 462 poenas
366 417 397 450 in
422 417 514 451 dictis
542 418 641 451 literis
666 418 923 452 monitorialibus
943 424 973 452 et

222 471 375 505 citatoriis
395 476 580 510 contentas,
603 472 642 504 ob
667 472 767 515 ipsius
788 472 889 505 Odetti
911 472 972 505 illis

221 537 284 558 non
318 525 529 569 paritionem,
566 525 791 559 damnabiliter
823 526 971 559 incidisse

220 584 251 612 et
280 578 471 619 ineurrisse3
497 584 527 611 et
552 578 782 619 nihilominus,
805 580 881 623 quia
906 586 970 612 tam

220 643 256 665 ex
277 643 430 676 processu
464 637 575 664 contra
608 643 682 664 eum
704 633 840 665 formato
863 638 890 665 et
913 644 971 676 per

219 686 321 720 dictos
340 686 557 730 inquisitores,
572 691 607 718 ut
619 686 844 730 praemittitur,
858 688 968 725 relato,

218 750 315 784 quam
336 739 526 772 notorietate
548 739 631 780 sacti,
654 740 741 782 quod
762 740 851 772 nulla
875 751 967 783 pror-

218 804 272 827 sus
282 793 486 826 excusatione
502 793 627 836 palliari
639 798 694 825 aut
708 793 968 836 tergiversatione

218 847 315 881 celari
350 852 473 890 potest,
497 852 527 879 et
551 858 586 879 ex
610 847 859 891 quamplurimis
879 848 966 887 aliis,

217 911 299 944 quae
332 900 424 933 nobis
458 900 682 939 innotuerunt,
708 911 745 933 ac
778 901 816 933 de
849 901 968 944 quibus

216 954 293 987 alias
322 954 543 997 multipliciter
571 953 799 987 conscientiam
824 960 966 988 nostram

216 1008 310 1051 plene
322 1007 526 1040 informatam
542 1007 709 1046 hahemus
726 1008 764 1040 de
783 1008 924 1041 haeresis
936 1014 964 1042 et

216 1061 395 1094 schismatis
420 1060 611 1094 criminibus
633 1060 838 1101 huiusmodi,
861 1062 965 1095 omni-

215 1114 340 1158 busque
360 1112 510 1158 superius
529 1114 695 1154 enarratis,
714 1125 772 1158 per
792 1125 866 1148 eum
879 1126 965 1149 eom-

216 1167 319 1201 missis
340 1174 370 1201 et
389 1167 592 1212 perpetratis,
610 1168 695 1200 clare
716 1172 746 1200 et
762 1173 871 1211 aperte
887 1179 965 1202 con-

214 1221 291 1254 stitit
318 1226 349 1255 et
369 1226 502 1262 constat,
525 1221 631 1265 ipsum
656 1220 805 1254 Odettum
826 1222 964 1256 haereti-

214 1285 287 1308 cum
302 1302 309 1315 ,
347 1275 663 1308 excommunicatum
681 1301 688 1315 ‚
728 1275 937 1318 Hugonotum
956 1304 963 1318 ‚

213 1328 453 1363 schismaticum
497 1334 527 1362 et
568 1328 811 1372 blasphemum,
852 1339 870 1362 a
904 1329 965 1364 fide

214 1382 372 1416 catholiea
405 1387 436 1416 et
467 1387 576 1415 sancta
600 1382 744 1415 Romana
764 1382 903 1416 Ecclesia
931 1395 965 1417 a-

213 1442 370 1482 postatam
395 1441 426 1470 et
444 1437 643 1479 transfugam
657 1463 664 1477 ‚
695 1436 770 1470 fidei
793 1437 965 1472 fractorem

213 1495 244 1524 et
262 1491 430 1535 periurum
450 1489 706 1535 pronunciamus
731 1495 762 1523 et
785 1490 967 1525 iudicamus

212 1555 249 1578 ac
268 1544 484 1585 declaramus;
503 1549 534 1577 et
549 1548 721 1588 propterea
736 1555 811 1577 eum
829 1545 868 1578 ab
878 1546 966 1579 omni

212 1598 428 1632 cardinalatus
454 1598 625 1631 commodo
646 1603 677 1631 et
697 1599 821 1632 honore
842 1609 878 1632 ac
898 1599 965 1644 pri-

211 1652 343 1696 vilegio,
365 1652 461 1685 etiam
482 1651 644 1692 clericali,
667 1663 683 1684 a
704 1652 755 1685 die
776 1653 965 1687 commisso-

212 1717 284 1740 rum
314 1705 487 1740 criminum
517 1705 704 1739 huiusmodi
727 1706 797 1750 ipso
818 1706 887 1739 iure
908 1707 963 1740 de-

210 1760 363 1805 positum,
375 1760 544 1804 dictaeque
560 1759 704 1793 ecclesiae
726 1760 931 1794 Beluaeensis
949 1761 961 1789 1

211 1813 485 1848 administratione
510 1824 547 1846 ac
573 1813 724 1846 omnibus
747 1813 914 1847 beneficiis
935 1820 965 1848 et

210 1868 324 1902 officiis
338 1895 345 1908 ‚
366 1867 557 1907 honoribus,
583 1867 792 1910 dignitatibus
813 1878 849 1900 ae
871 1879 963 1911 prae-

209 1917 321 1951 laturis
341 1917 499 1962 privatum
526 1922 556 1950 et
589 1917 629 1949 ad
659 1916 712 1949 illa
737 1917 913 1950 inhabilem
935 1924 965 1951 et

209 1971 368 2011 perpetuo
394 1966 596 2009 incapacem,
618 1977 654 1999 ac
676 1965 744 1999 eius
773 1966 869 2007 bona,
893 1967 963 2001 iura

209 2022 239 2049 et
259 2015 497 2049 iurisdictiones
522 2015 683 2060 publicata
713 2015 811 2048 fuisse
830 2022 859 2049 et
880 2027 960 2056 esse,

209 2071 241 2099 et
264 2065 303 2098 ab
322 2065 391 2105 his,
413 2065 453 2097 ad
473 2075 554 2108 quos
575 2071 734 2109 spectant,
758 2066 829 2110 capi
850 2078 961 2110 posse,

209 2114 392 2158 dictamque
412 2114 581 2147 ecclesiam
608 2115 837 2147 Beluacensem
859 2121 889 2148 et
909 2128 962 2150 ce-

209 2168 276 2196 tera
294 2162 452 2196 beneficia
467 2173 693 2206 quaecumque
715 2168 745 2196 et
765 2164 963 2206 qualiacum-

208 2224 271 2257 que
297 2212 514 2246 ecclesiastiea
547 2218 579 2245 et
607 2213 711 2246 officia
735 2224 793 2257 per
808 2224 883 2246 eum
905 2216 962 2248 ob-

208 2266 294 2295 tenta
315 2260 470 2293 vacavisse
497 2266 525 2294 et
550 2272 662 2294 vacare
689 2261 835 2295 similiter
854 2263 961 2297 decla-

209 2321 318 2344 ramus
338 2315 369 2344 et
390 2310 615 2349 decernimus3
639 2321 675 2343 ac
696 2311 845 2344 eumdem
867 2312 961 2346 Odet-

208 2365 288 2400 tum,
308 2365 468 2404 quatenus
488 2370 571 2403 opus
591 2359 649 2399 sit7
668 2360 872 2403 deponimus,
897 2362 960 2405 pri—

209 2420 320 2442 vamus
331 2414 362 2442 et
377 2409 551 2442 inhabilem
569 2410 717 2450 facimus,
731 2410 865 2453 eiusque
876 2411 961 2445 hona

209 2458 328 2499 omnim
352 2459 423 2491 ium
439 2464 469 2491 et
484 2459 722 2492 iuriSdimoneS
742 2459 958 2502 pumicamus'
980 2487 982 2507 ἢ
1003 2500 1160 2533 lutaribus
1185 2501 1417 2534 monitionibus
1442 2501 1481 2534 ad
1510 2501 1596 2534 illam
1628 2501 1755 2535 allicere

1052 2522 1059 2533 ‹
1147 2526 1156 2533 s
1404 2527 1414 2534 s
1626 2524 1635 2534 ι

207 2507 455 2551 depositumque
476 2513 506 2540 et
535 2507 693 2551 privatum
715 2518 751 2541 ac
785 2508 959 2543 inhabilem

207 2556 379 2596 effectum,
415 2567 453 2589 ac
486 2557 571 2589 velut
606 2557 701 2590 talem
737 2557 957 2599 haereticum,

208 2605 447 2639 schismaticum
481 2611 511 2638 et
544 2606 770 2650 blasphemum
796 2610 826 2639 et
856 2607 958 2640 infru-

244 2660 254 2685 ¹
276 2660 438 2685 Belvacensis
459 2662 588 2694 perpetuo
605 2659 667 2694 legit
686 2658 801 2687 Cherub.
830 2660 867 2694 (n.
889 2661 939 2696 T.).

288 2702 362 2734 Ball.
380 2702 460 2734 Rom.
480 2703 534 2734 Vol.
555 2703 611 2734 VII.
803 2704 840 2734 32

1659 243 1723 278 249

1017 317 1165 344 ctuosum
1188 307 1354 353 palmitem
1376 307 1414 339 ab
1430 305 1571 339 Ecclesia
1584 316 1765 349 prfecisum,

1017 364 1151 397 ulterius
1175 361 1315 406 legitime
1341 360 1540 404 puniendum
1567 360 1634 393 sore
1654 360 1765 393 decer-

1016 418 1133 454 nimus;
1157 417 1289 460 eiusque
1313 425 1481 458 personam
1508 425 1525 446 a
1549 413 1765 447 christifideli-

1014 472 1073 504 bus
1094 470 1295 514 capiendam,
1318 473 1349 501 et
1368 467 1585 507 detinendam,
1609 472 1639 500 et
1657 468 1697 500 ad
1715 467 1765 500 iu-

1013 524 1114 557 stiliae
1144 529 1172 557 et
1205 522 1424 555 ministrorum
1452 532 1577 559 manus,
1601 526 1633 553 ut
1654 521 1766 565 poenis

1013 577 1126 610 debitis
1146 576 1229 610 allici
1251 575 1359 620 possit,
1378 575 1577 615 tradendam,
1591 575 1680 607 omni
1697 586 1765 608 me-

1014 631 1084 664 liori
1119 632 1214 664 modo
1239 636 1269 663 et
1295 631 1414 669 forma,
1451 628 1570 672 quibus
1594 639 1765 673 possumus

1011 690 1042 717 et
1062 685 1229 725 debemus,
1253 683 1454 727 exponimus.

1055 739 1119 782 35.
1153 738 1238 771 Nulli
1268 748 1343 780 ergo
1374 737 1505 769 omnino
1535 737 1704 770 hominum
1726 737 1763 769 li-

1011 798 1080 825 ceat
1100 797 1156 825 etc.

1054 847 1168 880 Datum
1189 847 1308 879 Romae
1329 846 1415 889 apud
1439 845 1591 878 Sanctum
1613 845 1760 885 Petrum,

1010 911 1094 933 anno
1126 899 1358 933 Incarnationis
1383 899 1564 931 dominicae
1593 898 1763 931 millesimo

1009 953 1267 998 quingentesimo
1306 952 1620 995 sexagesimotertio,
1661 951 1762 996 pridie

1009 1008 1160 1041 kalendas
1179 1006 1311 1050 aprilis1
1331 1006 1536 1050 pontificatus
1560 1005 1660 1039 nostri
1678 1016 1762 1038 anno

1007 1067 1134 1105 quarto.

1007 1117 1035 1158 †
1055 1116 1120 1159 Ego
1141 1116 1232 1155 Pius,
1255 1115 1433 1149 catholicae
1454 1112 1614 1148 Ecclesiae
1635 1112 1760 1156 episco-

1097 1180 1170 1214 pus.

1051 1223 1236 1267 Sequuntur
1265 1222 1495 1256 Cardinalium
1517 1221 1762 1264 subscriptiones

1007 1282 1036 1311 et
1053 1277 1241 1321 publicatio,

1047 1334 1108 1365 Dat.
1127 1335 1173 1365 die
1190 1335 1224 1364 31
1246 1334 1344 1364 martii
1367 1333 1453 1371 1563,
1466 1333 1568 1373 pontif.
1591 1341 1667 1363 anno
1685 1340 1721 1362 1v.

1315 1487 1459 1522 LXXXII.

1006 1557 1190 1591 Facultates
1216 1556 1437 1590 cardinalium
1460 1555 1654 1599 reipublicae
1673 1555 1761 1588 chri-

1051 1612 1179 1644 stianae
1214 1611 1415 1654 qeneralium
1455 1609 1689 1653 inquisitorum
1726 1609 1763 1641 in

1055 1665 1136 1698 Urbe
1158 1664 1352 1708 procedendi
1375 1664 1476 1697 etiam
1500 1667 1611 1696 contra
1629 1663 1760 1707 praela-

1053 1723 1098 1751 tos
1129 1719 1305 1752 haereticos
1328 1718 1376 1751 vet
1397 1718 1632 1751 haereticorum
1651 1717 1759 1759 fauto-

1049 1783 1112 1806 res.

1096 1845 1156 1874 Pius
1173 1844 1313 1880 episcopus
1334 1851 1431 1872 servus
1449 1850 1590 1872 servorum
1608 1843 1668 1876 Dei.

1151 1900 1184 1927 ad
1203 1900 1366 1935 perpetuam
1386 1899 1426 1927 rei
1445 1899 1612 1926 memoriam.

1049 1962 1214 1996 Romanus
1239 1962 1394 2002 Pontifex,
1417 1962 1531 1995 Christi
1562 1962 1699 1995 vicarius
1724 1973 1760 1995 ac

1006 2016 1089 2049 beati
1117 2015 1202 2049 Petri
1231 2027 1416 2056 successor,
1441 2016 1493 2048 eui
1522 2016 1588 2059 ipsc
1616 2016 1760 2049 Christus

1005 2069 1160 2103 Dominus
1181 2074 1289 2103 noster
1305 2081 1376 2102 oves
1392 2081 1465 2103 suas
1476 2070 1652 2113 pascendas
1670 2070 1760 2103 enixe

1004 2128 1053 2156 ter
1074 2124 1307 2156 commendavit
1322 2151 1329 2162 ,
1353 2134 1391 2156 ne
1417 2135 1490 2156 oves
1517 2124 1701 2166 deperditae
1722 2124 1759 2157 de

983 2197 985 2202 ι
1005 2176 1074 2209 eius
1094 2188 1192 2210 manu
1213 2178 1407 2221 quandoque
1430 2177 1649 2221 requirantur,
1672 2177 1760 2210 omni

1005 2230 1110 2263 studio
1131 2236 1162 2263 et
1181 2231 1310 2264 solertia
1338 2231 1490 2264 continue
1518 2231 1683 2274 invigilare
1704 2232 1758 2264 de-

1004 2285 1067 2326 bet,
1092 2290 1126 2318 ut
1145 2296 1161 2317 a
1183 2285 1214 2318 S.
1239 2285 1273 2317 R.
1289 2285 1338 2325 E„
1353 2296 1435 2330 quae
1460 2291 1641 2319 ceterarum
1663 2291 1758 2331 caput

1004 2344 1050 2372 est
1070 2345 1099 2372 et
1120 2339 1282 2382 magistra,
1315 2339 1475 2373 deviantes
1499 2351 1535 2373 ac
1557 2340 1755 2381 aberrantes,

1003 2394 1043 2426 ad
1062 2405 1192 2437 gregem
1227 2393 1426 2427 dominicum
1462 2393 1534 2426 totis
1563 2394 1684 2428 viribus
1703 2406 1754 2428 re-

1003 2447 1111 2487 ducat,
1125 2452 1155 2480 et
1167 2458 1247 2491 quas
1267 2447 1321 2480 Dei
1344 2447 1458 2480 timore
1480 2447 1645 2491 proposito
1662 2453 1692 2480 et
1708 2459 1754 2481 sa-

1002 2554 1191 2597 nequiverit,
1204 2555 1430 2598 temporalium
1446 2555 1558 2588 saltem
1575 2566 1752 2599 poenarum

1002 2613 1089 2641 metu
1111 2613 1268 2641 coerceat.

1038 2666 1049 2692 1
1072 2667 1152 2698 lunii,
1175 2665 1294 2693 Cherub.
1316 2666 1354 2702 (n.
1376 2666 1426 2702 τ.).

1783 252 1835 280 An.
1852 253 1880 280 C.
1901 254 1969 280 ¹565

1807 743 1890 764 Sanctio
1910 749 1964 769 poc-

1780 774 1844 796 ualis.

1803 1982 1921 2005 Exordium.
