2237 3100
276 243 325 269 An.
347 242 377 269 C.
399 241 462 269 11571

315 1093 376 1113 Fide·
402 1095 465 1112 tran»-

279 1127 367 1149 nimpm
384 1124 448 1144 addit.

322 2355 431 2375 Exordium

523 230 586 265 938

480 294 594 333 benda,
615 298 670 325 aut
688 292 795 335 aliqua
815 292 876 323 alia
902 290 1055 333 exquisita
1073 290 1175 322 forma
1191 289 1228 321 ad

478 347 539 380 boc
567 346 719 379 servanda
748 346 844 388 foret„
875 349 1002 376 tenores
1030 342 1227 381 huiusmodiy

478 410 514 432 ac
535 400 559 431 si
591 399 629 431 de
656 398 751 430 verbo
776 397 814 429 ad
835 397 967 429 verbum
989 396 1227 431 insererentur,

478 451 702 495 praesentibus
721 460 780 494 pro
801 445 957 493 expressis
972 449 1145 487 babentes,
1168 447 1230 480 illis

478 505 556 537 alias
572 505 603 536 in
617 514 675 537 suo
698 503 814 537 robore
835 503 1066 547 permansuris,
1084 502 1145 535 hae
1162 501 1229 533 vice

478 557 661 595 dumtaxat,
698 557 814 589 haruin
844 556 945 595 serie,
983 555 1165 598 specialiter
1201 558 1231 585 et.

479 621 639 653 expresse⁷
662 610 731 653 pari
752 614 854 649 motu,
872 609 1078 652 derogamus,
1102 613 1229 640 contra-

478 663 534 696 riis
545 663 818 706 quibuscumque.
833 664 893 695 Aut
907 662 932 695 si
949 661 1123 706 aliquibus,
1141 670 1229 693 rom-

478 716 620 749 muniter
650 717 697 749 vel
727 715 873 756 divisim,
901 715 938 748 ab
960 715 1069 748 eadem
1092 714 1129 746 sit
1150 713 1230 746 Sede

477 768 639 801 indultum
674 769 760 812 quod
796 768 966 807 interdici,
1000 766 1152 811 suspendi
1183 765 1231 798 vel

477 823 752 855 excommunicari
782 832 846 854 non
873 821 994 865 possint
1021 831 1079 864 per
1108 820 1232 852 litteras

476 876 671 918 apostolicas
696 885 761 909 non
791 875 944 908 facientes
971 875 1099 917 plenam
1125 879 1151 906 et
1181 883 1232 905 ex-

478 939 619 971 pressam
647 940 682 961 30
708 929 745 962 (10
766 930 862 962 verbo
888 929 927 962 ad
953 928 1087 961 verbum
1117 926 1156 958 (10
1186 925 1232 957 111-

477 981 567 1015 1111110
588 982 775 1016 huiusmodi
797 983 1008 1015 mentionem.

521 1035 535 1075 ἓ
558 1035 587 1067 7.
611 1035 766 1068 Volumus
786 1042 895 1068 autem
912 1034 998 1079 quod
1012 1032 1230 1077 praesentium

478 1089 700 1131 transumptis,
735 1100 834 1122 manu
864 1088 1002 1121 alicuius
1023 1086 1140 1119 notarii
1173 1096 1232 1128 pu-

478 1140 553 1173 blici
584 1141 784 1185 subscriptis,
815 1148 844 1175 et
866 1142 971 1184 sigillo
992 1141 1132 1173 alicuius
1158 1150 1232 1182 per-

477 1204 574 1227 sonae
595 1194 627 1226 10
642 1195 797 1238 dignitate
809 1194 1026 1228 ecclesiastica
1040 1193 1233 1227 constitutae

480 1247 624 1287 munitis,
647 1248 759 1281 eadem
783 1259 916 1291 prorsus
937 1248 1029 1289 fides,
1052 1248 1085 1280 in
1112 1246 1232 1279 iudicio

478 1309 506 1335 et
517 1308 616 1340 extra,
627 1301 832 1340 adhibeatur,
843 1313 926 1346 quae
942 1301 1166 1345 praesentibus
1176 1301 1232 1333 ad-

480 1355 657 1393 hiberetur,
672 1355 695 1387 si
713 1356 818 1389 forent
831 1356 989 1388 exhibitae
1001 1356 1047 1387 rel
1062 1361 1208 1389 ostensre.

522 1409 637 1442 Datum
656 1409 776 1442 Romae
797 1410 883 1453 apud
913 1410 1065 1442 Sanctum
1087 1410 1231 1450 Petrum,

479 1463 538 1495 sub
574 1464 695 1496 annulo
729 1463 921 1503 piscatoris7
963 1463 1014 1495 die
1050 1464 1070 1496 5
1106 1463 1233 1506 augusti

479 1525 608 1557 nianxi,
631 1516 837 1559 pontificatus
857 1516 958 1549 nostri
979 1527 1064 1549 anno
1084 1526 1125 1549 vl.

520 1574 582 1605 Dat.
601 1575 647 1604 die
664 1575 681 1604 5
697 1575 815 1613 augusti
832 1575 920 1613 1571,
938 1575 1042 1615 pontif.
1060 1584 1137 1604 anno
1153 1583 1192 1604 Vt.

803 1767 901 1800 CCIII.

484 1843 655 1885 Requlares
691 1843 913 1884 cuiuscumque
948 1841 1104 1882 Ordinis,
1136 1842 1236 1874 etiam

527 1893 758 1934 Mendicantes,
785 1895 913 1927 lectores
933 1899 988 1927 ant
1014 1895 1050 1927 in
1078 1895 1237 1937 theoloqia

527 1949 693 1989 qracluati,
709 1959 771 1981 non
791 1948 915 1990 possim
935 1947 1236 1980 saeculariumcon-

496 2034 499 2035 7
528 2002 678 2042 sessiones
705 2001 829 2039 audire,
858 2001 924 2032 nisi
942 2001 1067 2041 fuerint
1086 2001 1125 2033 ab
1149 2001 1237 2034 ordi-

529 2055 647 2091 narii&
667 2055 799 2097 praevio
820 2054 982 2093 ewmine,
1005 2054 1186 2096 approbati.

573 2153 634 2181 Pius
654 2153 797 2188 episcopus
820 2158 916 2180 servus
936 2157 1078 2180 servorum
1093 2152 1150 2185 Dei.

628 2207 662 2234 ad
681 2206 843 2241 perpetuam
857 2205 899 2240 tei
918 2205 1090 2234 memoriam.

531 2295 665 2327 Romani
687 2293 851 2327 Pontificis
877 2293 1076 2337 providentia
1103 2293 1241 2326 circum—

487 2353 594 2390 specta
626 2358 872 2390 nonnumquam
894 2351 981 2389 gesta
1006 2357 1063 2389 per
1084 2357 1168 2386 eum,
1190 2357 1241 2379 ra-

488 2400 694 2433 tionabilibus
705 2406 733 2433 et
746 2399 890 2433 honestis
901 2399 1111 2432 suadentibus
1124 2400 1239 2439 causis,

490 2454 676 2486 moderatur
696 2459 726 2486 et
746 2458 922 2486 commutat
942 2452 973 2484 in
994 2452 1122 2491 melius,
1147 2458 1244 2495 prout

490 2506 521 2537 in
542 2506 676 2538 Domino
711 2506 867 2549 conspicit
888 2505 1060 2537 salubriter
1079 2505 1239 2547 expedire.

534 2559 548 2602 ἓ
568 2559 599 2591 ’1.
622 2559 731 2602 Nuper
751 2559 908 2602 siquidem
929 2558 1083 2601 quasdam
1099 2558 1243 2589 declara-

489 2612 592 2646 tiones
608 2618 638 2645 et
650 2612 887 2646 moderationes
898 2612 984 2645 circa
994 2610 1150 2644 nonnulla
1166 2620 1243 2644 con-

1074 236 1255 261 BULLARIUM
1280 235 1429 260 ROMANUM

1272 287 1336 319 cilii
1357 286 1535 320 Tridentini
1555 287 1695 327 decreta,
1728 287 1893 328 regulares
1913 296 2023 329 perso-

1271 350 1328 372 nas
1345 340 1500 373 Ordinun]
1517 339 1765 372 Mendicantium
1782 349 1960 382 eorumque
1977 339 2024 371 in-

1272 392 1379 425 stituta
1401 392 1641 433 concernentia,
1660 391 1819 425 edidimus
1832 397 1863 424 et
1882 392 2026 435 promul-

1272 445 1431 488 gavinnis;
1450 451 1478 478 et
1507 445 1594 488 quia,
1612 445 1660 489 uti
1678 445 1877 488 accepimus,
1896 445 2024 477 illarum

1272 499 1380 541 vigore
1401 499 1582 532 sacerdotes
1603 499 1768 541 regulares
1787 498 2025 541 praedictorum

1273 552 1428 585 Ordinum
1448 579 1455 591 ‚
1486 552 1681 596 quandoque
1715 551 1822 583 minus
1856 550 1963 583 idonei
1998 556 2027 583 et

1273 605 1443 645 inhabiles,
1464 604 1721 638 confessionibus
1736 603 1951 637 saecularium
1969 613 2026 636 au-

1273 657 1397 690 diendis
1412 658 1452 690 ab
1466 668 1579 691 eorum
1597 657 1819 701 superioribus
1839 656 2026 700 praepositi,

1273 711 1393 754 absque
1402 711 1509 754 aliqua
1517 711 1759 754 episcoporum,
1773 709 1827 743 sed
1839 710 1906 743 sola
1926 708 2029 751 magi·-

1273 763 1328 796 stri
1348 763 1476 796 Ordinis
1500 763 1660 806 generalis
1688 768 1743 796 aut
1778 762 2027 807 provincialium

1274 817 1498 849 ministrorum
1527 817 1775 860 approbatione,
1798 816 2025 849 admittuntur.

1319 870 1332 911 ,ἓ
1353 870 1384 902 2.
1407 870 1482 910 Nos,
1505 880 1603 914 super
1622 870 1683 910 his,
1706 880 1765 913 pro
1787 869 1894 902 debito
1920 873 2027 912 pasto—

1275 923 1350 955 ralis
1379 923 1475 956 oflicii
1490 950 1497 959 ,
1535 929 1632 966 prout
1662 929 1822 964 tenemur,
1857 922 2029 955 salubriter

1275 976 1443 1019 providere
1463 977 1614 1016 volentes,
1636 982 1747 1009 tenore
1780 975 1999 1019 praesentium
2018 1002 2025 1015 ‚

1276 1029 1335 1061 bac
1355 1034 1464 1061 nostra
1494 1029 1724 1062 constitutione
1746 1033 1903 1072 perpetua
1923 1028 2027 1061 sanci-

1276 1092 1359 1122 mus,
1383 1082 1588 1115 decernimus
1600 1083 1844 1115 etdeclaramus
1863 1084 2029 1115 decretum

1276 1135 1403 1167 concilii
1424 1135 1600 1168 Tridentini
1623 1135 1661 1168 de
1682 1135 1916 1179 approbatione
1936 1145 2030 1178 regu-

1277 1188 1393 1221 larium
1413 1188 1583 1222 audiendis
1603 1188 1860 1222 confessionibus
1883 1187 2030 1222 'saecula-

1276 1241 1359 1273 rium
1372 1242 1641 1285 praepositorum,
1651 1242 1689 1274 ab
1699 1241 1860 1286 episcopis
1871 1241 2028 1282 facienda,

1276 1294 1437 1327 observari
1459 1295 1576 1328 debere
1597 1295 1692 1328 etiam
1713 1295 1745 1327 in
1767 1295 1918 1328 omnibus
1938 1305 2032 1337 regu-

1276 1348 1397 1380 laribus
1409 1348 1597 1391 quorumvis
1609 1348 1778 1388 Ordinum,
1795 1349 1890 1382 etiam
1908 1348 2031 1381 Mendi-

1277 1401 1432 1442 cantium,
1450 1402 1546 1434 etiam
1561 1402 1620 1434 sub
1636 1402 1778 1445 regulari
1799 1401 1968 1445 disciplina
1987 1402 2032 1434 vi-

1276 1454 1432 1494 ventibus,
1448 1455 1541 1487 0110111
1556 1455 1579 1486 si
1596 1455 1658 1487 sint
1673 1455 1810 1488 lectores
1825 1460 1880 1488 aut
1895 1455 1927 1488 in
1944 1455 2034 1487 theo-

1278 1508 1373 1549 logia,
1406 1509 1501 1541 etiam
1528 1509 1565 1541 de
1600 1509 1808 1551 superiorum
1842 1518 1976 1541 suorum
1997 1508 2034 1541 li-

1278 1561 1393 1601 000110,
1426 1562 1574 1604 graduati
1595 1562 1643 1595 vel
1674 1561 1829 1605 promoti,
1851 1562 1900 1594 vel
1920 1572 1938 1594 a
1966 1561 2034 1594 suis

1278 1613 1438 1656 magistris
1471 1615 1676 1657 generalibus
1700 1615 1748 1647 vel
1782 1614 2035 1658 provincialibus

1278 1666 1444 1706 ministris,
1464 1667 1680 1700 saecularium
1701 1667 1957 1700 confessionibus
1976 1677 2034 1699 au-

1278 1719 1405 1752 diendis
1420 1720 1567 1764 expositi.
1590 1720 1746 1753 Volumus
1765 1726 1874 1754 tamen
1894 1730 1962 1760 eos,
1979 1719 2035 1764 qui

2041 232 2091 258 An.
2109 230 2139 258 C.
2155 229 2219 258 ¹5⁷¹

2065 292 2144 312 Causae
2169 297 2223 313 eon-

2039 323 2155 343 stitutionis
2163 322 2182 342 1.

2056 874 2172 900 negaturos
2184 879 2224 895 non

2042 906 2128 926 audiani
2143 905 2226 926 confes-

2043 937 2114 958 siones
2134 935 2226 957 saecula-

2043 968 2102 993 rium,
2112 968 2153 988 nist
2162 967 2186 987 ab
2196 972 2228 987 oi·-

2043 998 2129 1019 dinariis
2185 998 2227 1018 sim

2043 1029 2152 1056 appi-obiiti
2167 1028 2186 1049 2.

1278 1774 1377 1806 semel
1398 1774 1436 1806 ab
1458 1774 1612 1817 episcopo
1632 1774 1665 1806 in
1686 1774 1811 1807 civitate
1831 1779 1861 1807 et
1880 1773 2035 1807 dioecesi·
2068 1815 2073 1820 ι

1278 1826 1338 1858 hus
1351 1826 1428 1867 suis,
1440 1826 1556 1870 prawio
1568 1827 1713 1860 examine
1721 1827 1890 1872 approbati
1903 1826 2033 1867 fuerint,

1279 1880 1317 1911 ab
1339 1880 1453 1913 eodem
1485 1880 1638 1924 episcopo
1673 1880 1791 1913 iterum
1816 1890 1882 1913 non
1916 1880 2035 1913 exami-

1280 1933 1361 1966 nari.
1386 1934 1431 1965 Ab
1452 1932 1605 1977 episcopo
1633 1938 1741 1967 autem
1763 1943 2036 1977 successore,‘pro

1280 1986 1621 2020 maioriconscientiae
1635 1997 1711 2020 suae
1725 1987 1846 2030 quiete,
1861 1986 2036 2020 examinari

1281 2039 1319 2072 de
1340 2050 1421 2072 novo
1442 2035 1604 2083 poterunt.

1325 2092 1390 2135 53.
1414 2093 1598 2125 Inhibentes
1625 2093 2035 2136 quibuscumque*regula—

1282 2145 1371 2178 ribus
1392 2146 1580 2189 quorumvis
1601 2145 1769 2187 Ordinum,
1792 2146 1889 2191 etiam
1914 2145 2036 2179 Mendi-

1283 2198 1438 2239 cantium,
1462 2204 1496 2231 ut
1516 2199 1710 2242 praefertur,
1729 2208 1782 2238 ne,
1808 2198 1917 2242 vigore
1933 2196 2035 2242 depu-

1284 2251 1411 2284 tationis
1444 2258 1474 2284 et
1493 2251 1736 2295 approbationis
1764 2252 1804 2284 ab
1825 2251 1946 2284 eisdem
1967 2262 2035 2284 ma-

1284 2304 1389 2347 gistris
1417 2311 1445 2337 et
1468 2304 1622 2337 ministris
1646 2304 1913 2347 provincialibus,
1941 2295 2041 2337 etiam*

1284 2358 1370 2401 qnod
1390 2358 1519 2390 illarum
1539 2358 1708 2390 occasione
1729 2358 1768 2390 ab
1785 2357 1957 2390 ordinariis
1975 2356 2037 2389 hu-

1285 2421 1407 2453 cusque
1438 2410 1563 2443 tolerati
1583 2410 1729 2451 fuerint,
1765 2409 2037 2454 absque'speciali

1286 2464 1317 2495 in
1339 2469 1503 2506 posterum
1525 2463 1654 2496 licentia
1675 2469 1705 2496 ct
1734 2463 1967 2507 approbatione
1998 2462 2038 2495 ab

1325 2532 1330 2556 1
1354 2530 1559 2562 [)00101·3ῑί00οε,
1575 2530 1609 2556 de
1624 2530 1722 2564 quibus
1738 2528 1796 2561 hic,
1817 2528 1918 2556 concilii
1935 2528 2035 2556 huben-

1287 2577 1329 2600 tur
1348 2574 1371 2600 10
1389 2575 1495 2601 constit.
1522 2581 1609 2606 wat,
1626 2582 1684 2609 pag.
1699 2573 1750 2600 593
1762 2573 1839 2600 huius
1855 2573 1927 2600 tomi.
1967 2574 1983 2599 2
1999 2574 2036 2599 Ita

1286 2619 1364 2646 etiam
1373 2618 1467 2646 concil.
1475 2618 1561 2652 Trid.,
1570 2626 1637 2646 sess.
1647 2624 1729 2651 xxiii,
1738 2619 1774 2644 De
1781 2618 1912 2651 Reform,
1921 2625 1977 2653 cap.
1988 2625 2035 2645 xv.

2066 2101 2165 2124 inhibitio
2184 2108 2234 2124 con·

2051 2137 2084 2154 tra
2137 2134 2233 2155 inobser-

2051 2167 2134 2185 vante..
