2237 3100
245 271 293 299 An.
311 272 341 301 C.
361 272 424 301 1861

248 1675 321 1699 Forma
337 1681 357 1698 et
369 1677 419 1699 etl'e·

234 1712 280 1730 nun
295 1709 419 1737 publicatio—

235 1745 275 1760 im.

231 2628 301 2657 Papae
310 2628 413 2657 subacrip.

443 322 539 367 legio,
561 322 656 357 etiam
676 327 766 356 motu
789 321 922 366 proprio
942 327 973 356 et
992 322 1194 356 consistoria-

1048 268 1228 294 BULLARIUM
1251 268 1403 295 ROMANUM

1280 323 1464 368 Sequuntur
1493 324 1738 369 subscriptiones
1768 325 1988 359 cardinalium

443 378 527 419 liter,
550 378 608 412 sub
625 377 1067 422 quibuscumquetenoribus
1087 383 1117 410 et
1132 377 1194 410 for·
1236 382 1265 411 et
1294 378 1468 421 publicatio
1495 380 1735 414 constitutionis
1759 392 1819 425 per
1849 380 1986 414 Petrum

443 433 520 474 mis,
548 443 585 466 ac
610 443 685 466 cum
712 432 877 476 quibusvis
906 431 1060 465 clausulis
1080 437 1110 464 et
1138 431 1192 465 de-

442 486 548 527 cretis,
570 486 602 519 in
622 497 739 529 genere
759 487 807 519 vel
828 485 859 517 in
880 485 998 529 specie,
1017 496 1076 529 per
1095 496 1192 529 quos-

442 551 581 583 cumque
614 541 774 573 Romanos
806 539 976 573 Pontifices
1002 539 1192 583 praedeces-

442 603 530 626 sores
540 598 678 633 nostros,
696 598 748 626 aut
762 592 857 626 etiam
873 603 932 626 nos
944 593 1116 634 concessis,
1135 605 1191 638 ap-

441 647 582 690 probatis
607 653 635 680 et
671 646 845 680 innovatis:
876 647 994 691 quibus
1020 648 1188 690 omnibus,

440 700 534 734 etiam
555 700 592 741 si,
620 711 679 744 pro
701 701 831 733 illorum
857 700 1029 734 sufficienti
1056 702 1191 746 deroga-

439 754 543 794 tione,
567 755 605 787 de
630 753 692 786 illis
719 765 898 798 eorumque
923 755 998 788 totis
1024 757 1192 789 tenoribus

438 807 597 851 specialis,
629 808 780 851 specifica
800 814 830 842 et
850 820 999 853 expressa
1019 821 1055 843 ac
1076 810 1190 843 indivi-

436 860 530 894 vidua
559 867 589 894 et
609 861 647 894 de
668 862 764 895 verbo
782 862 821 895 ad
835 862 980 903 verbum,
997 874 1062 896 non
1083 870 1189 897 autem

436 925 494 958 per
509 915 668 949 clausulas
683 917 948 960 generales'idem
966 917 1187 961 importantes,

436 969 557 1002 mentio
577 969 736 1010 habenda,
769 981 825 1003 seu
850 971 980 1013 quaevis
1000 971 1061 1004 alia
1081 971 1190 1015 exqui-

436 1021 494 1055 sita
515 1023 617 1056 forma
638 1024 790 1057 servanda
812 1025 904 1065 soret,
927 1030 1055 1058 tenores
1075 1026 1188 1059 huius-

437 1077 522 1110 modi
544 1088 603 1122 pro
623 1078 820 1111 sufficienter
840 1080 997 1122 expressis
1021 1080 1186 1121 habentes,

436 1131 618 1174 specialiter
651 1137 681 1165 et
708 1143 855 1177 expresse
876 1133 1087 1177 derogamus,
1111 1145 1187 1167 eon-

436 1185 542 1218 trariis
558 1186 831 1231 quibuscumque;
848 1192 902 1220 aut
924 1187 948 1220 si
970 1188 1119 1231 praefatis
1136 1199 1189 1220 au-

436 1238 594 1272 ditoribus
614 1241 661 1272 vel
687 1240 852 1284 quibusvis
869 1241 949 1279 aliis,
971 1242 1189 1275 communiter

435 1293 483 1324 vel
504 1292 637 1333 divisim,
659 1294 698 1326 ab
719 1294 829 1327 eadem
857 1295 893 1328 sit
916 1295 997 1328 Sede
1027 1295 1187 1328 indultum

436 1346 522 1389 quod
557 1346 723 1387 interdici,
746 1348 897 1391 suspendi
932 1349 980 1381 vel
1001 1359 1187 1381 excommu-

434 1398 536 1431 nicari
557 1410 621 1432 non
642 1401 764 1444 possint
785 1412 841 1444 per
867 1401 976 1434 literas
996 1402 1188 1445 apostolicas

435 1462 498 1485 non
520 1452 672 1486 facientes
692 1454 820 1497 plenam
842 1460 872 1487 et
887 1465 1068 1498 expressam
1093 1465 1128 1487 ae
1150 1455 1187 1487 de

434 1505 530 1539 verbo
561 1507 600 1540 ad
628 1508 761 1541 verbum
789 1508 827 1541 de
849 1508 973 1541 indulto
1002 1508 1186 1541 huiusmodi

434 1560 643 1594 mentionem.

478 1615 565 1659 §⁶25
589 1615 628 1649 Ut
656 1620 763 1649 autem
797 1621 982 1660 praesentes
1012 1615 1122 1649 literae
1148 1616 1186 1649 ad

434 1669 580 1703 omnium
610 1669 755 1703 notitiam
776 1669 991 1709 deducantur,
1014 1669 1187 1714 nullusque

434 1724 562 1757 illarum
593 1723 806 1767 ignorantiam
834 1724 1045 1768 praetendere
1065 1725 1184 1761 valeat,

433 1778 582 1811 volumus
608 1783 638 1811 et
666 1778 857 1811 mandamus
885 1777 954 1810 illas
985 1777 1016 1810 in
1043 1778 1186 1811 eiusdem

434 1832 614 1866 audientiae
639 1832 749 1865 Palatii
775 1832 875 1865 nostri
905 1843 942 1865 ae
970 1831 1186 1865 Cancellariae

433 1882 634 1926 Apostolicae
661 1882 757 1914 valvis
784 1888 813 1914 et
840 1881 907 1914 acie
928 1881 1038 1924 Campi
1061 1882 1183 1921 Florae,

434 1942 492 1974 per
506 1931 631 1975 aliquos
650 1942 687 1964 ex
703 1931 889 1964 cursoribus
905 1930 1031 1970 nostris,
1047 1931 1144 1973 astigi,
1157 1936 1185 1963 et

434 1990 492 2022 per
511 1980 641 2023 aliquod
662 1980 818 2024 temporis
834 1979 986 2023 spatium,
1004 1979 1115 2012 relicta
1131 1979 1187 2011 ibi-

433 2028 504 2061 dem
522 2039 633 2063 earum
651 2029 744 2072 copia
759 2028 863 2068 affixa,
877 2028 1185 2067 detineri,etexinde

433 2087 545 2111 omnes
570 2084 600 2111 et
624 2078 787 2121 singulos,
810 2088 950 2121 quorum
978 2077 1108 2111 interest
1138 2078 1185 2110 vel

433 2126 586 2161 interesse
616 2127 734 2171 poterit
767 2126 1009 2170 quomodolibet
1037 2127 1068 2159 in
1098 2127 1184 2160 sutu-

433 2187 516 2217 rum,
537 2177 683 2217 afficere,
711 2188 747 2210 ac
768 2176 793 2210 si
814 2176 859 2210 eis
879 2175 1090 2220 personaliter
1110 2175 1184 2209 inti-

432 2232 535 2259 matae
556 2226 672 2259 forent.

474 2275 560 2308 Nulli
581 2286 657 2319 ergo
677 2280 734 2309 etc.

475 2324 588 2358 Datum
614 2325 733 2358 Romae
762 2325 848 2369 apud
869 2324 1022 2358 Sanctum
1053 2323 1182 2357 Petrum

432 2388 515 2411 anno
549 2378 780 2412 Incarnatiouis
801 2378 982 2414 dominicae
1012 2377 1183 2410 millesimo

432 2426 689 2470 quingentesimo
710 2428 905 2471 sexagesimo
928 2427 1071 2470 prim01,
1095 2432 1182 2459 sexto

430 2476 582 2510 kalendas
602 2477 749 2518 ianuarii,
771 2477 976 2521 pontificatus
1006 2476 1105 2510 nostri
1125 2487 1182 2509 an-

431 2537 473 2559 no
494 2537 538 2559 111.

473 2578 496 2617 †
520 2575 586 2608 Eoo
606 2575 691 2616 P1Us,
718 2575 895 2609 catholicae
931 2575 1092 2608 Ecclesiae
1114 2574 1182 2619 epi-

430 2634 559 2668 scopus.

466 2678 477 2704 1
499 2677 528 2706 P.
549 2677 698 2706 Matthaeus
715 2678 775 2714 legit
790 2680 904 2705 secundo
925 2677 963 2712 (n.
986 2678 1024 2712 τ),

1242 432 1385 465 Valtrini
1403 434 1557 477 mayister
1577 445 1739 468 cursorum
1754 435 1781 468 1.

1294 484 1355 515 Dat.
1373 486 1420 516 die
1435 486 1472 516 027
1491 487 1554 517 dec.
1574 488 1659 525 1561,
1678 489 1780 529 pontis.
1802 498 1847 520 an.
1866 497 1908 519 111.

1578 641 1636 674 LV.

1236 712 1449 757 Confirmatio
1469 716 1610 749 militiae
1631 716 1765 750 Ordinis
1783 717 1900 752 Sancti
1912 718 1984 752 Ste-

1274 767 1382 810 phani
1406 779 1424 801 a
1447 768 1558 802 Cosmo
1582 769 1733 811 Medices,
1752 772 1937 806 Florentiae
1956 777 1984 805 et

1276 820 1438 855 Senarum
1457 823 1543 863 duce,
1561 823 1597 856 de
1621 824 1754 858 licentia
1775 826 1870 858 lucius
1894 826 1984 859 Pon-

1278 876 1374 919 tifieis
1394 877 1566 911 institutae
1581 878 1636 911 sub
1647 879 1767 922 Regula
1787 879 1903 913 Sancti
1921 880 1982 913 Be-

1276 930 1413 970 nedicti,
1446 942 1516 964 cum
1550 933 1788 976 exemptionum
1819 937 1848 967 et
1872 933 1985 967 indul-

1278 987 1382 1016 torum
1402 986 1612 1019 concessione.

1318 1065 1380 1094 Pius
1399 1067 1540 1102 episcopus
1559 1073 1654 1095 servus
1673 1073 1813 1096 servorum
1836 1067 1892 1101 Dei,

1371 1116 1404 1144 ad
1426 1117 1589 1151 perpetuam
1613 1116 1654 1144 rei
1677 1117 1844 1145 memoriam.

1275 1185 1348 1226 His,
1372 1197 1455 1229 quae
1480 1198 1539 1230 pro
1564 1187 1730 1230 religionis
1751 1187 1983 1232 propagatione

1231 1245 1259 1272 et
1280 1239 1354 1272 fidei
1375 1240 1552 1274 catholicae
1573 1241 1759 1274 defensione
1792 1252 1828 1275 ac
1858 1242 1981 1276 anima-

1231 1304 1303 1326 rum
1329 1294 1429 1327 salute
1453 1295 1584 1337 provide
1604 1295 1687 1327 sacta
1703 1306 1770 1329 esse
1786 1301 1980 1338 noscuntur,

1231 1353 1263 1380 ut
1294 1347 1387 1380 firma
1416 1354 1573 1391 perpetuo
1594 1354 1624 1381 et
1643 1348 1764 1381 illibata
1788 1349 1981 1393 persistant,

1231 1401 1368 1434 libenter
1383 1402 1550 1446 apostolici
1572 1401 1761 1435 muniminis
1781 1402 1883 1436 robur
1901 1403 1982 1436 adii-

1231 1454 1345 1494 cimus,
1368 1466 1404 1488 ae
1425 1455 1478 1488 illa
1498 1455 1537 1488 de
1557 1466 1638 1489 novo
1659 1454 1869 1489 concedimus
1886 1461 1917 1489 et
1931 1456 1984 1490 de-

1231 1519 1328 1552 super
1361 1508 1580 1552 disponimus,
1617 1514 1713 1552 prout
1746 1509 1982 1543 catholicorum

1231 1562 1414 1607 principum
1441 1561 1533 1595 nobis
1558 1567 1589 1595 et
1611 1562 1812 1606 Apostolieae
1832 1562 1905 1596 Sedi
1925 1563 1982 1597 de-

1230 1622 1377 1650 votorum
1398 1616 1448 1660 pia
1470 1622 1540 1650 vota
1561 1622 1749 1660 exposcunt,
1772 1622 1803 1650 et
1822 1616 1854 1650 id
1874 1617 1906 1650 in
1921 1617 1981 1651 Do-

1231 1670 1317 1703 mino
1338 1669 1557 1714 conspicimus
1577 1670 1751 1703 salubriter
1770 1670 1932 1715 expedire.

1273 1725 1288 1767 §
1307 1724 1338 1757 «1.
1361 1724 1487 1757 Dudum
1505 1723 1675 1768 siquidem,
1692 1734 1751 1768 pro
1767 1729 1857 1768 parte
1872 1723 1980 1758 dilecti

1230 1777 1286 1810 filii
1313 1777 1429 1811 nobilis
1458 1777 1515 1810 riri
1540 1776 1645 1810 Cosmi
1670 1777 1817 1818 Medices,
1846 1777 1979 1812 Floren-

1230 1832 1290 1865 tiae
1324 1838 1354 1865 et
1387 1832 1544 1865 Seuarum
1578 1831 1681 1872 ducis,
1712 1831 1804 1865 nobis
1837 1831 1979 1876 exposito

1229 1886 1315 1930 quod
1343 1886 1422 1930 ipse,
1445 1886 1483 1919 ad
1503 1885 1556 1918 Dei
1587 1885 1715 1918 laudem
1737 1891 1768 1918 et
1786 1886 1922 1929 gloriam
1943 1897 1981 1920 ac

1230 1935 1302 1968 tidei
1337 1935 1513 1969 catholicae
1548 1934 1789 1975 defensionem,
1817 1935 1979 1980 marisque

1230 1983 1451 2017 Mediterranei
1484 1983 1523 2016 ab
1536 1983 1719 2016 infidelibus
1739 1983 1924 2025 tuitionem,
1942 1995 1980 2018 ac

1230 2033 1423 2078 posteritatis
1448 2043 1523 2066 suae
1549 2033 1646 2066 decus
1671 2038 1701 2066 et
1721 2033 1898 2075 honorem,
1921 2043 1979 2067 cu·

1229 2083 1335 2126 piebat
1363 2093 1461 2116 unam
1487 2081 1650 2123 militiam,
1671 2082 1730 2116 sub
1751 2087 1838 2115 certo
1858 2093 1979 2127 appro-

1228 2131 1300 2165 bato
1321 2131 1438 2165 Ordine
1460 2142 1517 2175 per
1537 2142 1610 2164 eum
1632 2131 1790 2175 eligendo,
1812 2142 1887 2165 cum
1905 2131 1978 2165 dote

1228 2180 1435 2225 competenti,
1458 2191 1494 2213 ex
1528 2181 1594 2214 suis
1623 2180 1763 2225 propriis
1787 2180 1879 2214 bonis
1898 2180 1977 2214 assi-

1227 2230 1364 2272 gnanda,
1387 2240 1530 2274 pro-uno
1555 2230 1707 2273 magistro
1728 2235 1900 2274 ceteroque
1920 2229 1978 2263 mi-

1227 2278 1320 2312 litum
1353 2290 1511 2320 numero,
1534 2279 1572 2312 ad
1594 2279 1730 2313 aliarum
1760 2279 1793 2312 in
1817 2278 1978 2324 Hispaniis

1225 2329 1272 2362 vel
1298 2329 1372 2362 alibi
1399 2329 1458 2362 rite
1479 2329 1697 2362 institutarum
1719 2327 1906 2362 militiarum
1927 2328 1977 2361 in-

1227 2383 1302 2417 star,
1318 2379 1348 2411 in
1367 2379 1435 2411 eius
1451 2378 1594 2412 dominio
1611 2378 1733 2422 erigere
1749 2383 1779 2411 et
1795 2377 1974 2419 instituere,

1226 2427 1250 2459 si
1272 2427 1331 2460 sibi
1364 2428 1403 2460 ad
1438 2427 1468 2461 id
1502 2434 1609 2461 nostra
1631 2434 1661 2461 et
1685 2427 1775 2461 Sedis
1795 2426 1977 2471 praedictae

1226 2476 1355 2509 licentia
1369 2477 1610 2521 suffragaretur.
1629 2477 1692 2511 Nos
1702 2476 1845 2520 praefato
1860 2476 1976 2510 Cosmo

1225 2526 1311 2566 duci,
1326 2532 1371 2567 ut,
1386 2527 1424 2559 ad
1437 2526 1491 2559 Dei
1508 2527 1665 2560 honorem
1687 2531 1717 2559 et
1736 2526 1872 2568 gloriam
1882 2525 1977 2559 alios-

1225 2585 1287 2616 que
1300 2575 1432 2608 effectus
1449 2576 1654 2620 praemissos,
1677 2574 1709 2607 in
1726 2574 1812 2607 dicto
1831 2574 1975 2608 dominio

1225 2630 1255 2656 et
1275 2624 1346 2657 loco
1367 2636 1403 2658 ae
1423 2625 1500 2658 aede
1521 2635 1610 2658 sacra
1630 2624 1689 2657 sibi
1705 2624 1862 2658 benevisis
1876 2634 1976 2658 unam

1262 2679 1273 2705 1
1291 2677 1364 2713 Quas
1379 2678 1467 2706 omisit
1483 2678 1669 2714 Cocquelinius
1688 2678 1725 2714 (n.
1747 2678 1797 2714 T.)-

2001 273 2052 301 Αιι.
2066 273 2097 302 C.
2116 273 2185 304 ¹⁸62

2033 1197 2151 1220 Exci-dtu.

2009 1730 2095 1752 Cosmus
2109 1730 2178 1753 Medi-

1995 1768 2040 1788 cas,
2055 1762 2137 1784 Floren.
2158 1766 2181 1784 et

1995 1793 2096 1815 Sensi-um
2104 1794 2151 1819 dux,
2158 1792 2183 1814 li—

1995 1825 2086 1846 centiam
2102 1831 2112 1845 a
2128 1823 2181 1845 Pon·

1995 1857 2051 1877 unce
2088 1855 2179 1877 obtinuit

1995 1887 2119 1908 insumendi
2140 1887 2181 1907 mi-

1994 1919 2071 1944 titiam,
2086 1920 2108 1939 ut
2122 1917 2166 1945 Μος
