2237 3100
56 306 106 333 An.
122 303 152 331 C.
170 302 234 331 ¹56¹

252 354 312 388 sub
342 353 463 386 annulo
497 351 683 393 Piscatoris,
709 352 759 385 die
794 351 1006 385 decimasexta

252 407 381 451 aprilis,
405 405 576 439 millesimo
596 406 856 450 quingentesimo
878 416 1006 448 sexage-

253 461 333 495 simo
354 460 472 504 primo,
495 460 702 503 pontificatus
722 460 822 493 nostri
844 471 928 493 anno
948 470 981 493 11.

291 518 352 548 Dat.
368 518 415 548 die
428 518 465 548 15
478 518 581 557 aprilis
602 518 692 554 1561,
709 518 810 556 pontif.
838 528 914 547 anno
938 527 967 547 11.

589 663 662 696 XLI.

249 742 435 786 Applicatz‘o
441 740 644 774 Reverendcte
653 739 807 772 Gamerae
818 740 1008 783 Apostoliew

295 795 441 829 omnium
451 794 616 836 fructuum
629 794 855 836 beneficiorum
881 793 1006 833 Italiae,

293 849 369 882 Sedi
387 848 588 891 Apostoliecce
615 851 851 880 resemetornm
877 858 929 880 seu
959 849 1008 890 as—

293 903 460 945 seecoram,
479 913 539 945 pro
557 906 695 945 tempore
714 911 773 944 quo
794 900 890 933 aliter
910 894 1007 944 quain

290 966 348 999 per
367 966 488 989 cessum
509 956 579 998 ipsa
603 955 758 996 beneficia
781 954 980 987 vaccwerint.

303 1036 366 1065 Pius
382 1037 454 1072 Papa
474 1036 516 1068 tv.
539 1036 573 1064 ad
594 1035 716 1064 futuram
730 1034 771 1062 rei
785 1033 953 1062 memoriam.

294 1106 467 1151 Cupientes
501 1104 630 1138 malitiis
662 1105 898 1140 nonnullorum
912 1131 919 1144 ,
951 1105 1006 1148 qui

73 1177 152 1200 omae
174 1177 235 1198 huius
250 1161 282 1194 in
303 1160 505 1205 possessione
526 1157 799 1192 monasteriorum
817 1163 847 1191 et
867 1157 1006 1191 aliorum

55 1209 208 1237 ⁸⁹⁹¹³⁰³²¹⁰¹¹³⁵·
249 1213 483 1247 beneficiorum
496 1210 788 1245 ecelesiasticorum
804 1210 1006 1255 dispositioni

250 1266 445 1312 apostolicae
461 1270 698 1299 reservatorum
717 1275 776 1309 pro
792 1270 937 1308 tempore
953 1277 1005 1298 va-

251 1320 412 1360 cantium,
435 1318 502 1352 sine
527 1319 611 1352 iusto
632 1318 725 1351 titulo
751 1330 787 1351 ac
814 1318 880 1352 sine
906 1319 1007 1352 literis

251 1373 445 1418 apostolicis,
481 1377 517 1405 ut
544 1372 676 1405 illorum
702 1372 846 1414 fructus,
870 1373 1007 1406 durante

250 1427 414 1461 vacatione
434 1426 634 1466 huiusmodi,
655 1431 825 1470 usurpent,
848 1438 881 1459 se
902 1427 1006 1460 intru-

250 1481 325 1515 dere
341 1491 406 1514 non
421 1484 586 1520 verentur,
604 1490 790 1517 occurrere,
808 1485 839 1513 et
853 1480 1007 1515 Gamerae

250 1540 378 1569 nostrae
399 1534 601 1578 Apostolicae
635 1534 829 1577 gravissimis
853 1535 1007 1569 oneribus

249 1589 282 1622 in
317 1589 425 1633 aliqua
458 1592 548 1632 parte
588 1588 791 1621 sublevandis
804 1616 811 1629 ,
848 1595 1006 1632 quantum

250 1653 325 1676 cum
340 1643 404 1676 Deo
421 1653 605 1686 possumus,
618 1642 801 1681 consulere,
824 1648 913 1676 motu
931 1655 1005 1688 pro-

249 1696 321 1741 prio
351 1701 381 1730 et
414 1707 451 1729 ex
481 1701 567 1730 certa
598 1701 707 1729 nostra
727 1696 861 1729 scientia
881 1708 918 1730 ac
938 1709 1006 1730 ma-

248 1755 322 1784 tura
342 1750 575 1784 deliberatione
596 1750 725 1791 nostris,
749 1751 853 1795 deque
879 1756 1006 1795 aposto-

249 1805 330 1840 lieae
351 1804 517 1850 potestatis
537 1804 749 1849 plenitudine.
854 1847 858 1850 ²

293 1860 308 1904 ξ
327 1859 359 1892 ’1.
383 1858 500 1892 Omnes
521 1863 551 1891 et
571 1858 714 1902 singulos
738 1860 876 1900 fructus,
900 1860 1006 1893 reddi-

76 1929 195 1957 Appium
210 1928 235 1952 11,
251 1919 300 1948 1115
325 1919 356 1947 et
374 1918 561 1958 proventus
585 1924 622 1946 ac
643 1913 726 1954 iura,
749 1913 958 1947 obventiones
978 1919 1008 1947 et

49 1959 236 2013 ffiss’gunsspffifflj
250 1969 470 2002 emolumenta
489 1978 735 2012 quaecumque,
764 1968 1007 2011 quomodolibet

50 2023 159 2075 {⁶³⁰fflm„
187 2022 235 2044 ⁵⁸³⁵
251 2030 281 2059 et
313 2024 595 2069 qualitercumque
631 2031 831 2068 nuncupata,
859 2026 1005 2059 omnium

69 2053 189 2081 posiotitae
205 2060 237 2075 re-

50 2088 182 2138 ζὲῐονῦῖζῗᾙῠ
198 2091 236 2138 Ἣ
252 2087 282 2116 01
302 2082 505 2125 singulorum
522 2081 807 2118 monasteriorum,
826 2081 921 2114 etiam
933 2092 1007 2115 con-

50 2147 112 2169 ltalia
127 2154 139 2168 a
155 2149 236 2169 aava-
251 2135 472 2175 sistorialium‚
495 2140 524 2168 et
549 2135 783 2168 beneficiorum
813 2136 1005 2169 eeclesiasti-

50 2180 144 2233 ssui’ssif,
162 2185 236 2238 ,i'ssqv'iff
250 2201 377 2231 corum,
399 2200 473 2223 cum
494 2200 573 2222 cura
593 2195 624 2222 et
649 2190 718 2222 51110
739 2200 817 2222 cura
832 2216 839 2229 ‚
862 2191 1005 2223 saecula-

51 2242 124 2269 ⁶³⁰¹¹⁵⁸¹
140 2245 177 2264 ‘¹⁰‘
250 2245 335 2278 rium
356 2249 387 2277 01
406 2243 594 2288 quorumvis
614 2243 770 2277 Ordinum
792 2236 1003 2287 regularium,

249 2299 342 2333 nobis
372 2304 402 2332 et
431 2298 502 2332 Sed}
524 2298 726 2343 Apostolicae
740 2325 747 2338 ,
770 2303 834 2330 tam
857 2310 913 2343 per
933 2310 1006 2332 0011-

250 2353 432 2388 5111111101105
457 2351 650 2396 apostolicas
670 2363 766 2396 quam
789 2352 1005 2387 Caneellariae

249 2407 451 2453 Apostolicae
472 2407 600 2450 regulas
617 2406 716 2439 editas
734 2412 762 2439 et
778 2407 929 2445 edendas,
949 2419 1005 2441 seu

250 2458 328 2492 alias
357 2456 602 2502 quomodolibet
636 2461 666 2489 et
700 2467 735 2488 ex
760 2456 869 2499 quavis
888 2460 1003 2498 causa,

250 2507 445 2551 generaliter
476 2507 525 2539 vel
555 2505 736 2550 specialiter
769 2512 1005 2540 reservatorum

251 2567 307 2591 seu
327 2557 521 2591 affectorum
537 2555 570 2588 in
591 2555 736 2599 partibus
752 2555 871 2596 Italiae,
889 2555 922 2588 in
938 2556 1007 2599 qui-

250 2607 311 2639 bus
335 2606 524 2640 collectores
558 2611 588 2638 01
615 2605 866 2638 subcollectores
886 2605 1005 2650 spolio-

252 2667 325 2690 rum
347 2661 377 2689 et
396 2655 518 2688 iurium
539 2654 690 2688 Gamerae
706 2655 908 2698 Apostolicae
925 2666 1006 2700 prae-

252 2705 356 2740 dictae
377 2716 445 2740 esse
465 2709 717 2747 consueverunt,
739 2715 776 2739 ac
797 2715 909 2740 earum
930 2706 1010 2756 civi-⁴

931 298 998 323 PIUS
1017 298 1048 322 TV
1067 295 1114 319 PP-

1692 280 1755 317 127

1051 348 1167 381 tatibus
1187 351 1215 378 et
1237 345 1439 378 dioecesibus
1464 344 1721 385 consistentium,
1745 354 1802 387 per

1050 401 1172 436 obitum
1185 405 1215 432 et
1226 399 1304 432 alias
1320 398 1431 442 quovis
1447 397 1556 437 modo,
1576 402 1801 441 praeterquam

1052 467 1108 499 per
1128 464 1253 487 cessum
1270 453 1324 485 illa
1341 451 1569 489 obtinentium,
1586 462 1645 494 pro
1658 456 1803 495 tempore

1050 508 1243 547 vacantium,
1261 518 1278 539 a
1298 506 1349 538 die
1365 506 1510 548 ipsorum
1532 505 1802 538 monasteriorum

1051 569 1076 595 01
1100 561 1335 595 beneficiorum
1355 558 1529 592 vacationis
1550 569 1609 602 pro
1630 564 1698 591 rata
1722 564 1802 593 tem-

1051 616 1138 659 poris
1154 626 1255 659 usque
1272 614 1310 647 ad
1326 613 1411 646 diem
1432 611 1622 656 provisionis
1642 623 1698 645 seu
1714 623 1804 646 com-

1052 669 1185 702 mendac
1206 669 1244 701 de
1265 667 1385 700 eisdem
1405 665 1572 699 beneficiis
1592 670 1622 699 et
1642 672 1804 700 monaste-

1051 723 1106 755 riis
1126 734 1183 766 per
1204 733 1262 754 nos
1282 720 1459 759 faciendae,
1481 721 1519 753 de
1536 731 1599 763 qua
1621 731 1679 764 per
1698 720 1806 754 literas

1050 782 1175 809 nostras
1196 776 1255 808 sub
1277 774 1410 818 plumbo
1423 778 1453 806 et
1469 784 1533 806 non
1554 773 1647 807 aliter
1658 780 1806 808 constare

1050 830 1166 862 debere
1187 829 1354 864 volumus,
1376 827 1479 860 eidem
1506 826 1670 867 Gamerae,
1693 834 1805 862 aucto-

1050 880 1141 911 ritate
1163 877 1351 922 apostolica,
1377 882 1487 909 tenore
1508 877 1806 920 praesentium‚re-

1050 939 1233 965 servamus,
1257 927 1477 971 applicamus,
1501 927 1748 971 incorporamus
1777 934 1808 962 et

1049 978 1289 1022 approbamus,
1310 977 1428 1019 illaque
1449 977 1477 1009 ei
1498 984 1677 1017 reservata,
1701 978 1805 1022 appli-

1050 1033 1138 1067 cata,
1158 1028 1365 1070 incorporata
1395 1031 1422 1058 et
1454 1026 1663 1070 appropriata
1688 1038 1755 1060 esse
1777 1033 1804 1060 et

1049 1078 1128 1118 sore,
1153 1082 1183 1109 et
1203 1076 1241 1108 ad
1263 1075 1349 1108 illam
1371 1080 1516 1119 spectare
1537 1080 1568 1107 01
1592 1076 1766 1119 pertinere.

1094 1128 1108 1167 ,ξ
1128 1126 1159 1158 2.
1182 1125 1394 1167 Nullumque,
1415 1129 1542 1167 praeter
1558 1135 1616 1157 nos
1637 1130 1667 1157 01
1687 1125 1804 1158 dictam
1830 1143 1926 1165 facum
1941 1143 2005 1164 ηομ..

1048 1176 1216 1209 Cameram
1246 1180 1299 1207 aut
1335 1174 1489 1207 dilectum
1516 1174 1619 1206 filium
1644 1174 1804 1208 Donatum
1821 1176 1886 1220 '³5¹3‘ss
1908 1176 2005 1201 ‘figendi

1049 1225 1243 1257 Matthaeum
1264 1223 1413 1255 Minalem
1435 1234 1470 1255 ac
1491 1233 1549 1267 pro
1575 1228 1721 1266 tempore
1739 1224 1804 1256 exi-
1821 1210 1889 1229 dm*
1904 1208 1991 1230 “⁰⁶²¹’‘

1050 1278 1185 1307 stentem
1206 1272 1446 1305 thesaurarium
1464 1278 1610 1305 nostrum
1631 1284 1668 1306 ae
1689 1274 1806 1317 spolio-

1050 1333 1122 1355 rum
1144 1327 1175 1355 et
1194 1321 1332 1354 aliorum
1368 1321 1489 1354 iurium
1520 1321 1623 1365 ipsius
1653 1321 1805 1355 Gamerae

1050 1372 1258 1404 collectorem
1280 1371 1465 1413 generalem
1485 1371 1532 1403 vel
1554 1370 1623 1403 eius
1643 1371 1806 1405 5111100110-

1049 1426 1166 1461 ctores,
1189 1431 1225 1453 ea
1256 1420 1436 1464 percipere,
1459 1419 1585 1462 exigere
1615 1424 1643 1452 et
1669 1430 1806 1464 recupe-

1049 1480 1121 1501 rare
1156 1473 1208 1501 aut
1245 1468 1322 1501 alias
1355 1479 1387 1501 se
1422 1468 1454 1500 in
1489 1468 1552 1501 illis
1591 1468 1807 1503 intromittere

1050 1528 1142 1562 posse
1177 1522 1231 1550 aut
1265 1517 1382 1550 debere
1396 1544 1403 1557 ,
1441 1523 1552 1550 1011010
1586 1518 1805 1562 praesentium

1050 1567 1220 1600 statuimus
1241 1571 1271 1600 et
1292 1566 1493 1599 ordinamus.

1093 1618 1107 1659 ᾗ
1127 1616 1157 1649 3.
1181 1616 1218 1648 Et
1238 1615 1464 1656 nihilominus,
1490 1626 1531 1649 ne
1552 1616 1806 1661 aliquod'impe-
1836 1635 1934 1657 mmm
1954 1641 2008 1657 con-

1049 1665 1228 1699 dimentum
1258 1665 1334 1698 huie
1364 1670 1492 1698 nostrae
1521 1666 1716 1699 ordinationi
1751 1667 2006 1709 oc-¹¹⁸³¹³⁰⁵¹¹i⁰⁶,0-

1049 1721 1177 1757 currat,
1199 1715 1364 1759 quibusvis
1384 1714 1656 1759 archiepiscopis,
1680 1716 1806 1759 episco-
1821 1704 1923 1751 iiiiifimse
1940 1702 2005 1719 '⁵²¹⁰‘

1049 1764 1098 1808 pis
1118 1769 1148 1797 et
1168 1765 1238 1797 aliis
1258 1765 1406 1798 locorum
1432 1764 1616 1805 ordinariis,
1638 1765 1670 1798 in
1690 1766 1806 1799 virtute

1049 1818 1177 1847 sanctae
1198 1814 1399 1847 obedientiae
1434 1826 1470 1847 ac
1500 1815 1559 1847 sub
1585 1816 1807 1859 suspensionis

1048 1874 1066 1896 a
1086 1863 1201 1897 divinis
1221 1870 1248 1897 01
1272 1864 1432 1898 interdicti
1450 1865 1613 1907 ingressus
1637 1866 1805 1907 ecclesiae,

1048 1914 1155 1956 quoad
1166 1915 1427 1959 archiepiscopos
1439 1920 1469 1947 et
1488 1914 1657 1959 episcopos
1671 1927 1678 1953 ·,
1700 1918 1805 1959 quoad

1048 1974 1122 1996 vero
1143 1965 1222 1997 alios
1250 1965 1418 1998 inferiores
1446 1965 1476 2005 Ι,
1499 1965 1595 1997 etiam
1625 1965 1683 1997 sub
1704 1966 1807 2009 priva-

1048 2016 1144 2049 tionis
1178 2016 1338 2049 facultatis
1374 2015 1559 2048 conserendi
1595 2016 1752 2049 beneficia
1773 2016 1806 2050 in

1048 2077 1160 2099 eorum
1198 2066 1363 2099 mensibus
1398 2077 1455 2110 pro
1492 2071 1637 2110 tempore
1661 2067 1806 2100 vacantia

1049 2118 1173 2162 poenis,
1189 2116 1331 2150 districte
1350 2116 1566 2160 praecipimus
1579 2121 1609 2149 et
1622 2116 1806 2151 inhibemus

1048 2179 1087 2201 ne
1099 2168 1257 2201 beneficia
1272 2166 1472 2212 dispositioni
1493 2166 1689 2210 apostolicae
1702 2180 1803 2203 reser-

1047 2224 1117 2251 vata
1128 2229 1184 2251 seu
1196 2219 1310 2251 affecta
1324 2217 1487 2262 praedicta,
1502 2217 1614 2260 quovis
1627 2224 1804 2261 praetextu,

1049 2279 1142 2301 causa
1165 2273 1220 2301 aut
1239 2268 1384 2311 quaesito
1406 2267 1526 2307 colore,
1551 2267 1703 2311 cuiquam
1725 2280 1803 2302 con-

1048 2319 1131 2351 ferre
1153 2329 1208 2351 seu
1235 2319 1272 2351 dc
1298 2318 1360 2350 illis
1394 2317 1562 2362 providere
1591 2323 1645 2350 aut,
1678 2318 1711 2350 111
1741 2319 1803 2352 illis·

1048 2368 1094 2400 vel
1125 2378 1239 2400 eorum
1271 2367 1470 2411 possessione
1498 2378 1565 2400 sese
1591 2367 1802 2402 intromittere

1047 2417 1278 2461 quoquomodo
1303 2417 1441 2450 audeant
1462 2417 1509 2450 vel
1531 2423 1750 2461 praesumant.

1091 2466 1156 2510 §.42
1190 2466 1305 2510 Sieque
1336 2466 1368 2499 in
1398 2466 1583 2510 praemissis
1603 2468 1754 2500 omnibus
1774 2474 1805 2501 et
1844 2488 2001 2511 clausulasuh-

1048 2516 1182 2560 singulis
1202 2528 1261 2560 per
1281 2526 1515 2560 quoscumque,
1532 2516 1643 2559 quavis
1663 2517 1803 2550 auctori·
1817 2520 1859 2541 ¹³¹⁸
1874 2523 1911 2541 “r-

1049 2570 1110 2598 tate
1135 2566 1325 2607 fungentes,
1350 2565 1489 2605 iudices,
1512 2565 1751 2599 connnissarios
1772 2571 1802 2599 et

1817 290 1867 316 An.
1884 290 1914 317 C.
1933 289 1996 317 ¹561

1085 2634 1094 2659 l
1119 2633 1210 2659 Malui.
1233 2637 1259 2659 et
1278 2633 1393 2660 Cherub.
1418 2633 1523 2668 legunt:
1545 2633 1695 2667 inferiores,
1723 2637 1801 2660 elium

1047 2674 1093 2699 sub
1113 2675 1395 2699 excommunicationis
1414 2677 1438 2699 el
1458 2676 1518 2700 aliis
1539 2676 1652 2701 arbitrii
1668 2677 1764 2706 nostri,
1776 2678 1800 2701 el

1047 2716 1133 2747 quoad
1154 2723 1242 2740 onmes
1262 2716 1309 2740 sub
1328 2716 1488 2748 privationis
1508 2717 1559 2742 etc.
1579 2714 1614 2749 (11.
1633 2713 1682 2749 1.).
