2237 3100
215 204 265 230 Αη.
278 203 307 231 C.
332 202 398 231 1569
458 202 522 237 788

1013 211 1194 236 BULLARIUM
1217 212 1370 237 ROMANUM

1979 215 2029 241 An.
2047 215 2076 242 C.
2096 213 2163 242 ¹569

413 265 556 298 veritatis
577 264 770 308 perhibendi
792 270 905 297 contra
926 265 1068 296 occultas
1094 274 1167 307 per·
1207 270 1332 297 tantum
1359 264 1490 298 innixus
1502 265 1614 298 haeret
1634 265 1680 298 illi
1700 265 1793 299 dolor
1813 266 1852 299 de
1872 276 1963 310 prae-
1999 275 2110 296 Exordium
2125 276 2164 296 ‹ie-

414 329 509 352 sonas
531 317 564 350 in
584 318 687 351 forma
706 317 927 361 Siquificavd,
941 317 1039 349 etiam
1060 317 1165 360 priva·
1201 317 1405 351 «aricatione
1430 318 1665 351 nonnullarum
1679 345 1686 359 ,

414 372 475 405 tire
504 372 612 415 quoad
640 380 769 410 omnes,
807 370 924 413 quibus
944 370 977 403 id
1004 371 1166 415 (excepto

414 426 580 458 dumtaxat
600 429 710 457 nostro
730 423 763 455 in
792 423 1017 466 spiritualibus
1045 424 1166 457 vicario

415 478 519 517 Urbis,
542 477 597 520 qui
619 477 652 509 in
673 475 757 509 Urbe
782 476 851 520 ipsa
863 482 894 510 et.
910 476 1077 510 suburbiis
1098 483 1167 510 tan-

414 538 481 564 tum
496 531 566 563 illas
584 529 736 574 expedire
752 530 866 573 possit)
887 530 1021 563 omnino
1039 531 1167 564 inhibe-

413 596 494 617 nius.
519 584 554 616 Et
576 594 630 616 eos
651 594 687 616 ac
707 583 804 616 etiam
826 584 983 624 notarios,
1010 584 1066 627 qui
1088 595 1165 618 con-

413 637 610 678 trafeccrint,
624 637 853 670 emolumentis
865 638 1016 671 omnibus
1031 649 1165 671 suorum

412 691 594 724 officiorum
606 701 665 734 per
676 700 798 723 annum
811 690 973 734 integrum
986 691 1163 735 privamus,

412 744 490 777 locis
510 744 574 788 piis
593 744 807 788 applicandis,
829 750 860 778 et
879 750 1048 788 praeterea
1069 746 1165 789 quin-

410 803 582 841 gentorum
603 797 796 831 ducatorum
819 798 888 830 auri
911 798 950 831 de
975 798 1109 832 Caniera
1130 810 1166 832 ac

411 851 483 883 aliis
503 851 617 894 poenis
638 851 820 884 arbitrariis
841 852 1029 885 afficiendos
1055 853 1166 886 decer-

411 905 531 938 nimus.
554 905 641 944 Quae
661 905 772 938 omnia
792 905 909 948 (donec
927 906 1022 939 aliter
1040 917 1166 950 pernes

412 963 467 991 aut
486 958 603 992 Sedem
614 958 835 1002 Apostolicam
847 960 1056 993 reformando
1068 960 1167 993 suerii

411 1012 638 1055 constitutum)
657 1012 792 1046 omnino
813 1014 961 1046 volumus
986 1013 1164 1053 observari,

411 1065 546 1109 reliquis
566 1066 730 1106 omnibus,
750 1066 783 1099 in
805 1067 1036 1101 reformatione
1057 1073 1166 1100 nostra

410 1129 508 1162 super
520 1119 582 1153 hoc
595 1119 682 1153 edita
693 1120 866 1161 contentis,
888 1121 982 1154 salvis
996 1131 1167 1154 remanen-

412 1173 509 1206 tibus:
534 1173 578 1206 ita
597 1178 706 1207 tamen
727 1174 815 1217 quod
836 1175 944 1207 nullus
965 1175 1048 1207 alius
1067 1185 1165 1218 quam

412 1226 598 1269 praedictus
626 1226 913 1260 vicecancellarius
943 1239 998 1261 seu
1029 1228 1098 1261 eius
1118 1229 1166 1261 lo-

412 1286 602 1313 cumtenens
614 1280 737 1314 litteras
748 1280 921 1325 praedictas
939 1281 978 1314 ad
991 1281 1166 1314 Bullariam

413 1334 632 1368 transmittere
652 1334 765 1378 possit.

456 1388 471 1431 ξ
491 1387 522 1420 2.
546 1386 697 1421 Ceterum
725 1388 874 1421 volumus
900 1389 1002 1422 solam
1025 1388 1168 1432 signatu-

238 1450 397 1485 sonqsignaiu-
411 1452 480 1474 ram
502 1441 729 1486 praesentibus
749 1442 909 1483 sufficere,
937 1447 1034 1486 atque
1055 1442 1088 1475 in
1120 1442 1169 1476 iu-

214 1488 235 1502 m
252 1483 335 1503 ⁵¹¹¹¹¹⁰¹¹⁴
411 1495 498 1528 dicio
518 1501 547 1529 et
569 1501 658 1529 extra
678 1496 775 1530 fidem
797 1496 914 1529 facere.

456 1546 470 1587 ᾗ
506 1544 537 1578 3.
577 1545 708 1589 Regulis
744 1546 862 1578 nostris
898 1546 930 1577 in
966 1545 1168 1579 contrarium

238 1602 348 1638 causaue
363 1604 398 1625 de*
413 1594 521 1634 editis,
544 1599 575 1628 et
595 1595 635 1627 de
656 1605 721 1627 non
741 1594 886 1628 tollendo
916 1594 986 1628 iure
1022 1594 1169 1638 quaesito

214 1637 342 1660 ‘⁰⁸³¹⁰¹'⁸e‘
413 1648 444 1674 et
464 1642 535 1675 aliis
557 1643 845 1677 constitutionibus
863 1650 893 1677 ct
905 1644 1169 1677 ordinationibus

414 1692 600 1733 apostolicis
621 1698 652 1725 et
674 1692 707 1725 in
738 1693 972 1726 reformatione
1002 1694 1169 1737 praedicta

414 1740 587 1781 contentis,
620 1741 717 1773 etiam
738 1742 913 1785 specialem
931 1748 961 1775 ct
984 1754 1168 1786 expressam

414 1789 659 1833 derogationem
681 1796 711 1823 ct
732 1791 932 1824 mentionem
969 1792 1168 1835 requirenti-

412 1838 471 1871 bus
488 1866 495 1879 ,
532 1845 563 1872 et
600 1840 759 1873 clausulas
798 1840 1019 1884 ‹lerogatorias
1064 1841 1169 1874 conti-

413 1888 577 1928 nentibus,
601 1889 783 1932 ceterisque
817 1891 989 1923 contrariis
1020 1901 1084 1924 non
1110 1891 1168 1924 ob-

414 1936 574 1970 stantibus
595 1937 871 1981 quibuscumque.

588 1986 707 2020 Placet.
727 1987 813 2020 Motu
831 1987 975 2031 proprio,
992 1987 1030 2020 M.

722 2112 833 2146 CXLV.

409 2179 587 2222 Suppressa
603 2180 850 2223 conqreyatione
864 2180 997 2213 Ordinis
1007 2182 1040 2215 S.
1057 2183 1169 2217 Crucis

452 2229 569 2262 Fontis
588 2229 777 2270 Atellanae,
796 2230 899 2273 ipsius
919 2233 1121 2265 monasteria
1140 2238 1169 2267 ct

451 2277 519 2312 loca
547 2277 791 2312 Ctmzulclulensi
807 2281 1050 2322 couyrcyalioni
1071 2284 1168 2316 attri-

453 2327 522 2360 buc’t
548 2327 574 2359 1.

501 2390 563 2419 Pius
577 2390 720 2427 episcopus
742 2398 840 2420 servus
857 2398 996 2420 servorum
1015 2392 1072 2426 Det.

552 2441 586 2469 ad
602 2442 765 2477 perpetuam
784 2441 826 2470 ret
849 2442 1019 2471 memoriam.

454 2493 617 2533 Quantum
651 2495 780 2529 animus
813 2501 922 2529 noster
950 2496 1068 2539 gaudio
1093 2508 1167 2541 per-

410 2543 559 2576 funditur
579 2544 618 2576 de
642 2544 865 2588 Religionibus
889 2545 971 2579 bene
997 2545 1166 2588 institutis3

448 2606 459 2632 ¹
480 2605 575 2634 Annal.
593 2605 706 2639 Eccles„
725 2609 789 2636 tom.
808 2614 890 2641 xxm,
907 2615 966 2644 pag.
982 2608 1040 2636 ¹91.

1723 330 1805 363 quae
1835 330 1963 353 summo
1978 310 2081 358 {tang-tum
2103 312 2114 326 a
2133 312 2163 328 m

1207 371 1313 404 studio
1334 377 1360 404 ct
1384 372 1494 405 labore
1520 373 1559 404 ad
1585 372 1782 415 praesidium
1809 374 1885 406 fidei
1910 385 1963 407 ca·

1208 425 1347 473 thelicae
1389 425 1543 465 eductae,
1578 426 1662 458 mala
1696 425 1864 459 daemonis
1896 432 1965 460 arte

1208 485 1319 522 postea
1344 479 1546 512 defecerunt.

1251 533 1266 575 ξ
1292 532 1322 565 1.
1350 532 1419 572 Quo
1440 532 1473 565 in
1490 542 1627 565 numero
1648 532 1826 566 monachos
1851 543 1965 566 mona·
2006 543 2080 564 Narrat
2092 544 2166 580 vonn-

1207 585 1295 618 sterii
1322 590 1352 618 et
1372 585 1632 628 congregationis
1659 585 1690 619 S.
1719 585 1832 619 Crucis
1856 586 1967 620 Fontis
1981 575 2014 626 {1³2¹
2026 581 2078 627 {222⁹
2090 575 2167 627 {23:22²

1206 639 1388 679 Avellanae,
1407 639 1537 672 Ordinis
1550 639 1582 672 S.
1596 639 1774 681 Benedicti,
1787 639 1967 682 Eugubinae
1982 638 2167 693 iiiiiissdrle'iii—’in

1207 692 1377 733 dioecesis,
1402 692 1464 725 iani
1490 692 1614 736 pridem
1633 693 1875 736 conspicamur,
1902 704 1967 727 non
1982 702 2023 725 ret,

1207 746 1274 778 sine
1290 756 1438 780 moerore
1463 747 1680 790 expendentes
1694 752 1815 791 quanto
1827 747 1860 780 in
1880 747 1967 791 peri-

1207 799 1281 832 culo
1315 799 1348 832 hi
1377 804 1563 840 versentur,
1590 810 1754 844 quamque
1779 800 1967 843 longissime

1206 853 1360 886 aberrent
1374 864 1391 886 a
1402 852 1581 886 monastica
1594 853 1647 886 illa
1659 853 1846 898 disciplina,
1859 853 1893 886 in
1903 864 1968 898 qua

1207 906 1240 939 in
1267 917 1388 947 eremo,
1416 918 1434 940 a
1457 906 1650 940 venerabilis
1670 907 1848 941 memoriae
1873 907 1968 941 Petro

1206 959 1363 993 Damiano
1389 965 1476 994 tanta
1496 960 1573 993 olim
1599 960 1716 1004 pietate
1738 960 1896 1001 instituta,
1921 961 1967 994 fe-

1207 1012 1278 1046 licis
1294 1014 1531 1047 recordationis
1546 1015 1684 1047 Ioannes
1697 1014 1783 1058 Papa
1807 1015 1900 1056 XXII,
1927 1015 1968 1048 ad

1207 1068 1410 1101 fundendum
1436 1068 1607 1101 uberiores
1627 1068 1748 1111 fruges,
1770 1068 1810 1101 de
1831 1069 1968 1101 fratrum

1208 1132 1343 1154 suorum
1369 1121 1506 1155 consilio
1528 1127 1558 1155 et
1577 1121 1776 1166 apostolicae
1799 1122 1969 1166 potestatis

1208 1175 1429 1218 plenitudine,
1468 1175 1689 1208 commutavit.
1717 1175 1758 1208 Ut
1787 1186 1864 1209 vero
1896 1175 1969 1209 illos

1207 1239 1302 1271 vagos
1322 1233 1353 1261 et
1373 1228 1548 1262 dissolutos
1569 1229 1602 1261 in
1618 1228 1702 1261 viam
1724 1239 1857 1272 quoquo
1873 1233 1968 1272 pacto

1208 1281 1454 1322 reduceremus,
1477 1281 1618 1325 primum
1637 1292 1751 1314 eorum
1768 1281 1895 1315 animos
1910 1293 1970 1326 per

1208 1335 1364 1368 dilectum
1375 1334 1480 1368 filium
1494 1340 1641 1368 nostrum
1650 1335 1768 1369 Iulium
1781 1335 1827 1368 tit.
1839 1335 1871 1369 S.
1884 1335 1968 1369 Petri

1208 1389 1249 1421 ad
1269 1389 1403 1423 Vincula
1433 1389 1659 1433 presbyterum
1681 1388 1882 1422 cardinalem
1907 1389 1968 1422 Ur—

1209 1442 1288 1484 bini,
1315 1443 1473 1487 praedicti
1506 1442 1694 1476 monasterii
1724 1443 1967 1479 commendata-

1210 1496 1308 1538 rium,
1326 1496 1383 1540 qui
1395 1497 1527 1530 illorum
1543 1496 1781 1530 correctionem
1797 1496 1968 1530 vehemen-

1209 1555 1258 1583 ter
1293 1551 1485 1595 expetebat,
1524 1550 1739 1594 explorandos
1768 1550 1965 1591 curavimus,

1210 1614 1290 1637 num
1310 1604 1441 1637 tandein
1465 1603 1694 1647 resipiscentes
1718 1614 1755 1637 ex
1775 1603 1889 1637 mundi
1917 1604 1967 1637 in-

1209 1658 1350 1691 volucris
1370 1657 1403 1691 in
1428 1657 1509 1691 ovile
1534 1667 1594 1702 pro
1610 1657 1757 1690 instituto
1783 1658 1967 1699 convenire,

1211 1717 1241 1745 et
1266 1722 1365 1755 quam
1390 1711 1483 1745 decet
1506 1711 1601 1744 vitam
1627 1711 1660 1744 in
1686 1711 1827 1744 claustro
1853 1722 1965 1755 agere,

1210 1771 1241 1799 et
1258 1771 1392 1809 propter
1408 1765 1609 1798 inordinatos
1625 1764 1771 1808 ipsorum
1788 1765 1880 1805 ritus,
1896 1775 1969 1809 pro-

1210 1820 1326 1852 borum
1348 1819 1574 1862 religiosorum
1596 1818 1812 1852 moderationi
1836 1819 1968 1852 subesse

1210 1878 1442 1917 proponerent.
1457 1873 1518 1906 Sed
1530 1873 1570 1905 ad
1581 1873 1780 1906 excusandas
1790 1872 1968 1906 excusatio-

1209 1938 1266 1960 nes
1283 1927 1314 1959 in
1332 1927 1471 1970 pcccatis
1484 1926 1618 1970 quidam
1635 1936 1703 1959 sese
1719 1926 1875 1969 Regulam
1891 1937 1966 1960 curn

1210 1992 1259 2021 ea,
1287 1991 1384 2024 quam
1409 1990 1497 2013 nunc
1522 1980 1642 2013 habere
1666 1980 1792 2020 dicunt,
1818 1980 1966 2014 libertate

1209 2035 1371 2077 ingressos
1391 2044 1471 2074 esse;
1491 2034 1544 2066 alii
1565 2033 1627 2066 alia
1652 2033 1762 2067 inania
1783 2039 1963 2075 causantes,

1209 2089 1322 2131 iugum
1342 2088 1518 2131 Religionis
1534 2092 1565 2121 et
1585 2088 1770 2121 clausuram
1786 2093 1897 2131 aperte
1912 2088 1967 2121 de-

1210 2147 1399 2176 trectarunt.
1412 2142 1558 2185 Cumque
1568 2141 1748 2185 impensius
1758 2141 1964 2185 instaremus,

1211 2206 1324 2228 rursus
1338 2207 1355 2228 a
1372 2195 1538 2239 praedicto
1560 2194 1715 2229 cardinali
1735 2194 1892 2236 adstricti,
1916 2206 1967 2228 ca-

1210 2249 1350 2292 pitulum
1371 2249 1521 2291 generale
1548 2248 1634 2292 apud
1659 2248 1781 2281 dictum
1802 2254 1964 2282 monaste-

1210 2302 1296 2335 rium
1322 2301 1519 2343 indixerunt,
1543 2312 1579 2334 ex
1605 2301 1699 2335 cuius
1719 2312 1862 2343 recessu,
1889 2312 1964 2344 cum

1210 2355 1320 2388 omnia
1352 2355 1438 2388 bona
1469 2355 1680 2398 sperabamus
1700 2381 1707 2395 ,
1741 2360 1810 2388 tum
1840 2355 1966 2399 priores

1210 2404 1341 2437 illorum
1363 2404 1402 2437 ad
1424 2414 1482 2437 nos
1508 2404 1610 2444 missi,
1637 2414 1692 2437 eos
1712 2404 1840 2437 suturae
1860 2404 1964 2438 refor-

1210 2453 1361 2487 mationis
1382 2464 1515 2497 prorsus
1535 2453 1817 2498 obtemperaturos
1832 2464 1900 2487 esse
1912 2464 1964 2487 co-

1210 2513 1278 2535 ram
1307 2502 1515 2543 annuebant3
1538 2503 1670 2535 interim
1690 2513 1765 2536 vcro
1785 2502 1848 2535 alia
1868 2508 1964 2546 atque

1209 2551 1272 2584 alia
1284 2552 1367 2585 clam
1382 2552 1721 2596 pertractantes,diem
1733 2563 1770 2585 cx
1781 2552 1832 2585 die
1843 2551 1964 2586 ducere

1210 2601 1426 2642 conabantur,
1449 2606 1485 2636 ut
1499 2601 1582 2636 sorte
1602 2602 1686 2636 inter
1704 2602 1823 2635 multas
1842 2601 1963 2637 sollici-

2007 1886 2049 1908 sed
2060 1887 2119 1908 trrtto
2128 1892 2165 1909 eo-

1980 1921 2038 1939 nalu-
