2237 3100
228 262 279 288 Au.
297 260 326 288 C.
344 261 408 289 ¹561

237 1709 333 1731 vivarius
346 1708 381 1737 Pax
391 1715 405 1729 :e

222 1745 330 1762 executor.

237 2455 347 2475 clausulae
370 2454 407 2474 de-

225 2494 228 2505 ι
236 2486 352 2511 rigatoriae

474 252 549 293 <148⁷

426 327 522 359 quam
552 316 688 349 aliarum
714 325 996 361 quarumcumque
1029 315 1181 349 ecclesia-

426 380 511 409 rum,
534 370 571 403 ad
593 370 771 414 capitulum
787 376 816 404 et
833 380 976 404 mensam
994 369 1180 403 earumdem

426 423 643 457 communiter
663 429 842 468 spectantes
857 429 887 456 et
902 423 1110 467 pertinentes,
1130 434 1182 466 ap-

425 476 550 519 plicari,
564 477 719 521 assignari
738 482 766 509 et
784 476 921 510 adscribi
937 476 1066 516 debere,
1086 481 1182 519 prout

425 535 546 563 tenore-
571 531 789 574 praesentium
815 530 896 573 (sine
916 535 1023 562 tamen
1051 529 1180 573 praciu-
1224 566 1226 568 ,

424 583 508 616 dicio
525 585 715 627 pensionum
737 594 834 627 super
849 582 940 615 dictis
956 582 1114 616 fructibus
1130 593 1181 616 re-

424 638 633 675 servatarum)
658 636 879 679 applicamus,
909 636 1123 669 adscribimus
1152 642 1183 669 et

423 690 622 732 assignamus
660 690 939 722 distributionibus
973 689 1178 733 quotidianis,

423 743 659 777 distribuendas
679 749 709 777 ct
729 744 914 778 dividendas
939 745 1022 777 inter
1051 745 1182 778 canoni-

423 807 477 830 cos
492 802 521 829 et
543 797 622 830 alios
641 797 851 831 beneficiatos
871 797 986 831 divinis
1001 798 1116 832 officiis
1132 799 1180 832 in-

422 855 613 883 teressentes
647 850 808 884 dictarum
836 851 1066 892 ecclesiarum,
1095 852 1181 886 iuxta

422 903 576 937 ecclesiae
610 904 779 937 cuiuslibet
814 904 1051 938 ordinationem
1081 906 1180 939 ratio-

421 956 561 990 nabilem
583 957 646 990 iam
668 958 783 991 factam
806 968 862 991 seu
885 958 980 991 etiam
1001 959 1179 993 faciendam

421 1021 479 1053 pcr
494 1021 552 1043 nos
571 1011 619 1043 vel
636 1010 790 1044 dilectum
806 1010 909 1044 filium
925 1017 1072 1045 nostrum
1088 1013 1181 1046 almae

421 1063 514 1096 Urbis
533 1064 688 1097 vicarium
709 1065 905 1108 generalem.
924 1064 983 1104 Qui
998 1076 1074 1099 vero
1089 1066 1182 1100 aliter

421 1116 459 1148 de
498 1117 590 1150 dictis
624 1117 794 1158 fructibus,
820 1117 1012 1159 redditibus,
1043 1130 1180 1163 proven-

422 1169 517 1209 tibus,
534 1170 671 1211 iuribus,
685 1172 925 1212 emolumentis,
943 1174 1117 1216 quicquam
1130 1183 1180 1206 re-

424 1223 569 1266 ceperint
589 1225 743 1268 (exceptis
762 1224 824 1258 illis
840 1236 921 1268 quos
939 1225 1109 1259 infirmitas
1125 1237 1181 1260 seu

423 1276 506 1309 iusta
531 1283 561 1310 et
587 1277 786 1311 rationabilis
815 1289 912 1312 causa
945 1284 999 1312 aut
1027 1280 1181 1313 ecclesiae

423 1329 542 1363 utilitas
563 1333 748 1372 excusant),
775 1342 886 1365 rerum
907 1332 952 1365 sic
977 1338 1180 1377 receptarum

423 1383 602 1417 dominium
615 1396 679 1418 non
696 1385 877 1429 acquirant,
895 1396 953 1419 nec
970 1386 1085 1419 faciant
1104 1398 1181 1420 cau-

424 1447 473 1469 sas
491 1448 576 1478 suas,
598 1438 698 1472 immo
719 1439 758 1472 ad
779 1438 925 1472 omnium
946 1439 1181 1473 restitutionem

424 1495 604 1525 teneantur.
623 1492 709 1525 Idem
735 1503 865 1537 quoque
886 1492 925 1525 de
946 1492 1182 1527 distributioni-

423 1543 483 1577 bus
511 1556 568 1588 pro
598 1546 827 1579 defunctorum
862 1545 1088 1580 anniversariis
1121 1547 1183 1580 lar-

423 1598 546 1640 giendis
567 1599 774 1633 decernimus
799 1599 1047 1633 observandum.

467 1652 481 1694 ἓ
520 1651 550 1684 2.
588 1653 772 1686 Mandantes
805 1653 923 1686 dilecto
959 1653 1025 1686 filio
1067 1653 1182 1687 Iacobo

423 1705 579 1739 cardinali
605 1706 753 1747 Sabello,
785 1712 895 1740 nostro
929 1707 961 1739 in
989 1706 1073 1740 dicta
1099 1707 1182 1740 Urbe

422 1759 556 1803 eiusque
577 1760 724 1794 districtu
749 1760 879 1800 vicario,
910 1766 1071 1804 quatenus
1098 1761 1183 1794 ordi-

422 1809 604 1850 nationem,
634 1815 807 1850 statutum,
830 1809 1016 1849 decretum,
1038 1809 1182 1853 applica-

422 1858 542 1891 tionem
580 1865 609 1892 et
643 1859 892 1902 assignationem
923 1858 1109 1891 huiusmodi
1150 1859 1182 1891 in

422 1908 684 1951 quibuscumque
701 1907 845 1940 ecclesiis
857 1907 889 1939 in
905 1907 988 1940 dicta
1000 1907 1085 1940 Urbe
1103 1918 1181 1941 con-

423 1957 619 1995 sistentibus,
635 1956 859 1989 inviolabiliter
875 1966 933 1999 per
943 1967 1180 2000 quoscumque,

422 2006 533 2048 quavis
552 2006 754 2045 auctoritate,
774 2006 867 2038 etiam
890 2005 1107 2038 cardinalatus
1123 2007 1182 2039 lio-

423 2064 501 2087 nore
513 2055 691 2098 fungentes,
704 2066 762 2099 per
778 2064 930 2088 censuras
951 2054 1183 2088 ecclesiasticas

423 2108 451 2135 et
464 2103 541 2136 alias
557 2114 682 2147 poenas,
693 2103 787 2136 etiam
799 2103 1012 2147 pecuniarias,
1023 2104 1156 2137 arbitrio
1168 2105 1179 2126 ¹

423 2152 647 2196 imponendas,
670 2164 876 2196 quacumque
892 2152 1105 2197 appellatione
1131 2164 1182 2186 rc-

422 2206 521 2240 mota,
549 2212 646 2234 manu
672 2202 757 2244 regia
777 2202 939 2235 observari
967 2201 1076 2241 facian
1104 2213 1182 2235 con-

424 2250 624 2291 tradictores,
647 2255 720 2289 etex,
743 2251 868 2283 sublata
900 2255 957 2283 etc.
982 2250 1099 2294 Sicque
1126 2263 1184 2295 per

423 2309 648 2343 quoscumque
678 2300 801 2333 iudices
830 2304 902 2339 etc.;
934 2299 1061 2332 irritum
1100 2311 1182 2343 quo-

423 2359 486 2391 quc
507 2354 564 2382 ete.

468 2398 482 2439 ,ξ
501 2397 532 2430 3.
555 2398 625 2431 Non
646 2398 846 2431 obstantibus
873 2398 1074 2442 praemissis,
1104 2409 1182 2432 con-

424 2445 644 2479 stitutionibus
658 2446 842 2490 apostolicis
852 2452 880 2479 ct
894 2446 1183 2480 consuetudinibus

425 2499 455 2527 ct
471 2496 755 2528 constitutionibus
779 2496 996 2538 quarumlibet
1023 2495 1181 2528 dictarum

426 2545 648 2586 ecclesiarum,
666 2546 911 2578 confirmatione
931 2545 1107 2589 apostolica
1129 2550 1183 2578 aut

426 2593 535 2637 quavis
555 2594 617 2627 alia
642 2594 792 2628 firmitate
821 2594 1000 2631 roboratis,
1031 2594 1182 2629 latissime

463 2657 476 2682 t
494 2657 555 2684 Eius
576 2658 693 2685 arbitrio
712 2656 751 2691 (a.
769 2656 818 2692 r).

1017 259 1198 286 anLimlrttt
1217 259 1370 286 ROMANUM

1997 257 2046 285 An.
2064 257 2093 286 C.
2112 257 2177 287 ¹⁸61

1224 314 1442 356 extendendis,
1465 315 1585 360 quibus
1600 315 1761 357 omnibus,
1781 315 1913 349 illorum
1933 319 1981 348 te-

1224 378 1320 401 nores
1339 379 1397 411 pro
1417 369 1615 403 sufficienter
1633 369 1790 415 expressis
1804 369 1978 409 habentes,

1224 421 1405 464 specialiter
1428 428 1458 455 et
1490 433 1638 467 expresse
1665 423 1868 467 derogamus,
1895 428 1980 457 cete-

1224 474 1332 518 risque
1353 476 1523 509 contrariis
1543 476 1813 521 quibuscumque.

1384 528 1503 570 Placet,
1531 535 1620 563 motu
1645 531 1790 575 proprio.
1808 531 1832 564 I.

1267 581 1381 614 Datum
1397 582 1517 616 Romae
1536 584 1623 627 apud
1643 584 1673 618 S.
1692 584 1836 625 Petrum,
1858 583 1981 618 duode-

1224 633 1308 667 cimo
1329 634 1482 669 kalendas
1501 636 1694 678 decembris,
1714 648 1799 671 anno
1816 648 1849 671 11.

1289 691 1350 722 Dat.
1367 693 1413 723 die
1429 693 1468 725 ΞΟ
1482 704 1548 725 nov.
1565 695 1652 733 1561,
1668 696 1770 736 pontis.
1786 705 1864 726 anno
1876 705 1906 727 ιι.

1583 845 1644 878 LII.

1222 907 1423 942 Proxenetac
1448 910 1552 954 Ripae
1574 912 1681 945 almae
1712 913 1805 946 Urbis
1834 917 1984 947 tenentur

1267 963 1380 995 'nautis
1404 968 1433 997 el
1464 966 1696 999 mercatoribus
1720 967 1792 999 vini
1819 967 1857 999 de
1876 967 1983 1010 pretio

1266 1016 1338 1048 vim*
1347 1017 1392 1049 ce's
1403 1018 1622 1052 mediantibus
1635 1020 1772 1060 venditi,
1789 1021 1984 1064 emptoribus

1269 1069 1349 1102 illuct
1368 1081 1434 1104 non
1452 1072 1646 1105 solventibus
1666 1073 1692 1105 ‘'l.

1322 1150 1384 1179 rius
1396 1151 1538 1188 episeopus
1558 1159 1654 1181 servus
1671 1159 1814 1182 servorum
1826 1153 1883 1187 Dei,

1369 1206 1402 1234 ad
1421 1207 1585 1242 perpetuam
1608 1207 1650 1236 rei
1668 1208 1836 1237 memoriam.

1267 1275 1363 1309 Decet
1381 1277 1564 1311 Romanum
1589 1278 1778 1313 Pontificem
1805 1291 1843 1314 ex
1876 1280 1983 1315 debito

1224 1329 1273 1362 sui
1293 1330 1462 1374 pastoralis
1482 1331 1590 1373 officii,
1610 1332 1649 1365 ad
1665 1343 1701 1366 ea
1722 1333 1893 1377 diligenter
1907 1345 1983 1379 pro-

1224 1381 1360 1426 spicere,
1388 1395 1446 1428 per
1465 1396 1548 1428 quae
1576 1385 1608 1418 in
1635 1386 1695 1419 hac
1715 1387 1800 1420 alma
1825 1387 1922 1428 Urbe,
1945 1388 1984 1421 ad

1224 1447 1331 1480 quam,
1344 1437 1441 1471 veluti
1453 1448 1660 1472 communem
1677 1440 1825 1474 omnium
1836 1441 1983 1484 patriam,
2023 1442 2028 1448 '

1225 1491 1376 1534 frequens
1392 1497 1439 1525 est
1463 1492 1634 1526 hominum
1654 1503 1846 1535 concursus,
1871 1494 1936 1528 vini
1947 1506 1984 1529 ac

1224 1554 1333 1577 rerum
1355 1545 1493 1579 aliarum
1513 1546 1657 1580 humano
1676 1546 1774 1581 victui
1790 1548 1985 1582 necessaria-

1224 1608 1297 1630 rum
1314 1598 1456 1639 ubertas,
1479 1611 1554 1633 cum
1575 1600 1719 1634 eiusdem
1744 1601 1838 1635 Urbis
1861 1601 1984 1636 incola-

1225 1662 1297 1684 rum
1314 1652 1347 1684 in
1367 1652 1497 1696 copioso
1514 1664 1652 1688 numero
1671 1654 1877 1689 existentium
1894 1666 1983 1689 com-

1225 1705 1397 1747 moditate,
1429 1712 1603 1740 nautarum
1633 1718 1764 1751 quoque
1791 1714 1822 1742 et
1857 1719 1983 1743 merca-

1224 1765 1332 1793 torum
1353 1759 1423 1793 vina
1451 1766 1481 1793 et
1501 1771 1552 1794 res
1575 1761 1764 1795 huiusmodi
1796 1763 1835 1796 ad
1864 1763 1983 1797 Urbem

1225 1813 1326 1857 ipsam
1347 1814 1573 1847 advehentium
1592 1816 1687 1859 plena
1717 1816 1901 1857 securitate,
1923 1827 1983 1850 no-

1225 1872 1308 1900 strae
1316 1867 1507 1912 provisionis
1517 1878 1578 1912 ope
1590 1868 1769 1912 unicuique
1782 1870 1869 1913 quod
1887 1881 1983 1903 suum

1224 1926 1271 1954 est
1300 1920 1492 1962 tribuendo,
1526 1932 1591 1956 non
1621 1923 1726 1955 solum
1753 1923 1981 1965 manuteneri,

1225 1975 1279 2008 sed
1299 1975 1422 2018 augeri,
1439 1975 1519 2008 acin
1536 1986 1573 2009 ea
1593 1975 1632 2008 ad
1652 1975 1817 2019 publicam
1835 1977 1983 2011 omnium

1225 2028 1412 2069 utilitatem,
1427 2028 1626 2072 peramplius
1642 2029 1824 2063 conservari
1843 2030 1982 2064 salubri-

1224 2087 1273 2114 ter
1295 2082 1408 2115 valeat.

1268 2135 1283 2178 ξ
1303 2135 1335 2168 t.
1358 2135 1437 2168 Cum
1459 2135 1576 2179 itaque,
1602 2135 1684 2168 sicut
1708 2135 1823 2170 diversi
1843 2136 1983 2171 diversa·
2010 2147 2181 2185 Nauraevpnag-

1224 2199 1297 2221 rum
1327 2189 1467 2233 partium
1497 2194 1613 2222 nautae
1638 2195 1669 2222 et
1688 2191 1884 2224 mercatores
1907 2202 1984 2235 que·
1996 2179 2181 2239 ἕξῗρζζζῖᾙζ

1225 2243 1365 2276 relanter
1380 2242 1473 2276 nobis
1484 2252 1589 2286 nuper
1600 2243 1716 2286 exponi
1730 2243 1889 2285 fecerunt,
1906 2244 1980 2288 ipsi,
1997 2245 2181 2296 {ffssuffffim'mess

1224 2306 1306 2339 quos
1338 2296 1409 2329 vina
1438 2307 1476 2329 ac
1504 2307 1555 2330 res
1587 2296 1775 2330 huiusmodi
1808 2297 1848 2330 ad
1867 2281 2050 2342 Ripamnliisp,
2067 2312 2120 2333 quos
2138 2311 2181 2327 nou

1224 2348 1367 2382 fluminis
1386 2349 1489 2383 dictae
1500 2349 1594 2384 Urbis
1609 2350 1769 2384 deducere
1789 2360 1884 2394 saepe
1903 2362 1981 2385 con·
1996 2337 2181 2396 ζῖἕᾛζξέἒξῦζῖ

1224 2402 1328 2445 tingit,
1352 2402 1516 2436 neminem
1550 2408 1781 2447 cognoscentes
1805 2408 1836 2437 et
1860 2403 1981 2439 diutius
1994 2404 2022 2452 βξ
2037 2400 2181 2457 ffissfflffi‘

1224 2452 1256 2484 in
1282 2452 1366 2485 dicta
1398 2452 1483 2486 Urbe
1513 2463 1569 2486 seu
1602 2452 1694 2497 Ripa,
1725 2453 1846 2497 absque
1866 2464 1980 2488 eorum

1223 2501 1310 2544 gravi
1322 2502 1525 2543 detrimento,
1538 2502 1657 2536 morari
1673 2508 1888 2547 nequeuntes,
1908 2503 1981 2539 vina

2010 1289 2130 1312 Exordium.

1262 2571 1272 2596 l
1297 2569 1352 2595 Alia
1369 2569 1525 2596 eorumdem
1542 2572 1721 2597 mercatorum
1737 2573 1763 2596 et
1783 2574 1926 2598 nautarum
1940 2572 1981 2599 in-

1224 2613 1296 2640 dulta
1312 2621 1343 2640 ac
1359 2613 1527 2649 privilegium
1543 2614 1592 2640 sori
1611 2613 1670 2640 vide
1689 2621 1771 2650 supra
1794 2615 1819 2642 in
1843 2616 1978 2644 constitu-

1224 2658 1295 2686 tione
1310 2666 1380 2692 xxx,
1398 2660 1549 2692 Cupientes,
1565 2665 1624 2694 pag.
1644 2658 1685 2685 95.
