2237 3100
307 292 355 319 An.
373 293 402 320 C.
423 291 489 319 ttffilt

335 1101 430 1123 Pontifex
444 1102 490 1121 ideo

308 1134 443 1155 sententiavit
454 1140 491 1160 pro

308 1171 424 1189 canonicm

361 2476 494 2502 Abbati-sque

309 2508 402 2535 ipsorum
437 2507 495 2527 Reti-

311 2540 394 2565 glorium
415 2538 493 2559 debere

310 2570 440 2597 praecedere
453 2570 494 2590 stn-

547 284 612 318 274

505 345 563 378 ctis
589 346 741 390 apostolis
766 346 928 382 institutis,
965 346 1093 378 eosdem
1122 343 1253 377 canoni-

506 409 571 438 cos,
603 403 666 432 tam
693 410 768 431 suae
796 399 945 442 autiquae
966 398 1173 430 iustitutionis
1193 398 1254 429 liu-

507 452 657 489 iusmodi,
680 463 776 495 quam
793 452 887 484 etiam
904 451 1066 494 dignitatis
1082 450 1252 486 clericalis.

506 517 568 549 qua
589 517 652 546 eos,
674 506 777 538 statim
799 506 885 548 quod
907 505 1139 549 professionem
1160 515 1254 547 regu-

506 561 605 592 larem
636 559 801 599 emittunt,
835 558 1001 601 insignitos
1026 569 1094 591 esse
1115 563 1253 601 oportet,

507 613 709 656 aliarumque
751 613 942 656 qualitatum
977 612 1007 644 in
1037 612 1083 644 eis
1120 612 1255 645 existen-

507 666 586 698 tium
622 665 762 704 ratione,
801 665 917 698 clictam
958 666 1087 698 illorum
1122 676 1256 708 congre-

506 720 666 763 gationem
680 721 923 753 Lateranensem
937 720 1096 763 praefatos
1107 730 1258 752 monas-os

508 779 538 806 et
571 784 683 806 eorum
723 773 1002 817 congregationem
1038 773 1257 806 Cassinenseni

510 828 703 870 praecedere
723 828 841 861 debere
863 833 1059 860 censuerunt
1080 834 1109 860 et
1124 828 1257 860 conclu-

510 886 631 919 serunt,
646 892 802 925 suamquc
819 881 1059 914 conclusionem
1073 881 1257 914 huiusmodi

507 934 545 967 ad
555 934 750 967 audientiam
767 940 922 975 nostram,
941 935 1027 967 iuxta
1043 934 1146 967 ultimi
1160 935 1257 967 nostri

508 988 655 1032 rescripti
678 989 811 1032 praefati
832 994 995 1026 tenorem,
1019 989 1212 1021 retulerunt.

550 1042 565 1085 g
584 1041 615 1074 4.
640 1043 728 1076 Unde
749 1054 818 1083 nOS,
843 1042 972 1075 illorum
994 1041 1149 1074 relatione
1166 1041 1258 1074 intel-

507 1092 597 1131 lecta,
619 1102 721 1135 eaque
737 1103 794 1136 per
811 1102 869 1125 nos
884 1091 1054 1134 diligenter
1070 1091 1259 1131 examinata,

506 1140 659 1184 quoniam
687 1152 757 1174 eam
786 1140 817 1172 in
846 1141 997 1173 omnibus
1025 1139 1090 1172 suis
1115 1140 1260 1183 partibus

506 1189 628 1222 veritati
660 1194 688 1223 et
716 1189 778 1222 iuri
808 1200 982 1223 consonam
1018 1188 1257 1232 comperimus,

507 1249 564 1282 per
584 1244 726 1271 nostram
748 1237 943 1271 definitivam
969 1237 1159 1270 sententiam
1184 1249 1259 1282 pro-

507 1287 742 1327 nunciavimus,
759 1286 1033 1325 sententiavimus,
1057 1287 1260 1320 decrevimus

506 1341 537 1369 et
570 1336 803 1369 declaravimus
841 1336 992 1373 abbates,
1033 1336 1194 1379 praelatos
1230 1342 1257 1369 et

507 1385 680 1418 canonicos
700 1385 865 1428 regulares
886 1384 1147 1427 congregationis
1167 1385 1258 1418 Late-

506 1433 664 1473 ranensis,
695 1433 740 1466 uti
765 1433 911 1473 clericos,
941 1432 1070 1465 dimissa
1100 1433 1259 1477 superiori

505 1487 600 1522 veste,
635 1482 733 1525 pallio
768 1493 824 1515 seu
851 1492 971 1525 cappa,
1004 1482 1036 1514 in
1062 1482 1147 1515 linea
1176 1489 1259 1517 veste

507 1530 713 1574 clericalique
726 1530 837 1563 habitu
850 1530 1036 1563 incedentes
1051 1531 1150 1574 (quod
1163 1532 1259 1564 etiam

506 1581 538 1614 in
561 1581 645 1613 alma
666 1580 749 1613 Urbe
777 1585 969 1613 consuetum
997 1580 1101 1613 suerat
1128 1585 1158 1613 et
1184 1586 1260 1614 tunc

507 1629 763 1672 observabatur),
795 1629 826 1662 in
852 1628 1114 1673 processionibus
1134 1635 1165 1662 et
1190 1641 1259 1663 om-

508 1677 603 1711 nibus
628 1677 698 1710 aliis
723 1678 847 1711 actibus
888 1677 1027 1722 publicis
1056 1683 1086 1711 et
1114 1678 1259 1721 privatis,

508 1732 570 1760 tam
599 1727 631 1759 in
652 1726 735 1759 dicta
757 1727 839 1760 Urbe
860 1732 1035 1769 nostroque
1062 1731 1093 1760 et
1122 1727 1259 1761 aliorum

506 1777 726 1809 Romanorum
749 1775 941 1809 Pontificum
958 1786 1183 1808 successorum
1201 1788 1259 1811 no-

508 1830 649 1859 strorum
671 1830 865 1869 conspectu,
898 1836 995 1869 quam
1026 1825 1103 1857 alias
1132 1825 1163 1858 in
1186 1827 1258 1859 uni-

506 1874 604 1907 versis
631 1879 662 1907 et
686 1874 947 1918 quibuscumque
975 1874 1045 1906 aliis
1066 1874 1257 1916 civitatibus,

506 1924 612 1964 terris,
632 1924 758 1968 oppidis
770 1928 801 1956 et
816 1923 904 1963 locis,
917 1923 1059 1963 abbateS,
1078 1924 1228 1966 praelatos
1247 1925 1256 1952 1

507 1981 537 2010 et
558 1977 660 2010 dictos
680 1974 874 2020 praecedere
899 1974 1048 2007 debuisse
1073 1979 1103 2007 et
1124 1974 1258 2016 debere;

507 2037 544 2059 ac
565 2027 694 2059 eosdem
716 2025 863 2063 abbates,
896 2025 1056 2067 praelatos
1076 2029 1106 2057 et
1126 2025 1259 2058 canoni-

507 2085 562 2108 cos
582 2075 759 2118 regulares,
785 2073 969 2117 dictamque
989 2084 1102 2106 eorum
1123 2085 1259 2117 congre-

507 2124 681 2167 gationem,
710 2129 745 2157 ut
778 2124 959 2167 praefertur
985 2122 1182 2164 incedentes,
1210 2124 1259 2157 di—

508 2173 567 2207 ctis
586 2173 774 2213 abbatibus,
810 2172 961 2216 praelatis
986 2177 1017 2204 et
1048 2173 1192 2206 monacis
1226 2174 1256 2208 S.

508 2222 669 2256 Benedicti
691 2227 721 2255 et
741 2232 855 2255 eorum
881 2221 1122 2264 congregationi
1143 2222 1173 2255 in
1190 2234 1259 2255 om-

508 2271 603 2304 nibus
622 2277 653 2305 et
668 2272 802 2314 singulis
823 2271 1006 2316 praemissis
1018 2272 1257 2314 praeferendos,

509 2321 752 2365 anteponendos
780 2326 810 2354 et
835 2321 867 2354 in
892 2320 1037 2364 digniori¹
1057 2321 1129 2354 loco
1159 2322 1259 2355 collo-

509 2371 628 2403 candos
649 2372 716 2404 sore
738 2376 768 2404 et
788 2381 868 2404 esse.

553 2420 567 2463 ἓ
587 2420 617 2453 5.
641 2420 779 2453 Abbates
798 2431 872 2454 vero
902 2420 1060 2453 dictarum
1083 2430 1260 2463 congrega-

509 2470 632 2502 tionum
649 2469 856 2512 singulariter
882 2475 912 2503 et
932 2470 969 2502 de
991 2480 1048 2514 per
1073 2481 1117 2509 se,
1140 2470 1260 2513 absque

509 2529 623 2551 eorum
644 2519 865 2559 conventibus
887 2519 919 2553 in
937 2519 1082 2553 conciliis
1102 2519 1260 2563 generali—

508 2567 581 2606 bus,
601 2567 851 2610 provincialibus
871 2573 901 2601 et
917 2568 1123 2612 synodalibus
1138 2579 1179 2600 ac·
1190 2568 1261 2600 aliis

548 2621 557 2646 l
581 2620 697 2647 Cherub.
720 2621 795 2655 legit:
817 2624 952 2654 praelatos
965 2624 1213 2648 etmonaeliostjrd.
1234 2623 1259 2647 S.

510 2658 756 2729 ξῖἐιειέἱξίίίοἶηρν.
766 2659 935 2689 Casmenas,
946 2660 1095 2689 praedictos
1106 2659 1263 2690 praecedere

1099 290 1277 316 BULLARWM
1301 291 1451 315 ROMANUM

1297 342 1421 375 actibus
1450 343 1589 387 publicis
1620 350 1651 377 et
1684 344 1832 388 privatis,
1864 346 1896 378 in
1930 346 2048 389 quibus

1297 395 1426 428 abbates
1446 397 1484 429 de
1508 397 1578 429 iure
1603 398 1650 430 vel
1676 399 1908 431 consuetudine
1939 399 2046 432 locum

1297 454 1327 482 et.
1346 454 1454 482 votum
1479 449 1614 490 habent,
1645 452 1692 483 vel
1723 462 1779 494 pro
1799 458 1944 495 tempore
1965 463 2046 495 quo-

1299 503 1473 535 modolibet
1493 503 1764 544 liabebunt,inter
1783 516 1860 546 sese,
1881 505 1966 539 iuxta
1982 506 2047 539 sin-

1298 557 1449 599 gulorum
1466 556 1610 600 ipsorum
1638 557 1788 590 abbatum
1809 558 1929 591 ibidem
1949 558 2047 592 inter-

1299 610 1495 642 venientium
1516 611 1659 654 priorem
1680 616 1710 644 et
1736 612 1951 655 antiquiorem
1972 623 2048 657 pro-

1300 664 1474 696 motionem
1496 664 1535 696 ad
1561 664 1732 705 abbatiam,
1759 676 1795 697 ac
1812 665 1943 698 illorum
1971 677 2048 710 pro—

1301 717 1441 750 motione
1458 718 1633 758 dumtaxat,
1655 729 1720 751 non
1744 724 1851 752 autem
1873 730 2049 763 congrega-

1301 771 1386 803 tione
1403 777 1430 804 et
1448 771 1565 804 Ordine
1582 772 1674 805 cuius
1689 772 1763 813 sint,
1785 775 1923 814 attentis,
1955 784 2048 818 prae—

1301 825 1414 857 cedere
1448 830 1478 858 et
1511 826 1667 869 praeferri
1696 832 1723 859 et
1751 826 1782 859 in
1810 826 1947 870 digniori
1979 828 2050 861 loco

1302 879 1453 912 collocari
1483 879 1631 913 debuisse
1665 885 1695 913 et
1723 881 1852 922 debere,
1887 886 1985 925 prout
2014 893 2050 915 ex

1302 938 1378 965 tuuc
1406 933 1638 976 praetulimus,
1670 934 1914 978 anteposuimus
1934 940 1965 968 et
1983 936 2050 969 col-

1302 985 1487 1025 locavimus,
1514 987 1745 1030 praeferrique,
1766 988 1917 1031 anteponi
1938 993 1969 1021 et
1983 989 2050 1022 col-

1302 1039 1400 1072 locari
1421 1040 1652 1073 mandavimus.
1685 1041 1874 1074 lactationes
1900 1053 2048 1086 quoque,

1303 1093 1551 1131 molestationes,
1572 1094 1808 1138 oppressiones,
1835 1095 2050 1138 perturbatio-

1303 1157 1370 1186 nes,
1392 1146 1573 1179 vexationes
1585 1152 1615 1179 et
1630 1147 1859 1190 impedimenta
1874 1159 2051 1192 quaecum-

1302 1211 1364 1243 que
1390 1210 1448 1243 per
1467 1200 1613 1240 abbates,
1636 1201 1795 1243 praelatos
1822 1206 1852 1234 et
1876 1202 2052 1236 monachos

1303 1253 1484 1297 praedictos
1499 1258 1530 1286 et
1549 1264 1662 1286 eorum
1679 1254 1961 1298 congregationem
1977 1255 2051 1289 Cas-

1303 1306 1463 1340 sinensem
1485 1306 1604 1340 eisdem
1625 1307 1807 1349 abbatibus,
1844 1309 1994 1352 praelatis
2022 1315 2053 1343 et

1302 1360 1466 1394 canonicis
1486 1361 1690 1404 regularibus
1710 1361 1967 1405 congregationis
1993 1363 2052 1396 La-

1303 1414 1491 1454 teranensis,
1527 1426 1626 1458 super
1649 1416 1798 1459 praefatis
1838 1416 1990 1450 omnibus
2022 1422 2054 1450 et

1303 1467 1437 1510 singulis
1457 1473 1487 1500 et
1513 1468 1644 1501 illorum
1674 1469 1844 1502 occasione
1874 1470 2053 1512 quomodo-

1302 1519 1379 1552 libet
1396 1520 1504 1561 sactas,
1526 1521 1693 1565 praestitas
1709 1526 1739 1556 et
1754 1521 1868 1563 illatas,
1891 1522 2050 1567 factaque,

1302 1574 1453 1616 praestita
1473 1579 1504 1607 et
1527 1574 1625 1615 illata,
1648 1575 1745 1609 fuisse
1765 1581 1796 1609 et
1815 1585 1883 1609 esse
1913 1580 2051 1609 temera-

1302 1626 1376 1667 rias,
1400 1626 1536 1668 illicitas,
1556 1627 1712 1662 indebitas
1732 1633 1763 1662 et
1782 1629 1928 1670 iniustas,
1950 1635 2051 1664 teme-

1302 1680 1463 1723 rariaque,
1492 1681 1613 1721 illicita,
1645 1681 1785 1715 indebita
1813 1687 1844 1716 et
1867 1682 1985 1716 iniusta
2015 1694 2052 1717 ac

1302 1733 1340 1766 de
1364 1732 1448 1766 sacto
1471 1740 1693 1778 praesumptas
1713 1740 1744 1768 et
1763 1741 1981 1780 praesumpta,
2013 1736 2052 1769 il·

1302 1787 1413 1830 lasque
1430 1793 1459 1819 et
1480 1788 1533 1820 illa
1554 1788 1736 1829 abbatibus,
1759 1790 1911 1833 praelatis
1935 1795 1966 1823 et
1981 1801 2051 1824 mo-

1302 1841 1390 1873 nacis
1422 1842 1680 1884 congregationis
1713 1841 1909 1876 Cassinensis
1936 1843 2050 1877 huius-

1303 1895 1388 1927 modi
1425 1895 1536 1928 secisse
1569 1901 1599 1929 et
1627 1897 1732 1930 facere
1762 1896 1894 1930 minime
1921 1897 2052 1931 licuisse

1303 1959 1406 1992 neque
1427 1949 1524 1983 licere
1550 1950 1588 1983 de
1609 1951 1690 1984 iure.
1714 1951 1751 1983 Et
1770 1956 1943 1996 propterea
1962 1952 2002 1986 de
2022 1957 2053 1985 et

1302 2014 1400 2047 super
1416 2004 1477 2036 illis
1487 2015 1524 2037 ac
1540 2005 1624 2038 dicto
1641 2005 1711 2038 iure
1727 2005 1960 2049 praecedendi,
1982 2016 2052 2039 om-

1301 2058 1462 2101 nibusque
1483 2064 1513 2092 et
1535 2058 1669 2102 siugulis
1689 2058 1758 2091 aliis
1775 2059 1958 2102 praemissis
1977 2071 2052 2105 per-

1303 2118 1436 2157 petuum
1468 2113 1631 2145 silentium
1662 2113 1896 2157 imponendum
1925 2114 1995 2147 fore
2023 2119 2054 2148 et.

1302 2177 1370 2200 esse
1392 2171 1419 2200 et
1443 2166 1755 2211 tuncimposuimus‚
1776 2171 1873 2210 prout
1887 2167 1920 2200 in
1937 2167 2051 2201 rescri-

1303 2226 1368 2266 pto,
1393 2222 1547 2254 relatione
1568 2227 1598 2254 et
1619 2221 1776 2255 sententia
1797 2221 1968 2265 praedictis
1982 2221 2051 2266 ple-

1302 2275 1376 2308 nius
1396 2274 1590 2308 continetur.

1347 2329 1361 2372 ἓ
1381 2328 1412 2361 6.
1445 2328 1488 2361 Ne
1510 2332 1616 2360 autem
1638 2328 1677 2360 de
1697 2327 1873 2361 sententiae
1895 2327 2051 2362 aliorum-

1302 2394 1365 2427 que
1399 2382 1651 2426 praemissorum
1685 2381 1844 2414 validitate
1878 2381 1944 2414 ullo
1980 2393 2052 2415 um—

1303 2448 1400 2480 quam
1422 2441 1568 2478 tempore
1588 2434 1739 2475 dubitari,
1760 2446 1795 2467 ae
1808 2439 1940 2479 propter
1950 2446 1987 2469 ea
2005 2436 2052 2469 vel

1303 2486 1365 2519 alio
1385 2485 1497 2530 quovis
1518 2489 1683 2528 praetextu
1704 2494 1772 2516 rem
1789 2488 1914 2517 mature
1930 2484 2053 2518 discus-

1304 2546 1370 2567 sam
1398 2540 1428 2567 et
1460 2534 1632 2567 iudicatam
1667 2543 1779 2566 rursus
1808 2532 1839 2566 in
1868 2538 2052 2568 controver-

1304 2584 1382 2615 siam
1404 2583 1535 2622 retrahi,
1561 2593 1637 2615 neve
1658 2583 1764 2615 denuo
1785 2582 1817 2614 in
1837 2582 1979 2616 Ecclesia
1999 2583 2053 2617 Dei

1282 2645 1284 2657 i
1305 2633 1386 2666 inter
1409 2634 1487 2666 tales
1511 2642 1664 2677 personas
1684 2631 1849 2676 religiosas
1874 2632 2053 2666 contentio-

1305 2693 1360 2716 nes
1381 2682 1509 2723 exoriri,
1540 2692 1577 2716 ac
1597 2682 1718 2726 populo
1738 2682 1887 2716 scandala
1906 2682 2054 2728 generari

2062 295 2110 320 An.
2127 294 2158 321 C.
2177 294 2237 322 156³

2063 351 2169 377 golan-iter.
2187 353 2237 372 etii(

2063 388 2098 408 pei·
2114 388 2144 407 se,
2165 383 2237 409 alisqui

2062 419 2133 434 eorum
2150 419 2231 433 cnnven

2063 446 2124 469 tibus=
2139 446 2195 466 iuxta
2210 451 2236 466 an

2062 477 2172 504 nquiorem
2195 483 2237 504 pro*

2063 505 2185 529 motionenu

2121 2343 2145 2364 Et
2166 2341 2237 2370 suppl·

2068 2375 2162 2395 eiusdem
2199 2379 2235 2395 sen

2068 2407 2139 2427 ientioe
2147 2405 2237 2426 defectui

2069 2440 2090 2457 et
2106 2437 2161 2457 illam
2183 2437 2237 2457 'invia

2068 2468 2160 2489 labiliter
2179 2467 2237 2489 obse:

2068 2500 2112 2520 nri
2127 2500 2218 2520 mandat.
