2237 3100
54 231 107 259 An.
123 231 152 258 C.
168 230 240 258 ¹360

82 293 192 314 clausulae
206 294 240 314 de-

55 327 182 352 rossatnriac.

920 227 988 252 Plrs
1012 226 1043 250 lv
1066 227 1113 250 PP.

256 284 325 318 licis
355 283 588 318 reeordationis
616 282 769 316 Benitacu
798 282 898 325 Papae
928 281 1005 321 vul,

255 339 512 383 praedecessoris
530 337 644 377 nostri,
662 336 700 370 de
718 346 794 373 una,
817 336 849 368 in
869 335 1007 368 concilio

253 393 395 434 generali
411 392 495 425 edita
509 392 548 425 de
564 391 689 424 duabus
700 388 1007 429 diaetis,dummodo

254 448 337 479 ultra
349 453 413 480 tres
424 447 544 479 diaetas
565 445 691 489 aliquis,
705 443 896 477 auctoritate
911 449 1017 487 prae-⁵

253 502 404 541 sinuum,
427 501 467 534 ad
487 500 642 533 iudicium
664 510 728 532 non
750 499 906 537 trahatur,
924 498 1007 531 aliis-

254 566 316 598 que
341 554 627 589 constitutionibus
655 552 857 598 apostolicis,
879 562 1007 584 necnon

254 608 393 642 fabricae
414 608 597 652 praedictae
618 613 648 640 et
667 606 888 650 hospitalium,
907 606 1007 637 eccle-

253 662 386 703 siarum,
410 661 684 695 monasteriorum
711 666 739 693 et
764 659 903 692 aliorum
924 669 1006 701 quo*

253 727 471 760 rumcumque
492 717 638 749 locorum
667 721 698 748 et
722 714 889 752 ordinum,
911 713 1006 745 etiam

253 776 498 814 exemptorum,
532 769 731 808 iuramento,
762 766 1006 800 confirmatione

253 823 429 867 apostolica
447 824 495 856 vel
522 823 633 867 quavis
653 822 802 855 firmitate
829 820 891 852 alia
910 820 1006 852 robo-

255 877 341 917 ratis,
364 877 489 910 statutis
514 883 545 910 et
573 874 881 914 consuetiulinibus,
910 873 1006 917 privi-

254 930 344 975 legiis
362 942 493 976 quoque
514 938 541 964 et
571 930 720 969 indultis,
747 928 1004 964 conservatoriis.

253 986 509 1030 exemptionibus
525 992 555 1019 et,
572 985 671 1018 literis
687 983 870 1027 apostolicis
886 983 1006 1017 eisdem

253 1051 290 1073 ac
309 1041 435 1073 dilectis
454 1040 529 1073 filiis
549 1040 669 1084 populo
693 1039 856 1077 Romano,
879 1048 1005 1071 necnon

252 1093 429 1134 iudicibus,
460 1094 557 1127 curiis
575 1099 606 1126 et
626 1091 840 1125 tribunalibus
875 1102 1006 1125 eorum-

253 1158 316 1190 que
336 1147 500 1191 personis,
523 1157 581 1191 per
600 1157 825 1189 quoscumque
846 1146 1008 1179 Romanos

253 1200 424 1234 Pontifices
447 1199 711 1243 praedecessores
731 1204 858 1232 nostros
886 1210 923 1232 ac
948 1210 1007 1232 nos

254 1259 284 1287 et
303 1254 419 1287 dictam
440 1254 567 1293 Sedem,
590 1253 685 1287 etiam
707 1253 839 1286 scientia
864 1258 893 1286 et
914 1259 1005 1297 pote-

253 1307 341 1340 statis
360 1307 560 1350 plenitudine
585 1307 760 1348 similibus,
782 1318 819 1340 ac
850 1307 927 1340 alias
947 1307 1006 1340 sub

251 1361 514 1405 quibuscumque
548 1361 715 1394 tenoribus
747 1367 777 1394 et
810 1361 934 1398 formis,
970 1372 1006 1393 ac

251 1426 326 1448 cum
342 1415 507 1459 quibusvis
523 1415 676 1448 clausulis
688 1421 714 1447 et
729 1416 866 1448 decretis
883 1415 913 1447 in
931 1427 1006 1449 eon-

250 1469 387 1502 trarium
416 1470 657 1512 quomodolibet
689 1469 866 1507 concessis,
891 1470 1007 1502 confir-

251 1522 344 1555 matis
365 1528 391 1555 et
416 1523 590 1562 innovatis:
615 1533 740 1555 necnon
769 1523 1007 1555 reformationi-

250 1576 334 1617 bus,
369 1577 464 1610 etiam
498 1577 621 1610 noviter
653 1576 766 1617 saetis,
803 1588 840 1610 ac
874 1578 1007 1620 paribus

251 1637 340 1664 motu
362 1636 392 1663 et
421 1631 554 1665 scientia
582 1631 786 1675 approbatis,
822 1631 917 1664 etiam
945 1632 1007 1665 dis-

250 1684 445 1728 ponentibus
480 1685 566 1728 quod
602 1696 717 1717 causae
752 1685 939 1718 huiusmodi
966 1687 1005 1719 ad

252 1740 357 1772 sorum
374 1750 429 1772 seu
451 1740 580 1772 Curiam
601 1739 749 1783 Capitolii
770 1740 926 1772 reassumi
950 1740 1006 1774 de-

251 1792 363 1833 beant,
385 1792 503 1835 quibus
523 1793 684 1830 omnibus,
709 1793 804 1826 etiam
826 1793 869 1833 si,
891 1804 950 1836 pro
970 1794 1007 1826 il—

251 1845 358 1878 lorum
392 1846 564 1879 sufficienti
602 1846 808 1884 derogatione
823 1873 830 1885 ‚
871 1847 910 1879 de
944 1847 1006 1881 illis

252 1910 431 1942 eorumque
460 1900 533 1933 totis
554 1901 721 1934 tenoribus
746 1901 906 1944 specialis,
933 1913 1005 1945 spe-

252 1948 344 1982 cifica
358 1975 365 1989 ‚
397 1960 544 1993 expressa
574 1955 605 1983 et
625 1949 787 1983 individua
820 1961 855 1983 ac
876 1950 914 1983 de
936 1963 1005 1985 ver-

251 1997 292 2030 bo
312 1998 351 2031 ad
370 1999 516 2040 verbum,
544 2010 608 2032 nou
632 2005 738 2032 autem
761 2010 818 2044 per
839 2001 967 2042 regulas
993 2002 1001 2025 ¹

251 2047 417 2088 generales
446 2048 528 2081 idem
553 2049 773 2092 imponantes,
802 2049 921 2082 mentio
949 2062 1006 2084 seu

253 2095 382 2137 quaevis
402 2096 461 2128 alia
484 2097 645 2141 expressio
662 2098 810 2131 habenda
829 2105 880 2131 aut
899 2099 1005 2144 aliqua

252 2142 313 2175 alia
325 2144 479 2186 exquisita
495 2146 596 2179 forma
611 2147 649 2179 ad
668 2148 727 2180 hoe
745 2148 897 2181 servanda
911 2150 1003 2188 soret,

251 2203 391 2236 quorum
413 2199 557 2235 tenores,
580 2207 616 2229 ac
644 2197 668 2229 si
704 2197 741 2230 de
767 2198 861 2231 verbo
882 2199 920 2231 ad
938 2211 1006 2232 ver-

250 2241 351 2279 bum,
375 2243 454 2276 nihil
490 2245 617 2288 penitus
647 2247 764 2280 omisso
791 2254 819 2281 et
851 2248 952 2282 forma
973 2250 1004 2282 in

252 2290 315 2323 illis
335 2292 448 2324 tradita
471 2293 646 2334 obselvata³
660 2295 769 2328 inserti
786 2297 901 2333 forent,
914 2310 1006 2342 prae-

251 2340 394 2373 sentibus
429 2352 488 2384 pro
525 2342 720 2376 sufficienter
764 2346 920 2389 expressis
951 2348 1005 2381 ha-

250 2388 379 2427 bentes,
403 2391 466 2423 illis
487 2391 563 2423 alias
584 2391 616 2423 in
642 2403 700 2426 suo
721 2394 835 2428 robore
857 2407 1005 2439 perman-

250 2438 355 2479 suris,
383 2440 443 2472 hac
459 2440 526 2472 vire
547 2441 727 2482 dumtaxat,
757 2443 870 2477 harum
899 2446 1002 2486 serie,

251 2487 435 2531 specialiter
471 2494 501 2522 et
528 2500 676 2533 expresse
711 2502 746 2525 ac
775 2493 894 2527 eisdem
915 2502 1002 2528 motu

251 2543 279 2570 et
301 2537 435 2571 scientia
451 2544 479 2572 et
500 2540 665 2583 potestatis
685 2541 885 2585 plenitudine
913 2545 1005 2579 dero-

251 2597 380 2629 gamus,
413 2599 450 2621 ac
483 2589 680 2622 sufficienter
713 2591 901 2635 derogatum
936 2606 1004 2628 esse

286 2642 295 2667 ¹
319 2642 442 2677 Legimus
459 2645 593 2670 clausulas
612 2644 648 2679 (n.
671 2645 718 2680 τ.).

1718 213 1761 247 15

1050 278 1255 312 decernimus
1273 304 1280 315 ,
1317 275 1488 311 contrariis
1521 275 1804 320 quibuscumque;

1050 339 1102 366 aut
1125 333 1149 366 si
1171 332 1341 377 praedictis
1366 332 1413 365 vel
1435 329 1601 375 quibusvis
1620 329 1709 369 aliis,
1732 339 1807 362 con-

1050 387 1184 420 iunctim
1211 387 1258 419 vel
1285 386 1431 427 divisim,
1458 385 1498 418 ab
1523 383 1634 418 eadem
1658 383 1694 416 sit
1725 384 1805 418 Sede.

1050 441 1211 474 indultum
1249 440 1335 484 quod
1370 439 1518 473 interdici
1546 439 1594 471 vel
1621 449 1806 471 exeommu-

1051 495 1161 536 nicari,
1187 501 1239 528 aut
1262 500 1349 527 extra
1368 494 1415 527 vel
1432 493 1516 526 ultra
1542 497 1626 525 certa
1644 492 1725 531 loca,
1752 504 1806 523 eu—

1051 550 1113 582 rias
1140 555 1171 583 et
1197 548 1371 583 tribunalia
1396 548 1435 580 ad
1456 546 1614 579 iudicium
1635 546 1719 578 trahi
1740 557 1805 579 non

1050 604 1169 647 possint
1210 615 1268 648 per
1296 603 1404 635 literas
1439 600 1631 644 apostolicas
1662 610 1727 633 non
1762 600 1805 631 sa—

1050 657 1171 690 cientes
1191 657 1319 701 plenam
1337 661 1367 689 et
1383 665 1565 699 expressam
1586 665 1623 686 ac
1646 653 1685 686 de
1708 653 1805 686 verbu

1050 710 1088 742 ad
1117 710 1251 743 verbum
1278 710 1316 743 de
1350 709 1474 741 indulto
1500 707 1687 740 huiusmodi
1717 718 1806 740 inen-

1051 763 1186 803 tione1n3
1204 775 1239 796 ac
1256 762 1455 807 quibuslibet
1471 761 1540 795 aliis
1555 760 1741 806 privilegiis,
1760 761 1808 794 in-

1050 817 1147 850 dultis
1182 823 1211 850 et
1245 818 1343 850 literis
1373 816 1576 860 apostolicis,
1602 815 1807 859 generalibus

1049 872 1096 903 vel
1118 871 1328 915 specialibus,
1351 881 1636 914 quorumcumque
1656 876 1806 903 tenorum

1051 924 1201 966 existant,
1221 936 1278 968 per
1307 935 1402 968 quae,
1426 924 1649 968 praesentibus
1669 935 1734 957 non
1757 935 1808 957 ex-

1050 991 1160 1025 pressa
1185 986 1241 1013 aut
1268 980 1408 1013 totaliter
1436 990 1503 1012 non
1522 979 1656 1017 inserta,
1680 980 1808 1013 iurisdi-

1050 1034 1165 1068 ctionis
1183 1035 1284 1079 ipsius
1300 1033 1493 1079 protectoris
1518 1034 1686 1077 explicatio
1707 1035 1808 1078 inipe-

1050 1088 1109 1120 diri
1131 1089 1231 1121 valeat
1249 1087 1492 1132 quomodolibet
1513 1087 1561 1120 vel
1577 1087 1693 1125 disseri,
1717 1094 1747 1121 et
1767 1088 1805 1120 de

1050 1142 1168 1186 quibus
1179 1153 1386 1186 quorumque
1396 1141 1469 1174 totis
1481 1141 1646 1174 tenoribus
1657 1141 1695 1173 de
1712 1141 1807 1174 verbo

1050 1196 1088 1229 ad
1108 1197 1242 1229 verbum
1267 1197 1415 1229 habenda
1442 1196 1480 1229 sit
1506 1195 1537 1229 in
1565 1194 1682 1228 nostris
1708 1194 1807 1228 literis

1050 1250 1170 1283 mentio
1191 1251 1352 1293 specialis.

1094 1306 1160 1347 {¹3-
1184 1304 1217 1336 Et
1248 1305 1326 1348 quia
1355 1304 1484 1337 difficile
1513 1304 1594 1337 foret
1623 1308 1807 1348 praesentes

1050 1357 1158 1390 literas
1178 1358 1216 1390 ad
1237 1358 1364 1401 singula
1397 1359 1486 1398 loca,
1518 1357 1637 1402 quibus
1664 1356 1726 1390 illis
1747 1368 1805 1400 pro

1050 1418 1194 1456 tempore
1216 1423 1298 1456 opus
1319 1412 1430 1453 fuerit,
1445 1412 1582 1452 deferre,
1604 1411 1752 1444 volumus
1778 1417 1807 1444 et

1049 1466 1214 1510 praedicta
1247 1467 1439 1499 auctoritate
1478 1465 1684 1499 decernimus
1720 1466 1805 1509 quod

1050 1520 1179 1553 illarum
1198 1521 1421 1564 transumptis,
1434 1531 1531 1553 manu
1552 1520 1668 1553 notarii
1685 1520 1806 1564 publici

1050 1573 1240 1618 subscriptis
1270 1580 1300 1607 et
1327 1573 1431 1617 sigillo
1460 1574 1654 1618 protectoris
1680 1575 1727 1607 vel
1758 1586 1806 1608 so-

1050 1627 1173 1660 cietatis
1188 1627 1376 1661 huiusmodi
1401 1638 1458 1661 seu
1481 1638 1639 1671 personae
1656 1627 1688 1661 in
1705 1628 1806 1672 digni-

1048 1685 1110 1713 tate
1141 1681 1358 1714 ethlesiastiea
1383 1682 1575 1716 constitutae
1600 1682 1646 1715 vel
1674 1682 1803 1717 curiae.

1050 1734 1143 1767 etiam
1166 1736 1352 1776 saecularis,
1372 1735 1516 1776 munitis,
1539 1736 1651 1769 eadem
1672 1747 1806 1780 prorsus

1050 1788 1128 1821 fides
1143 1789 1347 1830 adhibeatur,
1361 1801 1444 1834 quae
1460 1791 1670 1824 adhiberetur
1685 1790 1805 1823 eisdem

1050 1843 1273 1885 praesentibus
1291 1870 1298 1884 ‚
1342 1844 1366 1876 si
1407 1845 1512 1878 forent
1553 1845 1713 1878 exhibitae
1757 1846 1804 1877 vel

1048 1901 1205 1930 ostensae.

1093 1951 1206 1983 Datum
1234 1952 1353 1985 Romae
1375 1953 1459 1996 apud
1485 1953 1638 1987 Sanctum
1661 1953 1802 1993 Petrum,

1049 2004 1108 2037 sub
1125 2006 1244 2038 annulo
1268 2006 1453 2045 Piscatoris,
1473 2007 1523 2040 die
1544 2017 1607 2040 xxn
1628 2007 1746 2040 [nemi--
1764 2009 1806 2039 ia-

1050 2059 1156 2091 nuarii
1172 2069 1265 2100 imm,
1283 2060 1490 2104 pontificatus
1506 2061 1606 2094 nostri
1623 2072 1707 2094 anno
1725 2072 1744 2094 1.

1069 2118 1128 2148 ltat.
1152 2119 1198 2147 die
1222 2118 1259 2148 22
1283 2120 1408 2149 ianuarii
1434 2119 1520 2156 «1560,
1544 2120 1645 2159 pontif.
1668 2130 1744 2150 auno
1769 2130 1786 2150 t.

1413 2240 1459 2272 lv.

1046 2305 1227 2338 Moderatio
1247 2308 1488 2340 constitutionis
1502 2309 1603 2341 Pauli
1622 2309 1682 2347 JV,
1700 2310 1806 2343 editae

1094 2364 1205 2392 contra
1238 2361 1401 2403 reliyiosos
1436 2366 1611 2404 apostata&
1641 2367 1697 2396 aut
1721 2364 1805 2396 male

1094 2415 1280 2453 translatos,
1303 2416 1350 2448 rel
1370 2421 1463 2449 ertra
1480 2417 1622 2450 claustra
1636 2422 1800 2461 vagantes.

1136 2482 1197 2511 Pius
1217 2484 1360 2519 episcopus
1383 2491 1478 2513 servus
1494 2492 1635 2514 servorum
1654 2486 1714 2517 Det.

1195 2533 1228 2560 ad
1247 2534 1410 2568 perpetuam
1428 2533 1469 2562 rei
1488 2535 1658 2564 memoriam.

1093 2590 1183 2623 Sedis
1202 2591 1403 2635 Apostolicae
1415 2593 1555 2633 solertia,
1574 2594 1650 2627 dum
1667 2595 1703 2627 ad
1722 2595 1803 2627 salu-

1047 2645 1115 2672 tare
1126 2641 1343 2684 quorumdam
1360 2642 1540 2676 remedium
1557 2647 1697 2677 extructa
1712 2643 1742 2675 in
1753 2654 1805 2676 eo·

1822 219 1873 247 An.
1891 219 1919 246 C,
1937 219 2005 246 {560

1850 1307 1911 1329 Fide:
1948 1311 2008 1329 tran-

1823 1343 1959 1367 sumptorum.

1845 2607 1955 2630 Exordium
1965 2623 1969 2628 .
