2237 3100
38 267 87 296 An.
104 266 132 293 C¹
154 265 220 293 1569

76 590 220 612 confratribus

10 623 11 626 ’
39 623 124 643 infirmi·
166 623 220 643 domi

38 654 112 675 missas
125 653 222 674 celebra-

38 687 55 707 ri
69 685 185 710 cont-essin

48 1020 175 1049 Cappellano
183 1020 221 1041 de—

36 1053 66 1074 dit
97 1052 220 1073 facultatem

37 1090 74 1111 pro
89 1084 220 1104 condemna-

37 1116 64 1136 tis
73 1115 98 1136 de
114 1117 178 1136 nocte
187 1119 223 1135 ce-

37 1146 120 1168 lebrare
141 1151 221 1173 eosque

37 1178 148 1199 absolvere
155 1181 176 1198 et
182 1179 223 1198 eis-

37 1210 84 1231 dem
107 1209 221 1235 indulgen-

38 1243 78 1263 tias
96 1242 206 1265 impartiri.

73 1830 112 1852 Hic
127 1829 223 1852 Pontifex

39 1863 111 1883 omnia
119 1861 223 1889 approbat

39 1896 61 1914 et
69 1892 166 1916 detectus
175 1899 225 1920 sup-

38 1925 91 1954 plen

908 262 976 286 Plus
999 263 1018 287 V
1042 262 1089 286 ΡΡ.

1676 250 1734 284 771

235 318 307 359 tias,
338 316 555 360 indulgentias
581 320 608 348 et
639 315 701 349 alia
730 315 908 360 praemissa
929 326 987 359 per
1030 314 1271 358 requisitarum‚
1292 314 1400 347 forsan
1427 313 1622 347 emissarum
1652 314 1785 358 supple-

235 370 420 416 praedictos
441 370 705 414 praedecessores
731 370 834 403 dictae
861 370 988 402 confra-

236 423 379 458 ternitati
397 423 551 468 illiusque
577 423 794 457 confratribus
819 434 988 457 concessas

236 485 267 512 et
293 487 453 512 concessa*
465 478 677 522 approbando
698 483 729 510 et
748 477 986 511 confirmando.

279 531 368 577 5⁹20.
403 532 598 576 Eisdemque
628 531 845 565 confratribus
879 531 986 574 quod,

236 586 313 630 ipsis
338 586 476 619 infirmis
497 585 719 625 existentibus,
743 585 775 618 in
796 595 909 618 eorum
931 585 989 617 do—

236 640 343 674 mibus
369 639 500 673 missam
515 666 522 680 ,
546 650 605 683 per
629 639 854 683 presbyterum
879 649 990 671 saecu-

235 695 337 728 larem
355 694 405 727 vel
436 694 618 737 regularem
639 693 679 725 ad
700 703 813 726 eorum
834 692 989 736 benepla-

235 748 336 782 citum
366 747 566 791 eligendum,
587 746 723 790 singulis
748 746 876 787 diebus,
911 747 990 779 dum

235 812 350 835 eorum
388 800 561 834 infirmitas
599 800 744 841 duraret,
784 800 881 833 etiam
917 804 990 832 ante

235 855 334 896 diem,
347 854 380 888 in
391 865 467 888 casu
478 854 689 895 necessitatis,
700 859 729 886 et
741 853 827 886 circa
839 853 990 886 diurnam

235 910 354 949 lucem,
377 907 537 942 celebrari
557 908 664 941 facere
685 907 787 940 libere
805 912 947 951 possent.

279 964 295 1008 ἓ
314 962 368 996 21.
381 963 515 996 Necnon
527 962 627 1005 quod,
638 962 665 994 si
677 961 868 1005 cappellano
886 961 991 994 dictae

235 1016 510 1052 confraternitatis
531 1020 691 1049 constaret
709 1021 737 1049 et
756 1015 992 1047 sibivideretur

235 1072 338 1106 dictos
358 1070 624 1104 condemnandos
645 1070 685 1102 ad
706 1069 858 1102 ultimum
870 1068 993 1112 suppli-

236 1126 324 1159 cium
344 1135 413 1158 esse
442 1124 615 1168 dispositos
636 1124 675 1156 ad
696 1123 923 1166 recipiendum
944 1133 993 1155 sa-

236 1184 442 1214 crosanctum
477 1177 701 1211 Eucharistiae
731 1182 991 1217 sacramentum,

234 1238 343 1278 posset
363 1232 397 1265 in
417 1242 532 1266 eorum
553 1231 750 1275 praesentia,
773 1230 921 1263 etiamde.
934 1240 992 1263 no-

235 1293 297 1327 cte,
310 1286 345 1319 in
356 1296 433 1319 casu
444 1284 656 1325 necessitatis,
670 1284 800 1317 missam
812 1283 990 1324 celebrare,

236 1346 268 1375 et
293 1339 532 1374 absolutionem
565 1350 601 1372 ac
627 1338 864 1382 indulgentiam
882 1338 1003 1382 plena:

237 1395 320 1428 riam
339 1395 373 1427 in
392 1394 497 1427 forma
518 1393 651 1426 iubilaei
672 1392 875 1436 impendere,
898 1397 925 1424 et
946 1391 994 1424 di-

236 1455 325 1483 ctum
344 1447 566 1482 Eucharistiae
594 1451 834 1480 sacramentum
863 1445 908 1479 eis
935 1445 994 1477 mi-

236 1503 388 1543 nistrare,
425 1501 576 1535 similiter
605 1500 765 1534 concessit.
784 1505 814 1533 et
845 1499 990 1540 indulsit,

236 1562 335 1602 prout
349 1557 384 1590 in
398 1555 536 1600 singulis
555 1555 847 1600 praedecessorum
868 1554 993 1597 suppli—

237 1610 421 1645 cationibus
441 1610 584 1654 desuper
603 1608 780 1652 designatis
801 1619 857 1641 seu
877 1607 993 1640 litteris

237 1665 377 1709 desuper
396 1664 505 1698 forsan
522 1662 679 1708 expeditis
698 1662 795 1695 latius
816 1667 845 1695 et
866 1661 993 1705 plenius

237 1718 398 1753 contineri
418 1717 550 1751 dicitur.

281 1773 297 1817 ἓ
316 1771 370 1806 22.
392 1772 457 1806 Nos
475 1771 588 1815 igitur,
611 1770 667 1815 qui
689 1781 738 1811 ca,
762 1780 845 1813 quae
864 1780 880 1802 a
901 1779 994 1813 prae-

238 1826 464 1862 decessoribus
493 1824 613 1859 nostris
633 1824 678 1857 ita
703 1824 756 1868 pie
777 1829 808 1857 et
828 1823 993 1856 caritative

237 1891 391 1915 concessa
411 1886 442 1914 et
477 1879 629 1914 ordinata
648 1889 717 1912 esse
741 1883 932 1918 noscuntur,
959 1882 992 1909 ut

237 1936 332 1970 firma
351 1939 510 1979 perpetuo
527 1940 559 1967 et
578 1933 703 1966 illibata
719 1932 904 1977 persistant,
917 1941 994 1974 apo-

237 1989 370 2024 stolicae
385 1988 644 2023 confirmationis
662 1986 843 2020 munimine
854 1985 994 2018 libenter

237 2044 443 2085 roboramus,
466 2053 580 2077 eorum
604 2041 746 2085 vestigiis
772 2041 991 2079 inhaerentes,

238 2104 328 2133 motu
351 2098 450 2132 simili
472 2103 501 2131 et
519 2108 556 2131 ex
575 2102 664 2130 certa
681 2101 791 2129 nostra
811 2093 945 2127 scientia
957 2103 994 2125 ac

238 2153 278 2187 de
297 2153 494 2198 apostolicae
515 2150 681 2196 potestatis
702 2148 918 2194 plenitudine,
937 2147 994 2179 do-

238 2207 425 2248 nationem,
463 2205 707 2245 concessiones,
743 2202 991 2247 ampliationes,

238 2262 417 2307 privilegia,
455 2261 591 2300 indulta,
612 2259 743 2304 gratias,
776 2255 993 2299 indulgentias

239 2322 270 2350 et
289 2321 498 2360 peccatorum
516 2313 724 2348 remissiones
744 2322 780 2345 ac
811 2310 873 2343 alia
899 2320 993 2353 prae-

239 2370 336 2404 missa
355 2368 614 2403 confraternitati
633 2365 873 2401 Misericordiae
890 2363 994 2396 illius-

238 2419 305 2468 que*
312 2422 528 2457 confratribus
538 2420 711 2466 praedictis
723 2430 782 2463 per
791 2419 809 2451 d
816 2419 894 2451 ictos
904 2427 995 2461 prae-

239 2474 424 2507 decessores
442 2478 570 2505 nostros
587 2468 831 2514 quomodolibet
861 2476 994 2499 eonces-

240 2533 290 2556 sas
301 2528 329 2556 et
342 2532 506 2562 concessa,
520 2531 594 2554 cum
606 2519 758 2553 omnibus
776 2517 850 2549 inde
862 2515 991 2555 secutis,

241 2582 278 2605 ac
290 2572 437 2606 omnium
451 2577 483 2605 et.
494 2570 711 2614 singulorum,
726 2574 790 2601 tam
803 2565 882 2599 iuris
896 2576 994 2608 quam

242 2621 328 2663 facti,
350 2621 376 2654 si
397 2621 452 2665 qui
470 2621 503 2654 in
524 2618 711 2664 praemissis
740 2618 993 2657 intervenerunt,

243 2671 424 2706 defectuum
445 2682 481 2705 ac
492 2669 745 2710 solemnitatum,
758 2667 854 2701 etiam
867 2667 905 2700 de
923 2667 994 2700 iure

1028 369 1128 409 tione,
1159 368 1389 412 approbamus,
1421 367 1655 401 confirmamus
1675 373 1704 400 et
1735 367 1784 400 in-

1029 433 1204 463 novamus,
1240 422 1371 465 illisque
1410 426 1587 466 perpetuae
1621 421 1784 454 firmitatis

1030 476 1132 509 robur
1143 476 1327 517 adiicimus,
1341 481 1369 509 et
1384 475 1423 508 ab
1444 475 1596 508 omnibus
1616 485 1698 518 quos
1710 485 1787 508 con-

1031 530 1135 563 cernit
1167 536 1197 563 et
1218 530 1251 562 in
1272 530 1417 562 futurum
1439 534 1662 569 concerneret,
1682 528 1786 562 invio—

1031 584 1173 617 labiliter
1194 584 1357 617 observari
1379 583 1499 617 debere
1512 594 1520 624 ;
1549 583 1679 617 irritum
1705 594 1786 627 quo-

1032 649 1095 681 que
1111 642 1169 671 etc.
1193 637 1411 670 decernimus.

1076 690 1162 735 {522}
1190 691 1260 724 Non
1281 691 1485 725 obstantibus
1519 691 1686 735 quibusvis
1711 701 1787 725 con-

1032 745 1255 779 stitutionibus
1284 746 1482 789 apostolicis,
1503 756 1539 779 ac
1554 745 1694 786 statutis,
1716 750 1786 785 etc„

1033 800 1130 833 etiam
1148 799 1344 839 iuramento,
1366 804 1424 833 etc.
1446 799 1627 839 roboratis3
1659 799 1789 843 privile-

1032 853 1092 896 giis
1110 863 1251 896 quoque,
1270 853 1404 886 indultis
1425 858 1453 886 et
1470 853 1587 886 litteris
1603 852 1788 897 apostolicis

1033 907 1214 950 ceterisque
1231 907 1402 940 contrariis
1420 907 1693 951 quibuscumque,
1713 917 1787 940 cum

1033 961 1186 994 clausulis
1207 961 1401 1005 opportunis
1418 966 1445 994 et
1465 960 1639 994 consuetis,

1205 1015 1285 1047 Fiat.
1312 1015 1398 1048 Motu
1418 1015 1564 1058 proprio.
1590 1014 1629 1047 M.

1078 1070 1093 1111 ξ
1114 1068 1167 1101 24.
1191 1069 1227 1101 Et
1253 1080 1326 1102 cum
1348 1069 1553 1102 absolutione
1582 1079 1600 1101 a
1628 1068 1786 1110 censuris,

1034 1123 1074 1156 ad
1095 1123 1245 1156 effectum
1272 1127 1344 1163 etc„
1367 1133 1427 1166 pro
1448 1122 1613 1162 omnibus3
1636 1128 1665 1156 et
1701 1122 1789 1166 quod

1802 734 1833 759 111.

1799 259 1850 287 An.
1868 260 1895 286 C.
1915 260 1981 289 1569

1814 737 1817 739 -
1829 708 1936 743 (loturam
1948 729 1975 748 tol

1880 1113 1986 1140 Repetitio

1805 1146 1953 1167 clausularum.

1035 1177 1249 1210 donationum
1280 1176 1540 1217 concessionum,
1572 1175 1788 1217 indultorum,
1833 1211 1839 1217 ,

1035 1230 1283 1274 ampliationum
1296 1258 1303 1272 ,
1339 1230 1535 1273 gratiarum,
1572 1229 1790 1273 indulgentia-

1036 1295 1108 1316 rum
1130 1290 1159 1317 et
1180 1290 1389 1328 peccatorum
1411 1284 1641 1317 remissionum
1662 1289 1693 1316 et
1713 1283 1791 1317 alio-

1036 1348 1108 1370 rum
1126 1338 1394 1381 praemissorum,
1417 1348 1476 1381 per
1496 1337 1681 1381 praedictos
1698 1348 1791 1380 prae-

1036 1391 1221 1424 decessores
1243 1397 1370 1424 nostros
1391 1397 1419 1424 et
1442 1391 1548 1424 dictae
1577 1390 1792 1424 confraterni-

1036 1445 1091 1478 tati
1114 1451 1142 1478 et
1179 1445 1264 1478 illius
1299 1445 1518 1478 confratribus
1547 1455 1789 1485 concessorum,

1035 1499 1176 1532 veriores
1199 1505 1325 1532 tenores
1346 1504 1404 1532 etc.
1436 1499 1619 1532 habeantur
1650 1509 1710 1542 pro
1740 1509 1792 1532 ex-

1037 1553 1166 1596 pressis,
1190 1564 1246 1586 seu
1268 1553 1301 1585 in
1322 1559 1426 1586 totum
1446 1553 1494 1586 vel
1516 1553 1549 1585 in
1579 1558 1704 1597 partem
1740 1563 1792 1586 ex·

1037 1608 1133 1652 primi
1161 1607 1282 1652 possint
1304 1607 1338 1640 in
1358 1607 1484 1641 litteris.
1509 1607 1547 1641 Et
1572 1608 1611 1640 de
1632 1607 1792 1651 approba-

1036 1662 1136 1702 tione,
1167 1661 1428 1703 conflrmatione,
1467 1661 1682 1701 invocatione,
1716 1672 1792 1705 sup-

1036 1716 1189 1760 pletione,
1206 1716 1399 1756 adiectione,
1430 1715 1569 1756 indulto,
1589 1715 1788 1756 extensione,

1036 1770 1269 1814 propagatione
1290 1769 1475 1814 praedictis,
1496 1770 1535 1803 de
1557 1776 1588 1803 et
1608 1780 1667 1813 pro
1684 1769 1790 1803 omni-

1035 1824 1095 1856 bus
1117 1830 1147 1857 et
1167 1823 1303 1867 singulis
1325 1823 1533 1867 supradictis,
1553 1833 1638 1867 quae
1657 1823 1711 1856 hic
1732 1834 1791 1867 pro

1037 1877 1182 1921 repetitis
1195 1878 1234 1910 ad
1250 1883 1377 1921 partem
1396 1877 1591 1917 habeantur,
1611 1882 1701 1910 motu
1713 1888 1790 1921 pro-

1036 1931 1108 1975 prio
1128 1935 1186 1964 etc.
1211 1942 1247 1964 ac
1276 1936 1436 1975 perpetuo
1456 1931 1489 1963 in
1510 1930 1615 1963 forma
1635 1930 1788 1973 gratiosa:

1036 1992 1065 2019 et
1086 1996 1161 2018 cum
1187 1991 1384 2029 opportuna,
1406 1985 1432 2017 si
1466 1995 1548 2028 opus
1568 1984 1621 2025 sit,
1644 1984 1789 2017 iudicum

1036 2045 1245 2083 executorum
1281 2038 1504 2083 deputatione,
1536 2038 1593 2082 qui
1627 2038 1788 2078 assistant,

1036 2099 1108 2134 etth,
1132 2105 1205 2127 cum
1226 2093 1323 2137 plena
1343 2098 1372 2126 et
1384 2093 1488 2125 libera
1506 2091 1657 2125 facultate
1668 2091 1789 2125 citandi

1036 2148 1133 2181 etiam
1163 2158 1222 2192 per
1257 2147 1400 2181 edictum
1430 2146 1612 2191 publicum,
1650 2145 1789 2179 constito

1035 2202 1211 2236 summarie
1247 2206 1305 2235 etc.
1329 2202 1369 2235 dc
1390 2211 1455 2234 non
1480 2206 1550 2234 tuto
1579 2211 1722 2240 accessu;
1753 2211 1791 2233 ac

1036 2256 1219 2297 inhibendi,
1252 2261 1279 2290 et
1311 2256 1370 2289 sub
1406 2254 1574 2289 sententiis
1595 2260 1623 2288 et
1645 2255 1791 2288 censuris

1037 2315 1261 2349 ecclesiasticis
1281 2325 1317 2348 ac
1338 2314 1434 2348 etiam
1451 2313 1659 2358 pecuniariis,
1676 2324 1790 2347 eorum

1036 2374 1172 2407 arbitrio
1183 2373 1392 2407 moderandis
1402 2378 1430 2405 et
1440 2372 1653 2416 applicandis,
1662 2372 1789 2416 poenis;

1036 2443 1072 2465 ac
1112 2431 1306 2476 aggravandi
1341 2435 1414 2471 etc.;
1445 2430 1701 2464 contradictores
1731 2435 1788 2464 etc.

1037 2502 1094 2535 per
1111 2501 1334 2534 quascumque
1355 2489 1401 2521 eis
1416 2488 1580 2522 videbitur
1597 2499 1750 2522 censuras
1760 2495 1792 2522 et

1036 2559 1157 2593 poenas
1176 2547 1417 2592 compescendi,
1432 2546 1577 2580 invocato
1593 2550 1651 2580 etc.
1665 2546 1790 2580 brachii

1037 2608 1224 2646 saecularis;
1247 2617 1321 2640 cum
1342 2605 1554 2649 derogatione
1587 2605 1792 2639 constitutio-

1036 2676 1114 2699 num
1135 2666 1175 2699 de
1194 2676 1259 2699 una
1279 2671 1310 2699 et
1329 2663 1469 2705 duabus,
1483 2673 1548 2698 non
1559 2669 1668 2698 tamen
1685 2663 1790 2699 tribus
