2237 3100
290 297 343 325 An.
360 298 389 326 C.
407 298 474 326 ¹56&

290 359 388 379 cultatem
418 360 473 380 dedit

291 392 395 411 vendendi
415 398 473 418 quais-

290 427 378 449 rumque
417 429 451 443 res
467 440 471 449 ,

290 455 351 473 etiam
382 460 473 475 concer-

288 488 364 505 nentes
376 485 426 505 alias
438 492 473 506 ar-

289 519 328 540 teS,
340 518 359 535 et
376 517 471 539 crisendi

288 552 350 566 uuum
367 546 443 572 collegi

350 2128 465 2154 Collegium

285 2161 357 2181 statutt
387 2166 467 2180 consu*

284 2191 316 2213 les
337 2196 467 2217 cognoscere

285 2229 359 2243 causus
370 2224 393 2243 dc
406 2223 468 2242 rebus

285 2255 429 2281 spectantibus
444 2254 467 2273 ad

285 2290 363 2311 8110111,
403 2290 468 2311 usque

285 2319 309 2338 ad
319 2320 468 2344 quamcumque

286 2354 385 2369 summam
414 2351 469 2367 mter

287 2380 382 2400 homines
398 2379 422 2399 de
439 2384 470 2397 :ir-

285 2414 321 2435 10,
339 2413 359 2431 el
375 2412 429 2429 inter
446 2416 470 2427 a·

286 2441 325 2462 lius
350 2446 415 2467 u‘que
445 2440 469 2459 nd

286 2475 353 2494 durat.
371 2477 420 2492 ux:

533 286 596 324 ⁶268

492 351 572 384 riam
607 350 803 384 Trivisanum
833 350 1004 390 Venetum,
1041 355 1117 383 tunc
1147 350 1239 383 Urbis

489 411 680 445 senatorem,
702 405 820 438 eisdem
843 404 976 446 collegio
993 408 1022 435 et
1043 403 1238 437 universitati

488 459 698 500 habilitatem,
724 458 898 498 licentiam,
921 457 1116 499 facultatem,
1139 457 1237 491 liber-

487 518 583 546 tatem
613 519 643 546 et
673 517 860 557 potestatem
890 522 1111 555 quascumque
1138 523 1188 545 res
1208 516 1238 545 et

486 567 662 610 spetiarias,
687 567 818 605 ferreas,
850 570 1028 609 argenteas
1051 576 1165 599 aureas
1190 566 1236 599 vel

485 620 562 653 alias
586 620 729 653 humano
751 619 822 652 usui
857 618 1053 652 necessarias
1078 623 1108 651 et
1136 619 1236 663 perti-

485 679 609 713 nentes,
639 674 733 706 etiam
754 683 977 717 quascumque
1006 672 1083 705 alias
1103 677 1187 706 artes
1207 679 1237 706 et

485 727 644 759 artificum
671 737 897 771 quaecumque
924 726 1059 769 collegia
1078 726 1110 759 in
1130 726 1236 770 specie

484 780 728 823 quomodolibet
748 785 992 820 concernentes,
1014 780 1237 824 exponendiet

485 834 642 877 expositas
662 833 790 878 publice
812 834 907 867 etiam
932 844 990 878 per
1014 834 1131 867 Urbem
1160 845 1235 879 por-

484 888 583 925 tandi,
605 888 772 927 vendendi,
790 888 856 920 sine
877 887 1039 931 aliquibus
1055 889 1235 931 quomodo-

484 941 559 974 libet
581 942 625 975 eis
649 954 667 975 a
686 952 851 986 quoquam
868 941 1004 974 aliarum
1025 941 1141 975 artium
1160 953 1234 986 pro-

484 995 587 1038 posito
604 996 770 1029 obstaculo
791 1005 846 1028 seu
867 994 1111 1039 impedimento,
1134 995 1235 1040 impo-

484 1048 543 1081 sito
569 1050 616 1082 vel
646 1049 825 1090 inserendo,
854 1048 1069 1089 concessisse;
1102 1059 1161 1082 nec
1195 1050 1235 1082 ob

484 1102 515 1134 id
535 1102 621 1136 aliud
642 1114 739 1146 quam
760 1113 862 1135 unum
888 1107 919 1135 et
939 1102 1023 1135 idem
1047 1102 1234 1136 merciario-

484 1166 556 1188 rum
573 1157 758 1199 collegium,
782 1156 836 1189 sed
857 1166 1003 1189 seorsum
1024 1155 1062 1188 ab
1083 1156 1165 1197 aliis,
1189 1157 1234 1189 uti

483 1210 562 1243 haec
583 1210 666 1243 alma
687 1210 768 1243 Urbs
793 1210 825 1242 in
847 1220 908 1242 usu
932 1209 1083 1252 hahebat,
1111 1210 1234 1243 censeri

483 1264 664 1303 mandasse,
687 1274 746 1296 nec
767 1263 862 1296 etiam
881 1273 918 1296 ea
934 1274 967 1296 re
989 1264 1107 1307 cuique
1132 1264 1233 1296 dicta-

482 1328 555 1350 rum
576 1318 713 1350 aliarum
739 1317 857 1350 artium
884 1317 1019 1360 collegio
1041 1317 1234 1361 collegiique

482 1370 666 1415 praeposito
702 1371 787 1414 ipsos
820 1370 987 1403 universos
1025 1376 1055 1403 et
1091 1371 1235 1414 singulos

482 1424 670 1458 merciarios
690 1424 783 1457 Urbis
803 1423 873 1457 fieri
898 1423 1059 1456 subiectos
1083 1424 1230 1457 voluisse.

482 1477 631 1517 Quinimo
670 1478 758 1521 ipsos
778 1488 890 1510 omnes
908 1504 915 1517 ,
938 1483 1102 1521 tamquam
1138 1478 1233 1510 mini-

483 1536 617 1565 strantes
637 1531 771 1574 negocia
792 1537 819 1564 et
848 1531 1014 1572 exercitia,
1046 1542 1128 1575 quae
1154 1531 1234 1565 ube-

482 1584 600 1618 riorem
623 1585 780 1618 civitatem
802 1585 904 1625 alunt,
934 1585 1017 1617 tueri
1039 1590 1069 1617 et
1089 1590 1235 1618 manute-

482 1639 552 1672 neri
591 1649 627 1671 ac
656 1637 783 1671 defendi
818 1637 981 1671 censuisse
1014 1638 1054 1670 ab
1084 1638 1234 1672 omnibus

483 1691 767 1731 contrariantibus,
790 1692 926 1724 maxime
948 1691 986 1724 ab
998 1692 1059 1731 liis,
1073 1693 1140 1735 qni,
1165 1704 1234 1725 ava-

482 1745 554 1779 ritia
574 1746 673 1785 ducti,
697 1756 808 1778 earum
830 1756 939 1778 rerum
957 1745 1116 1778 faciebant
1131 1745 1234 1790 pretia

483 1799 617 1832 cariora.
646 1798 798 1842 Idemque
832 1804 960 1831 senator
987 1799 1149 1841 praefatus
1178 1810 1235 1842 per

483 1862 669 1885 concessam
691 1856 881 1895 potestatem
901 1862 918 1883 a
943 1850 1119 1891 Bonisacio,
1142 1863 1234 1895 prae-

483 1905 650 1939 decessore
667 1910 787 1946 nostro,
812 1904 905 1938 etiam
923 1904 1112 1938 auctoritate
1129 1911 1159 1938 et
1179 1916 1235 1949 po-

483 1965 594 1993 testate
628 1966 768 1999 senatus,
805 1960 979 2003 praemissa
1014 1959 1182 1993 sancivisse
1205 1965 1235 1992 et

484 2019 641 2058 perpetuo
666 2013 800 2046 valitura
826 2012 1035 2045 mandavisse.

526 2067 541 2110 ἓ
566 2067 596 2100 3.
624 2067 797 2110 Ipsumque
828 2065 998 2109 collegium
1022 2071 1052 2098 et
1077 2065 1233 2098 universi-

483 2126 578 2154 tatem
608 2121 765 2154 nonnulla
789 2125 905 2153 statuta
930 2120 969 2152 ad
989 2119 1109 2152 dictum
1132 2119 1233 2153 tribu-

483 2175 535 2207 nal
563 2180 593 2208 et
622 2174 660 2207 ad
689 2179 789 2207 artem
814 2172 1002 2206 huiusmodi
1032 2172 1231 2213 necessaria,

483 2227 515 2261 in
536 2228 618 2261 libro
639 2233 830 2261 statutorum
861 2227 1020 2271 descripta
1049 2226 1184 2259 edidisse
1205 2233 1235 2260 et

484 2281 660 2320 ordinasse,
693 2281 811 2325 illaque
840 2291 898 2324 per
921 2285 1085 2313 senatores
1110 2285 1138 2312 et
1160 2291 1235 2313 con-

485 2342 660 2370 servatores
694 2336 868 2380 respective
903 2335 1080 2380 approbata
1105 2341 1135 2368 et
1161 2346 1235 2368 con-

484 2389 610 2423 firmata
636 2390 743 2423 fuisse.
764 2390 797 2422 Et
811 2389 992 2429 novissime,
1014 2389 1097 2421 inter
1117 2395 1233 2429 cetera,

485 2444 629 2476 statuisse
656 2449 684 2476 ct
711 2443 875 2476 ordinasse
903 2443 988 2486 quod
1015 2443 1163 2475 consules
1186 2443 1235 2476 ius

485 2497 513 2524 et
535 2493 691 2525 rationem
727 2492 809 2524 inter
835 2492 983 2524 homines
1016 2491 1091 2524 artis
1118 2497 1148 2523 et
1177 2502 1234 2535 pro

484 2541 743 2585 quibuscun‘ique
760 2541 864 2573 causis
881 2541 919 2573 ad
935 2546 1036 2573 artem
1048 2540 1234 2573 huiusmodi

485 2590 701 2633 spectantibus
735 2596 762 2622 et
796 2589 1031 2632 pertinentibus
1065 2596 1095 2623 et
1122 2589 1160 2621 ab
1191 2589 1235 2622 eis

484 2639 740 2682 dependentibus
778 2650 879 2682 usque
914 2639 952 2671 ad
994 2649 1234 2682 quamcumque

485 2698 644 2722 summam
660 2687 710 2721 ius
728 2687 861 2721 reddere
881 2688 1017 2729 valeant3
1036 2693 1065 2720 et
1081 2687 1105 2721 si
1121 2687 1235 2731 aliquis

1085 297 1264 322 BULLARIUM
1288 296 1438 321 ROMANUM

1282 349 1383 393 ipsius
1403 348 1480 382 artis
1496 347 1681 382 conveniret
1699 346 1732 381 in
1751 347 1871 382 iudicio
1892 347 2032 391 aliquam

1281 403 1376 436 aliam
1398 413 1580 446 personam,
1604 412 1686 445 quae
1702 412 1767 435 non
1787 408 1869 435 esset
1889 402 2033 435 eiusdem

1280 456 1368 497 artis,
1396 455 1573 489 dummodo
1597 455 1679 488 soret
1702 466 1761 499 pro
1796 466 1830 489 re
1863 455 1902 488 ad
1931 460 2033 488 artem

1280 511 1381 554 ipsam
1404 514 1578 553 spectante,
1606 510 1765 550 consules,
1786 509 1840 554 qui
1861 520 1920 553 pro
1950 514 2032 542 tem-

1280 574 1357 607 pore
1379 563 1510 603 suerint,
1533 562 1787 596 iurisdictionem
1808 568 1920 596 contra
1939 563 2031 602 tales,

1280 617 1516 659 cuiuscumque
1546 621 1657 657 status,
1692 617 1810 660 gradus
1839 621 1895 650 aut
1919 615 2031 649 condi-

1278 670 1375 704 tionis
1399 670 1542 710 existant,
1560 675 1702 703 ementes
1721 670 1806 703 bona
1821 670 1925 704 dictae
1945 669 2032 710 artis,

1279 730 1309 757 et
1333 723 1411 757 alias
1439 735 1537 768 super
1566 723 1611 757 eis
1644 723 1888 768 quomodolibet
1907 728 2032 757 contra-

1278 779 1391 812 hentes
1409 783 1597 819 conventos,
1619 789 1721 822 usque
1741 778 1780 811 ad
1800 789 1961 811 summam
1978 777 2034 811 tri-

1278 832 1365 876 ginta
1381 833 1575 866 ducatorum
1595 832 1666 865 auri
1686 832 1719 864 in
1739 842 1819 865 auro
1840 831 1879 865 de
1899 831 2033 865 Camera

1279 886 1444 927 haberent,
1463 891 1493 918 et
1506 896 1662 929 personae
1684 885 1728 918 sic
1746 889 1920 918 conventae
1939 884 2034 918 iuris-

1278 940 1452 973 dictionem
1486 939 1691 981 huiusmodi,
1718 950 1821 984 usque
1854 939 1893 972 ad
1913 939 2032 972 dictam

1278 1005 1438 1028 summam
1460 993 1624 1035 inclusive,
1646 993 1705 1027 sub
1725 993 1837 1037 quovis
1851 998 2030 1038 praetextu,

1279 1059 1374 1081 causa
1394 1047 1441 1080 vel
1460 1047 1642 1088 occasione,
1670 1047 1766 1080 etiam
1786 1047 1811 1080 si
1838 1052 1944 1081 essent
1971 1057 2032 1080 no—

1277 1102 1357 1135 biles
1377 1107 1407 1134 et
1427 1101 1563 1134 Romani
1593 1101 1688 1142 cives,
1716 1101 1809 1134 Urbis
1838 1100 1962 1134 incolae
1982 1100 2032 1134 vel

1278 1155 1416 1187 curiales
1454 1165 1575 1195 omnes,
1604 1165 1661 1187 seu
1687 1153 1764 1187 alias
1797 1153 2030 1197 quoquomodo

1277 1208 1439 1241 declinare
1459 1219 1523 1241 non
1545 1208 1678 1252 possint.

1321 1263 1335 1306 ξ
1356 1262 1386 1294 4.
1411 1262 1448 1295 Ε1
1467 1273 1507 1295 110
1527 1261 1561 1295 111
1581 1272 1776 1305 unaquaque
1797 1271 1924 1295 summa
1939 1271 2032 1305 prae-

1277 1317 1376 1349 sentia
1398 1316 1514 1349 notarii
1535 1322 1565 1349 et
1585 1316 1671 1348 illius
1695 1315 1857 1359 stipulatio
1887 1315 2032 1358 requira-

1277 1376 1348 1409 tur,
1384 1369 1532 1403 statuisse
1570 1369 1656 1413 quod
1686 1368 1852 1402 codicibus
1885 1374 1916 1402 et
1941 1368 2031 1401 libris

1277 1424 1439 1456 rationum
1470 1422 1737 1463 merciariorum,
1768 1421 2030 1463 velectariorum,

1277 1476 1563 1517 berrectariorum,
1587 1476 1800 1509 setarolorum
1830 1486 1886 1509 seu
1913 1475 2032 1509 bande-

1277 1529 1439 1563 rariorum
1461 1529 1563 1563 dictae
1593 1529 1808 1563 universitatis
1836 1533 1868 1562 et
1891 1528 2030 1562 aliorum

1277 1584 1420 1617 eiusdem
1440 1583 1566 1627 collegii
1587 1583 1753 1624 confectis,
1776 1593 1880 1626 usque
1891 1583 1931 1616 ad
1945 1593 2032 1616 sum-

1277 1649 1362 1670 mam
1383 1638 1511 1681 triginta
1532 1638 1724 1671 ducatorum
1745 1636 1816 1670 auri
1832 1636 1871 1670 de
1886 1636 2030 1677 Camera,

1278 1692 1428 1725 omuibus
1448 1691 1572 1736 partitis
1601 1691 1746 1725 eiusdem
1772 1691 1904 1724 rationis
1934 1689 2028 1724 simul

1277 1746 1472 1789 computatis
1493 1745 1586 1789 plene
1615 1745 1767 1778 credatur
1791 1750 1822 1778 et
1841 1744 1920 1778 fides
1939 1744 2031 1777 adhi-

1277 1799 1400 1839 beatur,
1413 1810 1486 1832 cum
1505 1799 1700 1838 iuramento,
1724 1804 1836 1832 contra
1855 1808 2030 1842 quoscum-

1276 1864 1351 1896 que.
1378 1853 1463 1885 Inter
1493 1852 1640 1886 Iiomines
1664 1863 1737 1885 vero
1762 1851 1801 1884 de
1831 1856 1898 1884 arte
1925 1861 2028 1895 usque

1276 1906 1315 1939 ad
1335 1917 1576 1950 quamcumque
1592 1916 1752 1939 summam
1762 1905 1931 1938 occasione
1947 1915 2029 1938 mer-

1277 1960 1392 1994 ciariae
1422 1966 1452 1994 et
1480 1960 1652 1994 cuiuslibet
1683 1959 1815 1993 alterius
1840 1958 1966 2003 generis
1989 1958 2028 1991 ad

1276 2019 1377 2047 artem
1411 2013 1597 2047 huiusmodi
1627 2013 1827 2058 pertinentis.
1864 2012 1910 2046 Ita
1942 2011 2029 2056 quod

1276 2072 1405 2111 agentes
1438 2073 1469 2100 et
1503 2067 1628 2110 exigere
1658 2067 1801 2100 volentes
1835 2076 1909 2099 cum
1943 2064 2030 2098 iura·

1277 2126 1397 2162 mento,
1421 2121 1554 2165 perinde
1584 2121 1680 2165 plena
1709 2119 1909 2153 fides‘dictis
1937 2118 2029 2152 libris

1277 2175 1487 2216 adhibeatur,
1528 2185 1564 2208 ac
1607 2174 1633 2208 si
1662 2168 1804 2218 legitime
1834 2178 1865 2206 et
1894 2172 2027 2206 conclu-

1262 2228 1389 2262 ‘denter
1422 2229 1595 2273 probatum
1629 2233 1723 2268 esset,
1760 2225 1937 2260 dummodo
1965 2225 2027 2271 ipsi

1277 2281 1363 2323 libri,
1399 2282 1602 2316 mercantiles
1628 2286 1659 2314 et
1688 2285 1906 2314 mercatorum
1937 2289 2027 2313 more

1277 2341 1308 2368 et
1327 2336 1439 2369 ordine
1468 2335 1597 2380 scripti,
1629 2334 1764 2368 confecti
1793 2339 1823 2367 et
1845 2332 1923 2366 tenti
1951 2332 2025 2373 sint,

1278 2388 1459 2422 rationabili
1494 2388 1677 2433 suspicione
1716 2393 1880 2427 carentes,
1920 2390 1951 2419 et
1988 2385 2026 2419 ad

1277 2453 1431 2486 personas
1451 2443 1626 2476 scribentes
1646 2446 1793 2486 respectu
1815 2439 1936 2473 habito.

1321 2492 1335 2534 ἓ
1356 2492 1386 2525 5.
1410 2491 1488 2524 Etsi
1509 2491 1628 2524 salsitas
1647 2490 1679 2523 in
1700 2490 1808 2533 aliquo
1824 2489 1896 2522 loco
1917 2489 2027 2522 dolose

1277 2546 1428 2573 annotata
1448 2541 1655 2584 reperiretur,
1677 2539 1748 2571 talis
1769 2538 1851 2572 liber
1871 2549 1929 2582 per
1948 2549 2026 2572 con-

1277 2590 1362 2622 sules
1381 2589 1596 2623 universitatis
1615 2588 1797 2633 praedictae
1824 2587 1856 2621 in
1877 2588 1947 2622 soro
1965 2599 2026 2633 pu-

1277 2638 1360 2672 blico
1387 2638 1533 2682 Capitolii
1563 2648 1641 2671 sono
1671 2637 1766 2670 tubae
1800 2637 2023 2681 comburatur,

1277 2698 1350 2721 cum
1380 2687 1599 2732 publicatione
1627 2685 1773 2720 falsitatis
1797 2692 1828 2720 et
1856 2686 1943 2721 illius
1967 2697 2025 2721 au-

2048 293 2099 321 An.
2117 293 2146 322 C.
2163 293 2232 323 tm

2072 1274 2180 1304 Librisque
2195 1282 2231 1297 eo-

2045 1313 2090 1328 rum
2098 1308 2230 1329 mei-cantili-

2046 1343 2078 1360 ter
2089 1340 2153 1360 tentis
2169 1340 2230 1361 tidem

2045 1371 2150 1397 adhibet-k

2044 2502 2163 2524 Fatsttatem
2173 2508 2226 2524 cou-

2046 2537 2078 2554 tra
2096 2534 2156 2555 dolon
2171 2539 2226 2555 00111-

2043 2566 2151 2587 mittentes
2203 2565 2226 2585 iu

2044 2603 2117 2618 eoi-um
2167 2596 2226 2619 libri·

2042 2630 2147 2654 coerceri;
