2237 3100
250 245 296 271 An.
318 244 347 272 C.
363 244 429 272 ¹568

267 474 431 495 Commi-enien-

252 507 302 526 tium
315 511 403 532 poenae.

274 881 385 902 Decretum
405 883 430 902 ir-

248 914 322 933 ritansv

275 1408 377 1429 Clausulae
393 1409 431 1430 de-

249 1441 374 1465 rogatoriae.

490 233 553 268 678

1037 237 1215 263 BULLARIUM
1237 237 1387 261 ROMANUM

446 296 547 329 nerali
575 306 631 329 seu
657 295 711 329 alii
745 295 940 337 cuicumque
966 292 1109 326 conferat
1144 291 1192 324 vel
1234 288 1352 323 siastici
1370 288 1419 321 vel
1439 286 1507 320 eius
1527 285 1635 319 curiae
1654 284 1847 329 obsignatis,
1869 283 1981 317 eadem

447 355 598 388 remittat.

1235 358 1368 391 prorsus
1394 346 1474 379 fides
1500 344 1692 378 adhibeatur
1708 370 1716 385 ,
1748 354 1831 387 quae
1860 342 1980 376 eisdem

490 414 504 456 ξ
525 412 555 445 9.
578 411 778 454 Quicumque
798 420 890 443 secus
910 407 1054 448 fecerint,
1068 407 1100 440 in
1120 417 1194 451 poe·
1235 404 1457 449 praesentibus
1483 403 1702 443 adhiberetur,
1729 402 1753 434 si
1774 402 1878 435 forent
1897 399 1983 434 exiii-

445 481 519 503 nam
528 468 712 513 privationis
720 467 964 510 magistratuum
975 471 1004 499 et
1011 465 1193 499 officiorum

445 538 579 561 suorum
600 527 761 567 incidant,
793 532 823 560 et
843 526 882 559 ad
902 525 1011 559 sutura
1037 524 1194 557 inhabiles

446 593 475 619 et
509 586 643 619 insanies
682 590 899 629 reputentur,
931 590 962 618 et
995 595 1054 628 pro
1091 583 1195 627 culpis

445 645 540 677 etiam
563 650 725 688 tamquam
751 644 837 677 fures
860 643 1039 687 puniantur
1058 669 1064 682 ‚
1101 648 1195 685 prout

447 713 504 736 nos
533 702 604 735 illos
635 702 774 746 privatos
792 729 799 741 ,
827 700 986 734 inhabiles
1006 707 1036 733 et
1063 701 1196 733 infames

446 761 649 794 declaramus
669 771 706 792 eo
727 759 807 803 ipso.

492 821 507 862 g*
539 819 592 852 10.
625 819 839 852 Decernentes
872 818 1000 851 irritum
1040 823 1070 851 et
1100 818 1195 850 inane

445 876 601 920 quicquid
622 887 715 910 secus
746 876 775 909 in
798 876 994 920 praemissis,
1018 887 1075 919 per
1098 886 1196 919 quos-

446 946 598 978 cumque,
613 935 751 968 scienter
760 935 806 968 vel
818 935 1015 978 ignoranter,
1029 934 1198 977 contigerit

447 993 609 1026 attentari.
623 993 909 1026 Procurationibus
925 999 1043 1029 tamen,
1053 993 1196 1035 generali

445 1062 482 1084 ex
502 1052 652 1085 universo
666 1052 797 1086 Ordine,
811 1063 847 1084 ac
864 1051 1115 1095 provincialibus
1129 1063 1197 1084 ma-

445 1108 550 1151 gistris
562 1120 598 1142 ex
618 1110 804 1153 suacuique
816 1111 990 1153 provincia,
1009 1117 1039 1143 et
1058 1111 1197 1144 visitato-

447 1167 537 1200 ribus
571 1178 608 1201 ex
628 1169 776 1201 domibus
796 1175 827 1201 et
846 1169 925 1202 locis
944 1169 1119 1209 visitandis,
1142 1169 1197 1202 de-

446 1225 520 1259 bitis
540 1232 570 1260 et
595 1228 785 1261 necessariis
811 1239 1017 1273 nequaquam
1034 1240 1092 1272 per
1109 1240 1198 1272 prae-

448 1289 553 1317 sentes
565 1285 711 1318 sublatis.

491 1343 506 1386 §
531 1343 584 1375 ll.
616 1343 685 1377 Non
714 1343 913 1378 obstantibus
948 1345 1142 1389 praedictis,
1170 1351 1201 1378 et

446 1407 555 1434 nostra
588 1403 627 1436 de
653 1414 716 1436 non
750 1404 891 1436 tollendo
924 1404 992 1437 iure
1023 1404 1167 1447 [pias-:sito
1189 1432 1197 1444 ‚

446 1459 581 1503 aliisque
602 1461 886 1495 constitutionibus
899 1468 929 1495 et
940 1462 1200 1496 ordinationibus

447 1520 644 1562 apostolicis:
670 1532 707 1554 ac
727 1521 803 1555 dicti
829 1521 973 1563 Ordinis,
1004 1522 1198 1560 iuramento,

434 1578 694 1612 >confirmatione
731 1580 908 1624 apostolica
936 1580 984 1613 vel
1006 1582 1116 1624 quavis
1144 1582 1199 1614 tir-

302 2465 361 2488 Fides
376 2469 437 2488 tran-

255 2503 389 2525 sumptorum,

447 1636 557 1669 mitate
578 1637 639 1670 alia
653 1638 824 1678 roboratis,
847 1639 972 1672 statutis
987 1645 1017 1673 et
1029 1646 1201 1673 consuetu-

448 1694 602 1735 dinibus;
629 1707 755 1730 necnon
788 1698 883 1730 Bulla
917 1699 1026 1731 Aurea.
1054 1704 1083 1731 et
1111 1699 1202 1731 Mare

447 1753 602 1797 Maqnum
624 1756 815 1800 nuncupatis
832 1784 839 1797 ,
860 1762 890 1790 et
910 1758 1104 1798 quibuslibet
1131 1758 1202 1791 aliis

448 1811 631 1855 privilegiis,
657 1814 865 1857 indulgentiis
886 1821 915 1848 et
936 1816 1048 1849 litteris
1072 1822 1200 1860 aposto-

448 1869 530 1911 licis,
552 1871 756 1915 generalibus
776 1878 806 1906 et
826 1873 1029 1917 specialibus,
1045 1886 1201 1917 quorum-

449 1938 590 1972 cumque
630 1935 780 1964 teuorum
822 1935 953 1965 existant
977 1960 984 1968 ,
1020 1944 1078 1977 per
1105 1945 1200 1975 quae,

449 1988 673 2032 praesentibus
697 2000 762 2021 non
803 2001 951 2033 expressa
989 1992 1036 2024 vel
1062 1993 1203 2026 totaliter

451 2058 514 2080 non
532 2048 662 2089 inserta,
686 2048 818 2082 effectus
839 2060 951 2082 earum
979 2051 1129 2094 impediri
1149 2064 1201 2085 va-

450 2106 512 2138 leat
529 2107 773 2150 quomodolibet
794 2109 840 2141 rel
861 2108 995 2150 differri,
1018 2115 1048 2142 et
1069 2110 1107 2143 de
1127 2111 1201 2154 qui-

450 2164 510 2198 bus
532 2192 539 2206 ,
584 2176 789 2210 quorumque
837 2167 910 2200 totis
954 2168 1121 2202 tenoribus
1164 2171 1203 2203 ad

450 2223 584 2256 verbum
600 2224 746 2258 habenda
766 2225 847 2258 sitin
861 2227 1105 2260 nostrislitteris
1116 2239 1204 2261 men-

449 2280 493 2314 tio
505 2282 755 2327 specialiS,‘quae
771 2284 891 2325 omnia,
905 2291 1016 2317 contra
1028 2286 1201 2328 praedicta,

452 2339 605 2373 nolumus
629 2341 779 2385 cuiquam
801 2341 834 2374 in
854 2342 964 2386 aliquo
984 2344 1165 2386 suffragari.

498 2399 512 2441 ξ
528 2398 581 2431 42.
604 2399 767 2440 Ceterum,
780 2400 857 2444 quia
876 2400 1004 2433 difficile
1022 2402 1112 2434 valde
1124 2408 1205 2435 esset

453 2457 581 2490 easdem
604 2463 788 2501 praesentes
807 2459 847 2491 ad
868 2458 994 2502 singula
1024 2459 1094 2492 loca
1112 2487 1119 2500 ,
1150 2461 1203 2493 ubi

454 2514 516 2547 illis
531 2525 613 2559 opus
634 2517 704 2557 erit,
728 2517 914 2558 transferre,
937 2518 1086 2550 volumus
1097 2524 1128 2551 ut
1151 2530 1204 2551 ea-

456 2585 529 2606 rum
550 2575 716 2618 exemplis,
730 2576 826 2609 etiam
843 2576 1019 2619 impressis,
1042 2587 1205 2619 manuque

457 2631 571 2664 notarii
599 2632 721 2674 publici
741 2639 772 2666 et
799 2634 903 2676 sigillo
938 2634 1071 2677 praelati
1102 2636 1205 2668 eccle-

1235 464 1319 497 bitae
1336 463 1385 497 vel
1405 467 1563 496 ostensae.

1279 521 1365 555 Nulli
1390 531 1466 564 ergo
1486 519 1618 553 omnino
1639 523 1695 551 etc.

1280 580 1392 612 Datum
1414 579 1533 612 Romae
1560 577 1645 621 apud
1669 577 1700 610 S.
1727 576 1876 617 Petrum,
1901 585 1985 608 anno

1238 638 1468 671 incarnationis
1488 636 1669 670 dominicae
1690 634 1862 667 millesimo
1890 634 1985 677 quin-

1238 697 1413 740 gentesimo
1429 696 1625 739 sexagesimo
1634 700 1795 734 octavo,vi
1812 691 1986 732 idusiunii,

1238 756 1443 800 pontificatus
1463 755 1561 788 nostri
1583 764 1666 787 anno
1686 753 1791 787 tertio.

1278 809 1338 839 Dat.
1358 810 1405 839 die
1429 810 1446 839 8
1471 809 1544 838 iunii
1569 808 1660 844 1568,
1682 806 1783 846 pontif.
1806 815 1882 835 anno
1905 814 1946 835 iu.

1546 968 1673 1002 XCVIII.

1239 1047 1422 1083 Declcrratio
1446 1046 1586 1079 Concilii
1615 1045 1824 1085 Tridentini,
1852 1043 1990 1076 sessione

1284 1101 1439 1143 vigyesima
1450 1103 1579 1142 quarta,
1597 1100 1700 1141 capite
1712 1098 1816 1137 tertio,
1826 1107 1920 1140 super
1928 1097 1990 1128 im-

1281 1155 1467 1198 pedimento
1496 1153 1643 1197 publicae
1678 1152 1873 1191 honestatis,
1902 1151 1989 1184 circa

1283 1209 1447 1251 sponsalia
1465 1208 1512 1240 vel
1534 1207 1746 1240 ιηαίνὶιηοηιά
1767 1205 1793 1237 ¹.

1325 1299 1387 1326 Pius
1409 1298 1550 1333 episcopus
1568 1304 1662 1325 servus
1686 1303 1825 1325 servorum
1843 1295 1899 1328 Det,

1376 1353 1409 1380 ad
1438 1353 1599 1388 perpetuam
1629 1352 1669 1379 rei
1687 1351 1855 1380 memoriam.

1286 1425 1330 1457 Ad
1355 1425 1536 1458 Romanum
1566 1428 1688 1467 spectat
1715 1422 1902 1456 Pontificem
1932 1432 1992 1456 sua

1242 1478 1458 1512 sollicitudine
1486 1479 1656 1519 diligenter
1676 1477 1844 1521 providere
1877 1482 1912 1510 ut
1940 1488 1990 1510 sa-

1243 1545 1372 1567 crorum
1394 1533 1607 1566 conciliorum
1629 1533 1756 1565 decreta
1776 1532 1819 1565 ita
1838 1542 1915 1565 suae
1934 1531 1991 1565 de-

1243 1588 1426 1621 clarationis
1446 1586 1643 1619 adminiculo
1661 1586 1892 1625 dilucidentur,
1905 1585 1993 1629 quod

1244 1642 1332 1674 nulla
1351 1642 1489 1684 desuper
1509 1639 1675 1673 dubitandi
1696 1639 1822 1673 occasio
1839 1639 1991 1682 cuiquam

1244 1696 1458 1738 relinquatur.

1287 1750 1352 1793 §l
1389 1750 1470 1783 Sane
1494 1749 1533 1782 ad
1563 1760 1656 1782 aures
1689 1754 1814 1782 nostras
1847 1747 1990 1792 pervenit

1245 1805 1362 1836 multos
1391 1814 1459 1837 esse
1492 1803 1548 1847 qui
1580 1803 1725 1836 dubitent
1753 1813 1794 1836 an
1823 1802 1990 1835 decretum
2019 1841 2022 1845 1

1244 1857 1444 1891 oecumenici
1474 1857 1600 1890 concilii
1623 1856 1823 1897 Tridentini,
1851 1855 1992 1889 sessione

1244 1921 1326 1949 xxiv,
1338 1912 1383 1944 De
1400 1912 1639 1953 Reformatioue
1652 1910 1872 1951 matrimonii,
1889 1909 1992 1953 eapite

1244 1965 1772 2010 111,quocaveturimpedimentum
1782 1965 1994 2007 publicaelio-

1245 2019 1386 2060 nestatis,
1410 2019 1463 2052 ubi
1485 2019 1645 2062 sponsalia
1662 2019 1764 2051 valida
1780 2029 1845 2051 non
1862 2018 1991 2059 fuerint,

1246 2084 1377 2116 prorsus
1399 2073 1478 2112 tolli·⁷
1498 2072 1552 2105 ubi
1574 2083 1648 2105 vero
1668 2072 1770 2105 valida
1786 2072 1994 2112 fuerint,non

1246 2127 1398 2160 excedere
1420 2127 1561 2170 primum
1583 2126 1718 2169 gradum
1732 2153 1739 2165 ,
1763 2136 1837 2160 cum
1857 2126 1888 2158 in
1909 2126 1992 2159 ulte-

1246 2180 1386 2214 rioribus
1405 2181 1559 2225 gradibus
1578 2191 1643 2213 non
1674 2180 1773 2224 possit
1806 2173 1993 2213 huiusmodi

1246 2234 1420 2278 prohibitio
1455 2234 1573 2267 servari
1593 2261 1600 2274 ,
1627 2234 1665 2267 de
1701 2234 1904 2279 sponsalibus
1935 2244 1994 2278 per

1245 2289 1341 2322 verba
1359 2290 1409 2332 (ut
1435 2289 1538 2333 aiunt)
1556 2289 1593 2322 de
1612 2288 1722 2331 futuro
1757 2294 1880 2321 tantum
1915 2299 1993 2322 con-

1246 2343 1347 2386 ceptis
1375 2342 1588 2386 intelligatur,
1608 2343 1656 2376 vel
1676 2342 1771 2376 etiam
1791 2342 1995 2376 matrimonia

1247 2407 1304 2439 per
1323 2396 1420 2430 verba
1444 2397 1481 2429 de
1507 2397 1673 2439 praesenti
1706 2401 1894 2435 contracta,
1929 2406 1995 2430 non

1284 2469 1293 2494 ί
1318 2469 1357 2496 Ad
1376 2470 1511 2495 materiam
1523 2468 1749 2503 dispensationum
1763 2468 1995 2496 matrimonialium

1246 2512 1314 2539 circa
1334 2513 1505 2548 exprimenda
1523 2514 1547 2539 iu
1565 2513 1810 2548 supplicationibus,
1825 2512 1893 2539 idem
1905 2512 1996 2540 Ponti-

1247 2556 1288 2582 fex
1303 2557 1328 2582 in
1340 2558 1532 2584 constitutione
1546 2564 1628 2589 xxm,
1639 2558 1830 2589 Sanctisst'mns,
1844 2556 1921 2583 liuius
1932 2557 1996 2584 tomi

1248 2608 1306 2635 pag.
1327 2602 1389 2628 2176:
1407 2605 1432 2628 et
1452 2603 1556 2629 constitv
1584 2609 1676 2634 xxxu,
1695 2604 1760 2628 Cum
1775 2604 1840 2627 sicut
1855 2623 1862 2633 ,
1887 2601 1993 2631 ibidem.

1248 2653 1307 2680 pag⁴
1324 2646 1385 2673 [198.

1995 229 2044 256 An.
2062 228 2092 255 C.
2119 226 2186 254 ¹568

2032 1433 2151 1455 Exordium.

2032 1752 2125 1773 Dubium.
