2237 3100
294 278 342 305 An.
362 278 389 306 C.
410 277 478 306 ¹256&

309 1813 367 1834 Pauli
383 1811 409 1833 IV
427 1818 479 1834 con-

298 1846 379 1866 stitutio
423 1845 480 1865 edita

297 1882 360 1903 super
375 1877 421 1896 inus
434 1882 482 1896 eau-

297 1908 391 1929 culturus
428 1907 481 1927 male

298 1939 430 1960 observatur.

537 269 601 303 0286
634 243 665 279 ’

493 331 709 366 solutionibus
734 331 906 375 superinde
932 329 1086 363 faciendis
1104 340 1161 373 pro
1189 339 1243 361 eo·
1263 331 1267 353 ἵ

493 398 566 420 rum
591 386 724 419 arbitrio
749 396 861 419 vexare
890 395 954 417 non
988 389 1173 423 vereantur,
1207 394 1243 415 ac
1265 418 1266 431 ἵ

493 440 601 484 (quod
634 440 726 484 peius
756 451 823 472 esse
852 438 998 481 videtur)
1032 437 1242 480 ipsorumque
1265 468 1266 488 ἢ

493 494 711 537 quamplures,
726 492 912 537 praesertim
926 492 957 524 in
973 491 1063 531 loeis,
1081 491 1112 523 in
1128 491 1245 535 quibus
1265 501 1267 527 ζ

493 547 624 580 illorum
646 547 758 580 electio
775 552 805 579 et
825 545 990 590 deputatio
1007 545 1045 577 ad
1062 545 1244 578 conununi-

493 607 572 634 tates
593 607 647 634 aut
674 600 907 639 universitates,
935 610 1014 643 quas
1038 599 1133 632 etiam
1160 599 1244 632 cirea

493 655 676 688 officiorum
690 655 882 687 damnorum
900 654 1048 686 datorum
1065 653 1245 686 concessio·
1266 664 1267 683 1

494 719 550 742 nes
576 708 672 741 variis
707 707 811 740 modis
840 708 991 740 aberrare
1025 706 1117 739 nobis
1152 707 1245 749 plene

494 761 646 801 constitit,
669 766 802 804 spectat,
824 761 991 793 literarum
1013 765 1043 792 et
1062 759 1138 792 artis
1159 765 1245 792 nota-

494 814 595 848 riatus
614 815 711 848 rudes
731 825 865 858 prorsus
885 819 915 847 et
934 813 1046 856 ignari,
1068 824 1104 846 ac
1125 813 1162 845 ad
1183 813 1245 845 tale

494 880 614 902 munus
634 868 876 913 suscipiendum
897 873 925 900 et
948 867 1172 910 exequendum
1190 878 1245 910 pe-
1266 888 1268 895 ι

494 923 580 955 nitus
595 922 753 955 inhabiles
769 921 842 961 sint,
858 920 890 953 in
906 920 1114 953 conficiendis
1126 920 1245 952 instru-

494 977 610 1010 mentis
631 981 659 1009 et
676 976 746 1009 aliis
757 976 881 1009 actibus
897 974 1046 1018 publicis,
1060 974 1122 1007 sive
1134 974 1246 1007 decre-

494 1030 533 1063 tis
553 1029 867 1064 &declarationibus
883 1028 1086 1067 annotandis,
1105 1027 1247 1060 infinitos
1267 1049 1269 1055 ·

495 1083 694 1118 committant
715 1094 842 1117 errores
862 1088 890 1115 et
912 1082 1074 1115 falsitates.
1098 1082 1141 1114 Ac
1166 1080 1247 1113 nulli

494 1138 663 1178 revisores,
677 1137 732 1181 qui
745 1149 777 1171 se
788 1138 826 1170 dc
839 1136 1040 1169 notariorum
1058 1135 1246 1168 eorumdem

493 1191 666 1224 idoneitate
687 1197 717 1224 et
737 1190 931 1224 sufficientia
953 1190 1137 1229 informent,
1156 1199 1193 1221 ac
1209 1188 1246 1220 do

494 1245 539 1278 eis
551 1250 754 1284 attestentur,
766 1243 911 1284 existant,
926 1243 978 1276 sed
996 1242 1113 1286 passim
1127 1243 1245 1281 favore,

495 1298 598 1343 pretio
619 1299 666 1331 vel
688 1297 906 1342 pactionibus,
930 1296 1025 1329 ctiam
1049 1306 1147 1339 super
1176 1295 1247 1327 osli·
1269 1326 1270 1332 ,

495 1352 621 1385 ciorum
651 1351 871 1384 notariatuum
902 1349 1089 1382 huiusmodi
1122 1349 1247 1381 emolu-

494 1401 621 1442 mentis,
645 1401 760 1445 partim
776 1411 851 1433 vero
862 1400 1029 1439 electores,
1044 1399 1158 1442 partim
1175 1408 1249 1430 vero

495 1453 618 1485 iudices
638 1458 669 1484 et
689 1450 922 1490 commissarii,
951 1448 1128 1482 dividendis
1150 1454 1180 1481 et
1200 1448 1248 1480 di-

495 1505 691 1539 stribuendis
703 1503 900 1538 coniunctim
914 1503 1084 1545 (dieantur,
1100 1513 1134 1534 ar
1153 1513 1250 1545 prop-

495 1560 582 1588 terea
600 1555 767 1589 excessivae.
780 1554 1015 1597 scripturarum
1034 1557 1122 1584 taxae
1135 1556 1165 1584 et
1176 1563 1248 1584 exa-

495 1605 629 1645 ctiones,
648 1615 712 1637 non
729 1602 964 1635 minusiniuste
985 1612 1081 1643 quam
1099 1600 1248 1636 indebite,

495 1659 759 1698 extorqueantur,
783 1663 964 1695 causaeque
981 1650 1013 1682 in
1028 1651 1160 1690 longum
1179 1661 1251 1693 pro-

495 1705 667 1737 trahantur
687 1708 717 1736 et
728 1702 819 1746 quasi
837 1701 1036 1733 immortales
1053 1699 1247 1732 efficiantur.

540 1753 555 1797 ξ
575 1753 606 1786 ⁶2.
629 1752 776 1795 Cumque
798 1750 956 1783 institutio
977 1748 1078 1781 felicis
1099 1748 1249 1781 recorda·

495 1802 592 1836 tionis
612 1801 701 1835 Pauli
722 1802 824 1845 Papae
846 1800 893 1839 lY,
915 1798 1173 1843 praedecessoris
1196 1809 1251 1830 no-

497 1852 565 1893 stri,
598 1850 782 1896 praemissis
801 1861 836 1883 ac
860 1851 965 1881 t'orsan
991 1849 1060 1881 aliis·
1080 1854 1156 1880 tunc
1178 1858 1250 1880 sua-

497 1901 648 1935 dentibus
673 1900 778 1934 causis
798 1898 888 1938 moti,
911 1909 1010 1941 super
1025 1897 1139 1930 ol't'ieiis
1161 1902 1250 1930 nota-

498 1952 640 1984 riatuum
656 1949 843 1983 huiusmodi
861 1949 893 1981 in
909 1949 1013 1980 causis
1029 1947 1251 1980 criminalibus

499 2001 606 2035 Status
626 1999 726 2033 nostri
755 1997 924 2043 praedicti,
956 1997 1092 2040 proinde
1121 1997 1251 2040 quidem

499 2061 536 2084 ac
557 2049 753 2094 permaxime
783 2048 911 2081 utilium
939 2047 1157 2090 capitulorum
1184 2047 1251 2079 edi-

499 2099 543 2132 tio
578 2100 660 2132 facta
698 2109 756 2142 per
788 2098 909 2140 legatos
944 2101 973 2129 ct
1000 2096 1192 2138 vicelegatos
1216 2106 1252 2128 ac

499 2148 732 2192 gubernatores
764 2147 913 2179 locorum
952 2145 993 2177 ita
1026 2145 1251 2187 negligantur,

499 2203 535 2230 ut
554 2197 614 2241 ipsi
635 2196 790 2241 (nescitur
810 2206 873 2239 qua
894 2194 1017 2227 ratione
1037 2194 1150 2236 ducti),
1169 2204 1252 2237 prse-

502 2252 550 2280 ter
569 2252 599 2280 et
619 2251 732 2279 contra
752 2251 892 2278 mentem
914 2249 942 2277 et
965 2243 1175 2276 intentionem
1192 2253 1252 2275 no-

502 2301 593 2336 stras,
616 2295 671 2328 illa
691 2300 721 2327 et.
742 2293 891 2337 capitulis
911 2292 1096 2325 huiusmodi
1120 2292 1253 2324 omnino

501 2345 667 2388 neglectis,
690 2343 900 2377 cancellarios
921 2348 951 2375 et
966 2342 1107 2374 notarios
1128 2352 1186 2385 pro
1203 2352 1254 2373 eo-

502 2405 575 2427 rum
596 2394 698 2435 libito,
718 2394 749 2425 in
765 2392 956 2433 civitatibus,
975 2391 1079 2432 terris,
1100 2392 1209 2424 eastris
1225 2398 1253 2425 ct

502 2443 593 2484 locis,
616 2443 676 2476 sub
696 2453 809 2475 eorum
822 2441 1035 2485 legationibus
1060 2452 1114 2472 seu
1136 2441 1253 2482 guber-

503 2492 565 2525 niis
589 2490 844 2535 comprehensis,
862 2501 995 2534 ponere,
1014 2489 1084 2521 aliis
1099 2489 1213 2521 amotis
1229 2489 1252 2525 Ι,

504 2540 537 2574 in
553 2551 667 2574 eorum
689 2539 806 2580 osticia,
829 2544 1034 2582 autea,quae
1055 2539 1092 2570 ad
1114 2538 1166 2570 illa
1186 2549 1254 2581 spe-

506 2595 603 2630 ctant,
626 2601 659 2623 se
683 2589 829 2631 ingerere
855 2599 919 2621 non
947 2588 1130 2627 formidant,
1158 2599 1254 2630 quani

542 2645 553 2671 1
572 2643 687 2670 Cherub.
711 2643 783 2677 legit:
805 2645 863 2669 ullis
875 2645 1069 2674 11›11011'5‚1rvitsi
1088 2651 1138 2667 »wa
1151 2645 1255 2673 amotis,

505 2682 534 2707 in
549 2688 641 2707 eorum
659 2683 708 2706 etc.
732 2680 768 2714 (n.
791 2679 839 2713 T.).

1090 275 1269 301 BULLARIUM
1290 274 1394 298 Rotam
1399 274 1440 297 [M

1287 327 1326 359 ob
1356 336 1486 359 cansam
1516 326 1609 368 plura
1638 325 1733 357 etiam
1762 324 1801 357 ad
1829 334 1980 367 praesens
2005 323 2037 355 in

1288 379 1474 413 huiusmodi
1496 378 1717 412 criminalibus
1731 378 1948 412 notariatuum
1966 378 2036 411 offi-

1289 434 1448 477 ciapenes
1469 432 1584 465 dictam
1597 433 1776 472 Cameram,
1799 443 1863 465 non
1885 432 1951 465 sine
1973 442 2037 464 ma-

1288 488 1374 520 ximo
1384 478 1841 523 eiusdeirimento,vendenda
1857 493 2035 526 remanent,

1266 541 1319 573 *in
1347 551 1473 583 gravem
1511 540 1633 573 divinae
1662 540 1830 573 Maiestatis
1868 541 2035 582 offensam,

1289 594 1494 638 partiumque
1515 594 1773 627 contrahentium
1795 600 1825 627 et
1844 594 2037 637 litigantium

1288 648 1523 692 praeiudicium
1549 654 1579 680 et
1606 659 1788 691 gravamen,
1819 649 2038 681 notariorum—

1287 714 1362 745 que,
1386 702 1530 735 iudicum
1552 707 1582 734 et
1598 703 1893 736 commissariorum
1911 713 2037 736 necnon

1289 755 1559 788 communitatum
1576 761 1606 788 et
1630 755 1872 789 universitatum
1889 756 2039 788 aliarum-

1288 820 1351 852 que
1372 820 1584 853 personarum
1605 810 1787 842 animarum
1811 810 1992 853 periculum
2008 815 2039 843 et

1289 863 1444 896 iacturam
1466 874 1502 896 ae
1524 863 1739 907 plurimorum
1761 864 1960 897 scandalum.

1333 918 1347 961 ξ
1380 918 1410 950 3.
1448 918 1510 950 Nos
1536 917 1648 960 igitur,
1684 929 1748 961 quo
1788 917 1933 951 iuuninet
1964 918 2039 951 talia

1289 971 1327 1003 ad
1354 971 1522 1004 meliorem
1553 977 1581 1004 et
1607 971 1766 1004 saniorem
1796 976 1911 1004 statum
1941 973 2039 1006 redu-

1290 1025 1382 1058 cendi
1405 1025 1556 1057 continua
1577 1025 1760 1065 solicitudo,
1784 1026 1978 1068 praemissis,
1999 1037 2040 1059 ne

1290 1078 1365 1111 liant
1387 1078 1418 1111 in
1441 1079 1752 1121 posterum,debitae
1769 1079 1959 1122 provisionis
1980 1091 2039 1114 no-

1290 1138 1372 1165 strae
1393 1132 1603 1173 adminiculo,
1625 1137 1782 1176 quantum
1803 1133 1896 1166 nobis
1921 1144 1958 1166 ex
1977 1134 2041 1167 alto

1291 1186 1493 1226 cont-editur,
1505 1186 1646 1221 obviare:
1659 1197 1786 1219 necnon
1802 1186 1984 1220 animarum
1995 1198 2040 1220 sa-

1268 1266 1270 1270 ,
1291 1239 1361 1280 luti,
1383 1246 1635 1283 nostrorumque
1665 1240 1840 1281 civitatum,
1862 1246 2033 1281 terrarum,

1292 1298 1471 1325 castrorum
1483 1299 1510 1326 et
1522 1294 1667 1326 locorum
1682 1293 1869 1326 huiusmodi
1879 1305 1915 1327 ac
1927 1305 2041 1327 eorum

1292 1346 1483 1383 incolarum,
1498 1346 1685 1390 praesertim
1702 1346 1895 1390 litigantium
1913 1353 1941 1380 et
1963 1358 2040 1380 con-

1294 1400 1501 1437 trahentium,
1529 1401 1637 1439 statui,
1666 1400 1784 1444 quieti,
1808 1401 2039 1441 commoditati,

1292 1454 1454 1486 securitati
1470 1466 1506 1486 ac
1526 1455 1698 1487 salubriori
1718 1454 1887 1487 directioni
1910 1455 2040 1488 illorum

1293 1507 1457 1550 regiminis
1468 1509 1638 1541 consulere
1648 1509 1801 1544 volentes:
1814 1519 1938 1541 necnon
1950 1520 2044 1552 quas-

1292 1571 1431 1604 cumque
1459 1561 1673 1605 provisiones,
1697 1562 1941 1603 concessiones,
1965 1561 2042 1595 assi-

2056 272 2103 298 Αῃ.
2122 271 2149 298 C.
2169 270 2237 300 156&

2059 942 2063 946 .
2081 926 2131 947 Ideo
2151 926 2176 947 ab
2197 928 2237 948 istu

2055 958 2158 978 Pontificc
2174 963 2237 978 revo-

2056 992 2130 1009 cantur
2165 994 2237 1009 omnes

2056 1021 2192 1040 concessiou.
2214 1021 2237 1040 de

2056 1052 2086 1072 cis
2117 1051 2185 1071 saetae
2214 1056 2237 1071 οἱ

2057 1089 2120 1103 rausa
2135 1088 2176 1103 nou
2191 1087 2237 1103 ΗΠΒ-

2057 1120 2111 1134 ΙὌΒίΙ.

1292 1615 1459 1654 gnationes
1485 1621 1510 1647 et
1535 1616 1661 1658 quasvis
1680 1615 2042 1659 aliasdispositionesde
2070 1630 2073 1633 ·

1293 1668 1463 1711 praedietis
1476 1668 1672 1710 eivililms,‹2=t
1687 1680 1759 1712 quse
1770 1675 1831 1701 tam
1845 1669 2041 1703 coniunctim

1293 1733 1388 1765 quam
1412 1722 1580 1766 separatim
1611 1723 1752 1755 exerceri
1775 1724 1888 1764 solent,
1912 1729 1938 1756 ct
1961 1734 2042 1757 non-

1294 1776 1370 1808 dum
1392 1776 1516 1809 vendita
1537 1788 1635 1820 penes
1656 1777 1773 1810 dictam
1794 1776 1960 1810 Cameram
1977 1779 2042 1811 exi-

1294 1834 1391 1870 stunt,
1418 1830 1849 1872 criminalilnishuiusmodi,
1871 1837 1901 1864 et
1921 1832 2044 1865 ratione

1294 1883 1528 1927 scripturarum
1557 1885 1719 1917 dundaxat
1741 1885 1933 1918 damnorum
1954 1886 2044 1919 dato-

1294 1948 1366 1970 rum
1388 1938 1513 1978 ot'ticiis,
1534 1938 1709 1979 civitatum,
1734 1944 1905 1979 terrarum,
1928 1945 2046 1972 castro-

1295 2002 1367 2023 rum
1389 1997 1419 2025 et
1445 1992 1592 2025 locorum
1622 1992 1821 2032 huiusmodi,
1853 1992 1978 2026 etiamsi
2007 1993 2044 2026 ad

1295 2045 1487 2087 legatorum,
1502 2046 1786 2087 communitatum,
1801 2046 2044 2080 universitatum

1296 2104 1321 2131 et
1341 2099 1477 2131 aliarum
1491 2100 1735 2142 particularium
1750 2111 1975 2144 personarum,
1989 2111 2046 2133 cu-

1296 2151 1486 2196 iim-umque
1521 2153 1694 2194 dignitatis,
1730 2153 1992 2197 praeeminentiae
2017 2159 2044 2187 cl

1295 2207 1495 2239 auctoritatis
1506 2207 1720 2248 existentium,
1737 2208 1848 2251 quovis
1865 2208 1960 2240 modo
1976 2219 2047 2252 per·

1295 2259 1429 2301 tineant,
1462 2267 1489 2293 et
1518 2260 1571 2293 itta
1597 2272 1655 2305 per
1688 2262 1856 2305 deputatos
1881 2272 1898 2294 a
1922 2262 2044 2304 legatis,

1297 2313 1496 2356 vicelegatis,
1529 2315 1800 2358 gubermrtoribus
1825 2326 1881 2348 seu
1907 2320 2045 2359 potesta-

1298 2368 1381 2401 tibus
1402 2370 1446 2401 vel
1474 2369 1543 2401 aliis
1564 2369 1702 2402 iustitiae
1719 2369 1871 2402 ministris
1890 2369 2047 2402 hactenus

1297 2423 1437 2454 exerceri
1465 2423 1556 2456 solita
1577 2424 1650 2463 ¹sint,
1673 2435 1708 2456 ac
1726 2424 1764 2456 ad
1786 2433 1936 2466 praesens
1956 2434 2046 2457 exer-

1297 2478 1443 2513 ceantur,
1457 2473 1787 2516 quibusvispersonis,
1811 2472 2046 2516 cuiuscumque

1297 2526 1408 2561 status,
1431 2522 1549 2563 gradus
1574 2528 1601 2554 ct
1620 2521 1811 2555 conditionis
1827 2521 2045 2561 existentibus,

1298 2581 1356 2613 per
1381 2582 1438 2603 nos
1458 2577 1509 2603 aut
1542 2582 1763 2615 quoscumque
1788 2571 1867 2603 alios
1897 2574 2049 2605 {ouranos

1299 2619 1469 2652 Pontifices
1498 2620 1760 2662 praedecessores
1786 2625 1913 2653 nostros
1938 2632 1975 2654 ac
1991 2621 2047 2654 Se-

1299 2667 1371 2701 dem
1401 2669 1558 2709 eamdem,
1586 2680 1621 2702 ac
1643 2669 1737 2701 etiam
1769 2669 1900 2712 legatos,
1930 2670 2048 2705 vicele-
