2237 3100
242 285 290 309 An.
309 284 337 310 C.
357 284 418 312 1571

252 1785 422 1812 Pru-ememus

238 1817 321 1837 linera-
363 1818 421 1838 nullo

239 1854 335 1875 umquam

238 1882 306 1902 notari
323 1889 394 1909 pone,

372 1849 421 1869 vitio

266 2054 342 2081 Sit-que
354 2062 364 2075 ιι
381 2057 424 2083 qul·

240 2087 368 2113 humumque
395 2089 423 2108 iu-

240 2116 320 2137 dicibus
330 2122 378 2138 esne
389 2119 424 2138 de-

241 2148 362 2170 finiendum:

481 273 546 307 934

439 337 626 370 facultatum
653 341 680 368 et
703 335 902 367 indultorum
924 332 1110 366 conserendi
1131 332 1187 365 be-

439 390 565 429 neficia,
588 390 633 422 eis
653 388 747 421 etiam
768 397 824 430 per
842 387 1002 419 Romanos
1019 386 1188 418 Pontifices

439 443 702 488 praedecessores
722 446 848 473 nostros
872 451 908 472 ac
934 451 991 472 nos
1011 439 1189 482 quomodo-

438 497 515 530 libet
548 506 798 535 concessorum,
833 495 1098 527 confirmatorum
1132 503 1187 525 seu

438 552 676 589 innovatorum,
710 548 818 591 aliqua
851 546 1010 580 beneficia
1036 545 1188 579 ecclesia—

437 602 527 641 stica‚
551 607 585 634 ut
606 601 798 644 praefertur,
820 600 1014 643 qualificata,
1037 610 1094 643 per
1115 599 1190 631 liae-

438 655 534 688 resim
555 654 717 694 vacantia,
752 665 810 697 per
830 653 1032 696 supradictas
1064 657 1189 685 nostras

437 709 559 741 litteras
582 714 710 741 nostrae
738 712 769 739 et
790 706 992 750 Apostolicae
1013 705 1104 738 Sedis
1124 705 1188 737 dis-

438 761 587 805 positioni
630 760 812 805 specialiter
854 765 1032 796 reservata,
1076 759 1188 803 quovis

437 815 583 859 quaesito
604 814 725 853 colore,
755 813 920 857 quibusvis
941 812 1085 857 personis
1106 814 1188 846 ulla-

437 874 529 901 tenus
549 868 711 907 conferre,
742 873 797 900 aut
821 867 899 900 alias
929 867 967 899 de
988 866 1057 899 aliis
1078 866 1187 910 dispo-

435 933 512 957 nere
534 921 676 966 potuisse
712 932 817 965 neque
851 921 947 954 etiam
978 921 1011 953 in
1042 922 1186 954 futurum

435 976 667 1020 quoquomodo
688 986 793 1019 posse,
813 986 850 1009 ac
871 986 1093 1019 quascumque
1124 976 1188 1008 col-

435 1029 582 1069 lationes,
602 1029 801 1073 provisiones
822 1041 877 1062 seu
904 1029 982 1062 alias
1009 1029 1189 1073 dispositio-

435 1093 492 1115 nes
507 1083 544 1115 de
557 1082 729 1127 praedictis
746 1082 924 1121 beneficiis,
948 1087 979 1114 ut
996 1083 1188 1125 praefertur,

435 1147 493 1181 per
513 1147 571 1170 nos
592 1137 776 1177 reservatis,
808 1147 866 1179 per
895 1136 997 1169 dictos
1019 1136 1189 1168 collatores

435 1195 466 1223 et
485 1190 666 1223 cardinales
695 1190 936 1233 quomodolibet
959 1190 1116 1223 hacteuus
1149 1189 1190 1222 sa-

435 1249 501 1276 etas
535 1249 565 1275 et
599 1243 630 1275 in
664 1248 829 1286 posterum
865 1243 1047 1283 faciendas,
1084 1244 1189 1276 nullas

437 1307 571 1340 prorsus
599 1302 626 1329 ct
654 1297 762 1329 irritas
788 1297 884 1329 fuisse
911 1303 940 1329 et
961 1307 1028 1329 esse
1050 1307 1084 1329 ac
1107 1299 1186 1336 t'ore,

437 1355 467 1382 et
477 1349 598 1382 nemini
612 1350 781 1392 suffragari
795 1361 851 1383 seu
869 1360 1112 1393 quemcumque
1129 1350 1190 1382 illis

437 1413 469 1436 se
490 1402 598 1435 iuvare
619 1413 732 1447 possc;
767 1403 820 1436 sed
850 1414 909 1446 pro
930 1403 1041 1435 nullis·
1063 1403 1190 1446 penitus

437 1462 468 1489 et
487 1455 613 1489 infectis
632 1457 672 1489 ab
693 1456 844 1489 omnibus
865 1456 976 1489 baberi
994 1462 1023 1489 et
1046 1457 1189 1500 reputari

437 1509 567 1549 debere;
601 1509 699 1553 idque
728 1514 855 1542 nostrae
881 1510 993 1542 firmae
1014 1515 1044 1543 ct
1066 1509 1188 1543 incom-

438 1562 601 1595 mutabilis
629 1562 745 1596 mentis
770 1574 806 1595 ac
835 1563 1007 1595 voluntatis
1035 1563 1131 1597 luisse
1161 1570 1191 1597 et

437 1626 517 1655 esse,
537 1616 727 1650 auctoritate
749 1616 937 1660 apostolica,
961 1622 1072 1650 tenore
1096 1628 1190 1660 prae-

438 1670 587 1710 sentium,
617 1670 832 1704 declaramus.

481 1723 496 1765 ξ
520 1722 552 1756 4.
579 1723 710 1757 Necnon
737 1729 921 1767 praesentes
949 1724 1071 1757 litteras
1098 1731 1128 1757 ct
1158 1724 1189 1757 in

437 1777 482 1810 eis
507 1783 657 1811 contenta
676 1788 903 1821 quaecumque
926 1778 1016 1810 nullo
1046 1788 1188 1821 unquam

436 1837 583 1875 tempore
602 1831 641 1864 de
662 1831 849 1864 intentionis
883 1837 1011 1864 nostrae
1044 1837 1096 1864 aut
1127 1832 1190 1864 alio

437 1884 590 1928 quopiam
618 1884 743 1917 defectu
775 1884 884 1926 argui,
920 1885 966 1916 vel
988 1884 1065 1918 alias
1086 1885 1189 1928 impu-

437 1939 529 1981 gnari
549 1949 604 1972 seu
622 1939 725 1971 notari
748 1949 852 1981 posse.

481 1992 496 2035 ἓ
521 1992 551 2025 5.
581 1988 697 2036 Sicque
724 2003 782 2037 per
812 2003 1036 2036 i‘liioscumque
1067 1992 1190 2025 iudices

438 2053 469 2080 et
484 2047 741 2084 commissarios,
769 2047 863 2079 etiam
885 2057 1057 2080 causarum
1078 2046 1188 2079 Palatii

437 2100 613 2144 Apostolici
635 2100 798 2133 auditores
818 2111 853 2133 ac
875 2105 1002 2133 sanctae
1026 2099 1190 2133 Romanae

438 2153 599 2187 Ecclesiae
612 2154 802 2194 cardinales,
827 2154 950 2187 sublata
966 2154 1011 2187 eis
1033 2159 1190 2187 eteorum

439 2207 571 2241 cuilibet
591 2207 702 2251 quavis
721 2207 814 2240 aliter
842 2207 1004 2240 iudicandi
1035 2213 1062 2240 et
1091 2207 1190 2240 inter-

440 2260 587 2306 pretandi
607 2261 757 2294 facultate
782 2266 813 2293 et
833 2259 1035 2300 auctoritate,
1055 2260 1191 2293 iudicari

439 2319 469 2347 et
489 2313 617 2347 definiri
638 2314 772 2353 debere;
807 2313 966 2357 quidquid
1000 2318 1190 2346 attentatum

1033 279 1211 303 Bt'LLARu'M
1236 278 1386 303 ROMANUM

1232 332 1325 364 nibus
1345 338 1371 364 et
1402 331 1679 372 ordinationith
1703 331 1876 375 privilegiis
1901 343 1981 375 quo-

1230 395 1309 428 que,
1343 385 1476 417 indultis
1497 385 1650 418 etlitteris
1672 384 1868 429 apostolicis,
1891 385 1983 418 dictis

1231 438 1403 471 ordinariis
1423 438 1653 478 collatoribus,
1687 438 1781 471 etiam
1812 438 1984 481 praedictis

1231 496 1358 524 sanctae
1381 491 1545 524 Romanae
1569 491 1730 524 Ecclesiae
1752 490 1982 531 cardinalibus,

1231 545 1290 576 sub
1327 545 1589 588 quibuscumque
1623 544 1791 577 tenoribus
1819 548 1850 577 et
1874 544 1985 577 formis

1231 598 1472 641 i‘pioiiiodolibet
1497 597 1669 631 concessis.
1692 598 1816 637 Quibus
1835 597 1985 631 omnibus

1231 657 1258 684 et
1277 651 1423 693 singulis,
1442 651 1578 692 etiamsi,
1598 662 1656 694 pro
1671 652 1800 683 illorum
1814 651 1984 684 sufficienti

1231 705 1451 747 (inrogatione,
1475 705 1513 737 de
1544 705 1606 737 illis
1638 716 1818 747 corumque
1847 704 1920 737 totis
1941 709 1984 738 te-

1231 757 1365 790 noribus
1386 757 1550 801 specialis,
1585 758 1749 802 specifica,
1777 768 1926 801 expressa
1955 763 1985 791 et

1233 811 1394 843 individua
1420 822 1457 844 ac
1487 812 1526 844 de
1554 812 1651 844 verbo
1683 812 1721 844 ad
1741 811 1888 851 verbum,
1920 821 1984 844 non

1230 870 1338 897 autem
1358 875 1415 907 pei·
1436 866 1597 898 clausulas
1621 865 1788 907 generales
1815 864 1900 897 idem
1928 861 1986 897 im-

1232 923 1407 961 ponantes,
1444 918 1565 951 mentio
1596 929 1651 951 seu
1685 917 1815 961 quaevis
1843 917 1906 951 alia
1935 928 1985 950 ex-

1231 971 1353 1015 pressio
1374 971 1532 1011 habenda,
1553 977 1609 1004 aut
1629 970 1736 1015 aliqua
1756 971 1818 1004 alia
1829 971 1985 1015 exquisita

1232 1027 1334 1058 t'orma
1368 1025 1405 1057 ad
1438 1025 1500 1058 hoc
1532 1025 1687 1058 servanda
1717 1026 1817 1066 soret,
1854 1025 1985 1058 illorum

1232 1085 1360 1112 tenores
1392 1079 1617 1122 praesentibus
1641 1090 1700 1123 pro
1730 1080 1825 1123 plene
1846 1085 1876 1112 ct
1896 1079 1986 1112 suffi-

1232 1133 1353 1165 cienter
1379 1133 1537 1177 cxpressis
1569 1138 1599 1165 et
1629 1133 1667 1165 ad
1699 1133 1832 1166 verbum
1859 1133 1986 1166 insertis

1232 1186 1398 1225 babentes,
1431 1186 1492 1219 illis
1518 1187 1595 1219 alias
1616 1186 1647 1218 iu
1680 1198 1738 1219 suo
1764 1186 1881 1220 robore
1911 1197 1985 1230 per-

1233 1239 1410 1280 mansuris,
1448 1240 1486 1272 ad
1519 1240 1772 1283 praemiseram
1812 1239 1983 1279 effectum,

1232 1293 1291 1325 liac
1308 1293 1374 1325 vice
1395 1294 1572 1333 dumtaxat,
1595 1293 1778 1339 specialiter
1794 1299 1824 1326 et
1837 1304 1986 1337 expresse

1232 1345 1437 1388 derogamus,
1461 1347 1643 1391 ceterisque
1660 1346 1831 1380 contrariis
1851 1347 1986 1390 quibus-

1232 1409 1385 1442 cumque.

1276 1453 1389 1485 Datum
1415 1453 1535 1486 Romae
1556 1453 1642 1497 apud
1667 1455 1820 1487 Sanctum
1840 1454 1984 1494 Petrum,

1233 1506 1292 1537 sub
1312 1507 1434 1539 annulo
1466 1507 1659 1548 Piscatoris‚
1693 1507 1743 1539 dic
1769 1506 1883 1540 ultima
1916 1507 1985 1540 iulii

1233 1569 1361 1600 iianxi,
1385 1560 1592 1603 pontificatus
1612 1560 1713 1594 nostri
1733 1571 1819 1593 anno
1840 1571 1881 1594 v1.

1293 1618 1356 1648 Dat.
1374 1618 1420 1648 (lie
1436 1618 1470 1649 31
1489 1618 1557 1648 iulii
1574 1619 1661 1652 1571,
1680 1618 1785 1658 pontis.
1803 1628 1880 1649 anno
1898 1627 1936 1650 Vt.

1581 1784 1626 1817 CC

1232 1853 1384 1886 Facultccs
1416 1852 1568 1894 episcopis
1600 1851 1777 1884 [adim-mn
1805 1851 1921 1884 utendi
1951 1852 1988 1884 in

1276 1907 1473 1948 consectionis
1497 1907 1584 1938 sacri
1615 1906 1805 1938 chrismatis
1835 1906 1918 1937 εἰη-ιο
1947 1907 1986 1938 [ἑο

1277 1970 1372 2002 quore
1390 1970 1442 1991 seu
1461 1970 1550 1991 succo
1571 1959 1607 1991 in
1631 1959 1735 1991 Iocum
1758 1959 1898 1991 balsami
1917 1959 1944 1992 ⁴¹.

1267 2042 1328 2070 Pius
1347 2043 1418 2077 rapa
1433 2042 1463 2077 v,
1484 2042 1518 2069 ad
1537 2042 1698 2076 perpetuam
1718 2041 1759 2069 rei
1775 2040 1946 2069 memoriam.

1276 2119 1375 2162 Digna
1397 2118 1564 2152 reddimur
1579 2118 1756 2152 attentione
1772 2117 1914 2158 solliciti,
1932 2117 1987 2151 illa

1233 2174 1271 2206 ad
1293 2172 1506 2206 exauditionis
1528 2173 1663 2214 gratiam
1695 2172 1863 2205 admittere
1892 2177 1984 2212 vota,

1234 2238 1291 2271 per
1325 2238 1407 2271 quae
1437 2226 1700 2265 necessitatibus,
1735 2225 1765 2257 in
1805 2235 1987 2258 sacramen·

1234 2287 1341 2314 torum
1377 2280 1599 2319 confectione,
1637 2279 1765 2313 occurri
1795 2284 1825 2312 et
1860 2278 1987 2312 consuli

1234 2335 1344 2378 possit.

2003 281 2049 305 Αιι.
2069 279 2097 305 C.
2114 279 2178 307 1571

2028 2129 2145 2151 Exordium.

439 2368 546 2400 forsan
565 2373 612 2400 est
631 2367 788 2400 hactenus
806 2367 854 2399 vel
872 2367 903 2399 in
925 2371 1090 2409 posterum
1113 2377 1191 2399 con-

440 2420 546 2461 tigerit
565 2419 725 2459 attentari,
748 2420 875 2463 irritum
897 2424 927 2452 et
949 2419 1061 2459 inane,
1084 2424 1193 2451 aucto-

440 2468 532 2501 ritate
553 2474 583 2502 et
608 2473 718 2501 tenore
740 2468 923 2512 praedictis,
950 2468 1167 2500 decernimus.

485 2518 500 2559 ἓ
533 2517 564 2550 6.
601 2517 670 2550 Non
703 2517 904 2550 obstantibus
939 2516 1122 2560 praemissis
1156 2528 1190 2549 ac

269 2577 359 2604 nerogai
378 2583 426 2598 eon-
441 2564 605 2609 quibusvis
625 2565 824 2610 apostolicis,
854 2576 981 2599 necnon
1003 2565 1034 2597 in
1062 2565 1192 2609 provin-

243 2611 322 2631 ἠὼ
441 2614 577 2648 cialibus
608 2620 639 2648 et
668 2615 873 2659 synodalibus
903 2614 1048 2648 conciliis
1078 2614 1191 2654 editis,

441 2663 645 2709 generalibus
674 2664 721 2697 vel
753 2663 964 2707 specialibus,
991 2662 1193 2697 constitutio-

1279 2388 1342 2429 §l
1367 2386 1553 2431 Expositum
1577 2386 1736 2430 siquidem
1763 2384 1855 2418 nobis
1883 2395 1987 2428 nuper
2028 2396 2128 2432 inindu-
2144 2403 2185 2417 non

1236 2442 1292 2474 t'uit
1321 2441 1407 2484 quod
1429 2441 1460 2472 in
1485 2440 1632 2483 partibus
1651 2439 1832 2479 Indiarum,
1854 2438 1908 2472 ubi
1928 2449 1986 2471 an·
2000 2427 2187 2484 {ssssffffussedlffis

1236 2494 1346 2526 tistites
1372 2498 1628 2532 commorantur,
1660 2503 1724 2525 uon
1747 2491 1908 2525 invenitur
1927 2501 1987 2524 nec
2002 2488 2189 2542 ‘slffioffl'ffssffj

1236 2547 1369 2580 inveniri
1387 2551 1487 2591 potest
1503 2546 1665 2580 balsamus
1676 2546 1723 2578 vel
1744 2545 1851 2578 oleum
1873 2555 1910 2577 ex
1921 2543 1988 2577 bal·
2003 2559 2057 2573 mu..

1236 2611 1337 2641 samo,
1355 2601 1394 2633 ad
1411 2600 1650 2634 conficiendum
1675 2604 1823 2633 sanctum
1847 2598 1989 2632 chrisma

1274 2673 1281 2697 t
1302 2671 1341 2698 Ex
1360 2671 1462 2705 aegest.
1482 2670 1507 2698 in
1523 2669 1624 2698 Secret.
1642 2669 1720 2696 Brev.
