2237 3100
60 295 110 323 An.
126 294 155 323 C.
174 293 239 322 ¹561

301 347 316 392 ἓ
335 347 365 381 7.
402 347 446 381 Ac
475 346 561 392 quod
582 346 760 393 praesentis
780 346 1004 390 transumptis,

80 410 141 432 Fides
170 415 244 432 exem·
257 402 447 437 auctoritate
463 407 494 436 et
514 413 611 435 manu
622 402 738 436 notarii
756 401 876 446 publici
888 407 942 434 aut
958 411 1007 434 se-

61 443 150 471 plorum.
259 456 385 491 cretarii
411 457 514 490 dictae
548 456 908 490 archiconsraternitatis
932 455 1007 489 sub-

259 511 386 556 scriptis
406 516 436 544 et
456 510 560 553 sigillo
582 511 656 543 dicti
678 511 870 555 protectoris
889 511 937 543 rel
961 510 1009 553 ip-

259 565 324 598 sius
344 565 708 598 archiconfraternitatis
730 564 879 603 munitis,
898 563 1009 597 eadem

258 629 391 662 prorsus
412 618 490 652 sides
511 619 712 659 adhibeatur,
732 618 763 650 in
784 618 904 664 iudicio
916 623 946 650 et
961 628 1012 650 ex-

258 678 317 713 tra,
334 673 389 706 ubi
410 673 548 706 exhibita
564 672 681 705 suerint
698 673 745 705 vel
762 677 899 711 ostensa,
916 675 1012 715 prout

259 726 409 769 originali
430 726 649 767 adhiberetur,
671 726 695 759 si
716 721 951 759 ostenderetur.

303 780 418 814 Datum
438 780 558 814 Romae
580 780 665 825 apud
687 780 840 814 Sanctum
860 779 1009 819 Petrum,

260 833 366 868 idibus
382 834 477 874 maii,
501 844 585 868 anno
606 844 634 867 v.

570 1009 701 1042 XXXIX.

261 1085 448 1129 Suppressv'o
467 1086 562 1129 officii
580 1085 719 1127 reqentis
747 1083 901 1116 Gamerae
928 1083 1014 1126 Apo-

305 1139 448 1178 stolicaa·
458 1143 646 1181 sanctaeque
666 1137 833 1170 Romanae
853 1136 1015 1169 Ecclesiae

307 1193 471 1226 cardinali
495 1191 673 1225 camerario
709 1191 844 1234 aliisque
877 1191 1013 1224 eiusdem

309 1245 461 1280 Gamerae
489 1245 676 1288 officialibus
694 1245 856 1277 restitutio
879 1245 1017 1286 faculta-

309 1303 386 1338 tum,
404 1299 527 1331 iuriam
543 1302 572 1331 et
591 1298 855 1331 iurisdictionzmz
871 1297 897 1330 1.

353 1379 414 1409 Pius
435 1380 576 1416 episcopus
598 1387 694 1408 servus
717 1387 856 1408 servorum
875 1379 929 1413 Dei.

397 1434 431 1462 ad
460 1436 621 1471 perpetuam
651 1435 693 1463 rei
711 1434 881 1462 memoriam.

307 1510 473 1544 Romanus
493 1510 649 1550 Pontifex,
664 1510 696 1543 in
708 1520 860 1554 supremo
878 1510 1017 1543 iustitiae

263 1563 380 1597 throno
402 1564 609 1603 constitutus,
631 1564 717 1597 circa
736 1574 773 1596 ea
795 1574 906 1596 curam
928 1563 1019 1596 adhi-

262 1617 316 1651 bet
326 1617 537 1662 potissimam,
552 1629 610 1662 per
627 1629 709 1661 quae
722 1617 923 1651 indemnitati
939 1628 1020 1661 quo-

264 1671 439 1705 modolibet
459 1672 666 1716 provideatur
686 1677 716 1704 et
737 1683 812 1705 suae
829 1672 1020 1716 provisionis

264 1736 325 1770 ope
345 1725 535 1770 unicuique,
554 1726 640 1770 quod
657 1736 753 1759 suum
770 1731 828 1765 est,
843 1726 1018 1766 tribuatur,

264 1790 301 1813 ac
321 1779 484 1813 interdum
512 1786 599 1823 gesta
623 1791 681 1824 per
702 1780 772 1813 eius
792 1780 1020 1823 praedecesso-

264 1844 327 1874 res,
346 1834 557 1867 suadentibus
576 1833 824 1866 rationabilibus
845 1833 960 1873 causis,
978 1834 1022 1866 al-

265 1892 356 1928 terat,
377 1893 491 1928 cassat,
514 1888 672 1927 annullat,
694 1899 729 1920 ac
748 1898 805 1931 per
826 1898 880 1919 cos
900 1893 1022 1920 mutata

264 1942 297 1973 in
315 1941 486 1985 pristinum
513 1946 629 1974 statum
651 1941 789 1981 reducit,
812 1952 848 1973 ac
868 1941 946 1973 alias
967 1942 1021 1974 de-

266 2005 363 2039 super
383 1994 536 2039 disponit,
559 2000 675 2039 prout,
694 2006 815 2035 rerum,
838 2000 1022 2038 temporum

266 2053 296 2081 et
329 2059 542 2092 personarum
582 2048 736 2092 qualitate
775 2053 918 2093 pensata,
945 2059 1022 2082 con-

267 2101 361 2146 spicit
380 2102 413 2134 in
433 2101 569 2136 Domino
591 2102 763 2135 salubriter
779 2101 940 2146 expedire.

311 2155 326 2199 g
345 2155 376 2188 ’1.
412 2156 541 2189 Dudum
568 2156 727 2200 siquidem
750 2155 851 2188 felicis
873 2156 1024 2189 recorda-

69 2221 144 2244 mutus
154 2221 190 2249 tv,
208 2228 253 2250 sup.
267 2209 364 2242 tionis
387 2209 507 2243 Paulus
531 2210 616 2254 Papa
643 2210 691 2250 IV,
717 2210 946 2253 praedecessor
966 2220 1025 2243 no-

70 2259 145 2281 ¹³¹⁰⁵⁵⁰
183 2254 252 2275 ⁰ffi⁴'³⁰
269 2265 342 2299 ster,
373 2269 410 2292 ex
439 2259 535 2292 certis
560 2264 637 2292 tunc
657 2259 815 2302 expressis
848 2259 964 2300 causis,
987 2259 1025 2292 de

70 2286 253 2343 iricdr'ssirrilgesnissiu
270 2309 406 2341 fratrum
431 2313 635 2349 nostrorum,
658 2308 697 2341 de
722 2318 864 2351 quorum
889 2319 1026 2341 numero

69 2349 254 2401 ἱῗῆξζωίιήἒζζίᾗ
270 2363 347 2391 tunc
364 2368 505 2398 eramus,
520 2357 654 2391 consilio
676 2363 705 2390 et
726 2368 869 2398 assensu,
884 2357 1026 2391 officium

71 2406 256 2463 ffi‘l‘b'ff'ffi‘fnssssss
271 2406 430 2450 generalis
467 2407 669 2440 auditoratus
702 2406 817 2440 Curiae
855 2418 1026 2440 causarum

71 2467 180 2494 lumentis,
203 2475 255 2497 quae
272 2457 424 2490 Gamerae
446 2456 666 2500 Apostolicae,
689 2456 776 2499 quod
798 2467 856 2500 pro
881 2462 1028 2501 tempore

71 2500 95 2520 nd
120 2502 257 2521 cumei-artum

72 2530 92 2551 S.
112 2530 136 2552 R.
160 2531 182 2553 E,
208 2538 259 2559 spe-

70 2563 163 2589 etabant3

79 1567 210 1589 Prooemtum.

273 2505 436 2540 existentis
468 2506 604 2539 Romani
634 2505 798 2538 Pontificis
822 2506 950 2539 auditor
973 2518 1027 2550 ge-

274 2555 392 2588 neralis
413 2566 449 2588 ac
470 2555 572 2589 dictae
596 2554 710 2588 Curiae
732 2554 826 2587 iudex
846 2555 1030 2588 ordinarius

275 2605 429 2638 existebat
438 2604 456 2633 2
467 2609 544 2638 tunc
556 2616 614 2649 per
625 2604 749 2637 obitum
762 2605 924 2648 quondam
934 2605 1031 2638 Frau-

313 2661 323 2685 l
344 2659 382 2686 Ex
404 2659 510 2694 Regest.
528 2660 553 2685 in
576 2658 686 2685 Archiv.
708 2658 793 2687 Vatic.

311 2700 328 2726 2
346 2700 427 2726 Forte
447 2702 583 2726 exercebat
602 2699 638 2734 (n.
661 2699 708 2733 r).

930 282 1004 315 'ems
1024 289 1055 315 ιν
1073 289 1122 314 pr.

1695 277 1759 312 423

1050 344 1126 378 cisci
1144 343 1282 378 Alberici
1295 344 1333 377 de
1349 343 1534 377 Rachaneto
1550 342 1562 370 ’1
1586 341 1729 376 eiusdem
1740 343 1802 376 Cu-

1050 401 1117 435 riae
1145 399 1304 445 generalis
1328 398 1494 438 auditoris,
1526 402 1611 431 extra
1628 397 1803 431 Romanam

1051 455 1178 489 Curiam
1200 455 1490 495 desuncti,vacans,
1514 453 1658 486 eiusdem
1679 453 1804 487 audito-

1053 516 1141 543 ratus
1158 511 1289 544 nomine
1310 510 1343 542 in
1364 513 1558 553 perpetuum
1581 518 1755 550 suppresso
1776 514 1806 541 et

1053 564 1210 605 extincto,
1233 566 1275 597 ita
1295 569 1330 597 ut
1355 563 1394 596 de
1411 567 1518 595 cetero
1539 561 1682 594 officium
1701 561 1806 605 ipsum

1054 630 1118 651 non
1134 620 1335 653 auditoratus
1349 617 1465 652 Curiae
1481 627 1653 651 causarum
1665 616 1808 649 Camerae

1054 673 1272 716 Apostolicae,
1305 680 1333 708 et
1369 673 1448 706 illud
1483 684 1542 717 pro
1563 677 1710 715 tempore
1730 671 1810 705 obti-

1055 738 1135 760 nens
1155 739 1219 761 non
1240 728 1368 761 auditor
1387 726 1546 771 generalis
1566 726 1681 760 Curiae
1697 737 1810 759 causa-

1055 792 1128 814 rum
1153 782 1360 821 huiusmodi,
1384 783 1438 816 sed
1458 792 1574 825 regens
1599 786 1727 814 sanctae
1747 780 1811 815 Ro-

1057 846 1170 869 manae
1190 836 1351 869 Ecclesiae
1372 836 1525 869 Gamerae
1546 835 1748 879 Apostolicae
1759 835 1813 869 de-

1057 889 1281 923 nominaretur
1297 896 1327 923 et
1344 890 1502 931 existeret,
1522 900 1596 922 cum
1617 889 1723 923 officio
1740 900 1812 923 eor-

1057 943 1213 976 rectoriae
1234 944 1364 977 archivii
1387 943 1488 987 ipsius
1507 942 1622 977 Curiae
1638 948 1669 977 et
1683 943 1753 978 aliis
1768 943 1814 977 illi

1058 996 1164 1030 forsan
1194 998 1326 1031 annexis
1351 997 1382 1030 in
1408 997 1553 1030 officium
1579 997 1720 1040 regentis
1740 1008 1813 1031 san-

1058 1056 1126 1083 ctae
1150 1050 1314 1084 Romanae
1338 1050 1501 1084 Ecclesiae
1526 1050 1678 1084 Gamerae
1699 1051 1813 1086 huius-

1059 1103 1157 1143 modi,
1177 1116 1250 1137 cum
1272 1104 1368 1138 certis
1388 1104 1459 1137 aliis
1477 1109 1554 1136 tunc
1572 1104 1667 1136 etiam
1689 1115 1815 1148 expres-

1058 1156 1100 1190 sis
1120 1157 1341 1198 sacultatibus,
1364 1157 1505 1197 iuribus,
1528 1157 1815 1199 iurisdictionibus,

1059 1210 1252 1255 privilegiis,
1273 1211 1533 1255 exemptionibus
1554 1216 1584 1243 et
1604 1211 1738 1245 indultis
1758 1222 1815 1256 pro

1059 1276 1124 1298 uno
1152 1265 1254 1298 dictae
1284 1265 1448 1298 Romanae
1473 1264 1654 1306 Ecclesiae,
1677 1265 1817 1299 cuiusvis

1059 1318 1198 1359 Ordinis,
1222 1319 1392 1359 cardinali,
1406 1318 1462 1362 qui
1478 1318 1511 1351 in
1527 1318 1593 1352 suis
1609 1324 1637 1352 et
1655 1329 1713 1363 pro
1734 1325 1816 1353 tem-

1059 1384 1138 1418 pore
1154 1372 1317 1407 existentis
1336 1372 1472 1405 Romani
1488 1372 1654 1405 Pontificis
1669 1373 1819 1407 manibus

1060 1432 1236 1471 praestaret
1256 1426 1416 1459 fidelitatis
1436 1426 1563 1460 debitae
1584 1427 1816 1467 iuramentum,

1060 1485 1090 1514 et
1119 1481 1261 1514 officium
1292 1480 1433 1524 regentis
1460 1480 1658 1521 huiusmodi,
1677 1481 1737 1514 sihi
1762 1491 1820 1526 per

1061 1542 1135 1563 eum
1156 1535 1209 1563 aut
1226 1530 1408 1563 Romanum
1428 1530 1617 1563 Pontificem
1639 1531 1819 1574 praefatum

1062 1590 1265 1618 concessum,
1288 1580 1410 1622 absque
1430 1579 1670 1623 dispensatione
1691 1585 1820 1624 aposto-

1062 1629 1136 1668 lica,
1156 1629 1195 1661 ad
1216 1629 1285 1661 eius
1305 1629 1400 1661 vitam
1422 1628 1595 1669 obtinerct;
1613 1640 1650 1662 ac
1666 1628 1751 1662 idem
1767 1629 1822 1662 tri-

1061 1677 1159 1710 bunal
1186 1682 1217 1710 et
1246 1678 1375 1710 eosdem
1402 1678 1560 1717 notarios,
1583 1678 1670 1721 quod
1691 1683 1721 1710 et
1741 1688 1823 1721 quos

1062 1727 1167 1759 dictus
1196 1727 1387 1760 Franciscus
1415 1727 1560 1767 auditor,
1584 1728 1661 1760 dum
1686 1728 1820 1769 viveret,

1063 1777 1197 1817 habeat,
1229 1776 1271 1809 ita
1307 1778 1394 1820 quod
1429 1777 1467 1810 de
1498 1782 1607 1810 cetero
1629 1778 1773 1810 tribunal
1793 1784 1823 1811 et

1063 1826 1181 1859 notarii
1211 1826 1399 1859 huiusmodi
1429 1825 1571 1868 regentis
1594 1833 1625 1859 et
1644 1837 1709 1859 non
1730 1827 1822 1860 audi-

1064 1877 1142 1909 toris
1163 1876 1297 1919 praefati
1318 1881 1423 1909 essent
1448 1881 1479 1908 et
1504 1875 1704 1916 dicerentur,
1723 1877 1822 1911 habe-

1065 1931 1125 1965 ret,
1139 1936 1175 1957 ac
1187 1925 1308 1968 ubique
1326 1926 1488 1965 locorum,
1502 1922 1641 1968 ¹paribus
1658 1926 1821 1967 facultate,

1065 1979 1149 2015 voto,
1173 1975 1376 2015 auctoritate,
1400 1980 1569 2018 potestate,
1588 1975 1821 2015 iurisdictione,

1065 2024 1160 2057 etiam
1178 2024 1259 2057 Sede
1276 2025 1460 2068 Apostolica
1476 2030 1620 2065 vacante,
1635 2026 1754 2069 quibus
1765 2037 1824 2070 pro

1066 2079 1211 2117 tempore
1242 2075 1381 2108 existens
1410 2081 1539 2109 sanctae
1573 2075 1735 2109 Romanae
1764 2076 1824 2110 Ec-

1067 2123 1183 2156 clesiae
1204 2123 1415 2163 camerarius,
1433 2124 1558 2157 ratione
1583 2124 1631 2157 sui
1652 2125 1750 2158 officii
1774 2136 1825 2158 ca-

1068 2173 1269 2212 merariatus,
1286 2173 1530 2216 quomodolibet
1559 2173 1753 2215 fungebatur
1778 2180 1824 2207 at-

1068 2233 1130 2266 que
1151 2222 1289 2255 habebat
1307 2234 1362 2255 seu
1380 2223 1499 2256 habere
1518 2228 1654 2266 poterat,
1670 2234 1733 2257 una
1750 2235 1824 2257 cum

1068 2271 1180 2304 eodem
1202 2283 1260 2315 pro
1286 2278 1431 2315 tempore
1457 2272 1609 2305 existente
1631 2273 1823 2313 camerario,

1070 2321 1288 2365 parisormiter
1322 2327 1352 2354 ct
1377 2332 1478 2365 aeque
1513 2320 1752 2366 principaliter,
1790 2333 1826 2356 ac

1070 2376 1132 2402 tam
1154 2370 1186 2402 in
1202 2370 1286 2403 dicta
1307 2370 1439 2403 Camera
1456 2381 1553 2413 quam
1571 2377 1658 2404 extra
1674 2382 1757 2411 eam,
1780 2378 1827 2405 tot

1070 2425 1100 2452 et
1121 2420 1212 2459 talia,
1232 2425 1311 2463 quot
1331 2426 1358 2453 et
1380 2420 1489 2463 qualia
1510 2421 1577 2465 ipse
1601 2432 1659 2464 pro
1681 2426 1826 2465 tempore

1071 2468 1207 2501 existens
1227 2470 1441 2510 camerarius,
1462 2470 1584 2503 ratione
1605 2471 1702 2503 oflicii
1723 2482 1827 2503 came-

1071 2518 1210 2551 rariatus
1220 2519 1623 2564 huiusmodi,percipiebat
1637 2520 1825 2560 ethabebat,

1072 2578 1128 2599 seu
1149 2568 1317 2612 percipere
1343 2575 1373 2602 et
1401 2570 1520 2602 habere
1544 2576 1687 2614 poterat,
1709 2570 1828 2613 regalia

1111 2622 1119 2647 l
1143 2622 1266 2655 Legimus
1286 2625 1317 2648 dc
1338 2624 1466 2650 neeffleta,
1489 2624 1573 2650 italice
1594 2625 1737 2656 ltecanau,
1758 2632 1827 2659 quae

1073 2665 1113 2687 est
1134 2662 1197 2688 urbs
1217 2662 1348 2690 Marchiac
1369 2665 1561 2698 Anconitanae,
1584 2664 1627 2690 ubi
1649 2664 1762 2691 Alberici
1781 2672 1824 2692 or-

1075 2705 1117 2727 tus
1133 2707 1173 2737 est
1194 2704 1230 2737 (n,
1249 2703 1297 2738 r).

1820 287 1868 315 An.
1888 286 1917 315 C.
1933 286 1999 315 1561
