2237 3100
52 263 104 290 An.
121 262 151 290 C.
171 262 236 290 ¹567

74 794 98 816 ln
121 796 234 822 episcopa-

49 829 91 847 tum
114 827 184 853 erigit,
214 828 236 846 et

49 857 86 878 sub
96 857 234 878 concordatis

48 887 169 910 Franciseil
179 894 236 910 com-

48 920 176 947 prehensam
196 920 235 941 de-

47 951 128 977 «ιω-ειη

938 258 1006 286 PIUS
1030 260 1048 283 V
1073 260 1120 283 1³1³.

1695 249 1755 284 551

253 313 459 347 manentibus
494 318 600 346 tamen
636 314 666 346 in
706 313 772 357 ipso
813 315 1009 348 monasterio
1051 312 1167 345 clesiae
1188 310 1600 353 cathedrale&carumque
1620 312 1802 354 praesules,

251 367 343 400 dietis
368 373 490 410 septem
519 368 566 400 vel
596 373 669 399 octo
695 368 860 402 canonicis
886 369 918 401 in
943 369 1009 402 suis

251 420 360 453 habitu
378 426 406 453 ct
422 420 554 463 Regula,
567 431 641 453 cum
657 421 837 454 canonicali
850 422 1007 464 portione,

249 473 358 517 quoad
377 473 524 514 vixerint,
552 485 608 507 scu
630 475 733 507 donec
754 475 793 507 ad
814 475 876 507 alia
898 476 1010 508 huius-

250 527 337 560 modi
363 528 435 561 loca
465 528 627 570 regularia
648 533 761 571 sponte
789 538 825 561 ac
851 529 1007 562 canonice

251 580 448 621 transierint,
477 581 668 614 auctoritate
692 581 867 625 praedicta,
896 587 1007 615 tenore

250 634 490 678 praesentium,
518 640 679 679 perpetuo
713 635 950 679 supprimimus
979 641 1009 669 et

250 687 479 731 extinguimus.

295 740 360 785 53.
389 741 433 775 Ac
455 741 656 785 praedictum
681 742 850 786 oppidum,
873 743 1009 787 populo-

250 805 321 827 sum
332 795 455 839 quippe
466 801 495 828 et
508 796 647 836 celebre,
661 807 738 840 agro
754 801 785 830 et
797 807 925 830 annona
940 798 1007 830 soe-

251 848 408 889 cundum,
440 854 691 893 commeatuque
721 851 942 891 commodum,
976 850 1008 884 in

250 901 423 943 civitatem;
450 903 620 937 ecclesiam
640 914 715 937 vero
741 904 928 937 monasterii
949 904 1008 938 hu-

249 955 388 989 iusmodi
416 955 449 989 in
478 957 708 997 cathedralem,
735 957 888 1001 deinceps
913 958 1007 992 Bolo-

248 1008 394 1042 niensem
421 1010 686 1054 nuncupandam,
717 1010 777 1043 sub
806 1011 1007 1045 invocatione

249 1062 393 1096 eiusdem
413 1063 527 1097 Beatae
544 1064 672 1105 Mariae,
691 1064 928 1109 archiepiscopi
948 1065 1007 1099 Re.-

249 1116 368 1149 mensis
398 1127 456 1160 pro
483 1121 631 1161 tempore
666 1117 829 1151 existentis
853 1118 1008 1162 suffraga-

248 1179 343 1202 neam
368 1172 532 1211 t'uturam‚
556 1176 584 1203 et
607 1170 666 1203 suh
692 1171 895 1204 concordatis
929 1173 1007 1205 olim

248 1222 332 1256 inter
360 1223 475 1257 Sedem
505 1224 723 1269 Apostolicam
749 1225 947 1269 praedictam
977 1232 1008 1259 et

248 1277 355 1310 clarae
384 1277 562 1311 memoriae
596 1278 804 1311 Franciscum
841 1279 1004 1322 primum,

246 1330 448 1364 Francorum
458 1342 579 1374 regem,
594 1342 692 1375 super
703 1332 925 1366 nominatione
937 1344 1008 1377 per-

247 1395 400 1418 sonarum
415 1411 422 1425 ,
445 1385 540 1419 certis
573 1391 651 1419 tunc
676 1386 834 1430 expressis
854 1387 950 1419 modo
977 1393 1007 1420 et,

247 1438 351 1472 forma
379 1439 657 1483 qualificatarum,
674 1439 714 1472 ad
729 1439 881 1473 ecclesias
903 1441 1007 1474 cathe-

247 1492 353 1526 drales
386 1493 477 1536 regni
512 1493 666 1526 Franciae
692 1503 752 1537 pro
772 1498 919 1538 tempore
953 1506 1006 1528 va-

247 1550 367 1587 cantes,
389 1556 449 1590 per
468 1557 578 1589 regem
599 1546 754 1580 Franciae
775 1558 833 1590 pro
859 1553 1006 1592 tempore

247 1599 435 1634 existentem
443 1600 588 1634 Romano
599 1601 745 1634 Pontifici
757 1601 912 1642 facienda,
922 1602 1006 1635 initis

247 1654 529 1698 comprehensam,
559 1654 836 1698 quemadmodum
859 1656 935 1688 olim
955 1668 1007 1689 ec-

246 1707 343 1741 clesia
358 1708 548 1742 Morinensis
558 1709 723 1753 praedicta
735 1714 815 1746 erat2
832 1710 1005 1753 sedemque

246 1761 463 1806 episcopalem
484 1773 542 1807 pro
564 1773 630 1795 uno
643 1763 796 1807 episcopo
815 1763 1004 1806 verdunum

245 1825 355 1858 regem
376 1815 530 1849 Franciae
552 1816 658 1853 eidem
686 1816 832 1849 Pontifici
859 1828 914 1849 seu
932 1817 1003 1850 Sesli

245 1869 459 1913 Apostolicae,
489 1869 585 1903 etiam
609 1870 668 1902 hac
691 1870 796 1913 prima
817 1870 883 1903 vice
904 1876 933 1903 et
956 1871 1004 1903 Γυ-

245 1919 325 1952 turis
359 1918 512 1963 deinceps
541 1918 770 1963 temporibus,
806 1919 913 1963 vigore
948 1932 1003 1953 seu

247 1973 413 2012 praetextu
429 1968 589 2002 dictorum
607 1969 891 2006 coneoulatornm,
904 1971 1005 2003 nomi-

246 2017 364 2057 nando,
385 2017 440 2060 qui
477 2018 523 2050 illi
554 2018 690 2061 praesit,
716 2023 746 2051 ct
774 2018 806 2050 in
827 2018 1002 2061 perfectam

246 2067 440 2100 cathedralis
467 2067 622 2101 ecclesiae
655 2068 791 2101 formam
819 2068 946 2101 ordinet
975 2075 1004 2102 ct

247 2116 380 2160 redigat,
403 2115 546 2156 abbates,
561 2117 721 2159 praelatos
736 2122 766 2149 et
788 2122 911 2150 ceteros
927 2129 1003 2151 suae

246 2165 403 2199 dioecesis
428 2166 468 2199 ad
493 2165 651 2208 synodum
678 2170 848 2205 convocet,
871 2167 1002 2207 evellat,

246 2214 408 2256 destruat,
436 2215 575 2258 plantet,
599 2214 718 2256 erigat,
743 2214 895 2255 edificet,
933 2226 1002 2248 otn-

247 2264 365 2307 niaque
392 2269 423 2297 et
455 2264 580 2307 singula
610 2263 715 2297 officia
736 2268 765 2295 ct
786 2263 857 2296 iura
878 2264 1003 2308 episeo-

245 2313 331 2356 palia
362 2314 478 2347 habeat
502 2317 532 2346 et
552 2317 710 2353 exerceat,
733 2323 807 2345 cum
829 2313 894 2346 suis
915 2315 1002 2358 capi-

246 2363 327 2403 tulo,
351 2373 462 2396 mensa
482 2361 657 2406 episcopali
673 2367 703 2394 et
724 2361 903 2405 capitulari,
921 2369 1004 2397 eete-

246 2412 355 2456 risque
383 2412 534 2446 omnibus
559 2411 798 2444 cathedralibus
822 2417 851 2444 et
872 2413 1003 2455 pontiti-

247 2461 370 2495 calibus
399 2461 591 2505 insignibus,
616 2470 743 2493 necnon
775 2461 918 2502 iuribus,
953 2463 1003 2495 iu-

247 2510 500 2551 risdictionibus,
523 2510 705 2553 privilegiis,
731 2511 1000 2554 exemptionibus,

248 2560 489 2603 praerogativis,
516 2559 713 2600 honoribus,
741 2559 868 2601 gratiis,
887 2560 1002 2593 favori-

248 2608 310 2642 bus
336 2615 368 2642 et
387 2608 520 2642 indultis
546 2608 698 2646 realibus,
719 2609 944 2653 personalibus
973 2616 1004 2644 et

254 2657 372 2700 mixtis,
394 2658 513 2702 quibus
533 2657 613 2692 aliae
633 2658 763 2692 illarum
788 2658 929 2702 partium
949 2669 1002 2692 ec-

1051 365 1192 409 capitula
1230 369 1260 397 et
1299 373 1457 407 personae
1496 363 1806 408 quomodocumque

1052 423 1199 459 utuntur,
1218 417 1387 461 potiuntur
1403 417 1597 460 etgaudent,
1615 428 1652 450 ac
1673 418 1729 458 uti,
1751 429 1807 462 po-

1051 471 1102 504 tiri
1123 476 1151 504 et
1171 471 1312 515 gaudere
1337 475 1490 515 poterunt
1509 470 1754 514 quomodolibet
1774 472 1806 505 in

1051 526 1216 566 futurum,
1242 524 1432 558 auctoritate
1453 529 1484 558 et
1503 529 1614 558 tenore
1635 525 1807 569 praedictis

1050 579 1205 622 erigimus
1230 584 1261 611 et
1284 578 1493 611 instituimus.

1095 632 1160 675 gli.
1188 632 1316 676 ipsique
1346 631 1501 666 ecclesiae
1537 631 1582 666 sic
1615 637 1742 666 erectae
1776 637 1807 666 et

1052 685 1136 717 illius
1152 685 1292 728 praesuli
1309 684 1474 729 praedicto
1486 684 1686 719 Bolonicnsis
1701 684 1729 727 1,
1747 695 1806 730 pro

1051 738 1188 777 civitate·⁷
1211 744 1241 771 ct
1256 744 1382 783 partem
1402 738 1491 771 illam
1516 738 1699 772 universam
1728 739 1806 774 olim

1050 792 1205 825 dioecesis
1238 792 1440 833 Morincnsis‚
1468 803 1551 836 quae
1585 792 1618 825 in
1652 792 1807 827 divisione

1050 845 1214 889 praedicta
1240 846 1395 879 Franciac
1421 846 1541 888 evenit,
1568 857 1643 879 cum
1671 847 1808 881 decana-

1051 899 1146 939 tibus,
1174 900 1415 943 parochialibus
1444 905 1475 933 et
1505 900 1576 934 aliis
1591 901 1747 942 ecclesiis,
1769 912 1807 935 ac

1050 953 1146 986 etiam
1181 953 1403 994 monasteriis,
1426 954 1623 998 prioratibus
1649 959 1680 988 et
1708 955 1804 995 locis,

1050 1017 1125 1040 cum
1146 1006 1212 1039 suis
1232 1006 1381 1051 personis
1401 1007 1622 1041 saecularibus
1637 1012 1668 1040 et
1682 1009 1808 1051 regula-

1051 1060 1154 1100 ribus,
1190 1070 1249 1103 pro
1282 1060 1443 1099 dioecesi·‚
1472 1071 1600 1094 necnon
1636 1061 1807 1105 utriusque

1050 1114 1132 1148 cives
1161 1119 1192 1147 ct
1224 1114 1348 1147 incolas
1381 1114 1615 1149 ecclesiasticos
1641 1120 1672 1148 et
1690 1115 1805 1156 laicos,

1050 1178 1108 1212 pro
1121 1168 1207 1200 clero
1224 1173 1255 1200 ct
1270 1168 1393 1212 populo
1411 1174 1569 1212 perpetuo
1591 1168 1803 1212 assignamus.

1093 1222 1149 1265 §5
1165 1221 1325 1259 Ceterum,
1338 1227 1372 1255 ut
1381 1221 1450 1266 ipsa
1461 1222 1597 1255 ccclesia
1608 1222 1807 1257 Bolonicnsis

1050 1275 1081 1309 in
1094 1276 1226 1319 reliquis
1242 1276 1394 1309 omnibus
1414 1275 1480 1309 suis
1504 1275 1649 1319 partibus
1665 1277 1807 1320 perfecta

1050 1334 1080 1362 ct
1099 1330 1246 1362 absoluta
1266 1329 1325 1369 sit,
1355 1339 1460 1362 unum
1489 1329 1702 1371 decanatum,
1725 1330 1807 1364 duos

1049 1383 1350 1424 archidiaconatus,
1373 1394 1472 1416 unam
1498 1383 1693 1425 cantoriam,
1707 1395 1806 1418 unam

1049 1436 1286 1470 thesaurariam
1299 1442 1330 1470 et
1345 1447 1443 1469 unam
1460 1436 1742 1481 poenitentiariam
1758 1438 1806 1472 di-

1048 1490 1194 1534 gnitates,
1215 1490 1445 1534 septemdecim
1459 1491 1668 1526 canonicatus
1688 1498 1719 1526 et
1737 1503 1809 1538 sep·-

1049 1544 1220 1578 temdecim
1246 1544 1458 1589 praebendas,
1486 1555 1613 1579 necnon
1643 1547 1806 1590 cappella-

1048 1598 1117 1631 nias
1138 1604 1309 1642 ceteraque
1335 1598 1444 1631 omnia
1463 1599 1622 1632 beneficia
1637 1605 1669 1633 et
1687 1600 1804 1641 officia,

1047 1664 1130 1695 «piae
1142 1652 1269 1686 indicta
1278 1653 1356 1685 olim
1365 1652 1538 1686 Morinensi
1559 1653 1696 1687 ecclesia
1705 1660 1806 1697 erant,

1048 1713 1078 1739 et
1095 1708 1126 1740 in
1140 1707 1208 1751 ipsa
1223 1707 1378 1740 divisione
1390 1707 1627 1751 partiFranciae
1638 1719 1675 1742 ac
1689 1709 1806 1744 sutura}

1048 1757 1226 1790 cathedrali
1253 1757 1408 1790 ccclesiae
1442 1757 1645 1801 obtigerunt,
1674 1769 1805 1792 eorum-

1047 1818 1109 1849 que
1126 1807 1273 1839 omnium
1293 1817 1466 1848 personas,
1492 1807 1532 1839 ad
1561 1807 1679 1841 dictam
1699 1808 1804 1842 eccle-

1047 1856 1125 1888 siam
1146 1856 1372 1889 Boloniensem
1398 1857 1644 1897 transseriinus;
1671 1868 1708 1890 ac
1738 1858 1804 1902 epi-

1047 1905 1168 1949 scopali
1192 1906 1393 1939 Duacenscm
1413 1910 1444 1938 et
1467 1905 1633 1939 dimidiam
1657 1906 1804 1940 lnsulen-

1047 1965 1113 1987 seni
1135 1955 1336 1998 praehendas
1356 1954 1557 1998 episcopales
1586 1962 1800 2000 nuncupatas.

1090 2005 1104 2047 ᾗ
1129 2004 1160 2037 6.
1184 2004 1227 2037 Ac
1248 2009 1312 2037 tam
1335 2004 1392 2044 illi,
1406 2015 1504 2048 quam
1521 2003 1616 2037 etiam
1633 2005 1803 2048 capitulari

1046 2053 1166 2086 mensis
1186 2054 1371 2097 praedictis,
1392 2064 1522 2087 necnon
1543 2053 1683 2088 fabricae
1699 2055 1804 2090 dictae

1046 2103 1201 2136 ecclesiae
1237 2102 1438 2136 Bolonicnsis
1472 2103 1582 2136 omnia
1613 2109 1644 2136 ct
1679 2104 1805 2149 singula

1046 2152 1194 2196 praedia,
1215 2152 1449 2196 proprietates,
1476 2152 1637 2193 dominia,
1665 2164 1801 2196 census,

1046 2202 1150 2241 feuda,
1163 2200 1437 2245 emphytheutica,
1453 2201 1594 2234 decimas
1605 2207 1635 2235 et
1646 2202 1805 2246 primitias

1046 2255 1218 2293 ceteraque
1247 2251 1344 2291 hona,
1368 2250 1506 2290 fructus,
1530 2251 1686 2292 redditus,
1709 2252 1804 2287 iuris-

1045 2299 1213 2340 dictiones,
1228 2299 1371 2333 actiones
1387 2304 1418 2332 ct
1438 2299 1519 2340 iura,
1534 2310 1646 2333 earum
1667 2300 1803 2345 singulis

1047 2359 1103 2392 per
1137 2349 1284 2382 camdem
1313 2348 1518 2393 partitionem
1550 2349 1733 2393 designata,
1765 2362 1802 2385 ac

1046 2397 1139 2430 ctiam
1150 2399 1189 2431 ad
1206 2398 1398 2431 abbatialem
1414 2403 1444 2431 et
1455 2399 1699 2432 conventualem
1715 2410 1803 2433 men-

1046 2458 1094 2480 sas
1112 2448 1276 2492 suppressi
1294 2447 1480 2482 monasterii
1499 2448 1686 2481 huiusmodi
1705 2449 1801 2493 perti-

1045 2497 1162 2537 nentia,
1170 2497 1295 2531 videlic.
1308 2507 1390 2540 quae
1398 2497 1578 2539 abbatialis,
1589 2508 1626 2531 ea
1637 2498 1802 2543 episcopa-

1045 2547 1094 2588 lis;
1108 2558 1180 2590 quac
1190 2558 1265 2581 vcro
1277 2546 1498 2580 conventualis
1509 2557 1639 2581 mensae
1648 2553 1750 2589 erant,
1764 2559 1802 2581 ac

1045 2596 1140 2630 ctiam
1156 2607 1406 2642 suppressorum
1424 2596 1658 2631 beneficiorum
1680 2597 1799 2641 portio-

1082 2670 1092 2696 l
1114 2671 1264 2702 Βοῑοηῑαηι,
1285 2670 1301 2696 1.
1320 2678 1342 2698 s.
1364 2678 1387 2698 c.
1405 2669 1443 2706 (n.
1465 2671 1515 2706 Τ.).

1820 258 1872 287 An.
1888 258 1918 286 C.
1936 258 2004 286 ¹567

1830 642 1901 664 Eidem
1912 644 2007 670 assignat

1821 675 1937 696 dioecesim
1946 683 1953 701 ς

1847 1237 1965 1264 nignitate·
1983 1240 2004 1260 ia

1820 1273 1846 1290 ea
1860 1269 1953 1291 instituit
1964 1277 1970 1295 ;

1843 2015 1916 2038 Dotem
1928 2025 1994 2048 pru.

1818 2047 1870 2074 figit.
