2237 3100
289 302 340 332 An.
357 302 386 330 C.
407 304 472 332 {562

315 787 393 808 Causae
411 787 473 808 huiu-

290 824 325 840 sce
340 818 422 839 terendi
438 819 472 838 de-

288 851 349 871 creti.

317 2353 434 2374 beelei-aiio
447 2354 480 2379 (ile

296 2391 336 2411 qua
347 2385 368 2405 in
379 2385 479 2410 rubrica).

533 294 596 330 198

813 355 912 390 LXVI.

486 425 659 469 Episcopos
680 425 825 459 titulares
849 426 1048 466 mcncupacos
1063 420 1237 465 pontifica-

531 480 577 512 lia
596 490 739 512 exercere
759 479 790 510 in
818 478 925 510 aliena
951 476 1093 514 dioecesi,
1116 475 1182 507 nisi
1201 474 1238 506 dc

530 533 694 565 ordinarii
701 532 842 571 licentia,
854 531 987 563 minime
997 540 1085 573 posse
1095 528 1198 561 sinici!
1212 527 1235 560 l.

573 609 635 637 Pius
654 609 794 644 episcopus
814 614 909 635 servus
929 612 1069 634 servorum
1084 605 1140 637 Dei,

643 663 677 689 ad
701 661 825 690 futuram
853 661 893 688 rei
918 660 1086 688 memoriam.

530 729 587 773 gl.
606 728 696 767 Cum,
709 728 792 762 sicut
802 727 998 772 accepimus,
1012 725 1158 759 nonnulli
1171 726 1238 769 epi-

487 782 575 826 scopi
585 781 761 822 ecclesiar.,
771 792 852 825 quae
864 781 896 813 in
907 780 1051 825 partibus
1061 779 1240 812 infidelium

488 836 677 876 consistunt,
696 836 783 869 clero
804 840 948 868 carentes
963 845 999 867 ac
1016 834 1136 878 populo
1153 834 1239 866 cliri-

487 889 600 931 stiano,
615 900 689 923 cum
701 889 766 922 sere
785 888 965 931 vagabundi
982 888 1043 921 sint
1063 893 1093 921 et
1113 898 1239 930 perma—

486 948 613 976 nentem
634 943 741 977 sedem
758 954 821 976 non
833 943 982 982 habeant,
1004 951 1068 974 non
1079 952 1160 984 quae
1170 941 1239 974 Iesu

486 996 621 1037 Christi,
653 997 708 1029 sed
736 996 857 1029 alienas
872 1006 956 1035 oves,
979 994 1080 1027 inscio
1108 994 1240 1038 proprio

487 1056 623 1094 pastore,
635 1056 825 1094 quaerentes,
838 1049 1033 1094 pontiticalia
1043 1048 1156 1087 officia,
1168 1058 1240 1091 quae

486 1104 546 1136 nisi
580 1104 617 1137 de
652 1105 796 1149 ipsorum
824 1104 971 1136 locorum
1002 1101 1240 1134 ordinariorum

487 1156 614 1190 licentia
634 1162 663 1189 et
685 1157 716 1189 in
744 1166 896 1200 personas
921 1155 1041 1188 eisdem
1071 1153 1241 1187 ordinariis

487 1210 645 1243 subiectas
656 1216 779 1243 tantum
789 1219 937 1243 exercere
946 1208 1109 1247 deberent,
1123 1208 1154 1239 in
1163 1208 1240 1240 alie-

487 1263 536 1296 nis
556 1263 734 1296 civitatibus
755 1269 785 1296 et
801 1262 1015 1301 dioecesibus,
1038 1272 1093 1293 seu
1116 1260 1147 1292 in
1164 1261 1242 1293 locis

487 1316 608 1349 nullius
637 1316 791 1350 dioecesis
825 1315 915 1359 quasi
941 1315 1157 1359 episcopalem
1188 1325 1240 1346 ca-

487 1370 646 1410 thedram,
671 1370 801 1414 propria
820 1369 998 1402 temeritate
1019 1379 1055 1401 ac
1076 1372 1241 1412 praetextu

487 1422 654 1456 literarum
683 1434 792 1455 sacrae
822 1428 949 1455 nostrae
976 1420 1242 1454 Poenitentiariae

488 1476 594 1509 officio
614 1477 661 1509 vel
686 1476 763 1509 alias
788 1481 1022 1514 emanatarum,
1050 1474 1185 1517 erigere,
1213 1480 1240 1507 et

488 1540 712 1573 quoscumque
742 1530 780 1563 ad
809 1540 841 1562 se
870 1528 1057 1567 venientes,
1093 1527 1187 1560 etiam
1218 1527 1242 1560 si

489 1593 622 1616 suorum
643 1584 861 1628 praelatorum
883 1582 990 1615 literas
1010 1581 1242 1614 commendati-

489 1637 548 1670 tias
573 1647 638 1671 non
663 1637 812 1676 habeant,
841 1635 981 1669 clericali
1007 1639 1169 1667 caractere
1195 1634 1243 1667 in-

490 1691 608 1734 signire
628 1696 658 1724 et
678 1691 716 1724 ad
732 1700 852 1730 sacros,
879 1689 974 1722 etiam
992 1688 1241 1733 presbyteratus.

490 1744 619 1778 ordines
628 1755 816 1789 promovere
828 1743 967 1776 audeant
978 1747 1008 1775 et
1025 1747 1242 1785 praesumant,

490 1809 555 1842 quo
584 1799 776 1843 plerumque
801 1798 835 1831 tit
865 1802 899 1829 ut.
932 1796 1039 1829 minus
1066 1795 1172 1828 idonei
1209 1807 1245 1828 ac

491 1852 588 1886 rudes
607 1858 636 1885 et
656 1852 757 1896 ignari
774 1857 802 1884 ct
820 1851 902 1896 quia
915 1861 972 1883 suo
985 1849 1146 1893 episcopo,
1164 1854 1244 1882 tam-

490 1917 586 1950 quam
613 1906 771 1939 inhabiles
783 1910 812 1938 et
832 1903 964 1947 indigni,
985 1903 1095 1936 reiecti
1116 1902 1245 1939 fuerint,

490 1959 530 1992 ab
549 1960 612 1993 illis
632 1959 788 2000 ordinati,
812 1969 871 1991 nec
897 1957 1000 1990 divina
1022 1956 1125 1989 officia
1151 1967 1245 1999 pera-

490 2023 576 2057 gere,
591 2024 695 2057 neque
707 2011 924 2046 ecclesiastica
943 2015 1143 2043 sacramenta
1160 2015 1246 2043 recte

490 2067 612 2100 valeant
624 2066 859 2105 administrare,
870 2065 902 2097 in
919 2063 1076 2097 clericalis
1097 2063 1245 2095 sacerdo—

490 2120 625 2164 talisque
655 2120 775 2152 ordinis
799 2119 939 2151 dedecus
957 2122 985 2150 et
1009 2121 1244 2159 contemptum,

492 2184 527 2206 ac
539 2173 797 2206 christifidelium
813 2170 990 2205 devotionis
1001 2168 1246 2202 diminutionem

493 2232 524 2260 et
544 2227 730 2261 scandalum
752 2226 981 2270 plurimorum.

537 2281 552 2324 g
580 2281 611 2314 ⁶2.
645 2280 708 2313 Nos
737 2280 846 2323 igitur,
874 2289 933 2323 pro
957 2276 1058 2310 nostri
1079 2275 1247 2320 pastoralis

494 2333 601 2373 officii,
622 2333 715 2367 nobis
730 2332 879 2366 divinitus
892 2330 1038 2369 iniuncti,
1056 2329 1172 2367 debito,
1190 2340 1247 2372 01·-

494 2393 672 2432 portunum
697 2387 729 2419 in
750 2385 933 2430 praemissis
957 2383 1135 2417 remedium
1157 2383 1246 2414 adhi-

495 2441 571 2474 bere
596 2441 747 2480 volentes,
779 2445 867 2472 motu
894 2438 1025 2482 proprio
1046 2442 1073 2469 et
1099 2448 1135 2468 cx
1162 2440 1247 2468 certa

496 2496 604 2523 nostra
633 2489 782 2528 scientia,
811 2498 1032 2531 quascumque
1062 2486 1171 2518 literas
1209 2486 1247 2517 ab

497 2540 609 2572 eodem
629 2538 896 2572 Poenitentiariae
916 2542 1043 2570 nostrae
1069 2534 1174 2568 officio
1192 2544 1245 2566 scu

497 2588 573 2621 alias
584 2600 601 2621 a
612 2587 692 2621 Sede
703 2586 886 2630 Apostolica
902 2583 1143 2628 quomodolibet
1164 2593 1249 2615 ema-

496 2643 586 2671 natas
605 2638 721 2670 harum
749 2635 829 2668 serie
854 2638 1038 2668 revocantes
1065 2632 1193 2676 penitus
1218 2636 1248 2663 et

535 2706 546 2731 ί
565 2704 604 2731 Ex
619 2703 726 2739 Regest.
745 2702 771 2728 in
788 2701 897 2728 Archiv.
915 2700 997 2727 Vatic.

1084 298 1261 325 BULLARIUM
1284 298 1434 323 ROMANUM

1278 353 1491 392 annullantes,
1517 363 1554 385 ac
1577 350 1697 384 nemini
1723 350 1762 383 de
1786 354 1892 383 cetero
1913 347 2028 380 suffra-

1278 406 1357 449 gari,
1374 417 1433 439 nec
1446 416 1642 449 quemquam
1662 404 1725 437 illis
1740 414 1772 437 se
1788 404 1854 436 ullo
1871 407 1964 447 pacto
1982 401 2030 434 iu-

1279 471 1351 493 vare
1368 470 1472 504 neque
1483 459 1529 492 uti
1545 469 1637 503 posse
1654 458 1873 498 decernentes,
1888 455 2029 489 auctori-

1280 519 1342 547 tate
1362 514 1549 557 apostolica,
1564 518 1673 546 tenore
1690 511 1909 556 praesentium,
1922 509 2030 543 statui-

1280 579 1363 609 mus,
1387 567 1573 600 ordinamus
1606 572 1702 610 atque
1723 565 1924 599 declaramus
1943 563 2031 607 quod

1280 624 1413 666 posthac
1452 622 1561 655 nullus
1581 631 1752 665 episcopus
1772 631 1808 653 ex
1836 619 1894 659 eis,
1915 618 1971 662 qui
1991 617 2031 650 ti-

1280 678 1400 710 tulares
1418 682 1583 717 vocantur,
1604 676 1635 708 in
1655 675 1799 719 qualibet
1827 674 1949 708 civitate
1976 684 2033 707 seu

1281 731 1430 769 dioecesi,
1453 730 1546 763 etiam
1563 729 1588 762 si
1604 729 1635 762 in
1650 730 1722 762 loco
1734 728 1855 761 nullius
1865 727 2031 767 dioecesis,

1281 789 1570 827 quantumcunque
1589 787 1748 827 exempto,
1762 787 1817 815 aut
1837 781 1944 824 aliquo
1964 791 2034 814 mo-

1282 837 1420 870 nasterio
1440 836 1579 870 cuiusvis
1598 836 1736 873 Ordinis,
1759 836 1854 868 etiam
1875 834 2034 878 quibusli-

1281 891 1334 924 bet
1363 890 1535 934 privilegiis
1560 895 1591 923 et
1615 889 1872 922 immunitatibus
1892 887 2031 928 suffulti,

1282 943 1417 977 ubilibet
1436 944 1640 983 consistente,
1662 942 1815 976 resederit
1836 947 1891 975 aut
1910 951 2034 975 moram

1283 997 1421 1037 traxerit,
1437 1002 1601 1040 praetextu
1617 995 1979 1039 quarumvisliterarum
1996 994 2035 1028 ab

1282 1050 1394 1083 eodem
1424 1049 1689 1083 poenitentiariae
1727 1048 1834 1082 officio
1872 1059 1928 1082 seu
1959 1047 2036 1081 alias

1282 1103 1320 1135 ab
1346 1103 1413 1147 ipsa
1438 1103 1518 1136 Sede
1545 1101 1727 1147 Apostolica
1751 1101 1810 1134 sibi
1837 1102 1876 1135 de
1904 1112 2034 1146 promo-

1282 1156 1383 1189 vendo
1421 1167 1645 1201 quoscumque
1684 1155 1722 1188 ad
1761 1165 1793 1188 se
1833 1159 2037 1188 recurrentes

1283 1220 1340 1253 pro
1361 1215 1506 1253 tempore
1528 1218 1764 1249 concessarum,
1785 1207 1982 1252 pontificalia
1993 1207 2038 1241 of-

1284 1263 1366 1303 ficia,
1390 1263 1462 1303 nisi,
1481 1268 1513 1295 ut
1532 1262 1723 1306 praefertur,
1748 1262 1786 1295 de
1806 1260 1960 1294 ordinarii
1974 1260 2038 1295 loci

1283 1328 1431 1360 expressa
1459 1316 1610 1356 licentia,
1642 1321 1672 1348 et
1701 1315 1732 1348 iu
1754 1325 1908 1359 personas
1932 1314 2037 1348 eidem

1284 1370 1447 1403 ordinario
1457 1370 1627 1411 subiectas,
1644 1370 1808 1402 dumtaxat
1819 1379 1980 1409 exercere,
1991 1368 2039 1402 vel

1284 1424 1423 1468 aliquem
1457 1423 1590 1457 alterius
1630 1422 1816 1462 subditum,
1847 1421 1942 1455 etiam
1979 1421 2038 1455 sub

1284 1477 1391 1510 colore
1417 1476 1660 1512 familiaritatis,
1687 1475 1859 1508 continuae
1876 1484 2040 1508 commen-

1284 1529 1414 1563 salitatis
1434 1541 1522 1570 suae,
1549 1530 1669 1572 absque
1689 1528 1737 1562 sui
1763 1528 1885 1573 proprii
1905 1527 2039 1572 praelati

1285 1594 1433 1626 expresso
1454 1594 1612 1616 consensu
1633 1588 1688 1616 aut
1708 1582 1806 1615 literis
1832 1580 2037 1622 dimissoriis,

1285 1636 1324 1669 ad
1345 1636 1481 1679 primam
1506 1637 1687 1670 clericalem
1711 1641 1878 1669 tonsuram
1898 1639 1954 1668 aut
1981 1634 2039 1668 ali-

1285 1700 1366 1732 quos
1390 1691 1470 1723 alios
1494 1690 1646 1730 minores,
1670 1695 1724 1722 aut
1758 1689 1853 1722 etiam
1882 1698 1991 1722 sacros
2010 1693 2041 1722 et

1286 1744 1534 1787 presbyteratus,
1549 1744 1690 1784 ordines,
1704 1744 1866 1781 ullatenus
1877 1742 1976 1787 possit
1985 1747 2040 1775 aut

1287 1797 1409 1830 debeat.

1332 1852 1346 1894 ξ
1366 1852 1397 1884 3.
1420 1852 1576 1895 Quodque
1596 1851 1731 1895 quilibet
1751 1861 1788 1883 ex
1808 1849 1900 1883 dictis
1920 1849 2043 1894 episco-

1288 1905 1335 1948 pis
1355 1905 1537 1939 titularibus
1558 1904 1801 1945 contrafaciens,
1824 1904 1863 1937 ab
1890 1902 2041 1937 exercitio

1288 1959 1430 2003 ipsorum
1451 1959 1685 2003 pontificalium
1705 1970 1761 2002 per
1785 1968 1919 1998 annum;
1937 1957 2043 1991 taliter

1288 2023 1361 2046 vero
1383 2013 1521 2056 promoti
1545 2012 1584 2045 ab
1606 2011 1792 2045 executione
1812 2011 1963 2044 ordinum
1984 2021 2041 2055 per

1288 2076 1354 2105 eos,
1378 2072 1410 2098 ut
1433 2066 1660 2109 praemittitur,
1683 2070 1920 2108 susceptorum,
1938 2065 2040 2098 donec

1289 2130 1346 2152 suo
1368 2120 1510 2163 praelato
1530 2119 1631 2152 visum
1662 2119 1769 2159 fuerit,
1792 2117 1862 2162 ipso
1886 2118 1957 2152 iure
1987 2129 2041 2151 su-

1289 2173 1395 2216 spensi
1417 2173 1478 2205 sint
1503 2179 1533 2206 et
1552 2183 1620 2206 esse
1648 2177 1852 2205 censeantur.

1333 2227 1347 2269 g
1375 2226 1405 2258 4.
1435 2226 1551 2270 Sicque
1580 2237 1638 2271 per
1671 2235 1894 2270 quoscumque
1920 2223 2042 2257 iudices

1289 2285 1318 2314 et
1354 2280 1601 2320 commissarios,
1624 2279 1733 2323 quavis
1758 2278 1945 2312 auctoritate
1971 2278 2041 2311 sun-

1289 2340 1409 2377 geutes,
1428 2334 1551 2366 sublata
1572 2334 1617 2366 eis
1636 2339 1666 2366 et
1686 2343 1799 2366 eorum
1815 2331 1946 2365 cuilibet
1965 2342 2042 2375 qua-

1288 2388 1333 2421 vis
1352 2388 1444 2421 aliter
1460 2387 1621 2420 iudicandi
1642 2392 1672 2420 et
1692 2385 1921 2429 interpretandi
1942 2385 2041 2419 sacul-

1290 2447 1364 2481 tate,
1382 2441 1515 2474 iudicari
1537 2447 1564 2474 ct
1586 2439 1713 2474 definiri
1738 2440 1866 2478 debere,
1887 2450 1924 2472 ac
1949 2439 2040 2482 quid-

1289 2490 1364 2533 quid
1388 2502 1479 2524 secus
1504 2501 1601 2533 super
1620 2490 1669 2522 his
1693 2500 1710 2522 a
1730 2499 1907 2532 quoquam,
1930 2488 2040 2532 quavis

1289 2539 1495 2579 auctoritate,
1519 2539 1656 2573 scienter
1678 2538 1726 2570 vel
1752 2537 1938 2580 ignoranter
1962 2547 2040 2571 con-

1289 2589 1392 2631 tigerii
1414 2589 1573 2629 attentari,
1600 2587 1726 2620 irritum
1751 2592 1779 2620 et
1809 2587 1901 2620 inane
1928 2587 2039 2619 decer-

1290 2647 1407 2671 nunus.

1333 2687 1348 2729 ξ
1367 2687 1397 2720 5.
1421 2686 1490 2720 Non
1501 2684 1701 2718 obstantibus
1716 2683 1899 2728 praemissis
1915 2694 1952 2718 ac
1966 2682 2039 2728 qui-

2045 298 2092 325 An.
2111 296 2140 323 C.
2158 296 2236 325 1561

2082 1861 2150 1883 Poenae
2166 1865 2237 1884 contr:

2055 1893 2211 1916 inobedientes.

2099 2245 2237 2266 observantia

2055 2276 2142 2297 huiusce
2150 2276 2237 2297 decreti.
