2237 3100
40 286 88 313 Αιι.
106 286 137 313 C.
152 284 220 314 ¹569

44 970 103 990 Fides
120 972 224 990 transum-

42 1007 131 1032 plorum

73 1843 152 1864 caune
169 1843 230 1863 huius

48 1875 215 1896 constitutionis.

922 279 989 303 PIUS
1008 280 1027 303 V
1045 279 1093 302 PP.

236 333 325 374 vatis;
348 332 467 376 quibus
501 333 664 374 omnibus,
694 332 825 366 illorum
861 338 988 366 tenores

237 387 462 432 praesentibus
477 398 536 432 pro
553 387 751 420 sufficienter
763 387 919 430 expressis
931 387 988 420 ha-

237 443 358 484 hentes,
381 442 444 475 illis
463 443 541 476 alias
560 442 593 474 in
616 452 675 475 suo
700 441 816 475 robore
841 452 990 485 perman-

237 497 332 538 suris,
359 497 420 530 hac
443 496 510 529 vice
538 497 713 536 dumtaxat,
745 495 927 540 specialiter
960 501 986 528 et

237 560 385 594 expresse
400 550 604 593 derogamus,
621 550 800 593 ceterisque
821 548 991 581 contrariis

237 603 510 647 quibuscumque.
529 604 591 637 Aut
606 604 631 637 si
651 604 825 647 aliquibus,
846 613 991 637 eommu—

238 657 323 691 niter
341 659 389 691 vel
401 658 538 698 divisim,
556 658 595 691 ab
611 658 721 691 eadem
739 658 777 690 sit
793 657 990 691 Sedeindul-

239 717 307 745 tum
327 712 415 756 quod
436 712 594 752 interdici,
620 712 773 756 suspendi
793 712 840 745 vel
866 722 992 745 excom-

239 766 399 799 municari
418 777 484 799 non
504 766 628 810 possint
648 777 706 810 per
726 766 846 799 litteras
866 771 991 809 aposto-

240 819 318 853 licas
339 830 404 853 non
426 820 578 853 facientes
604 821 733 864 plenam
759 826 789 853 et
809 831 990 864 expressam

240 884 277 906 ac
297 873 336 906 de
355 873 452 907 verbo
468 874 508 907 ad
529 874 662 907 verbum
677 874 716 907 de
732 874 858 907 indulto
879 874 992 907 liuius-

241 927 328 960 modi
341 927 553 961 mentionem.

284 981 299 1024 ξ
320 981 350 1014 7.
373 981 535 1022 Ceterum,
563 983 639 1025 quia
663 982 794 1016 difficile
824 983 905 1016 soret
933 987 990 1016 etc.

282 1034 399 1068 Datum
418 1036 539 1069 Romae
559 1037 644 1080 apud
660 1036 691 1070 S.
708 1037 851 1077 Petrum,
869 1037 928 1069 sub
939 1047 995 1070 an-

241 1088 319 1122 nulo
343 1089 526 1129 piscatoris,
557 1090 608 1123 die
631 1100 675 1123 ΧΗ
700 1091 840 1124 octobris
855 1101 992 1131 tuemur,

241 1142 450 1186 pontificatus
464 1143 565 1177 nostri
581 1155 666 1177 anno
686 1155 728 1178 iv.

262 1200 327 1232 Dat.
339 1201 386 1231 die
404 1201 441 1231 12
457 1201 586 1232 octobris
603 1202 690 1240 1569,
716 1203 820 1242 pontif.
843 1212 919 1233 anno
936 1212 973 1233 iv.

559 1354 684 1388 CXLIII.

243 1432 412 1466 Revocatio
428 1431 642 1471 indultorum,
664 1435 792 1475 praeter
810 1432 893 1464 iuris
912 1443 996 1465 com-

286 1488 396 1520 munis
424 1487 668 1530 dispositionem
701 1497 996 1527 concessortmtstr-

287 1540 430 1584 cipiendi
437 1540 486 1573 vel
499 1539 665 1573 retinendi
679 1540 843 1584 reliqiosos
862 1540 998 1573 alterius

289 1593 435 1634 Ordinis,
461 1595 560 1628 eliam
581 1595 730 1628 laoez'orz's.

330 1666 392 1695 Pius
412 1665 554 1702 episcopus
574 1674 669 1695 servus
689 1673 830 1696 servorum
849 1666 905 1699 Dei.

394 1717 427 1745 ad
442 1717 604 1752 perpetuam
624 1717 666 1744 rei
683 1717 853 1744 memoriam.

288 1779 520 1822 Quaecumque
535 1790 701 1812 sacrarum
719 1779 923 1822 Religionum
936 1784 998 1812 sta-

245 1838 313 1866 tum
334 1832 499 1866 offendere
520 1839 699 1866 noscuntur
718 1860 725 1874 ‚
758 1839 904 1866 nostrum
941 1844 998 1866 nos

246 1886 358 1919 incitat
367 1886 509 1920 officium
520 1886 678 1920 demedio
693 1897 871 1920 removere.
883 1888 999 1926 Quam-

245 1950 343 1983 quam
364 1940 451 1973 enim
473 1941 512 1973 de
530 1940 722 1974 cohibendis
739 1941 942 1984 regularibus
959 1941 998 1973 ad

245 1993 345 2026 alium
366 1993 520 2028 Ordinem
536 1994 699 2027 translatis
724 2000 834 2027 saneta
859 1996 999 2039 s5nodus

245 2045 436 2081 Tridentina
469 2047 592 2081 salubri
627 2047 763 2081 consilio
799 2049 940 2082 decrevit
966 2055 1000 2082 ut

247 2111 342 2134 nemo
361 2127 368 2142 ‚
391 2101 627 2145 cuiuscumque
647 2101 776 2135 Ordinis
794 2126 801 2142 ,
837 2103 1000 2146 praelatus

246 2155 293 2188 vel
314 2154 465 2198 superior
484 2178 491 2195 ,
513 2155 622 2198 vigore
642 2154 782 2188 cuiusvis
812 2155 971 2188 facultatis
990 2181 997 2196 ,

248 2208 378 2241 illorum
400 2208 588 2253 quempiam
609 2210 649 2242 ad
668 2209 816 2242 habitum
834 2215 863 2242 et
881 2209 1001 2253 profes-

246 2262 370 2296 sionem
387 2263 558 2297 admittere
569 2263 753 2307 possit,nisi
771 2263 848 2296 utin
867 2263 998 2305 Ordine,

247 2317 287 2350 ad
308 2328 406 2360 quem
423 2318 616 2351 transfertur
635 2344 642 2358 ,
665 2318 725 2350 sub
749 2317 798 2350 sui
823 2318 1001 2361 superioris

247 2369 433 2404 obedientia
454 2371 487 2404 in
507 2372 647 2405 claustro
663 2377 822 2415 perpetuo
834 2371 1000 2411 maneat1;

250 2425 341 2458 multi
363 2431 471 2458 tamen
501 2425 686 2469 superiores
707 2430 735 2458 et
758 2425 913 2468 praelati,
943 2425 1001 2458 ob-

250 2484 339 2512 tentu
361 2479 619 2523 privilegiorum,
639 2479 900 2522 quamplurimos
924 2489 1001 2522 apo-

249 2538 347 2566 statas
368 2538 398 2566 et
410 2533 489 2566 alios
506 2532 709 2566 diversorum
727 2532 888 2566 Ordinum
901 2533 940 2565 ad
958 2544 1001 2572 se,

286 2601 297 2627 1
316 2600 385 2627 Haec
405 2599 543 2635 dispositio
569 2599 672 2626 concilii
691 2599 836 2626 Tridentini
854 2599 1002 2626 habeturin

250 2651 314 2670 sess.
333 2653 397 2677 xiv,
415 2647 451 2671 De
467 2645 582 2679 Reform.
604 2652 662 2680 cap.
682 2652 731 2678 xi;
749 2649 776 2672 et
795 2652 860 2672 sess.
876 2652 930 2671 xxv
943 2665 950 2677 ‚
967 2645 1004 2670 De

252 2688 415 2724 montorio,
432 2699 490 2726 cap.
516 2697 574 2718 xix.

1672 267 1736 301 783

1029 333 1071 366 ob
1092 332 1208 376 iurgia,
1231 331 1464 371 contentiones,
1487 330 1646 363 levitatem
1668 336 1696 363 et
1715 342 1779 363 ma-

1031 387 1143 420 lefacta
1162 413 1170 427 ,
1193 391 1224 419 et
1244 385 1381 418 maxime
1407 384 1564 428 fugientes
1583 411 1590 424 ‚
1618 395 1655 417 eo
1683 384 1778 417 etiam

1031 440 1165 473 consilio
1187 445 1353 483 receptare
1371 442 1438 472 'non
1459 439 1632 478 desinunt,
1656 444 1687 471 ut
1711 439 1779 471 illo-

1032 506 1103 527 rum
1124 505 1223 538 opera
1244 494 1276 526 in
1296 493 1461 526 visitandis
1482 492 1619 525 infirmis
1637 519 1644 533 ‚
1664 503 1779 535 geren-

1031 549 1145 591 disque
1166 559 1278 581 eorum
1301 549 1445 581 locorum
1464 547 1559 579 rebus
1580 552 1609 579 et
1644 546 1781 587 negotiis

1032 607 1166 634 utantur
1184 628 1191 642 ‚
1215 612 1251 634 ex
1272 612 1336 644 qua
1356 612 1390 633 re
1411 599 1559 643 plerique
1580 626 1587 640 ‚
1609 599 1781 632 solutiores¹

1032 655 1136 688 effecti
1158 660 1189 687 et
1209 655 1300 698 quasi
1317 653 1702 697 impunitatemassecuti,
1718 664 1781 686 non

1033 719 1186 752 personas
1206 714 1330 741 tantum
1349 718 1461 741 eorum
1482 707 1639 741 Ordinum
1659 734 1666 748 ‚
1698 707 1783 740 unde

1033 762 1321 795 animadversionis
1343 767 1429 795 metu
1451 763 1532 795 sorte
1554 761 1708 801 exierant,
1728 762 1782 795 sed

1034 822 1065 849 et
1086 817 1229 860 ipsorum
1250 817 1408 850 Ordinum
1428 816 1508 849 ritus
1528 826 1701 859 moresque
1718 826 1785 848 ma-

1035 870 1159 903 ledictis
1180 871 1407 914 insequuntur.

1078 924 1092 967 ἓ
1110 924 1141 956 ’1.
1161 924 1330 964 Quocirca,
1350 934 1423 956 eum
1442 922 1599 956 eiusmodi
1619 922 1784 966 privilegia

1034 977 1163 1010 veniant
1184 978 1383 1020 abroganda,
1406 977 1681 1020 quandocumque
1706 976 1785 1009 insi-

1035 1031 1141 1075 gniter
1173 1031 1420 1075 comperiuntur
1455 1042 1572 1064 nocere
1606 1031 1653 1063 vel
1689 1030 1785 1063 etiam

1036 1086 1186 1119 scandala
1206 1096 1361 1128 generare
1382 1113 1389 1125 ‚
1412 1096 1481 1125 nos,
1504 1085 1553 1118 liis
1579 1084 1714 1128 aliisque
1736 1095 1786 1116 ra—

1037 1140 1248 1173 tionabilibus
1269 1139 1374 1172 causis
1390 1139 1534 1179 adducti,
1555 1145 1585 1171 et
1603 1144 1637 1171 nt
1653 1137 1787 1182 quibus-

1038 1193 1116 1226 libet
1142 1193 1329 1226 huiusmodi
1364 1193 1482 1236 effugia
1510 1192 1759 1236 praecludamus
1778 1219 1785 1232 ,

1038 1247 1077 1279 de
1099 1247 1191 1280 nobis
1208 1247 1382 1280 attributae
1394 1246 1560 1290 potestatis
1571 1245 1786 1289 plenitudine,

1039 1311 1226 1335 revocamus
1246 1307 1274 1334 et
1297 1301 1464 1334 abolemus
1499 1300 1608 1333 omnia
1628 1306 1659 1333 et
1688 1311 1787 1343 quae-

1038 1366 1179 1398 cumque
1200 1355 1365 1399 privilegia
1385 1381 1392 1395 ‚
1415 1355 1598 1395 facultates,
1622 1354 1788 1397 dispensa-

1039 1409 1142 1442 tiones
1163 1414 1194 1442 et
1214 1409 1351 1449 indulta,
1366 1407 1586 1453 praeteriuris
1606 1407 1789 1440 eommunis

1039 1463 1284 1506 dispositionem
1316 1469 1463 1496 emanata
1482 1489 1489 1503 ‚
1527 1461 1705 1505 reeipiendi
1741 1461 1789 1494 vel

1040 1517 1200 1550 retinendi
1218 1517 1344 1557 fratres,
1363 1517 1551 1555 monachos,
1570 1515 1744 1548 canonicos
1760 1520 1790 1547 et

1039 1570 1118 1603 alios
1148 1570 1244 1603 etiam
1279 1570 1437 1604 laxiorum
1473 1569 1630 1603 Ordinum
1671 1569 1790 1612 profes-

1038 1635 1138 1666 sores,
1161 1625 1422 1668 quibuscumque
1442 1623 1617 1657 Ordinibus
1637 1649 1644 1663 ,
1682 1633 1791 1655 mona-

1039 1679 1163 1719 steriis,
1184 1678 1399 1722 hospitalibus
1418 1704 1425 1718 ,
1449 1676 1572 1710 militiis
1608 1682 1638 1709 et
1669 1676 1729 1720 piis
1747 1677 1792 1710 lo-

1039 1732 1096 1773 cis,
1119 1732 1215 1765 etiam
1228 1732 1335 1766 Sancti
1352 1731 1482 1765 Antonii
1494 1730 1694 1771 Viennensis,
1714 1730 1791 1763 San-

1039 1786 1080 1820 cti
1102 1786 1241 1829 Spiritus
1263 1786 1295 1818 in
1316 1785 1409 1819 Saxia
1429 1785 1468 1818 de
1488 1784 1586 1824 Urbe,
1610 1784 1640 1817 S.
1664 1783 1791 1816 Ioannis

1039 1840 1323 1884 llierosolymitani
1346 1867 1353 1881 ,
1376 1840 1446 1872 Iesu
1467 1838 1597 1879 Christi,
1620 1837 1728 1871 Sancti
1746 1837 1790 1870 Ia-

1040 1894 1112 1927 eobi
1133 1894 1172 1927 de
1193 1894 1325 1937 Spatlia,
1349 1893 1456 1926 Sancti
1477 1892 1585 1925 Lazari
1612 1891 1791 1935 Hierosoly-

1041 1948 1152 1982 mitani
1173 1975 1181 1988 ‚
1204 1958 1384 1991 eorumque
1410 1946 1553 1980 ecclesiis
1573 1973 1580 1986 ‚
1608 1946 1762 1978 membris
1781 1973 1788 1987 ,

1040 2002 1264 2046 superioribus
1285 2008 1315 2035 et
1335 2000 1482 2044 personis
1502 2027 1508 2040 ‚
1532 2010 1590 2043 per
1614 2010 1790 2043 quoscum-

1041 2068 1104 2100 que
1124 2057 1286 2090 Romanos
1320 2054 1492 2088 Pontifices
1527 2054 1792 2097 praedecessores

1042 2116 1167 2144 nostros
1187 2121 1224 2143 ac
1244 2120 1303 2142 nos
1323 2107 1791 2150 etSedentApostolicam,tam

1042 2165 1074 2197 in
1095 2165 1240 2208 ipsorum
1262 2162 1532 2196 monasteriorum
1553 2188 1559 2202 ,
1583 2161 1791 2204 hospitalium

1042 2225 1072 2252 et
1093 2219 1239 2252 locorum
1261 2216 1464 2250 institutione
1483 2242 1490 2255 ,
1513 2225 1610 2258 quam
1639 2215 1792 2258 deinceps

1042 2273 1350 2316 quomodocumque
1362 2281 1397 2302 ac
1409 2268 1791 2313 quotiescumque,etiam

1043 2336 1100 2370 per
1121 2326 1255 2359 modum
1276 2324 1385 2358 statuti
1403 2322 1551 2367 perpetui
1572 2350 1579 2363 ,
1602 2332 1639 2354 ac
1666 2321 1737 2354 initi
1762 2328 1793 2355 et

1043 2379 1187 2423 stipulati
1209 2384 1405 2417 contractus,
1429 2382 1460 2409 et
1479 2376 1557 2409 alias
1577 2376 1637 2409 sub
1658 2376 1792 2419 quibus-

1043 2444 1183 2477 cumque
1204 2433 1371 2466 tenoribus
1389 2437 1419 2464 ct
1435 2430 1559 2469 sormi&
1579 2441 1614 2463 ac
1632 2441 1706 2463 eum
1723 2429 1793 2473 qui-

1044 2482 1149 2515 busvis
1172 2480 1443 2520 restitutionibus,
1465 2479 1791 2523 praeseiwationibus,

1045 2532 1161 2564 mentis
1171 2530 1439 2570 attestationibus,
1452 2529 1731 2572 derogatoriarum
1743 2529 1794 2562 de-

1044 2580 1227 2623 rogator-iis,
1250 2579 1387 2622 aliisque
1404 2578 1592 2611 fortioribus
1611 2605 1618 2619 ,
1638 2578 1795 2611 efficacio-

1046 2629 1146 2670 ribus,
1168 2628 1399 2662 efficacissimis
1420 2633 1449 2660 et
1472 2628 1608 2661 insolitis
1628 2628 1793 2668 clausulis,

1045 2689 1173 2713 necnon
1186 2678 1390 2712 irritantibus
1401 2683 1430 2712 et
1442 2677 1512 2711 aliis
1533 2677 1683 2719 decretis,
1700 2677 1794 2710 etiam

1796 278 1845 304 An.
1863 277 1892 304 C.
1910 276 1976 303 ¹569

1822 932 1935 953 Revocauo
1945 933 1985 958 pri-

1801 964 1924 989 vilegiorum
1950 969 1985 983 ie-

1801 996 1894 1022 cipienili
1906 995 1939 1015 vel
1952 1001 1974 1015 re

1802 1028 1882 1048 tinendi
1897 1027 1983 1052 regula-

1803 1065 1837 1079 res
1849 1059 1937 1079 alterius
1948 1058 1988 1077 Or-

1803 1091 1866 1114 dnm,
1886 1092 1949 1109 etiam
1969 1096 1979 1108 d

1804 1122 1874 1141 nori»
