2237 3100
0 273 50 310 fin.
64 270 93 297 G.
116 271 183 298 ¹:572

888 269 956 293 PIUS
974 270 993 292 V
1013 269 1060 292 PP.

1635 255 1700 288 965
1759 265 1807 292 Au.
1820 263 1851 292 c.
1874 264 1941 290 ¹572

196 324 292 357 dulae
311 324 350 357 de
370 325 466 357 verbo
491 325 530 357 ad
551 325 696 364 verbum,
720 324 797 356 nibil
825 323 952 366 penitus
994 322 1023 354 in
1046 333 1104 355 suo
1117 322 1233 355 robore
1249 320 1482 364 permansuris,
1499 320 1559 351 liae
1575 318 1641 351 vice
1653 318 1744 350 dum-

196 377 328 415 omisso,
352 378 502 417 insertus,
526 384 554 410 et
576 377 763 410 huiusmodi
786 377 950 419 ‹tt-rogatio

197 441 253 473 per
264 430 364 464 trinas
378 431 542 464 distinctas
556 431 676 463 litteras
692 431 842 463 ‹attiuh-111
861 437 949 463 teno-

196 494 263 516 rem
274 484 487 524 continentes,
503 484 603 517 tribus
619 484 777 517 similibus
793 483 951 516 distinctis

195 536 328 578 vicibus,
351 538 678 577 administratoribus,
701 537 874 581 prioribus,
890 548 949 579 gu-

195 590 422 624 bernatoribus
438 618 445 631 ‚
481 591 641 634 deputatis
674 599 703 623 et
735 591 950 623 confratribus

196 643 393 685 huiusmodi,
415 644 567 677 omnibus
586 650 615 677 et
641 644 787 686 singulis,
810 644 950 686 legitime

195 696 339 730 intimata
369 703 399 731 et
429 697 591 730 insinuata
624 697 738 737 suerit,
771 708 949 740 eorumque

194 761 365 794 expressus
385 750 425 783 ad
445 750 475 783 id
492 750 665 784 accesserit
683 761 843 790 assensus,
859 750 950 783 dero-

193 803 356 846 gationem
377 804 564 838 huiusmodi
586 804 709 837 nemini
730 804 899 846 suffragari
921 809 951 836 et

194 857 316 891 nullius
336 868 406 891 esse
422 858 548 891 roboris
563 859 610 891 vel
630 858 758 891 valoris.

239 911 254 954 ἓ
274 911 328 944 11.
351 911 388 944 Et
408 911 453 945 sic
474 923 532 955 per
551 922 777 955 (piosciuuque
806 911 947 951 iudices,

21 972 118 994 cinusuia
130 973 180 994 suh·
195 964 306 1009 quavis
325 965 518 999 auctoritate
537 966 718 1008 fungentes,
744 965 838 998 etiam
861 976 950 1008 prae-

0 1007 44 1025 ³⁸¹⁸⁴
194 1020 277 1052 satae
290 1019 453 1052 Ecclesiae
469 1018 649 1052 cardinales
669 1025 697 1052 et
709 1030 880 1052 causarum
895 1019 951 1061 Pa-

194 1072 261 1106 latii
281 1073 457 1117 Apostolici
477 1073 650 1113 auditores,
671 1073 795 1105 sublata
816 1077 892 1113 elea,
913 1084 950 1105 ac

194 1125 323 1159 irritum
345 1131 417 1167 etc„
440 1126 576 1159 iudicari
601 1132 631 1159 et
651 1125 778 1159 definiri
795 1126 924 1159 debere.

239 1181 254 1224 ἓ
275 1181 330 1214 12.
352 1181 422 1214 Non
442 1181 651 1214 obstantibus·
670 1180 771 1213 l'elicis
798 1179 949 1213 recorda-

23 1244 181 1279 ciausiiindo·
195 1234 290 1268 tionis
318 1234 472 1268 Bonil'aeii
488 1234 597 1278 >Papae
617 1234 731 1274 octavi,
760 1234 949 1277 praedeces-

0 1278 125 1301 s⁰⁸³¹⁰¹¹¹²
194 1289 276 1322 soris
292 1288 407 1330 nostri,
430 1288 468 1321 de
488 1299 565 1328 una,
592 1294 622 1321 et
641 1288 672 1321 in
694 1287 831 1321 coneilio
852 1298 949 1330 gene-

193 1342 254 1376 rali
282 1342 367 1375 edita
392 1342 431 1375 de
463 1342 589 1375 duabus
613 1342 738 1382 diaetis,
772 1341 949 1374 dummodo

193 1396 278 1429 ultra
297 1401 362 1429 tres
380 1395 501 1429 diaetas
521 1395 650 1439 aliquis,
671 1395 779 1437 vigore
801 1405 950 1438 praesen-

144 1453 149 1461 '
195 1450 288 1490 tium,
305 1450 345 1483 ad
365 1449 524 1483 iudicium
549 1459 614 1482 non
634 1449 792 1487 trahatur,
815 1448 950 1491 aliisque

193 1504 480 1538 constitutionibus
499 1509 530 1537 et
549 1502 808 1536 ordinationibus
824 1508 950 1546 aposto-

194 1558 275 1599 licis,
296 1568 424 1592 necnon
438 1557 590 1591 basilicae
610 1556 769 1600 Principis
782 1557 950 1600 Apostolo-

192 1623 265 1646 rum
277 1612 315 1645 de
327 1611 423 1652 Urbe,
433 1622 470 1644 ac
488 1610 709 1655 hospitalium,
724 1610 948 1649 ‹.·cclesia1·uiu,

192 1666 463 1699 monasteriorum
476 1670 506 1698 et
515 1665 654 1698 aliorum
664 1675 949 1708 quorumcumque

191 1720 321 1765 piorum
346 1721 495 1753 locorum
516 1725 547 1753 et
568 1720 737 1756 Ordinum,
767 1719 949 1751 iuramento

192 1774 362 1815 roboratis,
385 1774 511 1807 statutis
522 1772 865 1809 etconsuetudiuibus;
886 1772 950 1816 pri-

192 1828 314 1871 vilegiis
333 1839 477 1872 quoque,
509 1827 654 1867 indultis,
686 1826 947 1865 conservatoriis,

192 1877 450 1920 exemptionibus
461 1882 491 1910 et
506 1876 619 1910 litteris
630 1875 814 1919 apostolicis
829 1874 949 1908 eisdem

191 1938 228 1960 ac
247 1925 373 1960 dilectis
392 1927 467 1959 filiis
488 1927 610 1970 populo
633 1926 791 1965 Romano,
823 1935 949 1958 necnon

192 1975 365 2016 iudicibus,
388 1975 488 2009 curiis
507 1981 538 2008 et
557 1974 791 2015 tribunalibus,
818 1985 949 2007 eorum-

191 2036 255 2069 que
275 2025 422 2069 personis
441 2036 501 2068 per
519 2035 757 2068 quoscumque,
776 2024 872 2056 etiam
888 2024 950 2056 Ro-

192 2085 305 2108 manos
315 2074 488 2108 Pontifices
500 2075 767 2119 praedecessores
778 2078 904 2105 nostros
920 2078 950 2105 et

191 2134 250 2158 nos
265 2135 303 2157 ac
319 2123 438 2157 dictam
449 2123 682 2163 Sedem,etiam
703 2128 793 2155 motu
807 2127 838 2155 et
849 2122 950 2155 seien-

191 2173 235 2206 tia
254 2173 425 2214 similibus,
449 2172 621 2213 concessis,
644 2172 830 2216 approbatis
850 2177 881 2203 et
900 2171 948 2204 in-

192 2222 327 2262 novatis,
350 2221 445 2255 etiam
465 2221 711 2265 disponentibus
731 2221 817 2264 quod
835 2232 950 2254 causae

193 2271 379 2305 huiusmodi
395 2272 433 2304 ad
454 2272 560 2304 sorum
581 2282 636 2303 seu
660 2271 789 2304 Curiam
803 2270 950 2314 Capitolii

192 2321 349 2354 reassumi
364 2320 512 2361 debeant,
534 2320 653 2363 quibus
673 2319 823 2353 omnibus
839 2326 869 2352 et
884 2320 949 2353 sin-

190 2370 287 2414 gulis,
309 2369 405 2403 etiam
419 2369 458 2409 si,
475 2379 534 2414 pro
554 2369 686 2402 illorum
706 2368 877 2401 sufficienti
897 2369 950 2402 dc-

192 2420 372 2463 rogatione,
400 2420 477 2452 alias
511 2419 550 2452 de
578 2419 641 2452 illis
667 2429 847 2462 eorumque
879 2419 950 2451 totis

193 2469 361 2504 tenoribus
381 2469 539 2514 specialis,
565 2468 728 2513 specifica,
751 2478 900 2511 expressa
920 2473 950 2501 et

193 2518 357 2552 individua
377 2529 414 2552 ac
439 2518 477 2552 de
498 2519 594 2551 verbo
625 2518 663 2550 ad
692 2517 838 2557 verbum,
869 2517 949 2549 nihil

193 2567 323 2612 penitus
343 2568 475 2607 omisso,
501 2573 532 2601 et
551 2568 655 2600 forma
684 2567 716 2599 in
738 2566 799 2599 illis
820 2566 946 2605 tradita,

194 2617 371 2658 observata,
394 2616 505 2650 inserti
520 2616 635 2656 forent,
647 2615 870 2659 praesentibus
891 2625 948 2659 pro

190 2666 390 2703 sufficienter
414 2665 572 2712 expressis
590 2664 756 2706 habentes,
784 2664 846 2698 illis
871 2664 949 2698 alias

996 377 1090 411 taxat,
1113 371 1297 414 specialiter
1317 376 1347 403 et
1367 380 1515 413 expresse
1537 368 1742 409 derogamus,

993 420 1162 454 contrariis
1176 420 1436 463 spiilmscumque
1451 430 1458 454 ς
1475 429 1512 450 ac
1533 417 1557 449 si
1573 417 1745 460 praedietis

994 471 1039 502 rel
1053 470 1219 513 quibusvis
1229 469 1309 509 aliis,
1321 467 1538 502 communiter
1548 466 1595 499 vel
1606 465 1742 507 divisii‘u,

992 519 1032 551 ab
1053 519 1164 551 eadem
1187 519 1223 551 sit
1246 519 1328 551 Sede
1349 518 1511 550 indultum
1532 515 1620 559 quod
1645 515 1744 549 inter-

992 568 1070 607 dici,
1092 568 1303 612 suspendivel
1325 564 1614 605 excommunicari,
1632 570 1746 597 autex-

993 622 1039 648 tra
1065 617 1111 649 vel
1133 616 1216 649 ultra
1237 621 1322 649 certa
1347 617 1430 656 loca,
1456 614 1562 648 curias
1588 619 1619 647 et
1646 613 1746 647 tribu-

991 665 1092 703 nalia,
1110 665 1149 698 ad
1170 665 1327 698 iudicium
1345 665 1428 697 trahi
1456 674 1520 697 non
1540 663 1663 707 possint
1688 675 1746 708 per

992 715 1113 747 litteras
1132 715 1325 758 apostolicas
1345 724 1409 746 non
1438 713 1590 746 facientes
1616 713 1745 756 plenam

992 769 1022 796 et
1043 774 1224 806 expressam
1247 775 1284 796 ac
1305 762 1344 795 de
1363 762 1461 795 verbo
1486 762 1525 794 ad
1546 761 1678 794 verbum
1707 762 1746 795 de

994 813 1117 846 indulto
1136 813 1321 845 huiusmodi
1341 812 1594 851 mentioncm,et
1611 811 1745 854 quibus·-

993 861 1071 894 libet
1082 861 1152 893 aliis
1166 861 1342 904 privilegiis
1352 867 1383 894 et
1398 860 1532 892 indultis
1546 859 1744 902 apostolicis,

992 911 1197 953 generalibus
1216 911 1265 943 vel
1285 910 1491 954 specialibus,
1512 919 1746 952 quorumcum-

993 972 1056 1003 que
1079 966 1227 993 tenorum
1248 960 1394 999 existant,
1410 969 1468 1002 per
1483 968 1577 1001 quae,
1595 969 1747 1001 praesen-

995 1009 1078 1041 tibus
1090 1020 1154 1042 nou
1165 1020 1313 1053 expressa
1323 1015 1375 1041 aut
1387 1007 1600 1041 totaliternon
1614 1007 1745 1049 inserta,

993 1058 1224 1091 iurisdictionis
1245 1058 1346 1102 ipsius
1366 1057 1559 1101 protectoris
1576 1056 1748 1099 explicatio

993 1108 1144 1151 impediri
1164 1108 1267 1140 valeat
1286 1106 1535 1150 quomodolibet
1547 1106 1594 1138 vel
1610 1105 1745 1143 differri,

993 1163 1022 1190 et
1053 1158 1093 1190 de
1125 1157 1244 1200 quibus
1275 1166 1483 1201 quorumque
1521 1155 1592 1188 totis
1626 1155 1747 1188 tenori-

992 1207 1052 1239 bus
1072 1207 1234 1250 specialis,
1257 1205 1408 1250 specifica
1433 1210 1463 1237 et
1483 1214 1632 1247 expressa
1651 1214 1688 1236 ac
1708 1204 1748 1237 de

992 1256 1090 1289 verbo
1106 1256 1302 1295 adverbum,
1321 1265 1386 1287 non
1399 1259 1507 1287 autem
1517 1264 1575 1296 per
1587 1253 1748 1285 clausulas

992 1306 1158 1348 generales
1186 1305 1271 1337 idem
1293 1304 1521 1347 importantes,
1543 1301 1665 1335 mentio
1690 1312 1747 1335 seu

992 1356 1123 1399 quaevis
1139 1355 1201 1387 alia
1214 1354 1377 1398 expressio
1390 1352 1538 1386 habenda
1555 1352 1596 1384 sit
1610 1351 1643 1384 in
1657 1362 1748 1395 prae-

993 1405 1137 1438 sentibus
1157 1405 1284 1438 litteris.

1037 1455 1050 1497 ξ
1072 1454 1124 1487 13.
1153 1454 1308 1486 Volumus
1328 1458 1435 1486 autem
1453 1450 1674 1495 praesentium
1694 1460 1745 1483 so·
1789 1472 1840 1493 501³
1854 1473 1946 1499 signnm,

992 1504 1055 1536 lam
1076 1503 1276 1546 signaturam
1293 1503 1441 1536 sufficere
1462 1506 1493 1534 ct
1509 1500 1630 1543 ubique
1647 1499 1745 1533 fidem
1763 1509 1787 1525 ’ὃ
1800 1504 1884 1525 wfficit-

993 1553 1108 1593 faeere,
1129 1553 1161 1585 in
1177 1552 1299 1585 iudicio
1320 1556 1351 1585 et
1366 1556 1466 1591 extra,
1490 1550 1602 1593 regula
1617 1554 1746 1582 contra-

992 1602 1039 1634 ria
1059 1612 1125 1635 uon
1142 1602 1300 1634 obstante.

1036 1652 1051 1694 ξ
1072 1651 1124 1683 Μ.
1148 1651 1184 1683 Et
1209 1650 1396 1684 earumdem
1414 1648 1637 1692 transumptis,
1650 1647 1745 1681 ctiam
1762 1664 1947 1692 Transumpiorum

993 1701 1169 1744 impressis,
1194 1711 1291 1733 manu
1312 1699 1430 1732 notarii
1455 1697 1578 1742 publici
1604 1697 1747 1730 subscri-
1763 1695 1823 1716 5⁶⁰⁸·

993 1750 1055 1794 ptis
1075 1756 1103 1783 et
1125 1749 1231 1792 sigillo
1253 1748 1446 1792 protectoris
1465 1758 1521 1780 seu
1537 1747 1748 1780 confraterni-

994 1799 1063 1831 tatis
1093 1810 1148 1832 seu
1182 1798 1343 1832 societatis
1381 1797 1569 1830 lmiusmodi
1600 1795 1745 1836 munitis,

992 1848 1137 1881 eamdem
1158 1859 1292 1892 prorsus
1307 1847 1405 1880 fidem
1417 1845 1577 1885 adhiberi,
1594 1856 1678 1889 quae
1694 1846 1748 1878 ad-

993 1897 1160 1930 hiberetur
1180 1896 1404 1940 praesentibus
1426 1906 1524 1928 manu
1546 1901 1655 1927 nostra
1675 1894 1749 1927 sub-

991 1947 1138 1991 scriptis;
1160 1957 1197 1979 ae
1218 1946 1315 1979 etiam
1337 1945 1459 1978 litteras
1483 1945 1521 1977 ad
1543 1950 1666 1988 partem
1693 1956 1746 1978 ex—

994 1996 1096 2040 pediri
1124 2006 1230 2040 posse.

1147 2045 1264 2078 Placet.
1288 2044 1375 2077 Motu
1391 2043 1537 2087 proprio,
1560 2043 1599 2075 Μ.

1302 2174 1426 2209 CCXVI.

991 2253 1177 2286 Proltibilz'o
1197 2252 1362 2295 deferendi
1376 2251 1544 2295 pupione&
1559 2250 1700 2283 cultellos
1717 2255 1746 2283 cc

1036 2307 1127 2339 aliud
1140 2317 1239 2349 aenas
1258 2316 1426 2338 armorum
1441 2304 1596 2337 brevioris
1616 2314 1745 2336 mensu-

1034 2371 1090 2393 rae
1111 2360 1208 2393 [riam
1229 2359 1425 2403 palmorum,
1454 2358 1490 2390 in
1513 2358 1612 2390 Statu
1637 2357 1745 2391 Eccle-

1035 2414 1175 2447 sats-eico.

1108 2485 1170 2514 Pius
1190 2485 1261 2520 Papa
1280 2484 1308 2520 V,
1329 2485 1405 2513 motu
1424 2483 1551 2519 proprio,
1572 2483 1627 2512 etc.

1035 2557 1113 2590 Cum
1127 2557 1211 2590 vices
1224 2557 1312 2596 Eius,
1326 2556 1402 2590 licet
1413 2555 1578 2596 immeriti,
1594 2565 1744 2599 geramus
1787 2563 1909 2586 Exordium

991 2610 1022 2643 in
1037 2611 1143 2651 terris,
1162 2611 1231 2655 qui,
1249 2610 1287 2643 dc
1303 2610 1395 2643 coelo
1405 2609 1445 2643 ad
1458 2609 1522 2642 ima
1533 2609 1744 2649 descendens,

990 2676 1048 2708 pro
1077 2665 1180 2699 salute
1211 2664 1345 2698 humani
1364 2663 1505 2708 generis,
1535 2662 1678 2708 scipsum
1702 2662 1741 2696 ad
