2237 3100
34 258 82 285 An.
95 258 124 284 C.
149 253 214 283 ¹571

74 323 165 351 Quarum
181 320 219 342 ³¹¹-
232 316 412 358 fruetuum,
433 316 621 349 reddituum
643 321 673 350 et
692 320 908 360 proventuum
929 316 990 349 sin-

37 361 87 384 quns
109 352 219 374 distribuit

37 390 58 409 οι
67 386 166 414 applicem

920 263 988 286 PIUS
1007 262 1027 285 V
1046 261 1094 285 1³1³.

233 371 384 414 gularum
406 371 719 415 praepositurarum,
743 381 871 404 necnon
888 371 989 403 eccle-

234 425 369 466 siarum,
392 424 624 468 capitulorum,
643 424 830 464 domorum,
854 434 990 456 conven-

235 483 340 519 tuum,
369 478 594 522 collegiorum,
623 477 831 521 hospitalium
861 482 890 509 et
911 476 990 509 alio-

234 542 309 564 rum
329 532 479 565 locorum
500 531 646 565 omnium
663 530 888 574 praesentibus
906 541 992 563 com-

235 585 487 629 prehensorum,
515 585 695 618 secundum
722 594 929 618 communem
954 583 991 615 il-

236 639 343 672 lorum
360 639 629 678 aestimationem,
648 644 678 671 et
688 643 992 681 quantumcumque

237 692 312 733 sint,
348 690 476 726 ne'cnon
510 693 677 726 fructuum
703 691 937 724 reservationes
964 696 993 723 et

238 746 433 790 pensionum
466 745 713 788 assignationes,
745 755 826 788 quos
856 749 886 777 et
914 755 994 788 quas

239 805 397 844 perpetuo
419 799 467 832 vel
496 800 535 832 ad
562 805 691 842 tempus
716 809 862 832 seorsum
889 799 994 831 facere

239 852 459 894 intendimus,
489 852 715 896 praesentibus
748 863 807 895 pro
837 850 995 896 expressis

239 906 404 947 habentes,
430 912 590 951 perpetuo
611 906 759 946 unimus,
794 905 996 938 annectimus

240 966 271 994 et
285 960 546 1004 incorporamus:
575 959 834 1004 praeposituram
856 959 886 992 S.
911 958 995 991 Petri

240 1014 478 1057 Bergomensis,
501 1024 577 1047 cum
602 1014 754 1047 omnibus
776 1013 873 1046 rebus
893 1018 923 1045 et
946 1012 996 1045 iu-

241 1067 331 1101 ribus
352 1068 418 1101 suis
439 1074 469 1101 et
489 1079 572 1111 quae
593 1069 621 1101 ei
647 1073 837 1111 competunt
864 1066 995 1100 aetioni-

241 1121 315 1162 bus,
336 1121 582 1166 praepositurae
604 1121 652 1155 Ss.
676 1121 817 1155 Simonis
837 1127 867 1154 et
886 1121 996 1160 Iudae,

242 1185 279 1208 ae
299 1174 395 1207 simili
422 1175 519 1208 modo
546 1175 804 1219 praeposituram
827 1174 858 1207 S.
882 1174 998 1207 Mariae

242 1227 354 1268 Ticini,
374 1227 579 1261 Novariensis
592 1228 740 1267 diocesis,
764 1227 999 1271 praepositurae

243 1281 274 1314 S.
297 1280 409 1314 Crucis
433 1281 653 1321 Novariensis3
683 1287 714 1315 et
739 1281 999 1325 praeposituram

243 1334 276 1368 S.
302 1335 409 1368 Iaeobi
442 1335 641 1373 Moncalerii,
677 1334 921 1379 praepositurae
943 1334 996 1367 SS.

244 1388 407 1422 Trinitatis
440 1389 607 1430 Avilliani⁷
638 1389 846 1422 Taurinensis
874 1389 1001 1421 dioece-

244 1442 305 1483 sis;
327 1449 358 1476 et
374 1444 633 1487 praeposituram
651 1444 683 1477 S.
702 1443 831 1476 Ioannis
852 1443 1001 1487 Baptistae

245 1497 284 1530 de
303 1496 458 1537 Damaso,
485 1496 730 1541 praepositurae
751 1497 782 1530 S.
803 1497 937 1529 Ursulae
963 1497 1002 1529 de

246 1550 397 1594 Surrig03
420 1556 451 1584 et
470 1551 713 1596 praeposituras
733 1551 764 1584 S.
786 1551 948 1583 Michaelis
965 1550 1003 1583 de

245 1604 404 1647 Paganica
435 1609 465 1638 et
498 1605 530 1638 S.
561 1604 723 1649 Corpetis,
760 1605 1026 1649 praepositurae'

247 1658 278 1692 S.
299 1658 417 1693 Mariae
432 1658 551 1702 Cigoli3
580 1665 610 1693 et
640 1659 897 1703 praeposituram
928 1658 1005 1691 San-

248 1711 291 1745 cti
311 1712 550 1746 Bartholomaei
571 1712 747 1756 Aquensis,
780 1723 910 1745 mensae
942 1712 1006 1755 epi-
1025 1709 1027 1717 ’

248 1766 370 1810 scopali
385 1766 540 1810 Aquensi,
568 1772 599 1800 et
620 1766 878 1810 praeposituram
900 1765 1005 1798 Sancti

249 1819 377 1863 Georgii
397 1820 554 1861 Canturii,
576 1831 695 1853 mensa}
712 1820 882 1863 capitulari
905 1821 1007 1853 eccle·
1027 1830 1028 1838 ¹

250 1873 315 1906 siae
340 1873 371 1907 S.
392 1874 550 1907 Vincentii
572 1874 674 1917 plebis
695 1873 831 1907 Galliani
860 1874 899 1907 ad
925 1874 1007 1906 Can-

249 1927 391 1968 turium3
415 1934 445 1961 et
458 1929 717 1973 praeposituram
735 1929 765 1962 S.
786 1928 853 1972 Syri
875 1929 1008 1961 Alexan-

250 1981 352 2022 drini,
373 1982 427 2015 cui
452 1993 531 2015 cura
556 1982 831 2026 parochianorum
861 1982 1006 2015 imminet

251 2035 447 2076 animarum,
469 2035 619 2079 hospitali
637 2046 818 2080 pauperum
842 2036 889 2068 Ss.
914 2035 1009 2068 Blasii

252 2093 283 2122 et
297 2088 446 2129 Antonii,
478 2100 557 2122 eura
578 2094 608 2122 et
629 2088 836 2132 parochianis
857 2089 1009 2121 omnibus

252 2141 292 2174 ad
328 2141 518 2175 viciniorem
554 2142 775 2187 parochialem
817 2143 985 2175 ecclesiam
1001 2170 1008 2184 ,

253 2206 352 2240 quam
373 2196 556 2231 ordinarius
586 2196 648 2229 loci
681 2196 841 2240 aptiorem
869 2206 1011 2229 eommo-

253 2249 444 2292 dioremque
472 2249 598 2290 viderit,
618 2250 797 2291 translatis,
826 2254 857 2282 et
872 2260 1011 2293 praepo-

253 2302 389 2336 situram
419 2303 451 2336 S.
478 2303 718 2336 Bartliolomaei
738 2303 946 2343 Yeronensis,
967 2303 1012 2336 os-

254 2355 327 2389 11010
358 2356 578 2400 Inquisitionis
611 2356 793 2389 haereticae
826 2357 1010 2400 pravitatis,

253 2409 431 2453 apostolica
446 2409 637 2443 auctoritate
655 2410 700 2442 ibi
717 2415 848 2443 statuto.
866 2410 912 2443 Aa
929 2410 1011 2451 lucc,

254 2458 287 2492 in
303 2459 438 2502 singulis
462 2459 613 2492 domibus
633 2460 672 2493 (le
695 2459 857 2493 Canonica
883 2464 913 2492 et
937 2460 1014 2493 San-

256 2508 299 2541 cti
315 2508 444 2542 Ioannis
468 2508 707 2552 Evangelistae,
735 2515 765 2542 et
787 2509 1014 2542 Sanctissimae

255 2558 418 2592 Trinitatis
439 2558 696 2599 Mediolanensis,
728 2564 758 2592 et
784 2559 814 2591 S.
845 2559 1013 2592 Bartholo-

256 2607 339 2640 maei
373 2607 612 2650 Bergomensis,
643 2613 673 2640 et
709 2608 740 2641 S.
767 2608 929 2641 Francisci
956 2609 1015 2641 Pa-

255 2655 395 2697 duanae,
426 2660 457 2690 et
482 2656 514 2690 S.
541 2656 637 2690 Marci
651 2656 829 2691 Terdonae.
857 2662 888 2690 et
907 2657 1015 2691 Sancti

283 2711 286 2714 ⁴
335 2710 411 2741 Bull.
434 2710 513 2742 Rom.
534 2709 590 2741 vol.
612 2710 668 2742 VII.
880 2711 937 2742 112

1682 247 1746 282 889

1033 314 1162 347 Odoriei
1191 319 1221 347 et
1246 313 1399 348 Omnium
1430 313 1625 347 Sanctorum
1654 313 1790 356 Papien-

1031 369 1090 409 sis,
1112 373 1143 401 et
1163 368 1259 401 etiam
1279 367 1431 401 Omnium
1452 367 1645 400 Sanctorum
1673 367 1791 400 Medoe—

1032 422 1093 454 tiae
1125 421 1360 465 supprimimus
1386 426 1544 465 perpetuo
1573 425 1604 453 et
1630 420 1790 463 extingui-

1034 486 1106 508 mus
1121 485 1253 515 nomen,
1266 475 1410 516 titulum,
1429 475 1617 517 dignitatem
1634 480 1663 507 et
1681 485 1791 507 essen-

1034 528 1109 561 tiam
1150 529 1412 571 praepositurae,
1435 529 1609 571 omniaque
1654 527 1792 570 insignia

1033 582 1148 615 veteris
1180 582 1327 622 instituti,
1360 582 1532 614 dividimus
1550 587 1581 614 ct
1601 592 1791 625 separamus

1035 636 1143 668 onmia
1159 637 1276 669 harum
1296 637 1340 669 sic
1362 647 1611 680 suppressarmn
1630 636 1792 679 praeposi-

1035 695 1183 722 turarum
1201 690 1296 729 hona,
1315 700 1378 730 res,
1400 690 1544 722 actiones
1565 695 1595 722 et
1611 689 1681 722 iura
1697 700 1715 722 a
1736 700 1792 723 sua

1036 754 1165 785 quaque
1182 743 1316 776 ecelesia
1340 749 1369 776 et
1391 743 1500 782 domo,
1523 754 1652 777 necnon
1668 743 1790 784 hortis,

1036 796 1196 829 viridariis
1212 802 1243 830 et
1264 797 1468 840 pertinentiis
1496 797 1578 830 intra
1607 797 1791 830 clausuram

1037 850 1195 894 cuiusque
1220 851 1336 883 domus
1353 850 1623 891 consistentilnts,
1657 850 1689 883 in
1721 851 1792 891 llos,

1037 904 1093 948 qni
1108 910 1300 948 sequuntur,
1317 915 1405 944 usus,
1428 910 1588 947 perpetuo
1608 905 1790 947 assignatis.

1038 958 1206 1002 Siquidem
1238 959 1448 992 concedimus
1478 958 1650 998 ecclesias,
1678 959 1793 999 aedes,

1038 1013 1170 1054 hortos,
1206 1012 1357 1045 viridaria
1391 1019 1421 1044 et
1454 1012 1676 1055 pertinentias,
1713 1012 1797 1045 intra

1039 1067 1238 1110 praedictam
1280 1066 1465 1099 clausuram
1501 1065 1671 1099 existentes
1711 1066 1796 1109 ipsa-

1040 1131 1113 1154 rum
1137 1130 1386 1163 sulzipressarum
1409 1120 1722 1163 praepositmarum,
1750 1119 1797 1155 vi-

1040 1174 1157 1207 delicet
1177 1175 1215 1207 de
1231 1174 1392 1208 Canonica
1420 1174 1527 1206 Sancti
1549 1174 1675 1206 loannis
1701 1174 1800 1206 Evan-

1040 1228 1172 1272 gelistae
1194 1235 1224 1262 et
1239 1228 1465 1261 Sanctissimae
1492 1227 1655 1260 Trinitatis
1680 1227 1799 1260 Medio-

1043 1283 1195 1323 lanensis,
1224 1283 1262 1315 ad
1279 1292 1375 1315 usum
1394 1281 1558 1314 seminarii
1584 1292 1639 1314 seu
1660 1280 1800 1313 aliorum

1043 1337 1276 1379 collegiorum,
1301 1336 1591 1379 congregationum
1612 1340 1642 1367 et
1657 1335 1800 1378 hospita-

1043 1391 1136 1431 lium,
1164 1396 1259 1435 prout
1279 1391 1396 1423 dilecto
1418 1390 1484 1422 tilio
1512 1389 1627 1422 Cawlo
1648 1387 1803 1421 cardinali

1044 1445 1278 1485 Bwrhomaeo,
1297 1443 1452 1477 ecclcsiae
1469 1442 1713 1476 Mediolanensis
1724 1453 1804 1485 prze-

1046 1498 1127 1538 suli,
1158 1498 1318 1531 videbitur
1355 1497 1467 1529 utilius
1498 1496 1661 1540 expedire.
1694 1496 1803 1528 Sancti

1045 1551 1292 1585 Franciscivero
1306 1551 1465 1591 Padnan.,
1486 1551 1524 1583 ad
1538 1550 1688 1583 cumdem
1708 1560 1803 1582 usum

1047 1605 1224 1645 seminarii,
1253 1605 1387 1637 arbitrio
1415 1604 1558 1647 episcopi
1585 1603 1757 1642 statuendi,
1775 1608 1805 1635 et

1048 1659 1200 1693 Omnium
1228 1659 1422 1692 Sanctorum
1439 1657 1616 1702 Papiensis‚
1639 1657 1749 1690 Ordini
1776 1661 1807 1689 et

1048 1713 1201 1746 fratribus
1214 1713 1509 1749 Cai·tlmsiensil)us;
1526 1722 1653 1745 necnon
1671 1712 1702 1744 S
1722 1711 1805 1745 Odo-

1049 1766 1119 1807 1101,
1144 1767 1280 1809 collegio
1305 1766 1552 1805 Ghisleriorum,
1571 1766 1658 1809 quod
1685 1766 1717 1797 in
1733 1765 1807 1798 uni-

1049 1821 1194 1854 versitate
1216 1821 1319 1854 Studii
1340 1821 1500 1864 generalis
1520 1820 1684 1863 Papiensis
1703 1830 1809 1863 nuper

1051 1875 1260 1911 instituimus:
1289 1881 1319 1908 et
1344 1875 1451 1907 Sancti
1476 1874 1712 1907 ssartholomaei
1735 1873 1810 1906 Ber-

1051 1929 1225 1972 gomensis,
1249 1935 1314 1961 tam
1341 1939 1414 1961 cum
1441 1927 1562 1966 hortis,
1589 1926 1749 1959 viridariis
1779 1932 1809 1959 et

1052 1983 1256 2026 pertinentiis
1286 1983 1369 2015 intra
1400 1993 1490 2015 suam
1528 1983 1710 2014 clausuram
1743 1980 1809 2012 exi-

1053 2037 1220 2077 stentibus,
1252 2048 1350 2080 quam
1379 2037 1472 2069 etiam
1503 2036 1531 2068 ei
1562 2034 1724 2077 contiguis
1750 2040 1811 2066 ter-

1054 2090 1152 2130 renis,
1175 2091 1276 2134 pratis
1296 2096 1327 2123 et
1342 2090 1442 2122 vineis
1471 2089 1547 2129 suis,
1580 2088 1732 2121 tratribus
1752 2088 1810 2120 Or-

1032 2162 1033 2165 =
1053 2144 1136 2177 dinis
1165 2144 1430 2177 Praedicatorum
1456 2142 1612 2185 regutaris
1634 2141 1811 2174 observan-

1056 2198 1116 2231 tiae
1152 2198 1336 2242 provinciae
1368 2196 1596 2236 Lomlnudffie,
1629 2196 1716 2228 iuxta
1745 2206 1812 2228 mo-

1054 2263 1122 2285 rem
1149 2252 1220 2285 eius
1244 2251 1393 2291 Ordinis,
1433 2250 1488 2294 qui
1513 2250 1601 2282 illam
1636 2249 1674 2281 ad
1706 2259 1814 2281 mores

1055 2316 1130 2338 suos
1148 2305 1324 2339 reforment
1339 2316 1347 2345 ;
1365 2310 1393 2337 et
1411 2305 1440 2337 S.
1468 2303 1563 2336 Marci
1585 2301 1812 2342 Terdonensis,

1057 2359 1210 2392 fratribus
1235 2360 1351 2393 domus
1377 2359 1406 2392 S.
1431 2357 1593 2390 Francisci
1618 2355 1815 2390 011111115Μί-

1057 2424 1187 2454 norum,
1212 2414 1279 2457 qui,
1303 2414 1363 2445 hac
1382 2424 1439 2445 sua
1454 2412 1551 2444 domo
1573 2416 1603 2444 et
1620 2410 1689 2443 eius
1709 2411 1814 2443 eccle-

1057 2464 1102 2497 sia
1129 2464 1282 2507 episcopo
1299 2468 1328 2495 et
1354 2462 1495 2505 capitulo
1517 2461 1727 2501 Terdonensi,
1755 2470 1815 2504 pro

1058 2513 1189 2546 illorum
1230 2513 1352 2552 sutura,
1382 2512 1453 2544 loeo
1479 2515 1672 2554 occupatae,
1709 2511 1816 2543 cathe-

1057 2563 1152 2602 drali,
1167 2563 1287 2601 relicta,
1302 2562 1335 2594 in
1351 2561 1469 2594 dictam
1486 2560 1656 2593 ecclesiam
1669 2560 1700 2593 S.
1720 2559 1816 2592 Marci

1059 2612 1198 2645 debeant
1213 2611 1414 2653 demigrare;
1441 2621 1478 2642 ac
1492 2610 1589 2642 ctiam
1606 2609 1816 2642 concedimus

1060 2659 1304 2705 congregationi
1342 2658 1543 2702 regularium
1580 2658 1687 2692 Sancti
1725 2657 1815 2691 Pauli

1805 266 1856 291 An.
1875 264 1902 290 C.
1921 264 1985 291 ¹57¹
