2237 3100
64 302 113 329 Αη.
132 303 161 330 C⁴
180 302 244 329 ¹561

77 1328 172 1349 officium
189 1329 247 1348 audi-

64 1362 145 1380 tornius
157 1359 248 1380 Cameroe

65 1390 203 1410 vacavitolim
212 1396 248 1416 pei·

64 1421 142 1442 obitum
161 1421 248 1442 Franci-

64 1451 94 1472 sei
114 1451 214 1476 Albai-ici.
227 1454 248 1471 et

63 1483 86 1503 in
107 1481 196 1503 officium
215 1488 248 1502 rc-

64 1514 132 1539 gentis
147 1513 246 1534 Gamerae

62 1543 245 1565 trmstormavitet

63 1575 113 1596 illud
145 1575 245 1596 cardinali

62 1607 87 1626 de
98 1605 185 1633 Neapoli
197 1611 246 1626 con-

62 1636 246 1658 cessiti’auluslv

62 1669 120 1688 cuius
129 1669 205 1689 bullam
217 1669 245 1688 uti

62 1700 154 1720 ocinsam
183 1705 245 1727 prae-

63 1730 118 1751 terii.

79 2358 165 2379 Vae-uit
176 2362 250 2385 postea

66 2395 104 2416 per
122 2391 250 2415 resignatio-

66 2426 113 2441 nem
126 2421 204 2441 etillud
218 2422 250 2441 liic

65 2450 162 2472 Pontifex
202 2458 251 2479 sup-

67 2484 153 2510 pressu,

932 299 998 324 Pius
1023 300 1051 323 lv
1077 300 1122 323 PP.

265 361 299 389 tu
315 360 345 388 et
362 353 584 398 progenitores
601 353 645 386 tui
666 353 704 386 ad
721 363 780 386 nos
795 358 825 385 et
841 354 1014 386 Romanam

264 409 440 442 Ecclesiam
461 418 572 450 gerere
594 407 866 451 comprobamini,
890 417 1015 441 necnon

264 461 390 505 generis
419 460 637 500 nobilitatem,
660 460 872 505 eximiamque
896 460 1015 493 doctri-

264 526 358 555 nam,
381 526 417 548 ac
442 515 473 547 in
499 515 595 548 rebus
619 514 766 557 gerendis
787 515 1014 558 experientiam

264 574 295 602 et
314 568 545 607 dexteritatem,
570 578 695 601 necnon
721 567 795 600 fidei
820 573 847 601 et
878 568 1015 601 iustitiae

265 623 368 655 zelum
406 633 442 655 ac
477 621 691 664 integritatem
712 648 718 660 ,
754 621 1015 664 singularemque

265 675 468 720 probitatem,
490 686 616 708 necnon
638 681 759 707 ceteras
778 675 920 715 virtutes,
943 675 1015 718 qui-

264 730 324 762 bus
345 740 514 773 personam
527 735 626 767 tuam,
644 728 772 761 illarum
798 729 940 772 largitor,
961 729 1014 761 Al-

263 783 405 816 tissimus
434 783 658 827 multipliciter
688 782 859 824 insignivit,
887 788 1014 816 nostrae

264 836 438 880 dirigentes
472 836 739 870 considerationis
769 836 946 876 intuitum,
979 846 1015 868 ac

264 895 436 934 propterea
456 890 622 923 indubiam
648 900 737 933 spem
761 895 909 932 gerentes
929 890 1015 933 quod

264 954 321 984 ea,
344 956 426 988 quae
455 944 510 977 tibi
546 943 732 977 duxerimus
765 943 1013 983 committenda,

264 1008 390 1031 summa
419 1009 493 1032 cum
524 996 720 1042 providentia
750 1001 780 1029 et
809 1002 918 1030 exacta
939 1008 1012 1031 cum

264 1051 427 1095 diligentia
448 1050 650 1085 laudabiliter
674 1050 853 1093 exequeris,
866 1050 1013 1093 dignum,

264 1105 342 1149 quin
362 1106 471 1150 potius
492 1105 634 1139 debitum
658 1103 855 1136 arbitramur
874 1109 909 1137 nt
934 1115 1017 1138 eam-

264 1159 335 1192 dem
371 1169 540 1203 personam
575 1156 740 1199 condignis
774 1157 954 1191 honoribus
988 1164 1017 1192 et

263 1212 372 1255 gratiis
391 1222 636 1257 prosequamur.

308 1266 322 1309 §
341 1266 373 1299 l.
396 1266 476 1298 Dum
492 1266 599 1309 itaque
611 1275 670 1297 nos
686 1275 792 1308 nuper
802 1265 946 1299 officium
962 1277 1016 1309 ge-

264 1319 380 1352 neralis
395 1318 607 1352 auditoriatus
625 1329 679 1351 seu
696 1318 878 1352 audientiae
903 1318 1017 1353 Curiae

265 1379 434 1402 causarum
445 1368 598 1401 Gamerae
607 1367 821 1411 Apostolicae‚
831 1369 917 1412 quod
925 1374 1017 1402 antea

262 1423 339 1451 tunc
364 1428 422 1462 per
446 1417 568 1450 obitum
595 1417 759 1460 quondam
780 1417 942 1450 Francisci
963 1418 1016 1450 ΑΙ-

262 1466 362 1500 herici
383 1467 421 1500 de
437 1467 625 1499 Rachanero
638 1465 662 1505 1,
675 1466 750 1498 olim
768 1465 883 1499 Curiae
904 1478 1016 1501 causa-

262 1526 336 1548 rum
356 1515 543 1548 huiusmodi
564 1515 723 1557 generalis
740 1514 906 1555 auditoris,
930 1522 1016 1550 extra

262 1565 439 1598 Romanam
461 1564 589 1598 Curiam
601 1564 756 1604 defuncti,
770 1575 897 1605 vacans,
916 1566 1017 1600 felicis

262 1614 495 1648 recordationis
504 1614 623 1647 Paulus
638 1614 779 1658 PapalV,
790 1615 1018 1657 praedecessor

262 1668 382 1703 noster,
401 1674 437 1696 ex
449 1663 544 1697 certis
561 1668 637 1696 tunc
658 1663 816 1706 expressis
832 1664 949 1705 causis,
962 1676 1019 1698 no-

262 1712 348 1745 mine
364 1712 577 1746 auditoriatus
587 1712 618 1744 in
633 1717 828 1756 perpetuum
844 1724 1018 1757 suppresso

262 1766 293 1794 et
317 1761 471 1801 extincto,
497 1761 528 1794 in
554 1761 696 1795 officium
717 1763 857 1805 regentis
875 1762 906 1796 S.
926 1763 961 1796 R.
981 1764 1014 1796 E.

261 1810 413 1845 Gamerae
434 1811 649 1855 Apostolicae‚
669 1811 708 1844 de
722 1811 855 1844 fratrum
883 1823 1017 1846 suorum

263 1860 410 1901 consilio,
436 1860 613 1915 apostolica
633 1860 838 1899 auctoritate,
861 1862 1017 1895 transfor-

263 1916 414 1950 maverat,
434 1921 470 1943 ac
487 1910 518 1943 in
530 1910 608 1943 illud
621 1916 766 1943 erexerat
777 1916 808 1943 et
820 1911 1014 1952 instituerat,

263 1971 300 1993 ac
311 1961 518 2004 postmodum
530 1961 674 1994 officium
686 1960 888 2002 huiusmodi,
902 1962 940 1994 ab
951 1962 1019 1995 eius

262 2009 424 2054 primaeva
457 2010 621 2043 erectione
647 2016 725 2043 tunc
746 2021 878 2050 vacans,
902 2010 1018 2044 dilecto

263 2059 329 2092 filio
345 2065 455 2093 nostro
471 2060 648 2103 Alphonso,
666 2060 784 2093 tuncS
803 2059 923 2093 Nicolai
938 2060 1020 2093 inter

263 2107 433 2150 Imagines,
452 2119 540 2142 nunc
552 2120 624 2142 vero
637 2109 830 2142 Sanctorum
847 2109 975 2142 loannis
990 2114 1021 2143 et

265 2156 353 2190 Pauli
366 2157 502 2191 diacono
520 2158 688 2197 cardinali,
710 2158 919 2202 Neapolitano
935 2169 1019 2192 nun-

265 2211 401 2249 cupato,
432 2206 516 2239 dicta
544 2206 734 2240 auctoritate
764 2212 967 2240 concesserat
991 2212 1021 2241 et

266 2254 490 2298 assignaverat.

309 2305 324 2347 ξ
349 2304 379 2337 02.
403 2304 483 2337 Cum
512 2304 616 2337 dictus
640 2305 825 2349 Alphonsus
850 2306 1022 2339 cardinalis

266 2352 408 2386 officium
426 2352 807 2395 regentatushuiusmodi
826 2354 857 2387 in
874 2355 1022 2389 manibus

268 2402 384 2436 nostris
405 2408 517 2446 sponte
530 2407 560 2435 et
571 2402 670 2435 libere
683 2402 883 2445 resignasset,
900 2415 1021 2448 nosque

268 2452 517 2494 resignationem
539 2451 725 2484 huiusmodi
746 2452 947 2487 duxissemus
967 2454 1022 2487 ad-

268 2500 469 2540 mittendam,
488 2500 595 2533 habita
617 2512 715 2544 super
735 2502 783 2534 liis
801 2513 874 2534 cum
891 2514 1023 2536 venera-

268 2549 387 2582 bilibus
407 2550 560 2582 fratribus
576 2550 692 2582 nostris
708 2550 850 2584 eiusdem
872 2552 903 2585 S.
927 2552 962 2584 R.
986 2552 1019 2585 E.

270 2599 488 2633 cardinalibus
508 2599 738 2633 deliberatione
760 2606 897 2642 matura,
924 2612 960 2635 ac
986 2602 1024 2634 de

307 2654 317 2679 l
341 2653 407 2680 Vide
426 2655 550 2689 superius
571 2654 687 2680 notulam
707 2654 739 2680 ad
761 2662 820 2689 pag.
844 2656 903 2687 ¹95,
930 2655 981 2682 col.
1012 2658 1025 2680 b

270 2693 306 2727 (n.
329 2693 377 2728 τ,).

351 2738 425 2769 Bull.
448 2738 525 2769 Rom.
552 2738 606 2769 Vol.
634 2738 690 2769 VII.
896 2739 930 2770 17

1702 289 1765 321 1020

1059 362 1171 383 eorum
1194 350 1328 383 consilio
1349 356 1375 383 et
1395 350 1539 383 unanimi
1557 362 1728 389 consensu,
1743 351 1809 383 olli-

1058 405 1145 437 cium
1171 408 1355 446 regentatus
1376 404 1574 441 huiusmodi,
1594 404 1663 437 eius
1679 405 1808 437 nomine

1058 463 1088 491 et
1108 457 1369 491 denominatione
1390 457 1574 490 huiusmodi
1596 469 1653 501 per
1669 469 1810 501 nossup-

1059 511 1176 555 pressis
1196 516 1226 544 et
1250 511 1407 549 extinctis,
1431 522 1466 543 ae
1489 511 1575 543 illius
1595 511 1755 544 erectione
1780 516 1810 543 et

1059 565 1256 598 institutione
1273 560 1445 608 praedietis
1469 575 1595 597 necnon
1618 564 1716 597 literis
1736 576 1810 608 apo-

1058 618 1177 650 stolis-is
1201 619 1340 662 desuper
1365 618 1518 651 confectis
1542 618 1713 657 revocatis,
1741 630 1809 651 eas-

1059 671 1132 703 satis
1153 677 1183 704 et
1203 672 1390 710 annullatis,
1408 672 1559 705 adversus
1571 671 1768 705 erectionem
1782 678 1813 705 et

1058 724 1290 758 institutionem
1326 737 1383 758 nee
1420 736 1484 758 non
1522 726 1631 758 literas
1659 726 1810 769 apostoli-

1059 789 1112 810 cas
1133 780 1302 821 praefatas,
1329 791 1364 812 ac
1382 780 1412 812 in
1430 779 1601 823 pristinum
1623 786 1651 811 et
1674 791 1758 818 eum,
1780 780 1811 812 in

1059 842 1124 874 quo
1168 838 1240 864 ante
1271 833 1357 865 illius
1389 833 1649 877 suppressionem
1687 844 1812 867 necnon

1058 885 1254 918 erectionem
1297 892 1324 919 et
1362 886 1595 919 institutionem
1626 887 1812 920 huiusmodi

1058 943 1137 977 erat,
1157 944 1274 972 statum
1292 939 1523 983 pristinamque
1541 946 1687 973 naturam
1700 941 1730 973 in
1743 952 1812 974 om-

1059 993 1154 1025 nibus
1174 998 1201 1025 et
1225 1004 1282 1036 per
1302 993 1410 1026 omnia
1432 994 1643 1031 restituimus,
1666 996 1812 1038 reposui-

1059 1057 1132 1079 mus
1149 1052 1179 1079 et
1200 1046 1344 1090 plenarie
1364 1046 1642 1089 reintegravimus,
1667 1054 1763 1091 prout
1782 1049 1813 1081 in

1059 1099 1158 1133 literis
1187 1100 1373 1144 apostolicis
1402 1100 1541 1144 desuper
1576 1102 1747 1142 confectis,
1778 1114 1814 1135 ac

1059 1164 1156 1186 manu
1174 1158 1281 1187 nostra
1303 1158 1333 1186 et
1353 1153 1514 1186 dictorum
1532 1155 1666 1187 fratrum
1688 1161 1813 1189 nostro-

1060 1218 1132 1240 rum
1150 1207 1281 1251 signatis
1301 1206 1429 1251 plenius
1449 1207 1643 1241 continetur.

1104 1261 1118 1304 ἓ
1143 1260 1174 1294 3.
1189 1261 1263 1302 Nos,
1286 1266 1357 1305 post
1376 1261 1505 1305 longam
1526 1273 1623 1305 super
1642 1262 1703 1295 hoc
1723 1262 1813 1295 habi·
1852 1272 1874 1293 ri
1890 1274 1950 1293 moin
1967 1273 2014 1293 nir.-

1058 1319 1122 1347 tam
1140 1314 1373 1348 discussionem
1390 1320 1589 1348 etmaturam
1610 1316 1732 1349 delibei
1734 1317 1813 1349 atio-
1829 1336 1855 1355 s
1830 1306 1950 1354 iii*
1931 1305 1944 1323 “
1964 1311 2013 1323 Μ’

1060 1378 1146 1408 nem,
1170 1368 1201 1401 in
1231 1374 1261 1401 te
1291 1369 1404 1402 oculos
1433 1374 1561 1402 onstrae
1581 1371 1694 1402 mentis
1710 1371 1859 1418 eonii-{ff¹
1864 1374 1928 1434 :³5:⁸⁸¹
1933 1373 2012 1417 ’ἬῙ

1060 1421 1192 1462 cientes,
1215 1434 1252 1455 ac
1281 1422 1319 1455 de
1344 1423 1537 1466 supradictis
1557 1423 1620 1456 tuis
1645 1424 1880 1457 virtutibusmm
1906 1428 2016 1449 nstv-1¹1-

1060 1477 1232 1520 specialem
1254 1476 1286 1508 in
1306 1476 1442 1509 Domino
1464 1476 1615 1510 fidiciam
1638 1485 1812 1519 sumentes,
1830 1462 1911 1482 ml*

1060 1540 1095 1562 ac
1126 1535 1293 1573 sperantes
1313 1530 1400 1574 quod
1422 1535 1468 1570 tu,
1491 1531 1547 1574 qui
1569 1532 1724 1566 ecclesiae
1746 1535 1813 1567 Mu-

1060 1584 1188 1617 ranensi
1208 1595 1346 1628 praeesse
1363 1583 1573 1627 dignosceris,
1592 1596 1627 1619 ac
1646 1588 1816 1633 utriusque

1060 1636 1139 1670 iuris
1159 1638 1272 1671 doctor
1292 1642 1322 1670 et
1338 1638 1369 1670 in
1387 1642 1523 1681 utraque
1534 1638 1696 1680 signatura
1709 1649 1816 1676 nostra

1060 1691 1300 1724 referendarius
1316 1696 1346 1724 et
1362 1692 1524 1735 praelatus
1541 1693 1737 1729 domesticus
1757 1708 1815 1730 no-

1060 1748 1124 1777 ster
1144 1745 1263 1783 existis,
1285 1744 1413 1778 dextera
1426 1746 1551 1779 Domini
1573 1747 1628 1780 tibi
1650 1749 1815 1784 assistente

1061 1799 1212 1843 propitia,
1235 1799 1378 1833 officium
1399 1799 1584 1834 huiusmodi
1611 1803 1703 1843 scies,
1731 1805 1816 1838 voles

1060 1858 1090 1886 et
1111 1853 1241 1897 poteris,
1262 1853 1440 1887 adlaudem
1462 1859 1492 1887 et
1510 1855 1678 1889 utilitatem
1699 1859 1817 1892 multo-

1061 1917 1147 1947 rum,
1166 1907 1304 1940 fideliter
1324 1918 1484 1948 exercere,
1505 1913 1600 1952 teque
1617 1921 1633 1942 a
1654 1911 1819 1954 quibusvis

1061 1960 1417 2002 excommunicationis,
1433 1963 1652 2006 suspensionis
1673 1970 1703 1997 et
1720 1965 1819 1999 inter-

1060 2014 1136 2048 dicti
1161 2014 1297 2058 aliisque
1309 2015 1535 2049 ecclesiasticis
1557 2019 1734 2060 sententiis,
1750 2031 1821 2053 cen-

1061 2069 1144 2101 suris
1170 2075 1201 2102 et
1230 2069 1358 2113 poenis,
1388 2080 1405 2102 a
1433 2070 1502 2103 iure
1528 2072 1575 2104 vel
1605 2072 1644 2104 ab
1670 2073 1819 2117 homine,

1061 2122 1172 2166 quavis
1192 2123 1362 2156 occasione
1382 2124 1429 2157 vel
1452 2135 1547 2158 causa
1564 2126 1647 2165 latis,
1666 2126 1823 2171 siquibus

1061 2176 1660 2220 quomodolibetinnodatusexistis,ad
1670 2181 1821 2215 effectum

1062 2229 1279 2273 praesentium
1298 2231 1462 2264 dumtaxat
1474 2234 1753 2276 consequendum,
1768 2236 1823 2268 ha-

1064 2294 1135 2316 rum
1157 2283 1239 2317 serie
1267 2284 1467 2318 absolventes
1497 2291 1527 2318 et
1547 2287 1730 2321 absolutum
1754 2290 1821 2323 sore

1064 2342 1242 2377 censentes,
1261 2348 1298 2371 ac
1320 2339 1570 2382 suppressionis‚
1593 2341 1766 2375 erectionis
1792 2349 1822 2376 et

1064 2391 1273 2424 institutionis
1289 2402 1415 2425 necnon
1428 2393 1591 2426 literarum
1603 2396 1820 2438 praefatarum

1063 2445 1204 2478 veriores
1219 2450 1357 2486 tenores,
1379 2457 1415 2479 ac
1437 2446 1460 2479 si
1477 2447 1515 2480 de
1526 2448 1622 2480 verbo
1633 2449 1669 2480 ad
1688 2450 1819 2483 verbum

1066 2493 1302 2535 insererentur,
1325 2506 1360 2528 ac
1383 2506 1490 2528 verum
1523 2502 1553 2529 et
1574 2497 1724 2530 ultimum
1746 2499 1822 2532 dicti

1066 2544 1162 2576 officii
1175 2545 1388 2577 auditoriatus
1398 2546 1572 2578 vacationis
1586 2548 1716 2580 modum
1732 2560 1823 2592 prac-

1067 2593 1210 2626 sentibus
1232 2604 1289 2637 pro
1298 2594 1454 2638 expressis
1464 2595 1629 2635 habentes,
1649 2604 1736 2629 motu
1751 2609 1822 2640 pro-

1067 2641 1150 2685 prio,
1173 2654 1238 2675 non
1248 2643 1591 2677 admamvelatterius
1612 2656 1669 2689 pro
1688 2646 1822 2678 tenebis

1069 2702 1166 2735 super
1182 2692 1244 2726 hoc
1255 2692 1380 2726 oblatae
1390 2693 1552 2737 petitionis
1564 2694 1757 2735 instantiam,
1768 2695 1821 2728 scd

1825 299 1873 325 Αη.
1892 297 1921 324 C.
1943 298 2004 325 1561
