2237 3100
244 299 294 325 An.
312 298 341 326 C.
362 299 428 327 1562

488 287 553 323 178

446 356 619 396 praecepto
630 351 693 384 litis
704 352 930 392 introductivo,
953 361 1028 384 cum
1040 350 1196 388 clausula,

446 401 484 433 Si
503 402 573 444 quis
593 406 670 441 etc,
693 401 784 434 nihil.

491 450 550 482 Pro
563 460 769 493 quacumque
782 449 944 493 petitione,
955 448 1198 491 comparitione,

447 498 675 541 protestatione
687 498 749 531 sive
760 498 962 540 allegatione,
975 497 1038 529 hol.
1058 497 1065 524 l
1085 508 1198 538 unum,

490 595 551 627 Pro
567 606 774 638 quacumque
786 594 989 627 revocatione
1002 594 1200 628 inhibitionis

446 643 484 676 de
514 644 596 676 facto
625 644 746 681 tactae,
776 643 910 683 arresti,
952 644 1108 687 sequestri
1143 656 1199 678 seu

446 692 586 724 cuiusvis
606 692 759 732 mandati,
782 692 847 724 bol.
872 692 965 731 duos,
984 693 1012 725 b.
1040 693 1071 726 ⁶2.

490 741 550 772 Pro
580 741 729 773 mandato
759 741 952 784 suspicionis
981 742 1094 785 fugae,
1125 753 1199 775 cum

445 788 590 820 examine
612 789 752 829 testium,
775 800 878 833 usque
889 790 928 822 ad
946 801 1105 823 summam
1127 802 1200 824 scu-

444 841 552 869 torum
573 837 697 877 decem,
719 838 783 870 hol.
807 839 932 878 decem,
955 839 983 870 b.
1011 839 1063 872 lo.

489 887 569 920 Cum
582 887 795 931 productione
813 888 934 921 iurium
953 888 1093 921 adecem
1105 888 1198 931 infra,

444 936 510 969 hol.
535 942 656 980 septem
678 948 752 969 cum
771 937 916 977 dimidio,
940 938 968 970 b.
997 937 1015 970 7
1042 937 1097 982 ¹l'2·

489 985 513 1017 A
534 985 644 1018 decem
667 997 777 1029 supra,
801 997 876 1019 cum
893 986 1039 1019 examine
1056 987 1197 1029 testium,

444 1033 510 1066 bol.
534 1034 723 1074 duodecim,
751 1035 779 1067 b.
808 1034 860 1067 12.

490 1081 569 1115 Cum
580 1082 793 1126 productione
806 1083 927 1116 iurium
939 1094 956 1115 a
968 1083 1079 1116 decem
1092 1096 1200 1128 supra,

444 1131 511 1164 bol.
535 1131 658 1172 decem,
681 1133 709 1164 b.
738 1132 791 1165 «10.

489 1179 551 1212 Pro
567 1180 731 1213 arrestoin
744 1180 941 1222 carceribus,
964 1180 1049 1214 idem
1069 1182 1202 1215 solvitur

446 1228 634 1271 respective.

490 1277 550 1309 Pro
561 1278 711 1311 mandato
722 1279 760 1313 de
769 1279 954 1319 relaxando,
965 1289 1038 1312 cum
1052 1279 1201 1314 cautione

446 1336 549 1369 usque
569 1326 609 1358 ad
630 1338 790 1360 summam
803 1333 970 1361 scutorum
987 1328 1110 1369 decem,
1133 1329 1197 1362 bol.

445 1374 644 1417 quindecim,
667 1376 694 1407 b.
723 1376 776 1409 15.

490 1423 521 1456 Si
542 1434 616 1457 vero
642 1435 715 1457 cum
742 1436 919 1467 consensu,
942 1426 1010 1460 sine
1031 1427 1199 1469 cautione,

445 1471 511 1505 bol.
535 1472 720 1515 duodecim,
748 1475 776 1507 b.
805 1474 859 1508 12.

490 1521 613 1555 Abinde
642 1533 758 1566 supra,
787 1523 812 1556 si
840 1535 914 1556 cum
941 1515 1110 1565 c'autione,
1133 1525 1198 1559 bol.

444 1569 715 1614 vigintiquinque,
738 1572 766 1604 b.
791 1572 844 1606 ⁶25.

490 1618 522 1652 Si
542 1630 617 1652 vero
635 1620 702 1654 sine
713 1621 873 1661 cautione,
885 1622 950 1655 bol.
965 1621 1088 1665 viginti,
1101 1623 1130 1655 b.
1145 1623 1199 1657 20.

490 1667 551 1700 Pro
576 1680 787 1713 quocumque
807 1671 957 1704 mandato
978 1671 1011 1704 in
1032 1676 1201 1705 contuma-

447 1715 543 1756 ciam,
560 1717 624 1750 bol.
649 1723 725 1759 tres,
748 1720 775 1752 b.
799 1719 831 1753 3.

491 1765 552 1799 Pro
577 1767 779 1801 revocatione
809 1769 950 1802 mandati
970 1769 1003 1802 in
1032 1774 1201 1803 contuma-

448 1813 543 1854 ciam,
565 1815 629 1848 bol.
654 1816 747 1857 duos,
769 1818 798 1850 b.
822 1818 852 1851 2.

490 1864 551 1897 Pro
570 1865 642 1898 Nonv
660 1872 824 1909 ssravelur,
842 1879 898 1901 seu
919 1868 1070 1901 mandato
1084 1868 1122 1901 de
1138 1878 1202 1901 non

446 1913 646 1947 molestando
663 1915 694 1948 in
707 1916 810 1948 forma
822 1916 913 1957 iuris,
936 1917 1001 1950 bol.
1020 1922 1096 1957 tres,
1119 1918 1148 1950 b.
1167 1917 1198 1950 3.

490 1963 552 1996 Pro
572 1975 780 2009 quocumque
801 1966 946 2009 deposito
971 1977 1030 2010 pro
1046 1977 1202 2009 quacum-

445 2024 509 2056 que
529 2023 655 2046 summa
675 2015 707 2047 in
728 2015 807 2048 actis
824 2015 983 2056 faciendo,
1006 2016 1099 2049 nillil.

490 2063 550 2096 Pro
571 2064 772 2097 restitutione
798 2065 946 2109 depositi,
974 2076 1033 2109 pro
1058 2065 1203 2109 quolibet

446 2118 537 2146 scuto
558 2113 590 2145 in
612 2124 707 2146 causa
719 2114 919 2155 mercedum,
942 2115 1007 2148 bol.
1031 2125 1146 2156 unum,
1170 2115 1202 2148 in

447 2162 562 2196 ceteris
582 2163 673 2203 duos,
685 2163 714 2196 b.
729 2163 760 2196 2.

490 2211 551 2244 Pro
571 2212 676 2255 rogitu
693 2213 930 2256 cuiuscumque
951 2212 1154 2255 obligationis
1170 2214 1203 2246 in

446 2260 566 2301 officio,
593 2272 696 2305 usque
718 2263 756 2295 ad
783 2273 943 2295 summam
966 2267 1132 2295 scutorum
1145 2263 1201 2296 de-

447 2320 528 2349 cem,
544 2310 609 2343 bol.
638 2316 758 2354 septem
781 2322 854 2344 curn
876 2311 1021 2348 dimidio,
1044 2311 1071 2343 b.
1103 2311 1120 2344 7
1142 2311 1198 2357 1J2.

490 2359 613 2393 Abinde
634 2371 744 2404 supra,
766 2361 830 2393 bol.
855 2361 980 2404 decem,
1002 2361 1030 2392 b.
1055 2361 1109 2394 to.

490 2408 584 2441 Extra
605 2409 759 2449 officium,
780 2410 929 2454 duplum.

492 2457 552 2490 Pro
565 2458 740 2491 cassatione
751 2459 988 2505 cuiuscumque
1000 2460 1204 2503 obligationis

447 2505 618 2546 iudicialis,
640 2518 742 2549 usque
759 2508 797 2540 ad
809 2519 968 2542 summam
988 2509 1112 2551 decem,
1135 2510 1200 2543 bol.

448 2550 603 2594 quinque,
627 2552 654 2583 b.
683 2552 714 2585 5.

487 2606 494 2629 1
516 2606 688 2635 Roloqni‘nus.
709 2605 793 2632 italice
814 2607 972 2638 Boloqniizo,
995 2615 1091 2635 numus
1112 2607 1202 2634 Bono-

455 2644 563 2674 niensis,
578 2644 674 2671 valoiis
686 2645 937 2682 terequinquaginta
946 2649 1202 2683 quatuorcentesim.

450 2684 552 2713 libellae
571 2684 688 2713 Gallicae
707 2686 744 2722 (n.
763 2686 811 2722 τ.).

1042 293 1221 320 BULLARIUM
1241 291 1393 318 ROMANUM

1284 346 1408 379 Abinde
1427 357 1537 391 supra,
1559 346 1625 378 bol.
1648 345 1772 386 decern,
1791 345 1820 378 b.
1848 344 1901 378 10.

1283 396 1344 428 Pro
1369 395 1572 439 susceptione
1600 394 1729 427 termini
1754 394 1785 427 in
1811 393 1931 427 iudicio
1956 393 1995 427 ad

1241 444 1441 484 solvendum,
1463 444 1527 477 bol.
1552 444 1644 484 duos,
1662 444 1690 476 b.
1718 443 1749 477 Ξ.

1285 494 1346 526 Pro
1356 504 1561 537 quacumque
1572 492 1775 537 susceptione
1783 503 1995 526 censurarum

1241 542 1417 583 injudicio,
1441 553 1523 586 quae
1534 552 1599 575 non
1620 542 1674 574 liat
1693 542 1753 575 nisi
1773 542 1859 575 ultra
1870 543 1993 582 decem,

1241 592 1306 624 bol.
1331 596 1452 635 septem
1473 602 1547 624 cum
1568 591 1713 632 dimidio,
1736 591 1765 624 b.
1789 591 1806 624 7
1832 591 1891 636 ¹s2-

1286 640 1347 673 Pro
1360 640 1579 673 moderatione
1589 651 1813 681 censurarum,
1821 640 1886 674 bol.
1900 640 1993 682 duos,

1242 689 1270 721 b.
1295 689 1326 722 ⁶2..

1285 738 1346 770 Pro
1367 747 1577 781 quocumque
1610 737 1724 781 partito
1752 737 1816 771 litis
1842 737 1994 780 decisivo,

1242 786 1307 819 bol.
1331 787 1425 826 duos,
1448 787 1477 819 b.
1504 786 1536 819 ΕΖ.
1571 794 1573 797 ⁴

1287 836 1348 868 Pro
1373 846 1582 879 quocumque
1605 835 1788 869 iuramento
1808 840 1896 869 extra
1924 836 1996 870 offi-

1243 884 1347 925 cium,
1371 884 1574 928 susceptione
1595 884 1724 917 termini
1756 890 1812 918 aut
1836 890 1927 918 actus
1945 885 1996 919 iu-

1243 933 1378 975 dicialis,
1401 945 1503 977 usque
1525 933 1563 966 ad
1579 938 1687 966 scutos
1704 934 1828 975 decem,
1843 934 1909 968 bol.
1923 946 1996 979 sep—

1243 988 1306 1015 tem
1328 993 1403 1015 cum
1420 982 1564 1022 dimidio,
1592 982 1621 1015 b.
1649 982 1667 1015 7
1693 981 1750 1027 ⁴s2.

1287 1031 1411 1064 Abinde
1431 1042 1541 1075 supra,
1564 1030 1628 1063 bol.
1653 1031 1777 1071 decem,
1799 1031 1827 1064 b.
1851 1031 1905 1066 to.

1287 1080 1348 1113 Pro
1369 1090 1577 1123 quocumque
1589 1079 1739 1112 mandato
1748 1079 1857 1122 vigore
1867 1081 1998 1114 termini

1244 1128 1275 1161 in
1301 1129 1422 1162 iudicio
1450 1127 1603 1172 suscepti,
1624 1129 1673 1161 vel
1693 1139 1918 1171 censurarum,
1948 1131 1999 1164 vel

1243 1177 1429 1218 iuramenti,
1452 1189 1554 1221 usque
1583 1178 1622 1210 ad
1649 1188 1809 1211 summam
1830 1183 1997 1212 scutorum

1243 1226 1399 1270 quinque,
1420 1227 1485 1261 hol.
1509 1226 1666 1270 quinque,
1689 1226 1717 1259 b.
1745 1226 1776 1260 5.

1288 1275 1312 1307 Α
1333 1276 1431 1309 scutis
1447 1275 1591 1319 quinque
1612 1274 1770 1319 usqiie2ad
1786 1275 1911 1317 decem,
1930 1275 1997 1310 bol.

1244 1324 1369 1364 decem,
1392 1325 1420 1357 b.
1448 1324 1503 1358 10.

1287 1372 1312 1404 A
1335 1373 1446 1406 decem
1467 1383 1570 1415 usque
1586 1372 1625 1406 ad
1639 1371 1765 1416 viginti,
1787 1371 1853 1406 bol.
1875 1373 1998 1417 viginti,

1244 1421 1271 1453 b.
1296 1420 1350 1454 20.

1287 1470 1312 1502 A
1332 1470 1441 1513 viginti
1461 1481 1564 1515 usque
1584 1470 1623 1503 ad
1648 1481 1890 1515 quamcumque
1910 1482 1999 1505 sum-

1244 1529 1343 1558 mam,
1365 1519 1430 1552 bol.
1459 1519 1705 1564 quinquaginta,
1732 1519 1761 1552 b.
1789 1520 1842 1555 50.

1288 1568 1348 1601 Pro
1377 1569 1507 1602 decreto
1533 1568 1710 1612 supradicti
1741 1568 1901 1611 mandati,
1931 1569 1997 1604 bol.

1245 1617 1337 1657 duos,
1360 1618 1387 1650 b.
1417 1617 1448 1650 2.

1288 1666 1349 1699 Pro
1361 1677 1567 1711 quacumque
1583 1666 1646 1700 fide
1658 1667 1696 1700 de
1708 1667 1897 1711 exequendo
1909 1678 1999 1702 man-

1244 1715 1355 1748 datum
1376 1715 1409 1748 in
1430 1716 1491 1748 alia
1511 1715 1605 1749 Curia
1622 1716 1802 1756 decretum,
1825 1727 1882 1749 seu
1897 1727 2000 1762 appo-

1245 1764 1368 1797 sitionis
1388 1775 1502 1798 manus
1530 1765 1562 1798 in
1588 1765 1828 1798 contumaciam
1844 1766 1897 1799 'vel
1922 1767 2001 1800 alias

1245 1824 1309 1846 non
1330 1814 1414 1846 sacto
1435 1824 1602 1857 processu,
1625 1813 1689 1847 bol.
1713 1814 1806 1855 duos,
1833 1815 1861 1847 b.
1885 1815 1916 1849 2.

1288 1862 1349 1895 Pro
1369 1872 1576 1905 quocumque
1597 1862 1702 1906 rogitu
1722 1865 1938 1908 procurae—in
1955 1866 2001 1899 of-

1245 1913 1333 1955 ficio,
1349 1913 1415 1947 bol.
1438 1913 1531 1953 duos,
1559 1913 1587 1945 b.
1615 1911 1646 1944 2.

1288 1965 1383 1997 Extra
1402 1973 1477 1996 vero
1498 1961 1655 2003 officium,
1677 1962 1742 1995 bol.
1762 1968 1846 2004 octo,
1865 1964 1893 1997 b.
1921 1964 1952 1999 8.

1288 2014 1349 2047 Pro
1384 2012 1598 2058 productione
1630 2024 1916 2059 quorumcumque
1949 2015 1999 2049 iu-

1244 2063 1347 2103 rium,
1369 2063 1582 2096 articulorum
1614 2068 1645 2096 et
1664 2062 1999 2107 interrogatoriorum,

1245 2114 1309 2147 bol.
1331 2113 1423 2153 duos,
1446 2113 1474 2145 b.
1503 2112 1533 2145 2.

1288 2163 1349 2196 Pro
1361 2172 1568 2207 quacumque
1577 2161 1779 2197 restitutione
1791 2163 1913 2198 iurium
1925 2176 2000 2200 cum

1245 2211 1431 2245 dimissione
1457 2211 1569 2255 copiae
1599 2222 1615 2244 a
1645 2212 1755 2245 decem
1777 2213 1876 2247 scutis
1904 2214 1998 2257 infra,

1245 2273 1343 2305 supra
1372 2267 1480 2295 tamen
1507 2262 1570 2294 duo
1600 2261 1632 2294 in
1658 2261 1826 2305 scripturis
1854 2262 1998 2306 privatis,

1244 2311 1309 2344 bol.
1334 2317 1455 2355 septem
1478 2322 1551 2344 cum
1573 2310 1718 2351 dimidio,
1740 2312 1769 2344 b.
1798 2311 1816 2344 7
1841 2312 1898 2358 ¹s2·

1289 2361 1311 2392 A
1329 2361 1441 2393 decem
1454 2371 1558 2403 usque
1579 2361 1617 2393 ad
1636 2360 1757 2403 viginti,
1777 2360 1843 2394 bol.
1865 2362 2000 2405 quinde-

1245 2409 1320 2449 cim,
1343 2410 1370 2441 b.
1395 2409 1447 2443 15.

1290 2454 1314 2486 A
1329 2453 1439 2497 viginti
1459 2464 1568 2497 supra,
1590 2453 1655 2486 bol.
1678 2452 1798 2496 viginti,
1826 2455 1855 2487 b.
1878 2454 1931 2489 20.

1290 2498 1412 2531 sivero
1432 2498 1647 2530 instrumenta
1667 2497 1678 2525 1
1692 2498 1813 2531 velalia
1833 2498 1917 2540 iura,
1939 2500 1999 2534 du-

1246 2543 1337 2586 plum
1358 2543 1390 2575 in
1412 2542 1557 2586 quolibet.
1576 2552 1651 2575 casu
1672 2542 1849 2585 praedicto.

1293 2587 1354 2619 Pro
1374 2587 1529 2620 relatione
1542 2586 1580 2619 ad
1593 2586 1765 2619 videndum
1787 2586 1894 2622 iurare
1904 2593 2000 2624 testes

1246 2637 1277 2665 et
1297 2631 1428 2664 illorum
1445 2631 1648 2672 reductione,
1672 2631 1911 2675 specificatione
1930 2644 1999 2667 ma-

1283 2687 1295 2712 1
1317 2685 1431 2715 Cherub.
1453 2685 1536 2713 addit.
1552 2686 1659 2721 publica
1676 2684 1714 2722 (ιι.
1735 2684 1786 2722 az).

2009 290 2059 316 Αη.
2075 289 2105 317 C.
2123 287 2192 316 ¹362
