2237 3100
128 248 178 276 An.
197 248 224 277 C.
246 248 310 276 1¹:550

127 572 195 599 Papae
216 571 310 592 subscu-

127 605 178 630 plin.

155 1512 259 1533 francini
281 1517 311 1533 zer

128 1545 159 1569 gis
175 1550 225 1564 erga
241 1544 313 1563 Ronla-

128 1582 174 1595 num
196 1575 312 1595 [ic->tostam

129 1611 203 1628 metita
235 1612 312 1627 rocett-

129 1643 167 1659 501,

369 235 390 269 4

325 308 411 343 sonis
432 311 462 340 et
486 301 647 338 iudicibus
675 301 913 344 praesentatae,
939 295 1003 328 vim
1024 305 1077 326 va-

324 363 407 395 lidae
432 365 464 393 et
483 356 621 393 efficacis
641 351 840 387 inhibitionis
864 349 1013 386 habeant,
1041 358 1077 380 ac

326 417 349 449 si
371 414 525 458 originale
544 413 606 445 hoc
623 411 861 453 praesentatum
882 404 975 441 soret,
997 412 1077 445 qua-

327 480 465 513 cumque
486 467 598 511 regula
613 464 676 497 sive
701 459 929 495 constitutione
946 456 978 488 in
1000 466 1077 487 con-

326 524 461 557 trarium
482 523 588 555 forsan
609 519 692 552 edita
704 523 908 558 nequaquam
919 511 1075 543 obstante.

479 576 598 615 Placet,
620 577 710 606 motu
730 567 876 614 proprio.
898 565 920 597 1.

686 737 721 769 tl.

327 820 499 855 Francisco
521 817 570 856 ΙΙ,
594 814 660 857 reat?
676 812 889 848 Francorum,
908 805 1079 848 confirmat

371 879 399 908 et
420 872 561 907 concedit
577 870 618 903 acl
639 868 740 900 vitam
760 865 810 897 ius
826 859 1024 895 nominandi
1039 858 1080 891 ad

370 927 525 965 eeclesia&
548 920 747 956 monasteria
767 922 796 951 et
810 916 977 960 prioratus
1002 922 1081 945 non-

371 981 473 1013 nullos
504 977 616 1021 requi,
644 973 876 1017 Delplu'uatuS,
910 968 1080 1001 comitatus

375 1032 582 1067 Viennensis,
613 1026 851 1061 l'alenlinensis
876 1029 953 1064 eta,
987 1023 1081 1054 incrta.

372 1093 476 1120 tamen
490 1089 614 1119 statuta
627 1084 661 1116 in
671 1080 869 1115 concordatis
879 1079 965 1110 inter
976 1077 1081 1109 Fran-

373 1143 492 1175 cisa-mn
512 1140 532 1173 I
549 1149 654 1182 reqem
670 1141 698 1169 et
716 1136 850 1168 Leonem
867 1132 895 1164 X
907 1132 1036 1174 Papam
1054 1130 1077 1161 ¹.

325 1223 388 1253 Pius
408 1222 550 1258 episcopus
565 1225 660 1248 servus
682 1223 822 1246 servorum
841 1214 900 1246 nei,
921 1212 1081 1240 charissimo

371 1278 398 1305 in
418 1275 529 1305 Christo
544 1274 600 1302 filio
614 1272 753 1301 Francisco
763 1271 927 1298 Francorum
935 1267 996 1302 regi
1010 1265 1081 1294 chri-

372 1330 540 1359 stianissimo
554 1349 562 1362 ,
582 1327 702 1356 salutem
723 1326 752 1354 et
772 1323 952 1360 apostoticam
974 1319 1081 1349 benedi·

373 1385 497 1414 ctionem.

372 1457 545 1491 Sinceritas
571 1454 645 1488 fidei
671 1459 701 1487 et
725 1449 901 1486 devotionis
929 1449 1079 1489 affectus,

328 1523 420 1557 quos,
439 1523 456 1544 a
468 1511 517 1544 die
530 1516 602 1543 tuae
614 1509 653 1541 ad
664 1508 769 1550 regale
781 1505 942 1548 fastigium
959 1515 1082 1537 assum-

328 1567 458 1611 ptionis,
481 1576 555 1608 erga
574 1564 753 1597 Romanam
768 1560 943 1593 Ecclesiam
956 1564 986 1592 et
999 1559 1084 1592 hanc

329 1626 472 1654 sanctam
489 1619 603 1653 Sedent
614 1615 842 1661 Apostolum,
853 1614 994 1646 diversos
1004 1614 1083 1646 abu-

329 1686 382 1707 sus
406 1679 551 1717 tempore
572 1677 717 1710 tuorum,
744 1674 808 1701 tam
833 1668 866 1701 in
890 1668 960 1711 ipso
986 1679 1084 1709 regno

330 1738 427 1771 quam
447 1727 566 1759 ducatu
583 1724 766 1757 Britanniae
783 1728 809 1755 et
830 1722 993 1766 provincia
1009 1723 1086 1755 Pro-

329 1780 451 1813 vinciae
471 1791 507 1813 ae
529 1779 622 1812 certis
647 1778 717 1811 aliis
739 1777 817 1810 locis
834 1782 890 1809 tuo
914 1777 1084 1820 temporali

331 1834 474 1867 dominio
495 1833 659 1871 subiectis,
674 1831 973 1875 praedecessorum,
988 1830 1019 1862 in
1032 1841 1084 1863 ea-

333 1887 480 1920 rumdem
506 1887 667 1920 Ecclesiae
684 1891 711 1917 et
735 1884 823 1917 Sedis
848 1883 1084 1928 praeiudicium

333 1945 513 1977 attentates,
537 1951 573 1973 ae
593 1939 818 1972 auctoritatem
840 1943 868 1970 ct
895 1937 1088 1970 iurisdictio-

334 2005 406 2026 uem
434 1994 569 2026 Romani
597 1993 761 2026 Pontificis
800 2003 834 2024 ac
863 1991 1024 2024 Ecclesiae
1059 1997 1084 2023 01

334 2047 422 2080 Sedis
442 2047 628 2080 huiusmodi
654 2047 685 2079 in
706 2047 823 2079 ducatu
849 2045 1034 2079 Provinciae
1059 2051 1086 2078 01

333 2101 594 2146 locispraedictis
605 2101 749 2145 plenarie
770 2100 982 2136 restituendo,
1001 2099 1087 2132 illas-

333 2166 395 2198 que
417 2155 567 2188 alacriter
581 2154 783 2188 defendendo
804 2159 835 2186 et
855 2153 1086 2192 conservando,

334 2208 487 2251 aliasque,
502 2209 539 2241 de
553 2208 644 2241 nobis
656 2207 792 2240 1111110115Υ
805 2207 947 2240 Ecclesia
962 2219 998 2239 ac
1010 2207 1089 2239 Sede

334 2256 459 2289 vicariis
480 2257 495 2280 2
520 2257 623 2290 modis
646 2257 727 2290 bene
762 2256 936 2296 merendo,
974 2255 1089 2298 iugiter

336 2305 522 2348 pra-stitisti,
542 2317 599 2339 nos
615 2306 853 2350 quodatmuodo
871 2305 1039 2348 impellunt
1057 2308 1091 2336 ut

336 2366 418 2397 quae
440 2356 543 2388 clarae
571 2355 745 2388 memoriae
776 2354 947 2391 Francisco
972 2364 1029 2387 avo
1061 2357 1089 2385 ct

337 2404 448 2437 similis
474 2405 650 2437 memoriae
677 2404 817 2437 ilenrico
845 2403 981 2446 genitori
1014 2402 1090 2441 tuis,

336 2453 535 2485 Francorum
552 2454 692 2495 regibus,
711 2464 728 2485 a
744 2453 827 2485 dicta
844 2452 925 2486 Sede
940 2462 1092 2484 concessa

338 2504 478 2543 t'uerunt,
502 2503 596 2535 etiam
618 2502 673 2534 tibi
694 2501 909 2535 favorabiliter
934 2501 1091 2534 couceda-

337 2562 420 2584 mus.

373 2607 383 2631 1
414 2605 452 2631 Ex
481 2606 584 2640 Regest.
604 2606 627 2632 111
646 2605 756 2632 Archiv.
777 2606 859 2631 Vane.

372 2646 388 2671 *2
408 2645 529 2672 Forsitan
550 2645 689 2679 legendum
711 2648 790 2672 variis
810 2652 848 2679 tn.
870 2645 917 2679 T.).

919 236 1099 265 nerianum
1120 237 1273 263 nonANru

1164 291 1223 334 gl.
1247 290 1375 323 Dudum
1393 286 1563 331 siquidem,
1582 290 1752 330 postquam
1773 283 1874 317 felicis

1120 343 1351 378 recordationis
1380 343 1442 375 Leo
1469 342 1553 385 Papa
1576 340 1614 380 X,
1646 338 1875 383 praedecessor

1122 404 1240 437 noster,
1263 407 1299 429 ex
1320 395 1415 428 certis
1431 400 1508 427 tune
1524 392 1681 437 expressis
1700 392 1874 425 rationabi-

1121 449 1204 482 libus
1225 450 1342 487 causis,
1360 449 1398 481 do
1421 449 1554 480 fratrum
1580 456 1715 479 suorum
1737 445 1873 479 oonsilio

1122 510 1148 537 et
1167 504 1312 537 unanimi
1329 513 1501 542 consensu,
1524 512 1560 534 ae
1580 505 1668 533 certa
1683 499 1751 532 eius
1771 499 1875 532 scien-

1123 558 1163 590 tia
1175 563 1205 591 et
1216 557 1380 601 potestatis
1400 555 1612 600 plenitudine,
1632 554 1715 586 inter
1730 552 1804 593 alia,
1819 562 1877 596 per

1122 623 1195 645 suas
1210 612 1318 645 literas
1338 614 1492 643 statuerat
1512 613 1542 641 et
1561 607 1765 641 ordinaverat
1788 605 1875 650 quod

1122 676 1159 698 ex
1178 670 1254 698 tunc
1272 664 1309 697 de
1326 669 1444 702 cetero,
1473 661 1638 706 perpetuis
1658 659 1774 693 suturis
1794 664 1875 692 tem-

1122 719 1267 763 poribus,
1282 719 1352 751 loco
1370 722 1476 750 certae
1487 713 1723 749 constitutionis
1733 713 1765 745 in
1778 722 1877 754 regno

1122 773 1275 806 Franciae
1295 770 1439 814 vigentis,
1462 780 1544 813 quae
1565 767 1763 811 pragmatica
1782 776 1876 799 voca-

1123 826 1229 866 batur,
1252 837 1288 859 ac
1309 825 1455 858 omnium
1477 828 1505 855 ct
1531 821 1735 864 singulorum
1756 819 1878 863 capitu-

1123 881 1229 912 lorum
1246 880 1279 911 111
1291 891 1326 912 ea
1339 883 1579 916 contentorum,
1593 874 1832 908 cathedralibus
1849 877 1878 905 et

1123 933 1380 977 metropolitanis
1401 931 1545 965 ecclesiis
1566 930 1598 963 in
1623 929 1708 961 dieto
1729 938 1829 970 regno
1849 932 1879 959 et

1122 987 1317 1031 Delphinatu
1337 998 1372 1019 ac
1395 985 1548 1019 comitatu
1569 982 1741 1017 Viennensi
1771 987 1799 1015 et
1822 981 1879 1013 Va-

1123 1041 1293 1073 lentinensi
1317 1046 1394 1073 tune
1414 1046 1441 1073 et
1460 1050 1517 1083 pro
1535 1044 1694 1082 tempore,
1714 1035 1809 1069 etiam
1822 1046 1880 1078 per

1124 1094 1300 1127 cessionem
1324 1094 1356 1127 in
1376 1093 1524 1126 manibus
1540 1091 1640 1137 ipsius
1656 1089 1769 1123 Leonis
1785 1100 1879 1134 prae-

1123 1149 1302 1182 decessoris
1318 1154 1345 1182 et
1368 1158 1593 1181 successorum
1614 1156 1748 1178 suorum
1764 1145 1880 1177 Roma-

1125 1213 1241 1236 norum
1274 1202 1469 1235 Pontificum
1506 1200 1659 1234 canonice
1690 1198 1879 1231 intrantium

1124 1261 1236 1299 sponte
1247 1256 1361 1288 factam
1371 1282 1377 1296 ‚
1389 1254 1586 1294 vacantibus,
1600 1253 1729 1285 illarum
1741 1252 1879 1296 capitula

1124 1315 1155 1341 et
1180 1309 1328 1342 canonici
1357 1309 1395 1341 ad
1426 1308 1617 1341 electionem
1653 1317 1709 1339 seu
1735 1307 1879 1350 postula-

1126 1362 1245 1395 tionem
1267 1362 1368 1395 suturi
1385 1361 1606 1406 iuibipraelati
1627 1360 1805 1405 procedere
1816 1370 1879 1393 non

1126 1421 1266 1459 possent:
1279 1416 1346 1457 sed,
1359 1417 1486 1449 illarum
1497 1420 1689 1449 occurrente
1701 1413 1878 1453 vacatione,

1126 1481 1179 1503 rex
1201 1470 1354 1503 Franciae
1377 1481 1434 1514 pro
1456 1475 1601 1514 tempore
1622 1468 1758 1501 existens
1778 1479 1879 1502 unum

1126 1535 1253 1566 gravem
1264 1524 1452 1566 magistrum
1473 1534 1529 1556 seu
1540 1522 1740 1555 licentiatum
1750 1522 1781 1555 in
1791 1522 1881 1555 theo-

1126 1576 1227 1617 logia,
1254 1582 1308 1609 aut
1336 1577 1368 1609 in
1397 1582 1535 1620 utroque
1562 1588 1617 1609 scu
1638 1576 1739 1609 altero
1760 1575 1880 1608 iurium

1127 1630 1306 1669 doctorem,
1330 1636 1380 1663 aut
1406 1630 1606 1663 licentiatum
1628 1630 1659 1661 111
1672 1628 1881 1662 Universitate

1128 1684 1249 1717 famosa
1269 1690 1299 1717 et
1320 1695 1394 1716 011111
1423 1684 1566 1727 rigoroso
1593 1683 1737 1716 examine
1753 1710 1760 1723 ,
1792 1693 1827 1715 ac
1848 1682 1881 1714 in

1128 1737 1280 1777 vigesimo
1301 1737 1437 1781 septimo
1459 1748 1535 1770 suae
1547 1736 1658 1769 aetatis
1672 1746 1755 1769 anno
1776 1735 1815 1768 ad
1826 1735 1883 1767 mi-

1128 1801 1189 1822 nus
1217 1791 1426 1823 constitutum
1455 1796 1483 1824 et
1505 1791 1583 1823 alias
1606 1791 1770 1828 idoneum,
1801 1789 1883 1822 infra

1129 1856 1179 1876 sex
1193 1856 1317 1877 meuses
1333 1857 1349 1877 a
1362 1845 1412 1877 dic
1423 1845 1596 1878 vacationis
1609 1844 1819 1878 ecclesiarum
1830 1855 1883 1877 ea-

1130 1898 1277 1931 rumdem
1305 1899 1688 1941 computandos,eisdem
1708 1899 1884 1942 praedeces-

1130 1952 1193 1983 sori
1215 1957 1242 1984 01
1261 1952 1502 1985 successoribus
1523 1953 1588 1985 suis
1608 1953 1760 1986 Romanis
1776 1953 1884 1986 Ponti-

1130 2005 1245 2037 ticibus
1266 2017 1319 2038 scu
1343 2006 1445 2039 dictae
1472 2007 1545 2039 Scdi
1570 2007 1738 2040 nominare
1755 2033 1762 2046 ‚
1788 2017 1824 2039 ac
1845 2007 1883 2039 de

1131 2070 1269 2103 persona
1294 2071 1350 2102 per
1376 2071 1483 2103 regem
1510 2060 1694 2093 huiusmodi
1720 2060 1885 2093 nominata

1133 2124 1188 2156 per
1213 2114 1495 2157 praedecessorem
1531 2120 1557 2147 et
1587 2124 1790 2147 successores
1828 2124 1883 2147 seu

1132 2167 1245 2200 Sedent
1267 2167 1453 2200 huiusmodi
1475 2167 1648 2212 provideri,
1671 2168 1737 2200 etsi
1758 2167 1884 2200 contin-

1132 2227 1218 2263 geret
1244 2224 1423 2264 praet'atmu
1450 2233 1558 2264 regem
1588 2232 1757 2265 personam
1780 2222 1886 2254 taliter

1133 2287 1197 2308 nou
1227 2276 1443 2319 qualiti‹·ata·n
1473 2278 1511 2310 ad
1537 2277 1637 2310 dictas
1665 2277 1816 2310 ecclesias
1841 2276 1885 2309 sic

1134 2337 1280 2362 vacantes
1300 2331 1480 2370 nominare,
1504 2342 1561 2374 per
1576 2331 1840 2374 praedecessores
1856 2336 1884 2363 et

1134 2390 1336 2412 successores
1360 2391 1414 2411 seu
1429 2380 1542 2412 ¹chem
1555 2380 1751 2423 praedictam
1763 2379 1800 2411 de
1812 2390 1885 2422 per-

1135 2439 1211 2461 sona
1221 2429 1264 2461 sic
1284 2430 1447 2462 nominata
1460 2429 1578 2462 eisdem
1590 2429 1734 2462 ecclesiis
1754 2429 1885 2461 minime

1135 2477 1293 2520 provideri
1314 2479 1456 2517 deberet,
1476 2479 1529 2511 sed
1546 2483 1711 2511 teneretur
1726 2477 1809 2509 idem
1822 2488 1885 2513 rex,

1136 2525 1216 2558 infra
1237 2531 1300 2558 tres
1320 2526 1399 2559 alios
1420 2538 1545 2560 menses
1565 2538 1580 2559 a
1602 2527 1653 2560 die
1678 2526 1887 2559 recusationis

1137 2585 1292 2619 personae
1312 2576 1495 2608 nominatae
1518 2587 1581 2608 non
1602 2575 1803 2619 qualificatae
1823 2575 1886 2608 sol-

1172 2644 1179 2670 t
1194 2642 1258 2672 Vide
1266 2641 1424 2669 concordata
1437 2642 1573 2676 LeonisX,
1587 2647 1605 2669 t.
1620 2650 1717 2679 v‚pag.
1729 2642 1780 2670 6611
1793 2645 1886 2678 etseq.

1887 225 1938 253 Α11.
1960 223 2073 252 &1560

1916 281 1957 302 Leo
1978 281 1994 302 X
2009 288 2073 308 prag-

1888 314 1984 334 maticam
2023 318 2074 333 san-

1889 347 1980 367 ctionem
1996 346 2074 367 invali-

1889 377 1940 396 dans
1951 377 1995 401 regi
2012 375 2075 396 Frau-

1889 408 1935 429 ciae
1952 409 1983 428 ins
2004 409 2074 427 nomi-

1889 440 1952 459 nandi
1963 441 2072 459 concessu

1890 472 1914 491 ad
1939 470 2074 491 cathedrales

1890 506 1911 522 et
1926 503 2075 529 metropolita-

1890 539 1928 554 nas
1949 539 1972 554 ac
2001 539 2075 554 mona-

1891 565 1982 584 stertat.
