2237 3100
84 198 133 226 An.
153 198 268 226 01560

133 1584 263 1606 obstantium

81 1618 195 1644 derogatio.

946 197 1014 222 PIUS
1037 196 1067 219 iv
1092 195 1139 219 pr.
1739 183 1778 217 77

282 257 495 293 emanassent,
508 262 545 285 ac
557 252 684 285 easdem
700 252 942 293 reservationes‚
960 262 1035 285 con-

281 301 441 335 cessiones
461 306 490 335 et
510 302 740 345 assignationes
760 301 859 335 dietas
880 301 1034 335 foeminas

280 350 412 384 minime
438 351 732 394 comprehendere,
762 351 896 394 illasque
922 352 961 383 ad
982 351 1035 383 116-

280 398 396 432 nefieia
429 399 460 431 in
495 399 660 433 mensibus
700 400 791 433 nobis
827 406 856 433 et
890 401 1034 433 Romano

279 448 427 481 Pontifici
445 459 503 492 pro
524 454 668 492 tempore
689 449 833 483 existenti
854 449 1031 489 reservatis,

281 501 367 529 extra
389 497 565 530 Romanam
586 498 713 531 Curiam
735 510 793 543 pro
815 505 958 542 tompore
986 510 1035 530 va-

281 546 395 587 cantia,
417 547 581 580 dumtaxat
605 558 637 581 se
668 549 850 588 extendere,
878 554 907 581 et
928 548 968 580 ita
990 548 1036 579 111-

281 595 382 638 telligi
409 596 546 634 debere,
569 607 603 629 ae
631 608 686 641 eos
704 597 821 641 quibus
842 597 913 629 illae
935 596 1034 628 factae

281 649 355 676 sunt
375 644 414 677 ad
431 645 492 677 alia
512 646 680 685 beneficia,
703 658 799 689 quam
816 647 847 678 in
872 644 1036 678 mensibus

280 694 373 727 nobis
394 700 424 728 et
449 695 594 728 Romano
626 695 773 729 Pontifici
802 706 860 740 pro
890 700 1035 738 tempore

282 743 440 784 existenti,
463 750 497 777 ut
518 746 710 789 praefertur,
739 756 798 789 pro
819 750 963 787 tempore
984 754 1034 776 re-

281 794 410 828 servatis
430 795 618 838 praedictis,
641 806 700 839 pro
721 800 865 838 tempore
882 792 1034 832 vacantia,

281 849 486 886 praesentare
524 855 587 878 non
622 855 726 888 posse,
758 849 784 877 et
818 843 910 875 aliter
938 842 1035 874 saetas

282 894 556 936 praesentationes
580 894 701 926 nullius
733 891 860 925 roboris
890 891 938 923 vel
964 901 1034 923 1110-

281 942 381 975 menti
402 943 549 983 existere,
570 954 607 976 ac
627 943 712 986 ipsos
732 940 912 973 ordinarios
932 940 970 972 ad
1000 940 1035 971 il-

281 991 329 1024 los
353 992 575 1035 recipiendum
609 991 793 1023 nullatenus
820 987 938 1027 teneri,
975 998 1034 1020 nec

281 1041 319 1073 ad
341 1041 372 1073 id
396 1041 465 1084 cogi
490 1047 542 1074 aut
565 1038 715 1082 compelli
736 1048 841 1082 posse,
864 1042 894 1069 et
914 1037 956 1069 ita
977 1048 1035 1081 per

281 1100 503 1133 quoscumque
524 1088 656 1127 iudices⁷
696 1087 806 1130 quavis
842 1086 1033 1119 auctoritate

281 1138 467 1181 fungentes,
500 1137 593 1170 etiam
615 1146 786 1169 causarum
816 1135 927 1168 Palatii
948 1135 1033 1179 Apo-

281 1186 383 1220 stolici
415 1186 589 1226 auditores,
621 1185 745 1218 sublata
779 1184 824 1217 eis
857 1189 884 1217 et
919 1195 1033 1217 eorum

282 1235 412 1269 cuilibet
440 1234 550 1278 quavis
579 1234 670 1267 aliter
693 1233 855 1267 iudicandi
885 1239 915 1266 et
940 1233 1035 1266 inter-

280 1283 425 1327 pretandi
445 1283 595 1316 facultate
617 1288 648 1315 et
667 1282 868 1319 auctoritate,
898 1282 1034 1315 iudicari

280 1337 310 1364 et
324 1331 454 1365 diffiniri
474 1333 605 1369 debere,
627 1343 754 1365 necnon
773 1331 900 1364 irritum
919 1337 949 1364 et
965 1332 1033 1364 ina-

278 1391 317 1413 ne
336 1381 493 1424 quidquid
515 1392 606 1414 secus
626 1392 723 1425 super
747 1381 796 1413 his
816 1392 833 1412 a
857 1391 1032 1424 quoquam,

277 1430 386 1473 quavis
405 1430 606 1469 auctoritate,
627 1430 764 1463 scienter
774 1431 820 1462 vel
834 1429 1030 1473 ignoranter,

279 1479 448 1523 contigerit
473 1479 633 1512 attentari.

323 1530 338 1572 ξ
361 1528 392 1562 3.
416 1529 484 1562 Nou
505 1528 704 1561 obstantibus
729 1528 830 1562 literis
842 1530 1031 1562 reservatio-

279 1589 370 1619 num,
391 1578 638 1611 concessionum
660 1584 690 1611 et
710 1578 961 1621 assignationum
984 1578 1032 1611 iu-

279 1627 322 1660 ris
336 1633 524 1671 patronatus
541 1633 567 1660 et
587 1628 810 1671 praesentandi
832 1628 1030 1665 huiusmodi,

280 1687 316 1709 ac
341 1677 410 1709 aliis
430 1676 624 1720 praemissis,
647 1687 774 1710 necnon
800 1677 1034 1710 ‹onstituiioni-

280 1725 340 1758 bus
360 1731 389 1759 et
408 1726 666 1759 ordinationibus
695 1727 879 1769 apostolicis
902 1727 1032 1760 ceteris-

282 1786 345 1819 pue
366 1776 535 1809 contrariis
555 1776 828 1819 quibuscumque.

324 1824 409 1857 Nulli
429 1836 504 1867 ergo
522 1825 654 1858 omnino
674 1825 844 1857 hominum
865 1830 923 1858 ele.

323 1874 438 1907 Datum
458 1874 577 1907 Romae
603 1875 688 1918 apud
713 1874 867 1907 Sanctum
888 1875 1030 1914 Petrum,

281 1934 365 1956 anno
392 1924 623 1957 incarnationis
653 1923 835 1957 dominicae
862 1923 1033 1956 millesimo

281 1973 538 2016 quingentesimo
551 1974 759 2016 sexagesimo,
781 1978 891 2006 octavo
903 1973 1030 2006 kalend.

281 2022 475 2062 novembris,
495 2022 702 2066 pontificatus
722 2023 822 2055 nostri
844 2032 963 2055 annot.

317 2071 379 2101 Dat.
394 2072 441 2101 die
459 2072 497 2101 25
516 2072 644 2101 octobris
662 2072 748 2108 1560,
765 2071 867 2110 pontis.
885 2081 960 2101 auno
978 2081 996 2102 1.

280 2228 432 2262 Familias
444 2228 596 2267 iudicum,
605 2228 660 2260 lile
670 2228 835 2271 pendente,
845 2227 1034 2260 decernendi

324 2278 483 2322 sezjuestra
508 2288 603 2320 supet·
626 2277 783 2318 fructibus
810 2277 1030 2319 beneficiorum

324 2327 401 2361 Sedz'
418 2328 619 2371 Apostolicav
641 2330 874 2359 reservarermn
899 2327 963 2359 sire
985 2327 1034 2369 us-

1076 252 1267 281 sanctissimus
1281 251 1308 279 in
1321 250 1430 279 Christo
1444 251 1525 287 pater
1549 251 1577 280 et
1595 251 1719 280 dominus
1733 253 1828 281 noster

1120 306 1242 335 dominus
1258 305 1320 334 Pius
1336 305 1426 334 divina
1444 305 1617 341 providentia
1642 305 1712 342 Papa
1733 306 1764 336 1v

1120 379 1275 423 Cupiens,
1298 383 1394 422 prout
1413 388 1471 411 suo
1493 378 1643 421 pastorali
1670 378 1827 411 incumbit
1870 391 1936 412 eausa
1951 393 2028 413 conm-

1844 424 1939 444 tutionis.

1077 433 1203 471 officio,
1226 432 1422 476 unicuique,
1452 432 1537 475 quod
1566 443 1661 465 suum
1682 438 1747 471 est,
1771 431 1828 464 tri-

1077 487 1132 519 bui
1150 514 1157 527 ,
1198 486 1415 530 iustitiamque
1455 486 1538 519 inter
1577 497 1689 519 01111165
1727 496 1830 530 aequa

1078 541 1167 573 lance
1190 540 1376 581 ministrari,
1408 552 1445 573 ae
1474 540 1655 573 animarum
1677 540 1830 584 periculis

1078 599 1107 626 et
1128 594 1294 627 fraudibus
1315 605 1440 635 eorum,
1458 594 1513 638 qui
1535 594 1651 638 passim
1672 593 1830 627 beneficia

1077 648 1291 681 ecelesiastica
1312 649 1343 680 111
1369 648 1545 689 1116115111115,
1568 648 1599 680 111
1619 648 1738 692 quibus
1758 648 1830 681 illo-

1078 713 1150 734 rum
1163 703 1291 734 collatio
1312 707 1341 735 et
1358 702 1496 745 provisio
1513 713 1571 746 per
1587 701 1831 736 constitutiones

1078 766 1150 787 suas
1168 767 1223 788 seu
1245 756 1460 788 Cancellariae
1481 756 1683 799 Apostolicae
1703 756 1831 798 regulas

1077 810 1217 853 desuper
1233 809 1343 849 editas,
1367 810 1564 853 dispositioni
1587 821 1663 842 suae
1679 821 1738 853 pro
1755 815 1831 843 tem-

1077 873 1155 906 pore
1190 868 1349 895 reservata
1378 863 1538 903 existunt„
1574 864 1717 896 vacantia
1735 890 1742 904 ,
1774 875 1830 897 seu

1077 916 1155 949 alias
1176 915 1279 948 eidem
1311 921 1339 948 et
1361 916 1450 949 Sedis
1471 916 1672 960 Apostolicae
1693 916 1830 961 disposi-

1077 969 1156 1002 tioni
1176 968 1369 1009 generaliter
1397 974 1573 1009 reservata,
1596 974 1649 1001 aut
1677 980 1714 1002 ex
1733 980 1830 1012 gene-

1077 1023 1135 1055 rali
1164 1021 1378 1055 reservatione
1406 1022 1582 1066 apostolica
1609 1023 1656 1055 vel
1686 1024 1764 1056 alias
1783 1023 1830 1056 as-

1077 1078 1168 1117 secta,
1185 1076 1347 1109 ordinaria
1359 1087 1415 1109 seu
1427 1075 1487 1109 alia
1504 1076 1705 1117 auctoritate,
1720 1082 1830 1110 contra

1076 1130 1234 1163 dictarum
1275 1129 1541 1163 constitutionum
1583 1135 1730 1163 tenorem
1776 1136 1832 1163 aut

1076 1183 1164 1221 alias,
1175 1182 1314 1216 indebite
1331 1182 1389 1215 sibi
1406 1183 1544 1216 conferri
1561 1188 1591 1216 et
1603 1183 1641 1216 de
1657 1183 1720 1217 illis
1735 1183 1829 1216 etiam

1076 1236 1235 1280 provideri
1266 1241 1452 1279 procurant,
1471 1241 1501 1269 et
1528 1236 1561 1269 in
1582 1236 1638 1277 eis,
1665 1241 1829 1280 praetextu

1076 1289 1285 1322 collationum
1307 1295 1337 1322 et
1356 1289 1575 1333 provisionum
1586 1290 1785 1331 huiusmodi,
1797 1301 1829 1323 se

1076 1343 1257 1381 intrudunt,
1280 1343 1397 1376 adhoc
1413 1348 1445 1376 ut
1464 1343 1594 1376 illorum
1615 1344 1738 1377 fructus
1754 1355 1829 1377 suos

1076 1397 1189 1430 faciant
1217 1402 1245 1430 et
1272 1408 1309 1430 ex
1338 1397 1382 1429 eis
1406 1397 1615 1441 impetrantes
1635 1398 1829 1441 apostolicos

1075 1462 1132 1483 seu
1156 1451 1234 1483 alias
1254 1451 1336 1483 iusto
1356 1450 1449 1483 titulo
1474 1450 1617 1495 provisos
1637 1452 1826 1491 molestent,

1075 1510 1105 1537 et
1122 1504 1248 1537 interim
1262 1504 1330 1537 lites
1346 1504 1424 1537 adeo
1437 1504 1468 1536 in
1480 1505 1612 1547 longum
1625 1505 1825 1549 protrahant,

1076 1564 1107 1590 111
1125 1558 1332 1601 impetrantes
1348 1563 1375 1590 et
1394 1558 1513 1590 iustum
1530 1558 1659 1591 titulum
1675 1559 1829 1592 habentes

1075 1618 1127 1644 aut
1150 1623 1224 1644 cum
1246 1611 1290 1644 eis
1311 1611 1529 1652 concordare,
1553 1617 1608 1645 aut
1632 1622 1745 1645 eorum
1766 1611 1829 1646 iuri

1076 1665 1189 1698 cedere
1211 1671 1237 1698 et
1260 1665 1464 1707 renunciare,
1483 1671 1539 1699 aut
1553 1666 1585 1698 in
1602 1666 1828 1709 prosecutione

1076 1719 1179 1751 litium
1200 1718 1386 1752 huiusmodi
1420 1729 1532 1752 omnes
1561 1720 1627 1753 sere
1648 1730 1761 1753 eorum
1782 1721 1828 1753 sa-

1075 1774 1209 1806 cultates
1229 1773 1395 1816 dissipare,
1418 1778 1449 1806 et
1481 1774 1610 1806 tandem
1638 1773 1670 1806 in
1700 1774 1828 1807 illarum

1075 1827 1301 1870 prosecutione
1327 1827 1408 1860 mori
1436 1832 1604 1870 cogantur.
1627 1828 1752 1872 Quique
1772 1829 1827 1862 be-

1075 1881 1189 1914 neficia
1215 1881 1247 1913 in
1271 1881 1416 1914 Romana
1443 1881 1538 1915 Curia
1563 1882 1611 1915 vel
1641 1887 1728 1915 extra
1758 1894 1827 1916 eam

1075 1935 1210 1977 litigiosa
1230 1936 1404 1977 resignant,
1422 1941 1606 1969 {luteorum
1628 1935 1689 1970 iuri
1710 1936 1828 1970 cedunt

1075 1988 1263 2032 simpliciter
1298 1989 1345 2022 vel
1375 1989 1407 2022 in
1441 1990 1580 2022 favorem
1601 1989 1686 2023 tertii
1706 1990 1738 2023 in
1759 2001 1826 2024 rne-

1076 2042 1272 2083 morialihus,
1283 2054 1356 2076 cum
1370 2043 1474 2086 parvis
1485 2043 1565 2076 datis
1576 2049 1607 2076 et
1618 2044 1827 2078 consensibus

1074 2096 1213 2141 desuper
1233 2096 1405 2140 praestitis,
1420 2108 1502 2141 quae
1517 2108 1615 2141 penes
1631 2108 1664 2131 se
1675 2097 1825 2139 retinent,

1075 2155 1105 2183 et
1138 2150 1349 2184 nihilominus
1382 2151 1452 2184 lites
1494 2151 1681 2184 huiusmodi
1714 2163 1826 2195 prose-

1074 2206 1231 2244 quuntur,
1259 2206 1289 2233 et
1309 2201 1386 2233 dum
1407 2206 1607 2244 cognoscunt
1631 2201 1757 2234 nullum
1778 2201 1828 2234 ius

1075 2249 1134 2282 sibi
1150 2250 1181 2281 in
1197 2249 1384 2283 huiusmodi
1399 2249 1564 2283 beneficiis
1579 2249 1725 2293 litigiosis
1740 2260 1827 2284 com-

1075 2304 1194 2343 petere,
1215 2300 1254 2332 ad
1275 2298 1495 2342 effugiendum
1516 2298 1706 2332 sententiam
1726 2305 1756 2333 et
1776 2310 1826 2334 ex-

1075 2359 1189 2391 pensas
1224 2349 1272 2381 vel
1302 2349 1468 2382 fructuum
1507 2349 1764 2391 restitutionem,
1794 2349 1825 2382 in

1844 192 1892 218 An.
1910 191 1939 218 C.
1960 192 2027 223 ¹560

324 2377 497 2419 sectorwn,
514 2381 542 2410 et
563 2376 734 2408 ordinaria
756 2376 803 2407 rel
830 2376 899 2408 alia
927 2380 1034 2409 (111610-

324 2428 423 2460 ritate
454 2427 588 2459 nulliter
625 2425 832 2465 collatorum
861 2429 888 2457 e!
910 2436 1033 2467 poemia

324 2477 457 2519 desuper
478 2480 591 2508 temere
612 2474 815 2517 lite'qantessmn
836 2473 862 2506 ¹.

318 2535 329 2560 1
352 2534 466 2560 Fructus
484 2532 672 2560 beneficiorum
685 2531 729 2558 lite
743 2531 873 2566 pendente
884 2531 952 2567 apud
972 2541 1033 2567 per-

280 2577 358 2596 sonas
388 2569 497 2596 idoneas
521 2577 534 2595 a
561 2568 643 2595 iudice
675 2567 808 2602 eligendas
833 2567 929 2603 deponi
959 2568 1033 2595 iussit

280 2605 374 2635 PiusV
389 2605 448 2632 infr.
466 2605 491 2632 111
508 2604 698 2632 constitutione
714 2604 805 2631 Cordi.

1051 2415 1052 2443 ἦ
1074 2397 1192 2441 quibus
1212 2398 1448 2431 condemnandi
1476 2398 1640 2439 venirent,
1662 2399 1826 2443 supplica-

1051 2445 1052 2461 *
1075 2447 1177 2480 tiones
1202 2447 1341 2490 desuper
1369 2447 1505 2490 signari,
1526 2458 1563 2479 ac
1587 2447 1675 2480 datas
1699 2453 1729 2481 61
1752 2459 1825 2481 con-

1074 2507 1186 2530 sensus
1197 2507 1310 2540 parvos
1335 2496 1519 2529 huiusmodi
1545 2497 1671 2530 extendi
1691 2498 1823 2538 faciunt,

1050 2562 1052 2576 ‹
1074 2552 1251 2578 asserentes
1271 2556 1303 2578 se
1325 2545 1445 2578 iamdiu
1462 2546 1515 2578 illa
1533 2546 1701 2586 dimisisse,
1720 2551 1826 2590 partes

1050 2608 1053 2641 ζ
1075 2595 1213 2628 foventes
1233 2595 1354 2628 bonum
1383 2594 1432 2628 ius
1466 2600 1496 2628 et
1522 2595 1644 2629 iudices
1671 2595 1824 2629 iustitiam
