2237 3100
840 276 935 300 limax
959 275 1066 300 RERUM
1629 259 1689 296 '994

279 338 350 373 tur,
373 331 431 365 761
456 343 488 365 a.
510 330 585 364 Pius
603 330 626 363 V
647 330 814 363 confirmat
839 339 950 362 omnes
970 329 1203 362 beneficiorum
1222 329 1371 367 uniones,
1393 326 1521 360 Ordinis
1541 325 1646 359 favore
1666 336 1740 370 pet·-

282 393 380 426 actas‚
403 385 546 419 desectus
565 384 758 428 supplendo.
782 383 979 417 caducitates
993 383 1176 423 vanitando,
1196 387 1267 422 eto,
1286 381 1349 416 80⁶2
1374 382 1411 421 b‚·
1432 380 1507 414 item
1524 379 1691 424 privilegia
1710 384 1741 411 et

282 439 514 484 exemptiones,
547 438 673 481 aliaque
703 436 862 476 concedit,
885 436 950 470 803
970 438 997 469 b.
1022 442 1052 469 et
1071 448 1148 481 seq.;
1172 437 1303 469 roborat
1318 436 1452 479 antiqua
1474 433 1739 467 Praedicatorum

284 493 470 537 privilegia,
503 492 608 535 quoad
641 491 877 523 immunitatem
908 502 923 522 a
952 490 1087 522 decimis
1118 496 1147 522 et
1177 490 1247 522 aliis
1273 489 1450 530 oneribus,
1481 487 1547 522 834
1576 498 1606 520 α.
1638 486 1742 520 Huius

282 546 411 579 Ordinis
432 546 600 585 moniales,
623 545 654 576 in
679 544 816 577 articulo
838 543 950 575 mortis¹
971 543 1175 582 vonstitutae,
1190 543 1423 586 professionem
1444 540 1591 575 emittere
1604 545 1742 584 possunt

285 605 358 633 ante
372 610 493 633 annum
508 598 708 642 probationis
719 597 892 641 expletum,
913 595 1090 629 dummodo
1112 595 1275 638 legitimae
1288 596 1352 629 sint
1372 595 1497 636 aetatis,
1519 594 1584 628 850
1598 604 1630 627 α.
1646 592 1743 636 Magi-

283 654 338 686 stri
364 653 523 696 generalis
543 657 573 685 et
585 651 803 696 praelatorum
817 651 951 683 facultas
964 650 1078 682 fratres
1091 649 1266 693 deputandi
1284 650 1315 681 in
1336 649 1464 682 Ordinis
1476 648 1666 682 tabelliones
1683 657 1742 692 pro

285 707 474 740 executione
503 706 729 739 mandatorum
750 704 1016 748 apostolicorum,
1042 702 1106 736 905
1125 714 1156 735 a.
1180 703 1377 735 Eorumdem
1403 703 1538 736 facultas
1558 700 1742 735 absolvendi

285 772 360 795 suos
380 762 495 794 fratres
515 766 546 794 et
570 759 727 793 moniales
752 764 782 791 ct
803 769 875 792 cum
906 758 952 790 eis
982 756 1189 800 dispensandi
1216 756 1297 789 sicut
1331 756 1473 800 episcopi
1499 767 1573 790 cum
1603 754 1741 795 clericis,

287 815 458 848 interdicto
489 815 611 848 eisdem
636 825 696 846 usu
718 813 879 846 cruciatae
899 813 945 845 vel
968 811 1101 844 alterius
1117 809 1275 854 privilegii
1296 810 1333 842 ad
1355 810 1521 852 eligendos
1546 808 1745 843 confessores

286 877 315 903 et
338 870 530 903 obtinendas
555 869 759 902 huiusmodi·
782 868 1003 901 absolutiones
1034 872 1060 899 et
1090 865 1365 910 dispensationes,
1388 865 1447 899 931
1473 866 1490 898 b
1510 871 1541 899 et
1573 876 1635 910 seq.
1658 864 1746 898 Bona

286 924 558 957 monasteriorum
591 923 725 955 huiusce
756 921 896 962 Ordinis,
920 920 1117 954 monialibus
1143 919 1384 958 destitutorum,
1407 924 1553 963 spectant
1572 919 1611 952 ad
1632 918 1745 951 fratres

286 971 431 1011 eiusdem
465 976 604 1017 Ordinis,
639 987 778 1020 quorum
813 986 909 1008 curae
941 973 1113 1007 commissa
1145 978 1248 1014 erant,
1269 971 1333 1006 936
1354 973 1370 1005 b
1396 978 1425 1005 et
1453 983 1515 1017 seq.
1548 972 1583 1006 V.
1613 973 1746 1016 insuper

285 1031 424 1070 Fratres,
438 1031 674 1070 Maioricenses,
691 1029 1066 1072 Hibernia,=2Regulares.

198 1084 384 1118 Dominicus
407 1084 468 1127 (S.)
488 1083 542 1117 SS.
561 1083 684 1117 Rosarii
706 1083 853 1116 inventor
873 1088 903 1115 et
923 1093 980 1126 per
1001 1092 1074 1114 suos
1099 1081 1212 1113 fratres
1234 1087 1440 1123 propagator,
1464 1079 1528 1113 774
1548 1080 1576 1112 b.

198 1138 374 1172 Duodecim
404 1139 633 1182 Apostolorum
654 1137 751 1181 (Ss.)
782 1136 933 1169 sodalitas
963 1136 994 1168 in
1026 1135 1111 1168 Urbe
1143 1133 1345 1173 instituitur,
1378 1144 1437 1176 pro
1468 1133 1645 1167 decentiori
1684 1133 1747 1166 Eu-

287 1191 456 1226 charistiae
477 1191 675 1225 Sacramenti
695 1191 914 1231 veneratione,
938 1188 1094 1231 regimine
1116 1187 1302 1221 monasterii
1316 1187 1437 1220 Domus
1449 1187 1522 1221 Piae
1535 1198 1662 1221 necnon
1672 1188 1747 1221 sub-

286 1246 436 1279 ventione
467 1255 644 1288 egenorum
671 1245 856 1278 mendicare
884 1241 1146 1276 erubescentium
1168 1247 1221 1274 aut
1244 1241 1337 1274 aliter
1357 1241 1605 1281 miserabilium,
1627 1240 1691 1274 329
1716 1242 1744 1274 b.

288 1300 422 1333 Sodales
454 1300 579 1343 eligunt
613 1300 644 1332 in
669 1299 830 1332 societatis
856 1302 1072 1341 protectorem
1104 1296 1300 1329 cardinalem
1322 1295 1507 1337 Vitellium,
1539 1294 1605 1329 330
1637 1305 1678 1336 a,·
1698 1301 1745 1329 at-

288 1364 350 1398 que
371 1365 389 1387 a
413 1354 468 1386 Pio
489 1353 525 1386 IV
546 1353 692 1386 obtinent
717 1353 997 1386 confirmationem
1022 1350 1246 1391 institutionis,
1274 1348 1458 1390 electionis,
1483 1348 1620 1382 sodalitii
1646 1354 1747 1383 statu-

287 1413 407 1447 torum,
431 1417 557 1440 necnon
578 1406 762 1439 facultatem
776 1405 838 1438 alia
859 1404 1019 1438 condendi
1041 1409 1171 1443 statuta,
1186 1404 1255 1437 ibid
1274 1414 1294 1436 α
1315 1409 1345 1436 et
1365 1403 1394 1436 b.
1417 1402 1643 1445 Indulgentiae
1668 1411 1749 1446 quas

289 1461 415 1496 sodales
435 1462 590 1517 consequi
613 1466 758 1505 possunt,
780 1459 839 1494 331
865 1472 896 1493 a.

202 1725 344 1760 Ecclesia
363 1725 507 1759 Romana
528 1736 638 1759 omnes
659 1726 697 1758 ad
719 1736 751 1758 se
772 1725 935 1758 venientes
955 1725 1094 1767 benigne
1115 1725 1334 1769 amplectitur,
1358 1723 1417 1757 441
1443 1736 1474 1758 α.

202 1780 419 1814 Ecclesiarum
434 1779 530 1813 Urbis
556 1779 680 1812 fruetus
702 1785 730 1811 et
753 1780 992 1819 emolumenta,
1015 1779 1054 1811 ad
1078 1778 1257 1822 capitulum
1283 1784 1314 1811 et
1333 1788 1478 1811 mensam
1499 1777 1695 1822 spectanctia
1719 1783 1750 1811 et

290 1834 537 1867 distributiones
557 1844 616 1877 pro
637 1833 865 1865 defunctorum
886 1832 1123 1872 anniversariis,
1144 1832 1350 1876 applicantur
1363 1831 1649 1865 distributionibus
1668 1841 1750 1875 quo-

265 1908 271 1915 ·
291 1887 422 1920 tidianis
442 1887 549 1919 divino
570 1886 675 1919 officio
696 1886 931 1930 praesentibus,
959 1885 1016 1919 147
1039 1887 1097 1919 bet
1114 1897 1176 1930 seq.

202 1941 426 1974 Ecclesiastica
451 1940 639 1972 immunitas
656 1940 813 1983 improbis
833 1939 1043 1983 delinquendi
1066 1940 1234 1972 materiam
1256 1940 1412 1984 praebere
1437 1939 1529 1980 solet,
1557 1938 1620 1972 618
1640 1949 1671 1971 a.

205 1994 386 2028 Electiones
405 1995 445 2027 ad
465 1994 624 2036 regimina
643 1994 926 2035 monasteriorum,
946 1994 1246 2037 praepositurarum
1268 2000 1297 2027 et
1313 1994 1449 2026 aliarum
1470 1993 1663 2037 dignitatum
1677 2002 1751 2026 con-

295 2048 508 2088 ventualium,
531 2048 651 2091 absque
676 2048 767 2081 Sedis
788 2047 991 2092 Apostolieae
1016 2048 1198 2091 provisione
1217 2049 1262 2081 vel
1290 2047 1536 2082 confirmatione
1564 2046 1677 2087 factae,
1701 2046 1751 2079 in-

294 2102 465 2135 firmantur
485 2114 502 2135 a
522 2102 576 2134 Pio
596 2102 644 2141 lv,
667 2101 730 2135 309
755 2114 786 2135 α,
810 2102 924 2134 Forma
944 2102 1084 2145 desuper
1106 2102 1137 2134 in
1166 2102 1312 2135 futurum
1333 2101 1498 2141 servanda,
1519 2101 1598 2134 ibid.
1621 2101 1650 2133 b.
1670 2100 1751 2133 Poe-

293 2167 352 2189 nae
369 2156 461 2189 aliter
480 2157 657 2189 electorum
678 2156 725 2188 vel
741 2156 914 2189 electiones
935 2156 1212 2197 confirmantium,
1230 2156 1308 2189 ibid.

204 2210 444 2255 Eleemosynae.
472 2210 504 2243 V.
532 2210 728 2243 Visitatores.

204 2263 379 2305 Elisabeth,
399 2264 531 2307 Angliae
567 2263 689 2306 regina,
725 2263 819 2307 eique
839 2263 1053 2297 adhaerentes
1073 2264 1226 2297 haeretici
1248 2264 1456 2297 declarantur
1472 2273 1489 2296 a
1506 2261 1562 2295 Pio
1582 2261 1619 2304 V,
1645 2261 1710 2296 810
1735 2260 1752 2294 b

295 2324 326 2351 et
346 2329 409 2363 seq.

205 2373 353 2418 Episcopi
388 2373 536 2405 absentes
565 2372 603 2404 ad
637 2382 711 2405 suas
742 2372 894 2405 ecclesias
921 2372 1025 2405 redire
1049 2372 1213 2412 iubentur,
1236 2373 1278 2406 55
1291 2370 1592 2404 b.ln0bedientium
1614 2365 1757 2413 poenae,

295 2427 373 2459 ibid.
400 2426 434 2458 ln
463 2426 603 2469 propriis
639 2426 782 2459 ecclesiis
813 2425 989 2459 residentes
1011 2431 1177 2469 nequeunt
1198 2427 1230 2458 in
1256 2425 1304 2458 ius
1324 2424 1429 2458 vocari
1451 2424 1483 2457 in
1509 2424 1655 2457 Romana
1684 2423 1749 2457 Cu-

295 2481 361 2520 ria,
386 2480 445 2512 nisi
466 2480 550 2523 Papa
572 2480 719 2519 iubente,
741 2480 781 2513 56
797 2491 837 2515 a:
870 2492 887 2511 a
908 2480 1109 2512 decimarum
1134 2480 1295 2512 solutione
1321 2478 1511 2518 liberantur,
1533 2478 1612 2511 ibid.
1626 2489 1638 2518 ,·
1658 2477 1753 2511 iuris·

295 2533 470 2566 dictionem
500 2534 619 2566 habent
640 2534 671 2565 in
692 2533 826 2566 elericos
847 2534 1007 2566 seculares
1027 2538 1057 2566 et
1078 2533 1109 2565 in
1132 2534 1295 2576 regulares
1315 2537 1402 2565 extra
1423 2532 1564 2565 claustra
1584 2535 1752 2574 vagantes,

296 2587 336 2620 57
362 2598 401 2623 a:
417 2587 485 2630 qui,
509 2587 561 2619 ubi
583 2587 689 2630 agitur
702 2588 740 2620 de
761 2587 975 2626 correi-tione,
990 2588 1030 2618 ab
1055 2587 1185 2619 illorum
1199 2585 1364 2619 sententiis
1385 2585 1549 2630 appellare
1570 2589 1752 2630 nequeunt,

295 2653 396 2686 aeque
416 2643 499 2674 acin
521 2641 590 2674 aliis
611 2641 730 2674 caussis
750 2641 788 2674 ab
811 2642 939 2673 illorum
953 2641 1090 2674 decretis
1110 2646 1183 2673 ante
1204 2639 1414 2680 definitivam,
1437 2639 1515 2672 ibid.
1539 2638 1689 2684 Episcopi
1713 2639 1753 2671 ti-

294 2697 414 2730 tulat-es
429 2696 608 2739 nuncupati
625 2696 820 2738 pontificalia
839 2706 987 2730 exercere
1009 2696 1039 2728 in
1061 2696 1165 2729 aliena
1185 2694 1323 2729 dioecesi
1346 2698 1523 2739 nequeunt,
1545 2693 1608 2730 nisi
1635 2693 1673 2728 de
1695 2702 1749 2726 or·
