2237 3100
245 297 295 326 An.
315 297 342 324 C.
361 296 428 324 ¹562

259 616 313 638 Libri
325 622 367 637 nou
379 622 431 643 pro-

245 647 296 668 bant
358 650 432 668 eontra

245 679 381 703 christianos,
391 679 431 698 nisi

245 710 320 735 scripti
337 710 432 729 sintvut-

246 741 290 765 gari
302 741 373 761 italico
385 746 431 761 ser-

246 776 316 793 mone.

262 2324 374 2348 Deci-otum
392 2328 421 2349 ir<

235 2355 309 2378 rmus,

489 287 554 321 170

444 355 564 383 vestras
579 354 609 382 et
619 349 782 382 banclium
799 347 926 390 aliaque
941 346 1030 380 vobis
1045 345 1199 389 permissa

445 402 595 436 exercitia
615 413 784 439 exercere,
806 402 993 439 dummodo,
1013 399 1199 434 adveniente

445 462 548 497 nocte,
569 467 623 488 vos
642 456 681 488 ad
696 461 815 488 vestras
835 454 942 487 solitas
963 453 1046 486 intra
1061 453 1200 485 claustra

446 510 663 543 habitationes
684 508 855 542 reducatis.

490 565 505 606 ,S
525 563 577 596 1⁹2.
601 563 761 602 Ceterum,
774 567 809 594 ut
818 560 985 593 fraudibus
995 564 1197 600 occurratur,

447 606 638 650 mandamus
672 621 707 648 ut
734 626 787 648 vos
817 614 978 653 rationes,
1008 624 1088 656 quas
1125 624 1198 646 eum

447 670 628 704 christianis
649 668 843 705 habueritis,
872 666 1113 699 characteribus
1139 666 1199 699 lin-

446 735 527 767 guae
542 722 681 765 vulgaris
707 721 830 754 italicae
851 720 992 753 scribere
1012 720 1197 761 teneamini,

446 777 524 810 alias
533 776 643 809 vestris
652 775 741 807 libris
750 785 805 808 seu
817 774 1005 813 rationibus,
1015 773 1092 806 alias
1102 785 1198 817 quam

445 836 477 863 ut
488 828 806 874 praeserturscriptis
816 838 872 860 scu
883 826 1011 863 notatis,
1024 827 1113 859 nulla
1122 827 1201 861 tides

445 894 579 928 prorsus
594 882 798 918 adhibeatur,
813 880 939 924 possitis
956 885 1063 913 tamen
1075 880 1113 913 ad
1131 880 1201 913 lihi-

444 943 511 969 tum
524 942 664 970 vestrum
678 935 817 979 privatos
828 934 927 967 libros
938 934 969 966 in
991 944 1069 966 usus
1079 938 1200 967 vestros

444 990 650 1024 conscribere
670 989 781 1032 lingua
799 992 902 1021 vestra
922 987 1086 1026 hebraica,
1110 988 1202 1020 dum-

443 1044 540 1077 modo
565 1054 602 1076 ex
622 1042 668 1075 eis
688 1041 881 1075 christianos
900 1051 965 1074 non
992 1041 1199 1081 conveniatis3

443 1097 596 1142 quodque
608 1106 673 1129 non
690 1096 793 1129 solum
805 1105 860 1128 vos
876 1095 907 1127 in
919 1095 1002 1127 alma
1011 1094 1094 1127 Urbe
1108 1105 1200 1138 prae-

443 1151 505 1183 fata
527 1154 774 1188 commorantes,
796 1149 849 1181 sed
862 1147 956 1181 etiam
973 1153 1097 1181 ceteros
1114 1153 1201 1181 extra

443 1203 531 1237 illam
552 1204 585 1236 in
606 1202 676 1235 aliis
701 1201 866 1245 quibusvis
886 1200 965 1234 locis
995 1211 1118 1233 moram
1139 1206 1201 1234 tra-

443 1258 573 1296 hentes‚
606 1256 661 1300 qui
682 1255 715 1288 in
740 1255 851 1288 eadem
878 1254 1011 1297 negocia
1036 1259 1089 1287 aut
1111 1265 1200 1288 com-

444 1310 564 1344 mercia
575 1309 683 1353 aliqua
695 1308 880 1347 habuerint,
892 1318 950 1351 pro
961 1307 1091 1340 illorum
1104 1309 1200 1341 modo

444 1371 475 1397 et
494 1363 660 1407 qualitate,
683 1366 855 1395 teneantur
881 1366 912 1394 et
934 1361 1064 1403 obligati
1086 1361 1149 1394 sint
1168 1361 1199 1394 in

444 1416 604 1450 solutione
616 1414 871 1459 compositionis,
881 1425 999 1458 pervos
1008 1425 1114 1459 nuper
1125 1426 1198 1448 cum

443 1469 576 1503 Camera
591 1468 774 1512 Apostolica
785 1468 888 1507 factae,
901 1467 1037 1512 aliisque
1049 1468 1200 1502 omnibus

443 1522 597 1556 oneribus
623 1533 680 1566 per
703 1532 758 1555 vos
787 1520 981 1554 sustinendis
1005 1526 1036 1554 et
1062 1521 1197 1562 fiendis,

442 1575 530 1610 iuxta
549 1581 651 1609 ratam
662 1575 707 1608 eis
716 1585 774 1619 per
786 1579 942 1607 taxatores
953 1574 1196 1618 imponendam,

443 1640 640 1663 concurrere
660 1634 690 1661 et
711 1628 930 1667 contribuere3
952 1638 989 1661 ac
1010 1628 1198 1661 demumin-

442 1688 658 1716 strumentum
672 1681 892 1715 conventionis
913 1692 971 1725 per
990 1691 1044 1714 vos
1056 1692 1130 1715 cum
1142 1682 1198 1716 Ca-

441 1747 532 1770 mera
550 1735 734 1780 Apostoliea
755 1735 817 1768 sive
830 1734 1112 1768 eiustliesaurario
1138 1736 1197 1768 sub

440 1789 492 1823 die
512 1794 621 1823 octava
641 1788 779 1822 ianuarii
800 1787 979 1832 praesentis
1003 1788 1078 1821 anni
1096 1788 1194 1829 initae,

441 1853 515 1877 cum
541 1842 692 1876 omnibus
707 1842 738 1875 in
756 1842 869 1875 eodem
890 1841 1104 1875 instrumento
1117 1853 1195 1876 con-

439 1896 547 1936 tenti&
565 1896 603 1929 de
622 1896 719 1929 verbo
740 1895 779 1928 ad
798 1895 948 1934 verbum,
976 1900 1073 1938 prout
1100 1895 1193 1937 iacet,

439 1950 630 1983 auctoritate
651 1954 681 1982 et
697 1954 807 1982 tenore
824 1948 1019 1992 praemissis,
1033 1950 1194 1993 approba-

439 2014 523 2042 muS,
546 2003 743 2036 ratificamus
763 2007 793 2035 et
813 2002 1056 2043 confirmamus,
1070 2003 1194 2037 omnia-

439 2067 501 2100 que
522 2056 554 2089 in
570 2056 626 2089 illo
648 2067 799 2090 concessa
823 2056 912 2089 vobis
929 2056 1043 2089 damus
1063 2061 1094 2089 et
1115 2068 1193 2090 con-

439 2110 584 2144 cedimus
595 2115 626 2143 et
636 2110 871 2150 condonamus,
891 2120 927 2143 ac
939 2110 1114 2154 praemissa
1126 2122 1189 2144 om-

437 2163 490 2196 nia
501 2168 531 2197 et
543 2163 668 2207 singula
683 2164 715 2197 in
731 2163 954 2208 praesentibus
965 2164 1081 2197 nostris
1092 2164 1193 2199 literis

437 2222 586 2251 contenta
607 2218 832 2251 inviolabiliter
852 2217 1025 2250 observari.

481 2272 496 2315 ἓ
516 2271 570 2304 13.
602 2271 718 2316 Sieque
744 2282 801 2315 per
825 2282 1048 2315 quoscumque
1069 2271 1192 2305 iudices

437 2331 467 2359 et
477 2325 724 2366 commissarios,
737 2325 847 2369 quavis
856 2324 1046 2358 auctoritate
1058 2325 1192 2368 fungen-

438 2386 494 2419 tes,
506 2379 600 2412 etiam
613 2378 723 2411 Palatii
735 2378 909 2422 Apostoliei
925 2378 1099 2419 auditores,
1114 2379 1190 2412 sub-

437 2434 499 2466 lata
519 2432 564 2465 eis
579 2437 609 2465 et
629 2443 741 2465 eorum
759 2432 891 2466 cuilibet
910 2432 1020 2476 quavis
1036 2432 1189 2465 aliteriu-

436 2482 563 2515 dicandi
588 2487 618 2514 et
648 2481 879 2524 interpretandi
906 2481 1074 2521 facultate,
1104 2481 1187 2514 iudi-

437 2530 502 2564 cari
519 2535 549 2563 et
568 2529 694 2563 definiri
715 2529 844 2569 debere,
865 2540 902 2563 ac
918 2529 1074 2572 quidquid
1096 2541 1189 2563 secus

435 2591 453 2614 a
463 2590 639 2624 quoquam,
652 2579 762 2623 quavis
773 2579 974 2620 auctoritate,
993 2579 1130 2613 scienter
1140 2581 1188 2613 vel

435 2628 633 2671 ignoranter,
656 2629 803 2661 attentari
825 2629 1004 2673 contigerit,
1022 2629 1148 2663 irritum
1158 2637 1188 2663 et

436 2675 531 2711 inane
551 2676 765 2711 decernimus.

1042 292 1222 317 BULLARIUM
1246 292 1397 317 ROMANUM

1287 346 1302 389 g
1325 345 1379 378 14.
1411 345 1570 385 Quocirca
1599 345 1721 378 dilectis
1741 345 1815 378 filiis
1834 350 1944 379 nostro
1964 351 1995 379 et

2011 293 2060 319 An.
2078 291 2108 319 G.
2127 292 2192 320 ¹562

2055 353 2192 377 Executorum

2009 386 2070 406 istius
2090 387 2194 408 constitu-

1242 400 1404 432 Romanae
1424 399 1585 432 Ecclesiae
1614 400 1792 433 camerario
1806 427 1813 439 ,
1844 406 1875 432 et
1899 399 1993 433 etiam
2009 417 2073 437 „ouis
2087 417 2193 444 domm„

1242 458 1351 485 nostro
1381 452 1413 485 in
1433 453 1516 485 alma
1538 453 1621 485 Urbe
1643 453 1775 497 eiusque
1795 453 1941 487 districtu
1962 454 1995 487 in

1243 505 1466 549 spiritualibus
1489 505 1608 539 vicario
1634 512 1666 539 et
1688 506 1802 540 Curiae
1824 518 1996 540 causarum

2010 450 2031 467 et.
2046 447 2164 470 facultates.

1242 559 1393 592 Gamerae
1409 559 1552 602 Apostol.
1571 559 1709 592 auditori
1729 561 1882 603 generali,
1907 566 1997 594 motu
2032 574 2034 576 ·

1243 612 1351 649 simili,
1366 623 1424 656 per
1435 618 1620 656 praesentes
1634 613 1824 646 mandamus
1839 619 1999 657 quatenus

1243 665 1302 709 ipsi
1338 666 1386 698 vel
1407 666 1471 698 duo
1492 671 1548 699 aut
1567 677 1652 699 unus
1671 677 1797 707 eorum,
1820 678 1878 710 per
1898 678 1931 701 se
1950 668 1998 701 vel

1242 719 1341 751 alium
1363 730 1418 752 seu
1439 719 1529 759 alios,
1550 724 1734 763 praesentes
1749 720 1858 753 literas
1868 721 1942 754 etin
1954 721 2000 755 eis

1243 777 1393 805 contenta
1414 783 1652 817 quaecumque,
1670 773 1726 806 ubi
1736 779 1766 807 et
1777 774 1906 817 quando
1918 785 2000 819 opus

1243 825 1350 865 suerit,
1373 837 1410 859 ac
1430 825 1556 869 quoties
1577 837 1636 870 pro
1652 831 1741 871 parte
1762 832 1863 860 vestra
1880 828 2000 862 fuerint

1243 879 1402 922 requisiti,
1422 879 1609 913 solemniter
1619 880 1833 924 publicantes,
1844 881 1999 927 vobisque

1243 933 1274 965 in
1286 933 1471 976 praemissis
1482 933 1622 966 efficacis
1633 933 1827 967 defensionis
1838 935 1998 978 praesidio

1243 986 1434 1026 assistentes,
1462 986 1579 1020 saciant
1599 986 1788 1020 auctoritate
1816 993 1925 1021 nostra
1944 999 1999 1023 vos

1243 1040 1468 1081 concessione,
1491 1040 1635 1081 indulto,
1658 1040 1837 1082 voluntate,
1860 1043 1998 1086 permis-

1244 1093 1346 1135 sione,
1368 1093 1571 1133 liberatione,
1594 1093 1810 1136 absolutione,
1833 1095 1996 1138 mandato,

1244 1146 1500 1187 confirmatione,
1508 1146 1754 1191 approbatione,
1763 1147 1903 1189 decreto,
1915 1149 2000 1183 aliis-

1243 1210 1306 1242 que
1323 1200 1509 1244 praemissis
1520 1205 1550 1233 et
1565 1200 1788 1244 praesentibus
1802 1201 1904 1235 literis
1914 1202 2000 1246 paci-

1243 1253 1303 1286 fice
1324 1252 1387 1285 frui
1402 1257 1433 1286 et
1451 1253 1604 1296 gaudere,
1626 1264 1691 1286 non
1704 1254 1924 1297 permittentes
1933 1266 1997 1298 vos,

1243 1310 1298 1338 aut
1322 1306 1463 1350 aliquem
1488 1312 1629 1340 vestrum
1649 1307 1789 1352 desuper
1813 1319 1872 1352 per
1900 1320 1998 1352 quos-

1243 1370 1395 1403 cumque,
1409 1360 1520 1404 quavis
1527 1360 1718 1393 auctoritate
1730 1361 1910 1404 fungentes,
1919 1373 2000 1406 quo-

1243 1412 1418 1445 modolibet
1430 1412 1570 1446 indebite
1590 1413 1765 1454 molestari3
1785 1415 2000 1450 contradicto-

1242 1476 1293 1499 res
1313 1466 1474 1509 quoslibet
1503 1478 1539 1500 ac
1559 1466 1781 1500 inobedientes
1805 1472 1838 1501 et
1861 1469 1999 1503 rebelles

1242 1530 1299 1563 per
1315 1530 1469 1553 censuras
1485 1526 1516 1553 et
1528 1531 1648 1563 poenas
1659 1520 1904 1564 ecclesiasticas,
1918 1522 1997 1556 alia-

1240 1583 1303 1616 que
1326 1578 1510 1616 opportuna
1530 1572 1610 1606 iuris
1630 1578 1661 1606 et
1676 1573 1749 1606 sacti
1767 1574 1921 1616 remedia,
1943 1586 1998 1620 ap-

1242 1619 1413 1670 pellatione
1430 1626 1619 1671 postposita,
1638 1628 1887 1672 compescendo,
1910 1628 1998 1664 invo-

1240 1684 1312 1712 cato
1336 1680 1432 1713 etiam
1453 1681 1492 1713 ad
1513 1681 1588 1721 hoc,
1602 1680 1626 1713 si
1648 1691 1730 1724 opus
1749 1682 1859 1724 suerit,
1878 1683 1996 1718 auxilio

1239 1733 1364 1767 brachii
1386 1733 1570 1767 saecularis.

1283 1786 1298 1829 ἓ
1318 1786 1372 1820 15.
1393 1786 1456 1819 Nos
1477 1786 1676 1820 obstantibus
1701 1789 1876 1832 supradicti
1904 1790 1994 1824 Pauli

1238 1840 1495 1884 praedecessoris
1532 1845 1563 1873 et
1588 1840 1752 1884 quibusvis
1785 1842 1856 1876 aliis
1879 1843 1993 1886 literis,

1238 1895 1500 1928 concessionibus
1529 1899 1560 1927 et
1584 1894 1840 1930 ordinationibus
1865 1903 1994 1941 aposto-

1237 1947 1318 1989 licis,
1342 1949 1436 1982 etiam
1463 1960 1521 1993 per
1540 1959 1598 1981 nos
1614 1953 1726 1981 contra
1743 1951 1919 1994 praemissa
1938 1963 1995 1987 seu

1236 2002 1367 2046 aliquod
1388 2003 1640 2047 praemissorum
1656 2002 1760 2044 editis,
1774 2015 1902 2039 necnon
1917 2017 1994 2051 pro·

1236 2055 1445 2097 rincialibus,
1468 2057 1563 2090 etiam
1592 2067 1650 2101 per
1679 2057 1767 2091 Sedis
1791 2058 1994 2102 Apostolicae

1236 2120 1295 2154 pro
1315 2116 1462 2156 tempore
1482 2111 1521 2144 de
1544 2111 1644 2144 latere
1664 2112 1797 2154 legatos,
1820 2112 1915 2147 etiam
1938 2125 1992 2149 su—

1236 2174 1294 2206 per
1317 2165 1572 2209 praescriptione
1602 2175 1654 2198 sex
1679 2175 1839 2203 annorum
1864 2167 1928 2202 sive
1948 2169 1992 2202 al·

1234 2218 1333 2251 terius
1354 2219 1519 2258 brevioris,
1537 2229 1619 2262 quae
1635 2229 1653 2251 a
1672 2218 1742 2252 iure
1763 2221 1929 2255 communi
1945 2222 1992 2255 in-

1234 2270 1317 2305 dicta
1329 2272 1379 2313 sit,
1392 2272 1546 2316 temporis
1564 2277 1677 2305 contra
1696 2273 1853 2307 hebraeos
1872 2275 1990 2318 praefi-

1234 2325 1311 2367 nita,
1329 2326 1476 2360 similiter
1487 2325 1589 2366 editis,
1611 2326 1706 2359 etiam
1719 2326 1813 2360 Urbis
1828 2329 1990 2371 praefatae

1233 2381 1357 2414 statutis
1385 2387 1416 2414 et
1451 2379 1740 2414 consuetudinibus
1753 2406 1760 2420 ,
1800 2380 1895 2414 etiam
1932 2394 1991 2427 per

1232 2433 1346 2467 Sedem
1372 2434 1586 2478 Apostolicam
1613 2434 1797 2478 approbatis
1817 2440 1848 2467 et
1868 2437 1988 2470 contir-

1232 2483 1335 2523 matis,
1360 2483 1531 2527 privilegiis
1543 2493 1685 2527 quoque,
1698 2482 1829 2517 indultis
1847 2485 1988 2520 etliteris

1231 2532 1414 2575 apostolicis
1448 2532 1550 2566 dictae
1579 2533 1681 2565 almae
1715 2532 1790 2565 Urbi
1831 2543 1887 2566 seu
1919 2534 1988 2569 eius

1232 2581 1352 2624 populo
1373 2592 1410 2614 ac
1426 2580 1590 2625 quibusvis
1605 2580 1686 2621 aliis,
1700 2581 1759 2614 sub
1774 2581 1986 2625 quibuscum-

1231 2640 1294 2673 que
1320 2630 1493 2663 verborum
1521 2629 1632 2663 formis
1652 2634 1683 2662 et
1709 2630 1873 2673 clausulis,
1891 2631 1986 2666 etiam

1232 2678 1509 2723 derogatoriarum
1525 2678 1746 2724 derogatoriis,
1768 2679 1903 2725 aliisque
1919 2681 1986 2716 for-

2034 1807 2144 1831 clausula·
2160 1810 2194 1831 dn-

2008 1840 2136 1866 rogatoriao.
