2237 3100
21 282 69 309 An.
86 281 114 308 C.
135 281 201 308 ¹562

70 660 201 681 Notariorum

18 693 91 714 euriae
106 697 200 713 intincto.

15 1186 106 1225 Eiusque
126 1201 199 1218 eusto-

17 1231 62 1250 dum
78 1229 184 1250 «leetioue
195 1245 200 1251 ,

30 1516 123 1538 ludicum
133 1517 201 1538 dictae

19 1548 93 1569 euriae
101 1552 121 1569 et
133 1548 201 1574 Burgi,

18 1579 88 1601 Turris
108 1580 179 1600 Nonae
197 1596 201 1604 ,

18 1610 82 1637 Ripae
98 1614 119 1632 et
130 1611 203 1638 Ripct-

20 1645 54 1663 tae
70 1644 187 1670 syndicum,

46 1837 118 1858 Cnmer
135 1839 158 1859 rii
174 1839 206 1860 tu-

20 1875 59 1896 pao
88 1870 156 1890 orario
180 1871 204 1891 nd

20 1906 57 1921 nex
72 1906 164 1928 menses,

45 2002 124 2024 Iudicis
145 2003 205 2030 Burgi

21 2036 177 2062 iurisdictione,

896 280 962 303 Ptt's
983 280 1012 302 tv
1034 280 1079 302 ΡΡ.

217 332 453 376 cuiuscumque
471 331 632 376 praetensi
652 331 768 364 indulti
790 331 847 363 sibi
864 332 971 364 aSede

218 386 400 430 Apostolica
421 386 576 423 concessi,
600 391 652 418 aut
683 391 869 429 praetensae
894 396 970 417 con-

217 439 408 478 suetudinis,
431 439 517 482 quod
539 445 567 472 et
584 450 680 481 quam
712 450 769 482 per
790 444 972 481 praesentes

219 503 407 526 revocamus
427 493 701 537 etimprobamus,
724 492 891 536 percipere
913 503 969 524 auu

218 546 300 579 (leat.

262 600 277 643 ξ
297 599 350 632 ⁶21.
369 598 539 642 Liceatque
560 599 663 632 cidem
686 599 875 631 marescallo
891 598 973 630 duos

219 652 506 685 tantumnotarios
536 652 696 684 actuarios
721 652 752 683 in
787 651 855 684 eius
883 651 970 683 curia

217 706 336 739 habere
354 733 361 746 ,
398 716 458 738 nec
478 705 591 748 quovis
611 710 776 748 praetextu
798 714 970 737 nnmerum

217 759 419 792 notariorum
436 758 622 791 huiusmodi
632 769 751 801 augere
764 757 872 801 possit.
892 758 972 801 Sup-

217 813 386 856 primendo
407 823 443 845 ex
465 823 565 847 nunc,
588 817 682 856 prout
710 811 945 855 supprimimus
963 838 970 850 ,

217 866 325 899 omnia
345 865 448 899 dictae
482 865 596 898 Curiae
625 865 804 897 notariatus
837 864 943 896 ot'ticia
963 891 970 903 ,

215 921 473 953 duobustantum
485 919 625 963 exceptis
633 919 670 951 ad
682 918 782 962 ipsius
791 918 971 951 marescalli

216 973 419 1007 electionem.
448 974 491 1006 lta
513 978 621 1005 tamen
643 972 729 1015 quod
750 972 824 1004 dicti
846 971 910 1004 duo
923 982 972 1004 ce-

216 1027 292 1061 teris
325 1027 364 1060 de
385 1026 488 1071 pretio
515 1026 699 1059 officiorum
721 1035 855 1057 suorum
881 1025 972 1057 satis-

215 1081 320 1114 facere
340 1085 524 1114 teneantur.

258 1135 273 1178 g
293 1134 345 1167 ⁰22.
369 1134 447 1167 Item
482 1133 691 1166 marescallus
716 1131 860 1165 officium
883 1142 973 1164 com-

216 1187 440 1221 mentariensis
450 1186 648 1230 eteapitanei
665 1185 774 1218 curiae
796 1195 871 1217 suae
884 1185 974 1217 nullo

216 1242 310 1275 modo
331 1241 493 1281 arrendet,
517 1240 572 1273 sed
592 1250 650 1283 per
670 1239 781 1272 fideles
797 1244 824 1271 et
842 1238 975 1271 idoneos

216 1295 366 1329 custodes
387 1300 417 1327 et
437 1299 626 1328 executores
642 1292 694 1325 illa
712 1291 854 1325 exerceri
866 1291 972 1331 faciat,

217 1349 294 1393 ipsis
310 1348 401 1392 prius
421 1358 588 1381 carcerum
612 1346 802 1380 custodibus
819 1357 835 1378 a
856 1345 973 1388 guber-

218 1407 329 1435 natore
348 1402 443 1435 Urbis
463 1401 661 1446 approbatis.

261 1456 276 1499 ἓ
296 1455 349 1489 ⁶23.
372 1456 498 1488 Iudices
532 1454 627 1497 Burgi
660 1459 688 1487 et
711 1454 748 1486 dc
770 1453 904 1487 Sabellis
938 1465 975 1487 ac

217 1509 329 1543 Turris
361 1509 470 1542 Nonae
492 1519 601 1542 coram
621 1507 839 1551 gubernatore
867 1513 897 1540 et
917 1519 974 1540 au-

217 1564 321 1597 ditore
341 1563 505 1603 Gamerae,
528 1562 559 1595 in
572 1561 636 1594 fine
648 1560 821 1594 cuiuslibet
840 1561 928 1600 anni;
946 1565 975 1594 et

217 1618 363 1661 Ripettae
397 1628 433 1650 ae
454 1617 564 1660 Ripae,
594 1616 627 1648 in
648 1616 712 1648 fine
744 1615 843 1648 officii
865 1626 975 1648 coram

218 1671 337 1704 clerico
364 1670 517 1704 Gamerae
551 1669 696 1702 eiusdem
725 1669 825 1712 Ripae
853 1669 975 1712 praesi-

218 1725 313 1758 dente
333 1723 512 1769 syndicatui
532 1729 615 1757 stare
636 1727 818 1756 teneantur.

263 1779 278 1822 ξ,
297 1778 350 1811 24.
373 1777 437 1810 Nec
457 1777 542 1810 idem
564 1775 763 1810 camerarius
782 1775 881 1820 Ripae
894 1776 977 1808 ultra

220 1842 273 1865 sex
293 1842 420 1865 menses
440 1831 472 1863 in
493 1830 562 1863 eius
585 1830 691 1864 officio
707 1840 899 1874 permanere
919 1840 976 1862 nec

221 1886 409 1919 confirmari
429 1885 542 1918 valeat.

266 1940 345 1984 525.
360 1940 481 1974 Causae
497 1944 606 1971 tamen
618 1948 745 1977 eorum,
760 1937 859 1980 quiin
871 1937 978 1979 Bnrgo

221 1995 379 2035 habitant,
402 1994 434 2026 in
455 1993 560 2038 prima
575 1991 725 2025 instantia
742 2002 851 2024 coram
873 1991 978 2023 iudice

221 2048 318 2092 Burgi
344 2052 583 2091 cognoscantur
602 2051 633 2079 et
652 2045 870 2078 terminentur
890 2072 896 2085 ‚
929 2055 979 2077 ex—

221 2102 324 2147 ceptis
344 2101 450 2135 causis
474 2100 709 2143 obligationum
744 2098 776 2131 in
798 2100 900 2131 forma
921 2097 978 2130 Ca-

223 2167 342 2195 merae,
365 2165 448 2199 quae
459 2164 569 2187 coram
583 2153 648 2186 suis
658 2152 830 2191 iudicibus,
852 2156 979 2185 etmer—

222 2210 336 2243 cedum
377 2219 414 2241 ac
452 2206 687 2240 miserabilium
736 2215 950 2248 personarum
970 2231 977 2244 ‚

222 2274 318 2308 quae,
346 2263 384 2295 ad
414 2261 598 2295 instantiam
620 2259 839 2297 creditorum,
871 2269 980 2291 coram

223 2317 374 2350 omnibus
394 2314 566 2348 ordinariis
587 2312 748 2346 iudicibus
769 2311 930 2345 introduci
952 2317 979 2344 et

1659 265 1721 298 217

1058 332 1072 374 ς’
1092 330 1146 363 27.
1170 329 1239 362 Non
1262 328 1382 372 possint
1403 328 1440 360 de
1463 328 1574 371 poenis
1595 329 1769 360 statutariis

1015 385 1061 416 rel
1093 395 1150 428 per
1169 394 1281 416 eorum
1300 383 1497 426 proclamata
1515 381 1643 414 inflictis
1660 382 1769 425 aliquo
1787 372 1969 421 i.'1¹.'¹1';ti.]'i.'iiii⁴e‚c¹⁴¹

1015 437 1111 470 modo
1131 437 1265 480 gratiam
1297 436 1400 468 faeere
1423 436 1454 467 in
1480 441 1596 474 totum,
1620 441 1646 467 et
1677 446 1769 478 prac-

1015 490 1123 522 sertim
1145 490 1184 523 de
1205 488 1440 533 corporalibus,
1463 499 1521 520 nec
1538 488 1608 520 illas
1628 499 1772 520 commu-

1015 549 1092 580 tare,
1114 544 1181 576 sine
1212 554 1371 576 consensu
1392 542 1537 586 ipsorum
1559 542 1704 574 omnium
1727 541 1771 573 in-

1015 597 1109 628 simul
1131 602 1394 632 convocatorum,
1417 600 1447 627 ct
1467 606 1504 627 eo
1533 606 1608 627 casu
1630 605 1694 626 non
1721 595 1770 627 ul-

1015 655 1062 681 tra
1083 650 1286 682 medietatem
1309 660 1432 692 pot-nae
1453 648 1636 685 remittere:
1660 659 1717 680 net·
1740 648 1770 680 in

1015 703 1111 735 domo
1132 713 1230 746 super
1250 701 1436 734 huiusmodi
1457 701 1566 744 gratiis
1586 701 1707 744 aliquid
1729 701 1770 732 si-

1015 766 1113 798 gnare
1131 755 1250 798 possint
1271 782 1277 795 ,
1309 755 1363 787 sed
1383 755 1422 787 atl
1441 754 1628 787 earnintlem
1652 765 1771 797 poena-

1016 820 1088 842 rum
1110 809 1330 841 executionem
1350 836 1355 846 ,
1382 813 1551 852 postquam
1574 808 1611 840 (le
1643 808 1771 839 illarum

1016 863 1149 895 incursu
1177 862 1374 899 constiterit,
1406 863 1554 895 celeriter
1582 862 1769 905 procedant.

1016 917 1060 948 Ad
1081 927 1220 959 quarum
1242 916 1336 948 etiam
1358 927 1536 959 poenarum
1554 942 1560 953 ‚
1584 915 1771 959 pnwsertini

1016 970 1245 1013 corporalium,
1268 969 1503 1005 executionem,
1519 969 1548 1001 in
1571 974 1718 1001 eventum
1743 969 1773 1000 in

1016 1035 1112 1067 quem
1133 1034 1197 1056 non
1220 1023 1389 1056 mittantur
1409 1022 1591 1055 executioni
1610 1033 1667 1065 per
1688 1023 1774 1066 ipsos

1017 1083 1259 1110 conservatores
1288 1087 1305 1108 a
1332 1076 1382 1108 die
1404 1075 1499 1108 delati
1522 1075 1667 1108 criminis
1692 1075 1774 1108 intra

1016 1130 1202 1174 ‹prindecim
1233 1130 1323 1167 dies,
1344 1129 1480 1172 quilibet
1500 1129 1581 1161 alius
1607 1128 1700 1161 iudex
1722 1140 1774 1161 or-

1017 1184 1161 1217 dinarius
1177 1184 1352 1227 procedere
1370 1183 1479 1226 possit,
1500 1183 1676 1215 dummffllo
1698 1194 1774 1226 poe-

1017 1249 1073 1270 nas
1090 1238 1294 1281 pecuniarias
1315 1237 1347 1270 in
1360 1237 1509 1269 manibus
1527 1236 1696 1269 camerarii
1718 1247 1775 1280 po-

1017 1291 1085 1335 puli
1106 1302 1122 1323 a
1148 1291 1211 1324 reis
1236 1289 1373 1335 persolvi
1394 1290 1499 1329 saciat,
1523 1300 1581 1322 nec
1603 1290 1688 1332 ipsos
1705 1300 1776 1321 reos

1017 1356 1033 1377 a
1055 1345 1240 1378 carceribus
1262 1345 1328 1378 sine
1340 1345 1501 1377 dictorum
1513 1349 1776 1376 conservatorum

1018 1410 1177 1432 consensu
1200 1399 1329 1431 relaxet.
1354 1398 1392 1430 Et
1412 1409 1485 1431 cmn
1508 1397 1673 1441 potissime
1695 1397 1778 1441 ipso-

1018 1464 1090 1486 rum
1112 1452 1257 1486 officium
1293 1452 1443 1484 consistat
1476 1451 1507 1483 in
1541 1451 1728 1484 coercendis
1749 1456 1775 1483 et

1020 1507 1191 1552 puniendis
1203 1506 1502 1551 pistoribus,laniis,
1513 1505 1775 1545 salsamentariis,

1018 1562 1166 1598 olitoriis.
1190 1560 1373 1594 fructarolis
1391 1565 1421 1592 et
1440 1559 1510 1591 aliis
1535 1559 1723 1599 artificibus,
1745 1565 1779 1592 ut

1018 1615 1100 1648 Urbs
1121 1615 1188 1659 ipsa
1214 1614 1365 1647 omnibus
1385 1613 1423 1645 ad
1448 1613 1568 1645 victum
1590 1613 1778 1645 necessariis

1019 1669 1121 1711 magis
1154 1679 1251 1712 quam
1286 1667 1357 1700 fieri
1386 1666 1483 1709 possit
1505 1666 1658 1704 abundet,
1680 1665 1777 1698 absti-

1020 1727 1113 1755 neant
1140 1723 1179 1755 ab
1200 1721 1288 1754 omni
1309 1732 1426 1764 genere
1449 1720 1605 1759 muneris,
1627 1719 1722 1752 ctiam
1739 1720 1778 1752 ab

1020 1776 1192 1810 esculentis
1204 1781 1231 1808 et
1250 1775 1444 1820 poculentis,
1461 1774 1499 1806 ab
1518 1774 1703 1806 huiusmodi
1716 1774 1777 1807 sci—

1020 1830 1091 1863 licet
1127 1830 1245 1874 speciei
1275 1829 1483 1868 hominibus,
1507 1839 1566 1861 nec
1596 1828 1635 1860 ab
1656 1828 1701 1861 eis
1721 1828 1779 1860 ali-

1020 1884 1098 1927 quid
1137 1884 1196 1916 sub
1217 1883 1329 1926 quovis
1354 1887 1520 1926 praetextu
1547 1881 1718 1925 accipiant.
1756 1882 1777 1914 A

1021 1938 1139 1983 quibus
1159 1937 1254 1970 etiam
1272 1936 1432 1969 abstinere
1450 1936 1564 1968 saciant
1578 1935 1711 1967 omnino
1724 1945 1779 1968 co—

1022 2003 1093 2025 rum
1116 1991 1274 2031 scribam,
1312 1990 1475 2023 notarium
1505 1995 1531 2022 et
1569 1989 1780 2021 secretarium

1022 2056 1058 2078 ac
1089 2045 1199 2078 fideles
1228 2050 1259 2076 et
1279 2044 1358 2076 alios
1388 2054 1501 2076 eorum
1523 2042 1678 2075 officiales
1699 2046 1727 2074 ct
1750 2041 1779 2073 in

1023 2098 1135 2142 primis
1160 2097 1431 2131 extraordinarios
1449 2125 1456 2137 ,
1489 2095 1649 2139 corporali
1678 2105 1782 2138 poena

1023 2163 1077 2185 eos
1098 2151 1279 2185 coercendo
1300 2155 1331 2183 et
1346 2150 1461 2183 deinde
1483 2149 1522 2182 ab
1543 2149 1651 2182 officio
1673 2158 1780 2181 remo-

1022 2206 1138 2239 vendo.

1068 2259 1149 2303 328.
1173 2259 1259 2299 Quos
1286 2256 1557 2291 extraordinarios
1577 2256 1616 2288 ad
1637 2255 1780 2288 officium

1785 274 1834 300 An.
1852 274 1880 299 C.
1902 273 1968 299 mm·

1828 335 1903 354 tlnnw.
1912 338 1970 353 tatu-

1845 2273 1920 2293 {itt-,101
1928 2273 1983 2292 »iina-

1023 2313 1330 2346 extraordinariatus
1349 2309 1536 2344 huiusmodi
1566 2309 1781 2342 exercendum
1798 2312 1883 2355 {42¹³}ssle
1902 2304 1984 2354 ··¹ss's1'sf.¹‚¹-⁵

1024 2367 1211 2400 nullatenus
1231 2365 1411 2404 admittant,
1434 2364 1494 2397 nisi
1524 2368 1653 2406 recepta
1678 2363 1717 2395 ab
1739 2363 1823 2400 eis=le
1840 2370 1859 2387 0¹
1877 2368 1923 2389 tile,

1025 2420 1187 2459 cautione,
1206 2420 1316 2452 saltem
1333 2417 1499 2455 iuratoria,
1518 2417 1577 2449 sub
1590 2426 1693 2459 poena
1706 2415 1783 2459 ipsis

1026 2468 1306 2503 conservatorilms
1325 2467 1486 2506 benevisa,
1509 2466 1547 2498 de
1568 2466 1712 2498 osticium
1738 2465 1784 2507 ip·

1026 2529 1097 2551 sum
1118 2518 1256 2551 fideliter
1282 2516 1461 2550 exercendo
1479 2520 1510 2548 et
1530 2514 1705 2559 praemissa
1731 2514 1784 2546 ob-

1027 2567 1195 2607 servando,
1206 2578 1240 2599 ac
1254 2567 1291 2598 de
1305 2577 1337 2598 se
1349 2566 1435 2609 ipsos
1451 2563 1712 2607 reprtesentando
1726 2574 1784 2605 pro

1027 2616 1114 2649 omni
1136 2626 1174 2648 eo
1195 2643 1200 2656 ‚
1232 2615 1319 2658 quod
1347 2614 1378 2646 in
1400 2613 1552 2646 exercitio
1573 2612 1648 2645 dicti
1670 2622 1783 2645 eorum

1028 2664 1126 2698 officii
1147 2664 1316 2697 admittere
1338 2663 1470 2707 possint.

224 2371 263 2403 ab
283 2370 346 2403 illis
366 2367 532 2403 terminari
554 2366 689 2411 possint.

270 2424 284 2467 ξ
304 2423 357 2456 ⁰26.
394 2422 640 2456 Conservatores
676 2418 768 2452 Urbis
802 2418 833 2450 in
863 2418 981 2461 palatio

65 2478 208 2518 (³¹3¹1-<5rw0-
227 2483 285 2516 pro
306 2472 383 2516 ipsis
403 2471 556 2514 deputato
569 2468 711 2501 residere
724 2472 906 2507 teneantur,
921 2467 982 2500 hoc

24 2508 372 2566 22‘12'15'21'iff,¹.⁵1',sf,i-videlicet
393 2520 510 2558 modo,
544 2517 669 2562 primus
698 2517 843 2560 ipsorum
878 2515 982 2559 primo

26 2572 54 2592 ¹⁴¹⁰
69 2571 175 2597 ⁶³¹Pfl¹⁰¹⁵ss
228 2580 350 2610 mense,
363 2568 526 2602 secundus
537 2566 690 2604 secundo,
703 2570 731 2598 et
744 2564 858 2597 tertius
873 2564 980 2604 tertio,

228 2619 270 2652 ita
289 2618 377 2662 quod
397 2627 482 2650 unus
507 2616 652 2660 ipsorum
682 2614 715 2646 in
748 2613 833 2647 dicto
868 2613 984 2656 palatio

230 2677 359 2711 semper
377 2665 526 2699 resideat.

309 2719 384 2750 Ball.
406 2719 484 2749 Rom.
511 2717 566 2748 Vol.
593 2717 651 2747 VII.
806 2715 844 2745 28
