2237 3100
235 275 284 301 An.
303 274 333 302 C.
352 275 414 303 1561

250 866 338 887 Litteras
367 873 417 892 npu-

235 900 321 919 stolii-us
367 903 418 918 exe-

235 931 320 957 quentt1;

252 1833 373 1854 Sententia>
403 1832 422 1852 iu

240 1865 300 1884 Curia
333 1864 384 1883 tais
413 1870 424 1882 a

240 1896 343 1916 iudicibus
392 1895 423 1914 nic

240 1933 281 1947 non
298 1927 392 1952 exceptis
402 1932 426 1946 e-

240 1959 343 1985 xequendi
356 1960 377 1977 et
389 1964 425 1983 pa*

242 1991 292 2010 riter
312 1995 424 2015 processus

241 2019 325 2040 coenae
358 2018 425 2039 Domi*

242 2056 262 2075 ui
279 2058 332 2080 etc.;

477 264 540 299 «13⁶2

433 334 460 362 et
484 339 581 371 snper
600 327 675 367 illis,
697 331 761 359 tarn
782 324 932 369 perviam
953 322 1181 367 inquisitionis,

433 393 529 426 quam
551 379 765 414 accusationis
799 388 854 410 sen
875 375 1134 410 denunciationis
1155 380 1184 407 et

433 434 644 477 instigationis
661 431 845 466 huiusmodi
862 431 1049 474 procedere.
1069 435 1095 462 et
1120 429 1184 461 cul-

434 489 556 532 pabiles
573 492 717 531 repertos
738 486 820 517 iuxta
844 494 976 516 suorum
994 492 1182 516 excessuum

433 542 621 584 exigentiam
631 547 658 573 et
672 538 855 583 qualitatem
870 536 995 580 punire,
1009 536 1185 569 dummodo

434 595 605 628 monitoria
623 598 733 626 contra
752 591 920 634 episcopos
939 590 987 622 vel
1008 601 1120 623 eorum
1134 601 1185 622 su—

434 649 578 692 periores
607 647 644 679 ad
671 644 924 688 comparendum
959 643 1182 687 personaliter,

434 702 490 734 nisi
513 701 639 745 praevia
660 697 885 731 commissione
902 707 1007 729 manu
1022 702 1129 730 nostra
1147 696 1185 729 si-

432 760 538 797 gnata,
561 765 625 786 non
646 753 811 785 decernas.

476 809 490 850 ξ
510 808 562 840 12.
586 808 716 840 Necnon
737 815 959 848 quascumque
980 804 1087 837 literas
1106 815 1184 849 apo-

433 861 571 900 stolicas,
595 861 760 902 generales
793 864 848 891 aut
867 858 1094 902 particulares,
1122 864 1184 891 tam

432 915 491 948 sub
504 915 648 958 plumbo,
669 913 762 946 ctiam
776 923 833 956 per
849 911 993 944 osticium
1005 911 1185 945 audientiae

433 969 598 1001 literarum
609 972 792 1000 nostrarum
808 964 1080 998 contradictarum
1090 977 1185 1010 expc-

433 1022 530 1062 ditas,
558 1032 654 1066 quam
682 1021 712 1053 in
743 1021 845 1052 forma
865 1018 968 1051 brevis
997 1024 1024 1051 et
1047 1030 1185 1063 quarum

432 1077 532 1108 solam
544 1075 740 1117 signaturam
752 1072 900 1107 sufficere
916 1083 1106 1105 concessum
1118 1074 1185 1106 fue-

433 1129 484 1168 rit,
508 1129 759 1173 supplicationes
772 1137 830 1171 per
841 1137 899 1159 nos
911 1131 941 1159 et
962 1137 1020 1169 pro
1041 1131 1186 1170 tempore

434 1182 602 1216 existentes
620 1183 781 1215 Romanos
797 1180 967 1213 Pontifices
986 1185 1041 1212 aut
1061 1180 1093 1212 in
1119 1180 1187 1212 eius

435 1247 490 1269 seu
513 1236 612 1269 nostri
630 1235 808 1280 praesentia
829 1234 979 1277 signatas,
1001 1244 1127 1266 necnon
1149 1234 1186 1266 li-

435 1296 518 1323 teras
543 1301 601 1334 pro
630 1296 773 1332 tempore¹
794 1288 997 1321 existentium
1019 1287 1187 1320 camerarii

436 1349 463 1376 et
485 1343 721 1387 poenitentiarii
735 1342 865 1375 maioris
884 1346 1083 1381 nostrornm,
1097 1342 1189 1374 dum-

436 1397 530 1430 modo
550 1397 579 1429 in
602 1397 663 1429 illis
683 1402 713 1429 et
734 1396 832 1428 literis
856 1395 1040 1439 apostolicis
1060 1394 1187 1439 praedi-

436 1451 493 1484 ctis
513 1451 566 1483 alii
591 1456 779 1483 executores
799 1448 942 1492 deputati
967 1459 1031 1481 non
1056 1449 1186 1488 suerint,

437 1505 535 1544 solus,
554 1504 585 1536 in
606 1504 724 1548 quibus
744 1514 818 1535 rero
839 1507 1027 1535 executores
1047 1503 1188 1546 deputati

437 1563 549 1597 erunt,
576 1556 807 1590 accumulatire
833 1566 906 1589 cum
935 1555 996 1588 illis
1022 1555 1135 1599 exequi
1161 1560 1190 1589 et

438 1622 535 1655 super
546 1611 607 1644 illis
616 1621 787 1656 processus
797 1609 960 1643 debitosin
973 1610 1075 1642 forma
1087 1609 1188 1649 solita,

438 1665 531 1698 etiam
553 1676 627 1698 cum
649 1664 905 1708 promulgatione
927 1673 1137 1696 censurarum
1158 1663 1190 1695 in

438 1719 596 1752 similibus
605 1717 804 1763 promulgari
816 1718 993 1756 solitarum,
1002 1717 1187 1750 decernere.

483 1773 497 1815 ξ
522 1772 574 1805 13.
599 1774 640 1805 Ac
663 1779 791 1805 tuarum
813 1776 841 1803 et
863 1781 921 1815 per
945 1776 1016 1803 tuos
1036 1771 1191 1803 locumte-

440 1831 551 1859 nentes
581 1838 635 1859 seu
657 1826 785 1870 quosvis
805 1825 895 1864 alios,
919 1830 981 1857 tam
1003 1824 1191 1857 ecclesiasti-

442 1890 495 1912 cos
515 1891 611 1923 quam
629 1880 809 1913 saeculares
829 1878 962 1915 iudiceS,
981 1884 1008 1911 et
1028 1885 1091 1910 tam
1108 1879 1191 1911 delc-

441 1940 530 1976 gatos
551 1945 647 1977 quam
676 1933 916 1975 subdelegatos,
944 1938 974 1964 et
999 1932 1093 1965 etiam
1115 1943 1191 1964 cau-

442 1998 549 2020 sarum
566 1987 641 2020 dicti
659 1987 768 2019 Palatii
785 1986 960 2030 Apostolici
972 1985 1134 2018 auditores
1145 1986 1191 2018 vel

443 2052 501 2074 nos
516 2047 569 2074 aut
586 2041 747 2074 Romanos
768 2040 938 2073 Pontifices
959 2050 1017 2084 pro
1047 2044 1192 2082 tempore

442 2095 621 2133 existentes,
646 2101 707 2127 tam
721 2094 752 2127 in
773 2094 987 2139 speciequam
1010 2093 1040 2125 in
1061 2103 1189 2135 genere,

442 2160 478 2182 ac
496 2149 574 2181 alios
595 2149 835 2192 quomodolibet
849 2148 879 2180 in
892 2147 1003 2180 eadem
1023 2145 1118 2179 Curia
1134 2157 1192 2190 pro

442 2209 586 2246 tempore
618 2203 755 2235 latarum
786 2201 1035 2241 sententiarum,
1066 2210 1192 2233 necnon

443 2267 726 2301 quommcumque
755 2266 966 2300 processuum
995 2253 1192 2297 generalium

444 2315 474 2342 et
494 2310 693 2353 specialium,
709 2316 772 2343 tam
794 2310 824 2342 in
842 2309 891 2342 dic
912 2309 1037 2342 Coenae
1053 2307 1191 2347 Domini,

444 2374 540 2407 quam
552 2364 639 2403 alias,
652 2376 725 2397 cum
743 2374 953 2397 censurarum
971 2368 1000 2395 et
1017 2372 1194 2406 poenarum

445 2417 734 2450 ecclesiasticarum
752 2409 987 2456 fulminatione,
1007 2415 1195 2448 fierisolito-

447 2477 517 2498 rum
538 2467 752 2507 executiones,
772 2478 861 2510 quas,
882 2465 975 2499 etiam
1001 2465 1025 2497 si
1046 2463 1197 2507 delegatis

446 2520 500 2546 aut
525 2516 737 2557 subdelegatis
762 2514 931 2559 praedictis
956 2515 1004 2547 vel
1033 2512 1197 2557 quibusvis

446 2563 527 2604 aliis,
550 2564 644 2596 etiam
666 2564 858 2608 specialiter,
883 2574 940 2607 per
960 2573 1017 2596 nos
1038 2568 1068 2595 et
1083 2561 1197 2595 Sedent

448 2612 643 2656 praedictam
664 2612 854 2645 commissae
874 2612 1006 2653 fuerint,
1030 2610 1085 2643 tibi
1105 2610 1197 2643 audi-

448 2661 520 2702 tori,
547 2661 777 2695 accumulative
798 2666 827 2695 et
847 2671 911 2694 non
921 2660 1084 2706 privative,
1113 2670 1198 2693 com-

1026 266 1205 294 BL'LLARIUM
1231 263 1379 288 ROMANUM

1226 318 1337 351 missas
1357 326 1423 348 esse
1443 314 1592 347 volumus
1616 317 1646 345 et
1670 309 1885 348 decernimus,
1908 317 1974 340 ser-

1225 370 1301 404 vatis
1317 368 1463 401 terminis
1478 367 1509 399 in
1530 364 1682 399 tribunali
1702 361 1976 397 auditorishuius-

1227 423 1312 457 modi
1334 421 1451 455 servari
1469 420 1581 460 solitis,
1604 424 1632 452 et
1648 417 1742 451 etiam
1759 415 1892 460 singulis
1909 414 1975 447 die-

1226 478 1286 510 bus
1306 482 1335 509 et
1356 475 1460 515 horis,
1483 479 1580 518 prout
1600 472 1631 505 in
1649 471 1819 505 ordinariis
1839 479 1975 503 consue-

1227 538 1294 564 tum
1316 535 1383 563 erat
1409 530 1530 569 facere,
1552 527 1686 569 illasque
1707 531 1737 558 et
1760 525 1832 558 illos
1853 523 1976 556 debitae

1227 583 1420 623 executioni,
1438 581 1545 621 etiam,
1568 580 1593 613 si
1615 591 1695 624 opus
1706 579 1814 619 fuerit,
1832 588 1906 612 cum
1922 587 1978 608 au-

1227 638 1291 670 xilii
1300 636 1424 670 brachii
1437 633 1609 669 saecularis
1628 632 1838 673 invocatione,
1848 632 1979 665 deman-

1227 692 1314 725 dare.

1272 746 1285 788 ᾖ
1312 744 1364 777 14.
1399 743 1437 776 Et
1461 752 1683 785 quascumque
1710 739 1977 778 communitates,

1228 798 1461 837 universitates,
1481 795 1613 838 collegia
1630 800 1660 828 et
1680 795 1830 839 capitula,
1852 801 1978 826 necnon

1227 852 1322 885 etiam
1344 856 1431 884 extra
1451 850 1568 883 dictam
1579 848 1707 882 Curiam
1735 849 1886 891 degentes
1906 856 1979 890 per-

1228 917 1332 945 sonas,
1351 916 1409 948 pro
1430 903 1543 937 debitis
1559 913 1616 947 per
1632 913 1686 935 eos
1706 902 1739 935 in
1758 902 1869 935 eadem
1886 899 1980 934 Curia

1228 959 1419 998 contractis,
1446 963 1501 990 aut
1534 956 1650 990 salario
1675 966 1731 989 seu
1756 960 1921 989 contractu
1948 954 1980 986 in

1227 1013 1309 1045 dicta
1330 1012 1426 1046 Curia
1446 1012 1536 1044 inito.

1272 1066 1286 1109 ξ
1310 1066 1363 1099 15.
1405 1065 1561 1108 Degentes
1585 1074 1659 1097 vero
1684 1063 1717 1096 in
1742 1064 1854 1097 eadem
1879 1062 1974 1096 Curia

1228 1130 1283 1152 seu
1308 1119 1446 1152 curiales
1466 1117 1710 1158 ecclesiasticos,
1734 1117 1915 1150 saeculares
1933 1115 1981 1149 vel

1229 1173 1404 1215 regulares,
1416 1172 1511 1205 etiam
1528 1172 1642 1215 abipsa
1652 1170 1747 1204 Curia
1758 1171 1916 1210 absentes,
1931 1180 1984 1203 cu-

1229 1226 1421 1269 iuscumque
1439 1231 1550 1265 status,
1566 1225 1695 1268 gradus,
1714 1224 1874 1265 ordinisA,
1888 1223 1982 1257 etiam

1229 1279 1436 1324 pontificalis,
1455 1278 1648 1312 conditionis
1658 1278 1706 1311 vel
1723 1277 1983 1322 praeeminentiae

1230 1332 1417 1373 existentes,
1444 1343 1502 1376 pro
1527 1331 1692 1375 quibusvis
1716 1331 1814 1364 rebus
1834 1337 1864 1364 et
1884 1342 1983 1375 pecu-

1230 1386 1357 1419 niarum
1379 1385 1524 1426 summi&
1543 1386 1582 1418 ad
1598 1383 1794 1428 quorumvis,
1816 1384 1910 1417 etiam
1926 1384 1983 1417 ab·

1231 1439 1386 1479 sentium,
1412 1450 1553 1483 quorum
1574 1449 1633 1483 pro
1656 1444 1800 1482 tempore
1825 1437 1980 1477 intererit,

1230 1493 1425 1534 instantiam,
1453 1493 1579 1536 quoties
1594 1491 1780 1536 expedierit,
1807 1492 1902 1525 etiam
1928 1502 1985 1535 per

1231 1547 1370 1579 edictum
1394 1546 1573 1590 publicum,
1594 1545 1731 1578 constito
1756 1544 1930 1578 summarie
1955 1549 1985 1578 et

1231 1599 1559 1633 extr-aiudiciatiterde
1567 1609 1631 1632 non
1642 1604 1712 1632 tuto
1722 1599 1761 1631 ad
1777 1609 1831 1632 eos
1838 1609 1981 1638 accessu,

1231 1653 1269 1686 ad
1279 1653 1538 1686 satisfaciendum
1549 1653 1587 1685 de
1599 1663 1712 1685 eorum
1725 1652 1839 1686 debitis
1850 1658 1881 1686 et
1892 1663 1983 1697 prae-

1232 1707 1380 1739 standum
1406 1718 1442 1739 ea
1466 1706 1505 1739 ad
1529 1717 1611 1749 quae
1638 1716 1696 1750 pro
1725 1710 1871 1750 tempore
1895 1711 1984 1740 tene-

1232 1760 1366 1799 buntur,
1390 1771 1522 1793 monere
1539 1765 1567 1792 et
1585 1759 1694 1792 citare.

1277 1815 1292 1857 ξ
1316 1814 1368 1846 16,
1396 1814 1439 1846 Ac
1460 1813 1567 1846 literas
1587 1823 1810 1857 quascumque
1836 1813 1985 1847 remisso-

1233 1867 1328 1900 riales
1348 1873 1375 1899 et
1403 1867 1669 1911 compulsoriales
1690 1872 1719 1900 et
1738 1872 1802 1899 tam
1820 1867 1985 1910 generales

1233 1932 1329 1964 quam
1352 1920 1518 1964 speciales,
1530 1919 1585 1953 ubi
1597 1926 1627 1952 et
1646 1920 1772 1963 quoties
1783 1931 1865 1964 opus
1881 1920 1986 1959 fuerit,

1233 1970 1366 2003 arbitrio
1382 1975 1437 2002 tuo
1459 1970 1646 2002 decernere.

1278 2020 1292 2062 g
1313 2019 1365 2051 17.
1389 2019 1519 2052 Necnon
1540 2018 1649 2057 etiam,
1667 2018 1699 2050 in
1715 2018 1777 2051 vim
1798 2018 1905 2052 bullae
1922 2019 1986 2052 Eu-

1234 2069 1330 2111 genii,
1354 2068 1385 2100 in
1403 2069 1541 2101 savorem
1561 2067 1733 2100 curialium
1755 2073 1934 2108 ernanatae,
1957 2074 1987 2101 et

1235 2118 1393 2151 Leoninae
1431 2128 1557 2151 necnon
1592 2117 1827 2160 cuiuscumque
1856 2117 1987 2152 alterius

1235 2167 1439 2207 extensionis,
1464 2167 1620 2200 inhibere.
1806 2196 1812 2197 .

1279 2217 1293 2260 ξ
1313 2216 1366 2250 18.
1389 2218 1432 2249 Ac
1462 2216 1633 2249 monitoria
1649 2221 1679 2249 et
1698 2216 1864 2250 citationes
1884 2227 1920 2249 ac
1936 2217 1985 2249 in-

1235 2265 1407 2299 hibitiones
1427 2266 1465 2298 ad
1486 2270 1603 2309 parteS,
1622 2265 1716 2298 etiam
1729 2276 1786 2309 per
1801 2264 1903 2298 simile
1918 2265 1985 2299 edi-

1237 2320 1323 2347 ctum
1344 2316 1531 2355 decernere,
1554 2325 1609 2348 eos
1629 2325 1758 2358 quoque
1779 2320 1936 2348 arrestare
1957 2320 1988 2348 et

1237 2365 1451 2398 incarcerare.
1469 2365 1518 2405 Et,
1531 2364 1619 2397 sitibi
1634 2364 1804 2403 videbitur,
1822 2374 1943 2408 poenas
1958 2370 1988 2398 et

1238 2414 1373 2446 mulctas
1393 2413 1551 2446 dimittere
1568 2419 1598 2447 et
1618 2413 1773 2452 relaxare,
1795 2423 1832 2446 ac
1852 2424 1911 2456 pro
1931 2413 1987 2447 de—

1238 2462 1405 2503 lictorum,
1433 2473 1622 2496 excessuum
1643 2467 1673 2495 ct.
1693 2460 1866 2495 criminum
1887 2462 1988 2506 quali-

1239 2517 1299 2544 tate
1325 2511 1369 2543 eis
1393 2511 1485 2553 (citra
1510 2517 1615 2544 tamen
1636 2516 1772 2543 mortem
1797 2515 1828 2543 et
1851 2510 1987 2543 membri

1240 2561 1486 2604 inutilationem)
1506 2572 1565 2604 per
1579 2566 1608 2593 te
1633 2565 1661 2592 et
1682 2565 1754 2592 tuos
1773 2560 1989 2593 locatenentes

1239 2610 1382 2653 infligere
1399 2616 1428 2643 et
1449 2611 1627 2654 imponere.

1278 2666 1285 2689 1
1309 2664 1422 2692 Cherub,
1445 2664 1517 2690 addit
1533 2666 1672 2695 divnitatis
1688 2666 1723 2697 (n.
1743 2664 1782 2696 T.)

1990 264 2038 290 An.
2055 263 2085 291 C.
2105 263 2169 291 1561

2007 759 2086 780 Cau-as
2123 764 2177 779 con<

1994 794 2097 812 tractuum
2112 791 2177 810 inito-

1994 829 2038 843 rum
2046 823 2067 843 in
2076 822 2136 842 Curta
2144 827 2178 842 co-

1995 853 2122 879 gnoscendt,

2004 1079 2157 1107 nationumque
2164 1087 2169 1105 3

2013 1835 2152 1857 ttenntssortas
2163 1840 2184 1857 et

2000 1867 2175 1894 compulsore-tes

2001 1899 2070 1923 datium

2015 2044 2038 2065 tn
2053 2046 2094 2066 vim
2116 2045 2187 2072 Euge-

2002 2077 2078 2098 nianae
2088 2079 2109 2097 et
2129 2075 2186 2098 Leo-

2001 2108 2071 2133 ntnae,
2094 2107 2185 2130 curiates

2001 2141 2088 2166 tuend13

2013 2246 2127 2270 Munitorta
2165 2253 2186 2270 et

2001 2279 2058 2300 cit-t.
2075 2280 2100 2301 ud
2115 2282 2186 2305 parte-

2002 2311 2139 2338 decernendh
