2237 3100
243 284 292 310 An.
309 283 337 310 C.
358 283 420 310 1561

257 2509 334 2529 Causas
350 2507 427 2532 obliga-

245 2542 323 2561 tionum
334 2540 354 2559 in
364 2538 428 2560 forma

244 2571 344 2593 camerae
359 2571 429 2597 priva-

246 2603 287 2623 uve
298 2603 363 2629 quoad
376 2601 429 2623 alios

246 2634 398 2661 cognoscend13

484 272 547 307 130

1035 285 1211 307 BULLARIFM
1236 283 1339 306 ROMAN
1344 284 1384 306 ΗΜ

440 337 477 369 de
499 340 605 369 nostra
618 348 705 370 mera
718 336 904 369 liberalitate
926 343 952 369 et
971 348 1005 369 ex
1027 342 1112 368 certa
1134 347 1189 369 no—
1231 336 1419 378 gnoscendi,
1447 341 1477 369 et
1497 336 1566 368 illas
1599 336 1766 369 decidendi
1797 336 1978 369 facultatem

440 394 502 422 stra
523 390 667 429 scientia,
690 401 725 423 ac
751 390 789 422 de
811 389 1003 433 apostolicae
1026 389 1188 432 potestatis
1231 389 1450 422 concedimus.
1469 389 1512 421 lta
1532 389 1618 433 quod
1640 394 1673 421 tu
1694 388 1725 422 in
1746 389 1850 422 causis
1861 389 1982 433 obliga-

439 443 805 487 plenitudine,officium
822 443 1034 475 auditoriatus
1054 454 1107 475 seu
1133 455 1187 475 au-

438 497 574 530 dientiae
594 497 744 530 Gamerae
766 497 963 533 huiusmodi,
986 496 1047 529 sive
1068 508 1126 540 per
1146 498 1187 530 si-

438 550 545 583 milem
567 550 812 593 resignationem
834 550 986 593 Alplionsi
1007 550 1187 589 cardinalis,

438 615 492 637 seu
509 604 613 637 adhuc
631 615 688 647 per
704 603 825 635 obitum
838 604 998 636 Francisci
1010 605 1187 647 praedicto—

438 668 521 697 rum,
535 658 596 689 sive
607 658 696 695 alias,
715 657 827 700 quovis
843 657 950 697 modo,
969 669 1063 701 quem
1077 658 1187 691 baberi

436 711 582 743 volumus
603 721 660 754 pro
672 721 833 754 expresso,
861 717 960 747 vacet,
988 723 1061 744 cum
1083 713 1187 745 officio

436 764 639 797 correctori-te
656 763 786 797 archivii
806 764 957 797 Romame
978 764 1092 803 Curiae,
1105 766 1188 799 aliis-

435 827 497 860 que
518 817 562 849 illi
583 817 726 854 annexis,
755 828 881 850 necnon
902 818 1052 851 omnibus
1072 824 1102 851 ct
1123 819 1186 852 sin-

434 869 517 912 gulis
537 870 623 903 illius
643 871 833 911 honoribus,
856 871 1040 915 privilegiis,
1064 872 1188 906 iuribus

435 929 463 956 et
489 924 651 966 regalibus
671 925 717 957 vel
739 924 816 957 alias
842 926 1036 969 nuncupatis
1066 927 1189 959 emolu-

435 977 550 1010 mentis
566 978 739 1015 consuetis,
757 989 793 1010 ac
815 978 1019 1011 facultatibus
1036 984 1063 1012 et
1081 979 1187 1013 indul-

434 1030 472 1063 tis
506 1042 542 1063 ac
563 1031 711 1072 decretis,
735 1031 829 1064 etiam
856 1032 887 1064 in
909 1032 1021 1065 ordine
1042 1038 1068 1065 ct
1093 1034 1188 1067 modo

434 1085 629 1127 procedendi
660 1085 689 1117 iu
716 1085 820 1118 causis
840 1085 942 1118 eidem
964 1086 1134 1120 Francisco
1159 1093 1189 1121 et

434 1137 515 1178 aliis,
538 1139 593 1181 qui
614 1149 673 1183 pro
694 1144 839 1183 tempore
861 1139 989 1171 suerunt
1017 1152 1187 1174 causarum

434 1191 547 1224 Curiae
563 1192 768 1235 generalibus
788 1192 1000 1233 auditoribus,
1020 1194 1116 1226 etiam
1133 1206 1190 1238 per

435 1244 536 1277 Felicis
556 1245 790 1278 recordationis
811 1245 926 1278 lulium
944 1246 980 1285 ll,
998 1247 1137 1280 Leonem
1150 1249 1186 1284 X,

434 1297 630 1331 Clementem
663 1299 731 1337 Vll,
768 1299 905 1332 Paulum
936 1300 973 1332 ΙΙΙ
1008 1306 1035 1333 et
1072 1301 1188 1334 lulium

436 1352 530 1384 etiam
557 1352 594 1384 lll
623 1363 658 1385 ac
688 1353 765 1385 alios
785 1364 1008 1397 quoscumque
1029 1354 1189 1387 Romanos

436 1405 608 1438 Pontifices
619 1406 883 1449 praedecessores
894 1412 1033 1447 nostros,
1045 1419 1080 1441 ac
1094 1409 1188 1441 etiam

438 1469 496 1492 nos
516 1464 545 1491 et
574 1459 687 1492 Sedern
709 1460 944 1503 Apostolicam,
967 1461 1027 1493 snb
1055 1462 1189 1505 quibus-

438 1524 577 1557 cumque
594 1513 760 1546 tenoribus
779 1518 810 1546 et
830 1513 951 1553 formis,
969 1526 1006 1547 ac
1027 1526 1099 1547 cum
1117 1515 1189 1559 qui-

436 1566 542 1599 busvis
560 1567 713 1599 clausulis
729 1572 757 1600 et
770 1566 916 1607 decretis,
934 1572 997 1600 tam
1010 1569 1069 1600 sub
1086 1569 1191 1612 plum-

436 1620 490 1660 bo,
512 1631 609 1664 quam
630 1620 662 1653 in
684 1622 786 1653 forma
806 1621 910 1653 brevis
926 1626 957 1654 et
976 1622 1054 1655 alias
1070 1633 1106 1655 ex
1118 1634 1189 1663 usu,

437 1674 515 1717 stylo
536 1679 565 1707 et.
591 1674 823 1707 consuetudine
849 1675 1091 1718 quomodolibet
1113 1687 1190 1709 con-

437 1728 553 1768 cessis,
577 1728 644 1768 tihi,
662 1728 834 1772 apostolica
855 1729 1056 1770 auctoritate,
1079 1734 1190 1763 tenore

436 1782 667 1826 praesentium,
691 1781 899 1815 concedimus
919 1787 949 1814 et
973 1782 1188 1825 assignamus,

436 1846 530 1880 teque
560 1836 590 1868 in
617 1841 761 1869 nostrum
803 1841 833 1868 et
869 1835 975 1869 dilecti
1004 1836 1058 1869 filii
1091 1836 1189 1869 nostri

436 1890 591 1926 Guidonis
618 1890 744 1923 Ascanii
773 1890 803 1923 S.
838 1890 953 1923 Mariae
981 1889 1011 1922 in
1043 1890 1190 1923 Via-Lata

437 1941 564 1974 diaconi
585 1940 756 1973 cardinalis
776 1940 814 1972 de
845 1939 961 1972 Sancta
981 1939 1074 1972 Flora
1110 1950 1192 1972 nun-

438 1990 557 2034 cupati,
579 1989 726 2022 moderni
743 1994 770 2021 et
791 1999 848 2032 pro
865 1994 1011 2032 tempore
1032 1988 1193 2022 existentis

441 2040 606 2074 zamerarii
627 2040 739 2077 nostri,
762 2051 798 2072 ac
817 2050 987 2072 causarum
1003 2038 1116 2071 Curiae
1134 2040 1193 2072 hu-

437 2090 575 2124 iusmodi
595 2090 777 2132 generalem
797 2089 1071 2129 auditorem,'cum
1092 2090 1193 2123 hono-

438 2139 719 2179 ribus,oneribus,
742 2139 928 2183 privilegiis,
952 2139 1089 2179 iuribus,
1103 2150 1191 2173 emo-

439 2189 601 2227 lumentis,
627 2188 833 2222 facultatibus
858 2193 884 2221 et
911 2189 1048 2221 decretis
1069 2190 1193 2232 praedi-

440 2238 509 2279 ctis,
533 2238 758 2271 constituimus
778 2242 805 2270 et
829 2238 1033 2281 deputamus,
1055 2238 1191 2280 tequcin

439 2290 547 2322 locum
579 2288 654 2321 dicti
674 2287 845 2323 Francisci,
875 2287 980 2330 quoad
1007 2286 1193 2320 huiusmodi

440 2337 651 2371 auditoriatus
672 2336 814 2370 officium
841 2336 975 2380 eiusque,
987 2335 1190 2377 exercitium,

441 2387 545 2431 quoad
555 2386 678 2425 vixeris,
697 2385 919 2419 substituimus
928 2391 957 2418 et
967 2385 1189 2428 subrogamus.

486 2436 544 2480 gli.
568 2436 713 2479 Tibique,
730 2442 829 2479 perte
848 2436 895 2467 vel
912 2435 1009 2468 alium
1032 2446 1088 2467 seu
1115 2435 1194 2468 alios

442 2485 595 2518 idoneum
606 2496 660 2518 seu
676 2485 807 2518 idoneos
820 2485 828 2512 l
842 2485 1098 2517 locumtenentes
1108 2489 1191 2525 tuos,

443 2546 524 2579 quos
546 2545 602 2577 pro
615 2539 760 2576 tempore
781 2534 908 2566 duxeris
928 2533 1137 2567 assumendos
1146 2535 1194 2567 vel

445 2584 657 2628 deputandos,
671 2584 709 2616 de
721 2584 871 2616 omnibus
881 2589 908 2616 et
924 2583 1056 2626 singulis
1077 2583 1192 2621 causis,

448 2633 552 2666 modis
572 2638 601 2665 et
622 2632 733 2665 formis
750 2643 847 2676 supra
865 2638 893 2665 et
916 2631 1127 2676 infrascriptis
1147 2643 1196 2666 (10-

485 2689 494 2714 ¹
515 2685 629 2714 Cherub.
653 2685 726 2714 addit
746 2687 962 2717 locumtenentem
982 2695 1026 2713 scit
1043 2686 1078 2722 (a.
1101 2686 1149 2721 T.).

1230 443 1353 475 tionum
1385 443 1415 474 in
1440 443 1541 475 forma
1569 442 1719 476 Gamerae
1745 443 1979 477 celebratarum

1231 497 1317 529 solus
1336 497 1573 539 (praeterquam
1599 495 1681 528 inter
1705 496 1787 529 cives
1806 497 1979 534 Romanos,

1230 550 1312 582 inter
1332 559 1413 593 quos
1434 554 1556 582 motum
1578 549 1745 593 proprium
1772 550 1885 583 ultimo
1910 551 1982 584 loco

1231 615 1289 648 per
1309 613 1366 635 nos
1381 603 1520 646 desuper
1530 602 1561 634 in
1572 604 1709 636 savorem
1721 603 1833 647 populi
1848 604 1981 637 Romani

1231 667 1420 689 eoncessum
1453 655 1612 688 observari
1629 657 1806 700 volumus),
1828 656 1881 689 alii
1909 667 1983 690 vero

1230 710 1437 754 (priorumque,
1450 708 1545 742 etiam
1555 710 1715 743 Romanae
1726 710 1839 743 Curiae
1850 710 1982 750 iudices,

1231 764 1261 796 in
1293 764 1449 797 similibus
1479 762 1583 796 causis
1612 763 1797 796 nullatenus
1828 765 1982 808 nulloque

1231 818 1325 850 modo
1335 817 1510 861 procedere
1522 816 1653 859 possint,
1667 818 1843 860 procedere
1853 818 1980 851 debeas.

1231 871 1359 904 Necnon
1380 871 1418 903 de
1439 870 1591 903 omnibus
1611 875 1638 903 et
1661 870 1795 913 singulis
1815 871 1983 914 obligatio-

1231 924 1326 958 nibus
1351 925 1382 957 in
1408 924 1510 957 forma
1530 923 1692 964 Gamerae,
1714 924 1815 956 ubivis
1835 925 1982 958 locorum

1231 983 1257 1011 et
1287 978 1370 1011 inter
1399 988 1621 1021 quascumque
1657 988 1809 1020 personas
1841 979 1930 1011 factis
1955 983 1985 1012 et

1231 1031 1383 1065 faciendis
1409 1031 1471 1074 (bis
1496 1031 1659 1063 dumtaxat
1686 1031 1824 1075 exceptis
1848 1043 1930 1076 quae
1952 1031 1983 1065 in

1231 1085 1488 1129 dependentibus
1503 1096 1519 1117 a
1540 1083 1649 1117 litibus
1662 1089 1692 1117 et
1704 1084 1849 1118 causisin
1872 1085 1983 1119 eadem

1231 1138 1363 1172 Camera
1400 1144 1455 1171 aut
1493 1148 1601 1171 coram
1631 1137 1701 1170 aliis
1737 1137 1898 1172 iudicibus
1927 1149 1985 1183 pro

1233 1198 1377 1236 tempore
1407 1191 1597 1225 introductis
1624 1192 1724 1224 sactae
1748 1202 1804 1224 seu
1835 1197 1985 1237 receptae

1233 1246 1375 1288 suerint),
1397 1251 1427 1279 et
1450 1250 1540 1284 tunc,
1568 1255 1632 1277 non
1657 1255 1715 1288 per
1733 1244 1815 1278 viam
1832 1256 1985 1279 censura-

1233 1310 1318 1336 rum,
1346 1299 1400 1332 sed
1426 1297 1566 1331 mandati
1589 1297 1743 1330 executivi
1761 1309 1938 1341 cognoscas
1955 1299 1982 1332 1,

1276 1354 1290 1393 ,Ε
1319 1353 1349 1386 5.
1373 1353 1417 1385 Ita
1442 1357 1477 1385 ut
1496 1362 1718 1395 quascumque
1748 1362 1877 1393 causas,
1904 1363 1987 1396 quae

1232 1406 1270 1438 (le
1281 1411 1400 1446 cetero,
1415 1404 1580 1449 perpetuis
1591 1404 1707 1437 futuris
1721 1405 1937 1448 temporibus,
1954 1405 1986 1439 in

1232 1455 1342 1488 eadem
1368 1455 1462 1488 Curia
1492 1464 1590 1497 super
1616 1452 1693 1497 ipsis
1717 1453 1984 1504 obligationibus,

1232 1504 1263 1536 in
1285 1504 1346 1536 alio
1359 1515 1455 1547 quam
1483 1508 1538 1536 tuo
1558 1513 1594 1535 ac
1610 1502 1724 1535 Curiae
1735 1513 1908 1536 causarum
1924 1504 1986 1536 hu-

1233 1553 1370 1585 iusmodi
1404 1552 1558 1584 tribunali
1591 1552 1832 1595 (praeterquam
1865 1551 1897 1584 in
1925 1551 1986 1585 vim

1233 1601 1381 1646 specialis
1410 1600 1646 1633 commissionis
1678 1605 1805 1633 nostrae
1836 1601 1874 1634 de
1905 1600 1988 1634 dicta

1233 1650 1427 1693 oljtligatione
1460 1649 1630 1693 specialem
1654 1648 1849 1682 mentionem
1871 1649 1989 1683 facien-

1234 1700 1294 1742 tis),
1313 1705 1417 1732 motae
1430 1699 1557 1735 suerint,
1575 1699 1607 1730 in
1624 1698 1754 1731 illarum
1771 1704 1865 1740 statu,
1884 1700 1987 1742 gradu

1234 1755 1264 1781 et.
1279 1748 1434 1788 terminis,
1456 1748 1487 1780 in
1508 1747 1625 1791 quibus
1647 1748 1925 1791 reperientur,tua
1936 1759 1988 1782 or-

1233 1798 1357 1830 dinaria
1368 1797 1557 1830 atu—{oritate
1568 1796 1722 1840 (exceptis
1737 1796 1842 1830 causis
1853 1796 1885 1829 in
1893 1796 1987 1830 Curia

1233 1847 1379 1891 Capitolii
1396 1852 1507 1880 contra
1528 1846 1629 1879 dictos
1649 1846 1731 1879 cives
1746 1846 1908 1880 Romanos
1928 1858 1988 1892 pro

1234 1903 1390 1941 tempore,
1406 1897 1490 1929 iuxta
1501 1897 1636 1929 sormam
1649 1895 1724 1928 dicti
1735 1901 1841 1929 motus
1849 1895 1985 1940 proprii,

1236 1947 1342 1989 motis)
1354 1957 1564 1982 reassumere,
1575 1951 1604 1978 et
1614 1945 1786 1985 iudicibus,
1800 1944 1918 1988 quibus
1926 1945 1985 1978 sint

1235 1997 1435 2035 commissae,
1458 2007 1494 2028 ac
1511 2005 1620 2028 coram
1641 1993 1761 2037 quibus
1776 1993 1850 2025 illae
1864 1993 1986 2037 pende-

1234 2048 1313 2081 bunt
1335 2047 1366 2080 in
1398 2053 1574 2092 posterum,
1598 2056 1637 2079 ne
1658 2044 1689 2076 in
1711 2043 1755 2076 eis
1779 2048 1835 2076 aut
1854 2043 1892 2076 de
1925 2044 1988 2078 illis

1235 2097 1465 2142 quoquomodo
1486 2097 1532 2129 vel
1557 2096 1669 2140 quovis
1693 2096 1837 2140 quaesito
1863 2095 1984 2135 colore,

1236 2148 1355 2180 directe
1373 2147 1419 2179 vel
1443 2146 1610 2183 indirecte,
1625 2156 1656 2178 se
1671 2144 1883 2178 intromittere
1896 2155 1985 2188 prae-

1236 2202 1375 2234 sumant,
1399 2196 1493 2229 etiam
1515 2196 1574 2228 sul»
1595 2194 1772 2232 sententiis,
1791 2193 1936 2227 censuris
1956 2200 1987 2227 et.

1236 2247 1348 2290 poenis
1369 2245 1604 2282 ecclesiasticis,
1624 2256 1660 2278 ac
1671 2245 1766 2278 etiam
1784 2243 1987 2288 pecuniariis,

1996 283 2090 308 Ansc.
2110 281 2174 308 {56¹

2034 1369 2185 1390 aeassumendi

2002 1406 2076 1422 causas
2103 1401 2186 1427 obliga-

2002 1433 2081 1453 tionum
2090 1437 2186 1453 camera-

2002 1464 2051 1484 lium
2062 1463 2186 1491 specialiter

2003 1495 2064 1516 alteri
2073 1501 2115 1516 nou
2126 1501 2186 1516 com-

2003 1530 2086 1553 missas3

1236 2296 1369 2329 arbitrio
1381 2302 1436 2328 tuo
1454 2295 1659 2328 moderandis
1669 2300 1697 2327 et
1709 2292 1920 2338 applicandis,
1939 2292 1987 2325 in·
2028 2293 2035 2298 '

1236 2346 1360 2385 liibere3
1383 2356 1417 2377 ac
1434 2344 1590 2388 quidquid
1613 2355 1704 2377 secus
1724 2354 1821 2387 super
1840 2342 1890 2381 his
1910 2352 1987 2375 con-

1238 2394 1337 2437 tigerit
1365 2394 1532 2431 attentari,
1559 2393 1685 2426 irritum
1707 2398 1734 2425 et
1761 2393 1855 2424 inane
1875 2391 1988 2424 decer-

1237 2455 1324 2477 nere.

1281 2495 1294 2533 ξ
1315 2492 1345 2525 (ἰ.
1370 2493 1412 2525 Ac
1429 2492 1524 2525 ctiam
1537 2492 1634 2531 solus,
1646 2492 1805 2524 dictarum
1818 2490 1988 2534 obligatio-

1238 2554 1313 2575 num
1345 2542 1463 2584 vig-ow.
1487 2552 1639 2574 censuras
1663 2540 1892 2574 ecclesiasticas
1917 2551 1989 2584 pro—

1239 2592 1394 2627 mnlffare.

1277 2647 1285 2671 l
1308 2644 1423 2672 Cherub.
1446 2645 1519 2679 legit:
1539 2647 1563 2669 et
1582 2648 1700 2676 tuncper
1718 2646 1787 2670 viam
1803 2652 1987 2677 censurarum,

1237 2694 1281 2712 ocu
1302 2688 1421 2712 miuidutc'
1437 2689 1483 2711 clv.
1503 2684 1539 2719 (a.
1562 2683 1609 2719 T.).

2017 2522 2122 2544 Censura·
2137 2527 2187 2549 pre-

2005 2554 2118 2580 mulgnndi,
