2237 3100
98 235 147 260 An.
167 234 195 261 C.
217 234 282 261 l5671

101 2061 222 2090 notatoque
246 2068 271 2084 en

87 2095 193 2116 concedit.

966 232 1033 255 rurs

297 283 441 328 personis
461 293 520 327 per
552 283 653 316 felicis
674 284 906 317 recordationis
926 285 1046 327 Grego-

296 337 380 370 rium
401 337 459 377 IX,
480 336 677 370 Bonisacium
700 338 781 375 vul,
802 338 966 371 Urbanum
988 340 1044 379 Vl,

295 390 466 423 Martinam
483 391 517 430 V,
538 391 716 433 Eugenium
738 391 786 430 IV,
809 390 929 424 Sixtum
952 393 1044 426 etiam

295 444 341 484 IV,
371 444 595 477 Innocentium
632 444 725 476 etiam
744 445 828 481 vui,
859 445 976 478 Iulium
1002 447 1044 487 II,

296 499 433 531 Leonem
450 498 486 537 X,
503 497 639 530 Paulum
659 497 697 530 III
718 502 749 530 et,
768 497 885 530 Iulium
902 497 1048 533 similiter

293 551 332 584 III
352 562 389 584 ac
409 551 488 583 alios
512 561 736 594 quoscumque
756 551 918 584 Romanos
938 553 1046 586 Ponti-

294 605 371 638 fices
400 605 662 649 praedecessores
681 609 818 643 nestros,
845 605 940 637 etiam
958 612 1045 640 motu

293 659 426 702 proprio
447 664 475 691 et
496 669 532 691 ex
550 662 635 691 certa
648 657 789 697 scientia,
802 669 1043 700 concessorum,

294 712 560 746 confirmatorum
595 716 623 743 et
646 711 870 744 innovatorum
890 724 896 749 ;
920 723 1045 746 necnon
1066 740 1068 745 Α

293 771 484 799 statutorum
499 792 506 805 ,
526 765 765 798 ordinationum
792 770 819 797 et
841 765 1045 800 decretorum

292 820 444 853 Gamerae
465 830 501 852 ac
522 818 690 852 camerarii
708 824 738 851 et
753 818 948 852 clericorum
966 833 1047 864 prze-

291 873 452 907 dictorum
475 883 655 915 eorumque
677 872 803 915 collegii
827 883 958 914 causas,
984 886 1045 915 res,

291 938 445 970 personas
470 931 501 959 et
534 931 648 959 statum
666 926 944 969 concernentium,
968 929 1045 962 luic-
1066 956 1067 960 ,

290 992 393 1025 usque
422 980 628 1014 conditorum
650 985 680 1012 et
700 979 739 1012 ab
760 979 880 1012 eisdem
911 983 1044 1024 praede-

291 1034 473 1067 cessoribus
494 1035 539 1066 vel
562 1044 675 1066 eorum
697 1032 859 1075 aliquibus
875 1035 1045 1070 confirma·
1065 1034 1067 1050 ‘¹

291 1092 411 1128 torum,
426 1098 553 1121 necnon
575 1096 857 1130 quarumcumque
878 1087 1045 1123 literarum
1065 1125 1066 1130 ,

290 1145 322 1173 et
340 1141 478 1174 aliorum
499 1141 768 1173 documentorum
786 1139 926 1184 desuper
937 1145 1044 1177 confe—

290 1198 417 1227 ctorum
439 1200 578 1232 tenores,
592 1204 629 1225 ac
645 1192 668 1225 si
690 1193 728 1225 de
744 1193 839 1225 verbo
856 1194 894 1226 ad
910 1197 1043 1231 verbum
1065 1218 1066 1224 κ

290 1247 522 1287 insererentur,
536 1246 758 1289 praesentibus
774 1258 832 1290 pro
848 1249 1045 1285 sufficienter
1064 1282 1066 1284 ,

290 1301 446 1344 expressis
479 1301 646 1341 habentes,
671 1306 759 1333 motu
784 1303 925 1346 ‘proprio
952 1310 982 1337 et
1007 1316 1066 1339 ex.

289 1360 377 1388 certa
411 1355 543 1388 scientia
572 1360 681 1388 nostra
713 1366 749 1388 ac
779 1355 816 1388 de
845 1358 1043 1400 apostolicae

289 1408 454 1452 potestatis
479 1408 701 1452 plenitudine,
725 1409 777 1441 illa
798 1411 905 1443 omnia
927 1417 957 1444 et
978 1412 1042 1445 sin-

289 1462 376 1505 gula,
398 1473 435 1495 ac
455 1468 553 1506 prout
573 1473 609 1495 ea
630 1469 842 1503 concernunt,
865 1465 990 1509 reliqua
1012 1466 1043 1499 in

288 1515 368 1560 ipsis
388 1516 488 1549 literis
508 1517 642 1560 aliisque
658 1517 861 1550 documentis
878 1524 1039 1561 contenta,

288 1574 448 1613 quatenus
468 1570 569 1603 literis
590 1571 706 1604 nostris
726 1572 897 1615 praedictis
918 1579 1044 1606 contra-

289 1623 335 1656 ria
355 1634 418 1656 non
444 1623 506 1657 sint
524 1634 581 1657 nec
602 1624 729 1658 illarum
759 1626 908 1658 effectum
938 1626 1041 1670 impe-

288 1677 388 1718 diant,
412 1677 601 1711 auctoritate
622 1679 809 1723 apostolica,
829 1685 939 1713 tenore
951 1691 1043 1723 prae-

288 1731 440 1769 sentium,
458 1732 678 1776 approbamus
695 1739 724 1766 et
740 1734 972 1766 confirmamus
984 1734 1042 1767 eis-

288 1796 351 1828 que
385 1791 575 1829 perpetuam
607 1792 635 1819 et
667 1787 881 1820 iiivitjilaliile1n
917 1788 1042 1821 roboris

288 1839 470 1872 firmitatem
492 1839 670 1877 adiicimus,
692 1852 728 1873 ae
749 1852 861 1874 omm=s
881 1847 909 1874 et
931 1842 1040 1884 singu-

287 1893 335 1926 los
359 1893 439 1926 iuris
471 1898 501 1926 et
534 1894 606 1927 sacti
633 1894 787 1933 desectus„
811 1896 835 1928 si
857 1896 911 1940 qui
933 1897 1039 1929 forsan

286 1947 518 1980 intervenerint
538 1948 569 1980 in
594 1949 725 1990 eisdem,
748 1951 947 1994 supplemus.

330 2002 345 2045 g
364 2001 396 2033 4.
433 2001 467 2033 Et
498 2002 710 2036 nihilominus
730 2005 841 2037 eadem
864 2004 1039 2048 praemissa

286 2056 395 2089 omnia
424 2060 455 2087 et
474 2055 600 2098 singula
615 2056 766 2090 Gamerae
785 2064 810 2091 et
836 2058 1036 2097 camerario,

286 2109 413 2143 clericis
439 2115 467 2143 et
490 2111 625 2154 collegio
647 2111 818 2153 praedictis
839 2123 988 2145 concessa
1010 2117 1040 2145 et

286 2163 430 2202 indulta,
453 2164 572 2197 eisdem
591 2165 694 2198 modis
715 2171 740 2198 et
765 2166 876 2199 t'ormis
890 2193 897 2203 ,
920 2166 1039 2209 quilius

285 2218 324 2250 ab
345 2217 422 2261 ipsis
443 2218 745 2262 praedecessoribus
770 2220 887 2253 nostris
907 2230 1038 2253 emana-

285 2279 380 2312 runt,
401 2273 559 2306 similibus
579 2274 768 2306 auctoritate
793 2279 823 2306 et,
848 2279 976 2311 tenore,
1000 2274 1038 2307 de

285 2337 366 2360 novo
386 2333 544 2371 perpetuo
560 2327 768 2361 concedimus
779 2333 806 2360 et
819 2327 1034 2371 indulgemus,

284 2392 321 2414 ac
341 2381 381 2413 ab
402 2381 463 2414 illis
481 2387 597 2415 statuta
613 2387 644 2414 et
658 2382 804 2415 ordinata
825 2383 995 2416 statuimus
1006 2388 1037 2416 et

285 2429 484 2471 ordinamus,
497 2432 638 2465 volentes
649 2431 714 2471 illa,
733 2433 897 2476 perpetuis
922 2433 1037 2466 futuris

284 2479 495 2523 temporibus,
514 2481 572 2513 sub
594 2481 737 2514 censuris
757 2487 787 2513 et,
809 2481 920 2524 poenis
939 2482 971 2514 in
992 2482 1037 2516 eis

285 2528 455 2569 contentis,
478 2529 704 2564 inviolabiliter
728 2530 901 2564 observari.

329 2580 344 2623 ἓ
359 2579 391 2612 5.
414 2579 493 2613 Cum
510 2585 616 2614 autem
629 2581 735 2615 officio
752 2582 922 2616 clericatus
934 2583 1036 2617 dictae

285 2628 436 2663 Gamerae
450 2657 457 2671 ,
481 2631 566 2675 quod
589 2630 619 2663 in
641 2631 708 2676 ipsa
728 2631 823 2666 Curia
844 2631 1035 2676 primarium

1058 232 1086 254 IV

1111 231 1159 254 rr.
1731 220 1789 252 att

1860 228 1907 254 Αη,
1927 228 1955 253 C.
1972 228 2039 256 156&

1089 283 1203 321 existit,
1217 292 1336 315 munus
1349 280 1735 325 potissimum‘incumhat
1754 282 1838 315 eius-
1855 289 1983 308 wem-‘orum
2002 288 2037 309 Ca—

1857 325 1927 340 merae
1949 320 2039 346 qualita-

1089 337 1159 369 dem
1181 335 1332 369 Gamerae
1367 346 1418 368 res
1450 335 1509 368 rite
1530 340 1561 367 et
1580 340 1666 368 recte
1687 335 1839 369 adminis-
1855 351 2038 378 testestgnnntur.

1088 389 1212 430 trandi,
1236 389 1306 422 iura
1337 394 1366 422 et
1396 389 1538 422 redditus
1572 388 1693 422 utiliter
1712 389 1840 423 locandi

1089 448 1339 486 contractusque
1360 443 1499 487 desuper
1518 443 1717 476 necessarios
1732 448 1763 476 et
1782 454 1840 487 op-

1090 502 1246 541 portunos
1266 497 1410 537 ineundi,
1429 508 1569 541 quorum
1590 497 1759 531 occasione
1779 498 1841 542 ipsi

1089 551 1197 584 clerici
1217 551 1381 592 Gamerae,
1403 556 1631 596 procuratores
1651 552 1840 587 Patrimonii

1088 603 1173 636 Beati
1194 604 1290 645 Petri,
1309 615 1483 648 rerumque
1500 604 1645 638 omnium
1662 606 1759 640 totius
1774 607 1841 641 Sta-

1090 662 1139 689 tus
1159 658 1319 691 Ecclesiae
1340 659 1501 691 Romanae
1522 659 1709 693 huiusmodi
1731 667 1838 695 custo-

1088 711 1143 744 des
1176 716 1205 743 el
1243 712 1405 755 praesides
1440 713 1553 746 merito
1592 720 1836 759 nuncupantem

1088 775 1215 798 necnon
1249 765 1298 798 ius
1329 766 1494 807 reddendi,
1518 772 1548 799 et
1581 767 1733 802 iustitiam
1772 774 1836 803 tam

1088 818 1175 858 fisco,
1194 824 1227 851 ut
1238 819 1370 862 privato,
1382 831 1478 862 quam
1492 820 1567 864 ipsis
1579 821 1719 865 privatis,
1738 824 1838 868 siqua

1088 871 1210 904 ratione
1239 872 1277 905 de
1308 872 1375 905 fisci
1410 873 1562 907 interesse
1588 881 1712 919 agatur,
1736 878 1837 911 admi-

1088 925 1253 958 nistrandi.
1278 926 1311 958 In
1327 926 1376 959 liis
1393 932 1499 959 autem
1516 929 1707 963 muneribus
1719 931 1838 965 obeun-

1087 979 1146 1017 dis,
1160 979 1207 1011 vcl
1221 984 1403 1023 temporum
1425 980 1545 1013 malitia
1559 983 1606 1014 vel
1628 983 1837 1026 antiquorum

1087 1032 1280 1065 clericorum
1307 1033 1498 1076 negligentia
1522 1035 1569 1067 vel
1604 1035 1836 1079 desuetudine,

1087 1098 1137 1119 res
1158 1087 1326 1119 cameralis
1347 1087 1575 1121 detrimentum
1592 1100 1655 1122 non
1674 1091 1837 1125 modicum

1086 1140 1248 1183 accepisse
1275 1146 1437 1174 noscatur.
1474 1141 1555 1174 Hinc
1580 1148 1627 1175 est
1650 1144 1736 1187 quod
1756 1156 1835 1186 nOS‚

1087 1194 1168 1227 sicut
1189 1195 1234 1227 rei
1256 1195 1443 1238 magnitudo
1469 1196 1620 1239 postulat,
1642 1198 1836 1241 adulterio-

1086 1260 1167 1288 rem,
1190 1242 1284 1281 etiam
1306 1250 1339 1282 in
1360 1249 1420 1289 liis,
1444 1251 1705 1285 reformationem
1722 1264 1837 1297 proce-

1086 1303 1227 1336 dendum
1249 1314 1316 1336 esse
1346 1310 1531 1346 censentes,
1551 1310 1639 1338 motu
1655 1334 1662 1347 ,
1685 1307 1836 1349 scientia,

1086 1356 1250 1400 potestatis
1271 1357 1469 1400 plenitudine
1486 1364 1517 1391 et
1532 1364 1642 1392 tenore
1663 1360 1834 1403 similibus,

1087 1416 1243 1454 perpetuo
1265 1411 1434 1445 statuimus
1468 1417 1495 1445 et
1531 1413 1719 1447 ordinamus
1748 1416 1836 1459 quod

1085 1464 1238 1508 deinceps
1257 1466 1296 1497 ad
1316 1465 1384 1509 ipsa
1405 1466 1575 1500 clericatus
1595 1467 1746 1501 Gamerae
1767 1469 1837 1502 off-

1086 1517 1145 1556 cia,
1165 1529 1239 1551 cum
1260 1520 1428 1561 vacabunt,
1451 1520 1543 1559 nulli,
1558 1521 1618 1554 nisi
1630 1521 1709 1555 vitae
1726 1529 1756 1556 et
1768 1534 1836 1556 mo-

1085 1583 1156 1604 rnm
1192 1573 1372 1615 integritate
1410 1580 1608 1618 praestantes
1621 1604 1628 1617 ,
1669 1576 1836 1610 literarum

1085 1626 1215 1659 seientia
1241 1627 1394 1670 praediti,
1416 1639 1592 1673 rerumque
1617 1631 1834 1665 humanarum

1084 1680 1279 1723 experientia
1294 1681 1443 1725 insignes,
1460 1684 1579 1716 assumi
1596 1684 1744 1725 debeant,
1758 1697 1837 1730 quo-

1084 1745 1154 1765 rum
1173 1736 1379 1776 excellentia,
1402 1737 1530 1778 virtute,
1553 1738 1699 1772 doctrina
1728 1745 1758 1773 et
1778 1751 1835 1773 au-

1084 1788 1229 1821 ctoritate
1249 1788 1381 1823 Gamera
1403 1791 1469 1835 ipsa
1491 1798 1521 1825 et
1540 1792 1703 1826 Romanae
1724 1794 1834 1828 Eccle-

1083 1841 1146 1874 siae
1168 1842 1273 1876 Status
1298 1844 1467 1878 universus
1496 1851 1581 1879 recte
1611 1847 1784 1891 gubernari
1806 1855 1836 1882 et

1083 1892 1272 1925 latissimum
1290 1894 1329 1926 ab
1349 1895 1394 1927 eis
1420 1895 1654 1930 incrementum
1671 1898 1835 1941 suscipere

1083 1947 1192 1985 possit.

1126 1994 1140 2034 ,ξ
1158 1993 1188 2026 6.
1211 1994 1248 2026 Et
1263 1999 1296 2026 ut
1318 1994 1390 2027 inde
1410 1995 1588 2036 videbatur,
1607 1996 1694 2030 dirae
1710 1998 1835 2042 cupidi—

1082 2042 1153 2074 tatis
1188 2044 1346 2085 pernicies
1366 2044 1499 2077 omnino
1520 2046 1715 2087 eliminetur,
1746 2048 1832 2090 quod

1081 2093 1213 2135 posthac
1230 2093 1260 2126 in
1272 2093 1532 2139 quibuscumque
1548 2097 1767 2130 contractibus
1782 2109 1833 2131 su-

1082 2153 1138 2185 per
1168 2143 1382 2176 locationibus
1406 2155 1515 2177 rerum
1542 2151 1572 2178 et
1591 2146 1712 2179 jurium
1733 2147 1834 2191 ipsius

1081 2191 1232 2225 Gamerae
1248 2193 1460 2233 celebrandis,
1471 2205 1526 2227 seu
1538 2195 1673 2238 partitis,
1685 2202 1719 2229 ut
1731 2196 1832 2237 aiunt,

1081 2241 1245 2283 laciendis,
1269 2243 1378 2276 nullus
1397 2243 1677 2285 x‘icecamerarius,
1701 2246 1831 2279 thesau-

1080 2291 1184 2324 rarius
1203 2297 1259 2325 aut
1278 2292 1437 2336 quispiam
1458 2304 1494 2326 ex
1515 2294 1641 2328 clericis
1665 2300 1695 2328 et
1724 2306 1831 2329 came-

1079 2340 1200 2374 ralibus
1214 2368 1221 2382 ,
1256 2342 1492 2383 assistentibus,
1530 2344 1663 2377 notariis
1696 2345 1831 2390 aliisque

1079 2389 1232 2423 ministris
1249 2396 1278 2424 et
1294 2391 1439 2435 personis
1455 2392 1558 2425 dictae
1574 2392 1739 2436 Gamerae,
1751 2407 1831 2439 quo-

1079 2450 1219 2483 cumque
1236 2441 1366 2474 nomine
1388 2442 1593 2486 nuncupatis,
1613 2443 1741 2477 illarum
1758 2457 1830 2489 par-

1079 2489 1178 2532 ticeps
1207 2490 1329 2524 existat.
1353 2491 1434 2530 Quin
1456 2491 1562 2536 potius
1587 2492 1646 2537 ipsi
1666 2494 1706 2526 ab
1727 2495 1825 2536 omni,

1078 2540 1282 2582 quantumvis
1302 2541 1470 2582 omninol,
1489 2544 1661 2576 commodo
1676 2549 1703 2576 et
1718 2545 1822 2585 lucro,

1078 2588 1191 2622 exinde
1207 2591 1524 2635 quomodocumque,
1546 2592 1666 2626 directe
1678 2595 1725 2627 vel
1743 2594 1826 2627 indi-

1115 2644 1123 2669 l
1148 2645 1260 2676 Εωῖςιιιο,
1281 2644 1396 2672 Cherub,
1417 2646 1453 2681 (n.
1476 2646 1524 2681 T.)⁴

1848 2010 1968 2030 Camerales
1978 2015 2032 2030 con-

1849 2043 1950 2061 tractuum
1961 2040 2031 2061 Camo-

1848 2077 1883 2091 τηε
1917 2073 2032 2099 participe·

1848 2107 1897 2122 osse
1930 2102 2030 2130 prohibe-

1848 2136 1889 2154 tuin
