2237 3100
215 279 266 306 An.
284 280 314 307 C.
335 281 400 308 ¹56&

243 816 352 836 Decretum
373 815 399 835 ir-

214 849 288 868 ritans.

237 1188 346 1209 clausulae
358 1189 397 1210 de-

211 1221 337 1245 rogatoriam).

232 1294 316 1315 Sanctio
333 1300 394 1321 poen.

215 2172 392 2197 Reform-nones,

211 2204 235 2224 de
266 2203 339 2229 quibus
373 2204 392 2222 in

209 2235 386 2261 praecedentibus

208 2265 279 2289 bullis,
295 2265 393 2286 reserun-

210 2299 251 2315 lUt'.

459 269 524 304 300

416 338 582 376 sumptum
617 331 687 371 fuit,
720 336 747 363 ct
776 331 845 363 iure
874 329 968 362 etiam
1004 329 1167 362 communi

416 386 575 418 sancitum
597 390 640 417 est
659 389 693 416 ut
715 383 960 416 constitutiones
977 393 1076 414 noxae
1091 382 1166 420 vim,

416 449 481 471 non
501 438 562 470 nisi
584 442 651 481 post
674 436 835 480 praedicta
855 436 982 468 decreta
995 435 1112 474 omnia,
1130 435 1166 467 ad

415 491 532 523 dictam
561 490 822 523 reformationem
856 488 969 531 iusque
999 488 1167 530 positivum

416 544 579 576 dumtaxat
599 542 786 586 spectantia,
801 552 817 573 a
830 541 974 573 kalendis
994 541 1069 573 maii
1091 551 1167 584 pro-

415 597 498 629 xime
520 596 683 640 praeteriti
709 605 822 627 omnes
847 594 989 637 obligare
1011 594 1165 637 coepisse,

415 660 520 692 neque
532 654 601 692 post
618 660 687 681 eam
705 648 790 680 diem
807 647 1045 680 excusationem
1057 648 1166 680 cuius-

415 713 524 745 quam,
543 702 629 744 quod
646 713 682 734 ea
698 701 903 744 ignoraverit,
922 701 1163 734 admittendam.

458 756 472 797 ξ
487 754 517 787 3.
537 756 639 798 Atque
655 755 697 787 ita
714 754 888 798 apostolica
905 755 1095 787 auctoritate
1111 755 1166 787 de—

414 809 575 841 claramus
587 819 621 841 ac
639 808 825 848 dcfiniums,
844 814 871 841 et
889 808 927 840 ab
948 809 1100 841 omnibus
1117 809 1166 841 iu-

413 862 512 894 dicari
529 862 645 894 debere
663 862 855 894 mandamus
866 867 961 905 atque
983 862 1162 895 statuimus.

411 915 626 948 Decernentes
638 915 764 947 irritum
783 922 811 947 et
829 915 932 953 inane,
945 915 968 948 si
981 916 1057 958 qnid
1075 927 1167 949 500115

412 979 619 1012 aquoquam,
638 979 845 1011 quacumque
866 968 1031 1010 dignitate,
1054 974 1164 1002 aucto-

412 1021 505 1053 ritate
526 1027 554 1053 et
576 1026 731 1065 potestate
744 1021 900 1064 praedito,
917 1022 1087 1064 eontigerit
1115 1022 1165 1054 111-

411 1074 524 1106 dicari.

456 1127 520 1170 gt.
544 1127 613 1160 Non
647 1127 846 1159 obstantibus
881 1127 1166 1160 constitutionilnls

411 1186 439 1212 et
468 1181 725 1213 ordinationibus
754 1181 938 1223 apostolicis
971 1181 1105 1224 aliisque
1134 1182 1163 1213 in

411 1233 608 1265 contrarium
630 1233 821 1266 facientibus
845 1234 1117 1277 quilntscumque.

455 1287 470 1329 ξ
490 1287 520 1319 5.
543 1286 628 1318 Nulli
650 1298 725 1329 ergo
747 1287 879 1319 omnino
899 1287 1069 1320 hominum
1092 1292 1147 1320 etc.

455 1340 569 1372 Datum
590 1340 710 1372 Romae
731 1340 817 1383 apud
839 1340 992 1373 Sanctum
1018 1341 1161 1376 Petrum,

411 1403 495 1425 anno
523 1392 756 1426 incarnationis
783 1393 963 1425 dominicae
992 1394 1164 1426 millesimo

411 1445 668 1489 quingentesimo
685 1445 881 1488 sexagesimo
898 1452 1022 1490 quarto,
1040 1457 1091 1479 xiv
1108 1447 1163 1479 lta-

410 1499 521 1532 lendas
543 1499 682 1541 augusti,
701 1499 908 1543 pontificatus
923 1499 1023 1531 nostri
1036 1510 1120 1532 anno
1132 1510 1160 1531 v.

470 1557 530 1586 Dat.
551 1557 652 1587 (11019
675 1557 739 1586 tulii
762 1556 960 1595 t5o-t,po=1us.
981 1567 1057 1586 anno
1080 1566 1103 1586 v.

735 1725 836 1758 XCIX.

407 1801 579 1834 Institutio
606 1801 864 1843 cougyrequtionis
889 1800 924 1833 S.
955 1801 992 1832 R.
1022 1801 1062 1833 E.
1091 1812 1162 1833 car-

452 1854 613 1886 dinaliwiz
636 1864 729 1896 super
744 1854 927 1886 executione
947 1858 976 1886 et
992 1854 1162 1887 observan-

455 1908 500 1940 tia
516 1908 603 1939 sacri
622 1908 752 1939 concilii
772 1907 956 1939 Tridentini
971 1912 1000 1939 et
1021 1908 1160 1940 aliarum

452 1961 719 2002 resormationum
752 1960 848 1993 liuius
872 1960 1054 2003 Pontificis.

533 2040 594 2069 Pius
611 2041 681 2076 Papa
694 2041 736 2073 lV,
752 2041 830 2069 motu
845 2040 966 2076 proprio,
981 2042 1036 2069 etc.

452 2111 538 2143 Alias
549 2122 606 2144 1105
618 2112 792 2144 nonnullas
811 2111 1056 2144 constitutiones
1068 2118 1095 2144 et
1109 2122 1161 2144 or-

409 2163 599 2205 dinationes,
618 2165 880 2197 reformationem
901 2164 1032 2197 maioris
1050 2165 1161 2207 poeni-

410 2218 548 2251 tentiarii
578 2229 614 2251 ac
631 2229 739 2251 sacrae
757 2217 1022 2250 Poenitentiariae
1045 2225 1161 2251 nostra]

409 2282 446 2304 ac
465 2271 573 2304 vicarii
602 2271 702 2304 nostri
728 2283 764 2304 ae
794 2271 862 2304 eius
891 2271 1005 2311 officii,
1036 2282 1161 2305 necnon

409 2325 579 2357 camerarii
599 2331 626 2357 et
646 2325 797 2357 Gamerae
809 2325 1009 2367 Apostolicae
1026 2336 1062 2358 ac
1077 2326 1162 2358 illius

409 2388 578 2410 causarum
607 2378 774 2418 auditoris,
797 2388 923 2410 necnon
946 2377 1055 2409 Palatii
1076 2379 1161 2420 Apo-

409 2430 510 2462 stolici
533 2442 703 2463 causarum
733 2431 918 2463 auditorum
939 2441 974 2462 ac
1000 2432 1160 2472 gnberna-

410 2483 486 2515 toris
507 2483 744 2526 etCapitolinae
762 2484 926 2516 curiarum
949 2490 976 2516 et
999 2484 1160 2516 contradi-

409 2541 547 2572 ctarum,
579 2536 784 2578 aliorumque
801 2537 904 2568 almae
920 2536 1014 2569 [rbi’s
1034 2544 1161 2570 nostrae

408 2599 446 2621 ac
461 2589 614 2621 Romanae
635 2589 739 2622 Curiae
760 2589 971 2622 tribunalium
993 2595 1023 2622 et
1038 2591 1161 2623 0111010-

408 2652 480 2676 runi
498 2648 738 2683 concernentes,
751 2642 922 2683 edidimus3
941 2653 1023 2685 quae
1038 2649 1159 2683 tamen,

1013 274 1191 299 BIYLLARH'M
1215 274 1365 300 ROMANUM

1210 333 1257 362 (ut
1284 328 1511 370 intelleximus)
1526 329 1565 361 ab
1580 330 1768 363 eorumdem
1782 331 1963 363 officiorum

1211 386 1238 413 et
1271 380 1481 413 tribunalium
1516 382 1686 425 praesectis
1710 394 1746 416 ac
1771 383 1965 416 officialibus

1210 434 1318 466 minus
1337 434 1510 477 diligenter
1530 435 1750 468 observantur.

1254 488 1268 528 ᾗ
1288 486 1318 518 Δ1.
1342 486 1421 519 Cum
1443 492 1551 519 autem
1572 488 1682 520 enixae
1702 494 1829 521 nostrae
1848 490 1963 522 volun-

1211 539 1281 571 tatis
1307 539 1343 572 sit
1372 539 1436 579 illa,
1460 545 1492 572 ut
1519 545 1549 572 et
1577 540 1696 583 pariter
1725 541 1853 574 decreta
1882 542 1963 575 sacri

1210 592 1339 624 concilii
1361 592 1541 625 Tridentini
1563 592 1594 624 in
1610 593 1672 633 bis,
1690 605 1772 637 quae
1793 594 1831 626 ad
1850 606 1963 628 eorum

1209 645 1315 677 officia
1331 651 1488 688 spectant,
1507 645 1546 677 ab
1562 646 1682 678 eisdem
1703 647 1836 679 omnino
1852 647 1962 681 obser-

1208 705 1343 737 ventnr3
1366 709 1425 731 nos
1444 705 1616 742 propterea
1637 699 1880 733 considerantes
1906 712 1962 744 pa—

1209 763 1282 784 rum
1303 763 1371 784 esse
1396 751 1467 784 iura
1493 753 1643 792 condere7
1673 753 1734 786 nisi
1759 754 1820 786 sint
1845 755 1901 796 qui
1926 765 1962 787 ea

1979 273 2029 299 An.
2047 273 2076 300 C.
2096 273 2166 301 156&

1993 494 2101 516 Institutio
2111 501 2165 516 con-

1981 527 2111 551 gregationis
2131 527 2165 554 (de

1979 562 2020 582 qua
2031 557 2052 576 ιἰι
2060 556 2164 582 rubrica).

1208 805 1388 838 executioni
1410 806 1597 838 demandari
1623 807 1751 847 faciant,
1774 813 1805 840 et
1826 807 1857 840 in
1878 818 1962 851 prae-
1995 808 2001 812 ⁶

1209 858 1324 899 missis,
1358 864 1453 902 prout
1475 870 1510 891 ex
1531 859 1638 892 debito
1668 860 1838 903 pastoralis
1863 859 1963 893 officii

1208 911 1309 949 nobis,
1338 911 1462 944 meritis
1491 912 1563 944 licet
1593 912 1788 955 imparibus,
1824 913 1961 947 iniuncti

1208 964 1405 1006 obligamur,
1420 965 1592 997 salubriter
1603 971 1631 997 et
1644 965 1767 998 utiliter
1777 967 1958 1008 providere,

1207 1018 1430 1060 praefatasque
1457 1019 1702 1051 constitutiones
1726 1025 1756 1051 et
1783 1020 1961 1054 ordinatio-

1207 1082 1263 1103 nes
1283 1082 1319 1103 ae
1341 1071 1469 1104 decreta
1491 1071 1618 1104 concilii
1631 1099 1638 1112 ,
1660 1083 1740 1115 quas
1760 1078 1790 1105 et
1810 1084 1892 1115 quae
1908 1074 1961 1107 hic

1207 1124 1317 1157 haberi
1347 1125 1497 1157 volumus
1517 1135 1575 1168 pro
1601 1126 1770 1169 expressis,
1793 1126 1961 1159 inviolabi-

1207 1178 1280 1210 liter
1299 1177 1461 1210 observari
1489 1178 1642 1215 volentes:
1666 1179 1842 1211 venerabili
1871 1180 1961 1212 fratri

1206 1236 1316 1263 nostro
1336 1231 1448 1263 Ioanni
1474 1231 1626 1274 episcopo
1645 1231 1878 1265 Tusculanensi
1895 1233 1960 1266 Mo—

1207 1293 1299 1320 rono,
1322 1283 1433 1315 Ioanni
1454 1283 1599 1315 Micliaeli
1621 1284 1755 1317 Sanctae
1776 1285 1960 1318 Anastasiae

1207 1336 1380 1375 Saraeeno,
1403 1347 1439 1369 ac
1459 1337 1569 1369 Ioanni
1591 1338 1749 1380 Baptistae
1770 1337 1877 1371 Sancti
1893 1338 1961 1372 Cle-

1208 1390 1323 1422 mentis
1342 1389 1487 1429 Cieadae‚
1509 1401 1637 1423 necnon
1657 1391 1804 1424 Michaeli
1824 1392 1960 1426 Sanctae

1206 1443 1343 1475 Sabinae
1376 1444 1602 1479 Alexandrino,
1638 1444 1793 1477 Clementi
1825 1445 1960 1479 Sanctae

1206 1496 1322 1528 Mariae
1344 1498 1375 1529 in
1396 1498 1554 1537 Aracoeli,
1591 1498 1752 1531 Ludon‘co
1772 1498 1879 1532 Sancti
1901 1499 1959 1544 Cy-

1205 1549 1283 1581 riaci
1317 1550 1348 1582 in
1384 1550 1530 1583 Thermis
1551 1551 1752 1591 Simonetae‚
1775 1562 1812 1584 ac
1845 1552 1959 1586 Carolo

1205 1602 1313 1635 Sancti
1333 1604 1458 1636 Martini
1491 1603 1523 1636 in
1551 1604 1713 1637 Montibus
1732 1605 1930 1639 Borromaeo
1949 1633 1957 1647 ‚

1205 1656 1410 1699 presbyteris,
1426 1667 1554 1690 necnon
1570 1657 1731 1690 Vitellotio
1749 1658 1885 1695 Sanctae
1897 1660 1960 1692 Ma—

1205 1710 1271 1742 riae
1288 1710 1321 1742 in
1336 1710 1466 1743 Porticu
1482 1710 1608 1743 Vitellio
1634 1712 1830 1754 nuncupatis
1848 1712 1958 1746 titulo—

1205 1773 1290 1803 rum,
1309 1763 1456 1803 diacono,
1480 1764 1700 1797 cardinalibus
1725 1766 1959 1799 committimus

1205 1822 1235 1849 et
1255 1816 1448 1849 mandamus
1477 1823 1637 1861 quatenus
1666 1818 1726 1862 ipsi
1760 1830 1816 1852 seu
1843 1830 1957 1852 eorum

1205 1869 1309 1901 maior
1329 1880 1415 1913 pars,
1438 1871 1638 1903 coniunctim
1668 1871 1716 1903 vel
1736 1871 1875 1912 divisim,
1903 1883 1958 1905 eo-

1204 1933 1277 1954 rum
1298 1922 1444 1963 arbitrio,
1467 1923 1564 1955 etiam
1586 1929 1750 1966 tamquam
1771 1930 1959 1958 executores

1205 1976 1364 2008 dictarum
1380 1976 1558 2015 literarum,
1572 1977 1841 2010 constitutionum
1858 1984 1888 2011 et
1903 1979 1958 2012 de-

1204 2035 1368 2062 cretorum
1389 2029 1641 2073 praedictorum,
1663 2031 1910 2065 constitutiones
1929 2038 1960 2065 et

1204 2081 1423 2115 ordinationes
1438 2093 1475 2115 ac
1491 2083 1619 2115 decreta
1640 2084 1793 2126 praefata,
1811 2084 1897 2117 iuxta
1912 2091 1958 2118 te-

1204 2145 1299 2167 nores
1329 2146 1442 2168 corum
1463 2146 1498 2168 ac
1524 2136 1692 2169 literarum
1721 2137 1861 2180 desuper
1880 2148 1957 2171 con-

1203 2188 1437 2231 fecta1¹tl1n,1‚ie1·
1448 2200 1673 2232 quoscumque
1684 2190 1955 2231 Poenssenfiariae,

1202 2241 1347 2275 Vicariae
1374 2248 1401 2275 et
1429 2242 1581 2276 Gamerae
1609 2254 1644 2276 ac
1671 2243 1769 2276 Rotae
1790 2244 1954 2277 curiarum

1203 2305 1238 2327 ac
1268 2296 1480 2329 tribunalium
1512 2296 1754 2339 praedictorum
1781 2297 1906 2329 iudices
1925 2303 1953 2330 et

1203 2348 1369 2389 officiales,
1404 2351 1462 2383 sub
1497 2350 1841 2383 excommunicationis
1873 2350 1955 2383 latae

1203 2403 1389 2443 sententiae,
1429 2414 1465 2436 ac
1487 2404 1674 2447 privationis
1707 2403 1890 2436 officiorum
1925 2410 1954 2437 et

1202 2450 1273 2481 aliis
1293 2452 1413 2484 eisdem
1435 2453 1653 2485 cardinalibus
1672 2452 1841 2492 benevisis,
1859 2452 1953 2485 etiam

1202 2500 1428 2540 pecuniarum,
1449 2511 1486 2533 eo
1508 2501 1577 2544 ipso
1598 2501 1803 2533 incurrendis
1827 2502 1952 2545 poenis,

1202 2546 1340 2580 tirmiter
1351 2549 1512 2581 observari
1534 2549 1660 2588 saciant,
1681 2555 1709 2581 et
1731 2560 1804 2581 cum
1827 2549 1954 2588 effectu,

1203 2596 1281 2630 nisi.
1307 2603 1371 2629 tam
1394 2598 1425 2629 in
1446 2597 1634 2630 executione
1660 2597 1820 2629 dictorum
1841 2598 1954 2631 decre-

1202 2650 1309 2677 torum
1331 2646 1468 2686 concilii,
1489 2656 1587 2688 quam
1603 2645 1763 2678 dictarum
1785 2647 1952 2680 literarum
