2237 3100
541 196 609 232 990
1128 204 1275 228 muman
1297 204 1415 228 nomm

585 260 703 293 ditoria
726 270 822 304 super
839 259 948 302 templi
970 259 1187 301 pavimentum
1203 257 1366 290 existentia
1384 264 1605 296 amoveantur,
1622 265 1650 290 et
1663 258 1890 292 defunctorum
1906 270 2043 304 corpora

590 314 620 346 in
643 312 802 358 sepulcris
823 310 992 355 profundis
1013 310 1226 347 collocentur,
1249 310 1327 343 vibid.
1352 310 1622 347 Simoniacorum,
1657 310 1962 354 blasphemantium,
1992 324 2041 346 so-

586 367 784 401 domitarum
805 370 833 397 et
865 363 1174 397 concubinariorum
1212 374 1347 407 poenae,
1382 364 1460 396 ibid.
1484 364 1500 395 b
1520 370 1549 396 et
1579 375 1639 407 seq.
1670 364 1788 397 Contra
1807 375 1888 407 quos
1911 366 2043 409 procedi

588 421 684 455 debet
699 418 794 452 etiam
826 427 884 461 per
906 421 1063 449 secretam
1091 416 1402 454 deiutiiciatioiieni;
1431 417 1680 450 denuntiatores
1705 422 1812 450 autem
1851 418 2041 452 calumniosi

586 483 689 518 poena
708 470 837 504 talionis
857 470 1064 510 mulctentur,
1082 469 1145 503 437
1166 471 1194 502 b.

497 527 606 562 Diviniv
621 525 720 560 officii
740 525 845 558 forma
859 535 878 557 a
896 523 1021 558 Gelasio
1040 524 1094 557 Iet
1116 524 1270 567 Gregorio
1291 524 1302 557 l
1323 524 1479 563 instituta,
1502 529 1531 557 et
1545 536 1562 557 a
1575 524 1789 567 Gregorionl
1802 530 1952 558 renovata
1962 527 2044 559 mul—

586 579 740 623 tipliciter
760 582 871 622 postea
896 578 1064 610 immutata
1083 577 1154 618 fuit,
1177 577 1241 611 685
1257 589 1287 611 a.
1316 578 1407 611 Hunc
1428 578 1581 622 precandi
1597 583 1625 610 et
1648 578 1805 622 psallendi
1824 579 1968 618 modum,
1989 580 2044 623 qui

585 633 616 666 in
631 631 792 666 Breviario
801 631 947 665 Romano
959 631 1154 671 continetur,
1168 632 1287 665 Paulus
1297 632 1333 664 lv
1343 632 1515 665 emendare
1524 643 1693 674 aggressus
1706 637 1752 665 est
1762 632 1816 666 sed
1833 638 1935 665 morte
1950 643 2043 676 prae-

585 690 699 720 ventus
719 695 784 718 non
800 685 947 729 perfecit,
964 686 1044 718 ibid.
1061 685 1089 717 b.
1112 684 1187 718 Pius
1203 685 1238 717 tv
1255 685 1491 718 absolutionem
1513 685 1619 729 operis
1629 685 1790 718 commisit
1809 685 1955 729 patribus
1971 696 2046 719 con-

584 739 652 772 cilii
672 738 864 778 Tridentini,
887 739 964 771 ibid.
980 738 1161 772 Concilium
1184 738 1306 771 remisit
1326 738 1485 779 Pontitici⁷
1507 739 1574 782 qui,
1597 739 1747 772 similiter
1766 744 1869 773 morte
1889 749 2044 783 praeven-

584 798 646 833 tus,
666 792 900 836 incompletum
929 803 1011 837 opus
1026 792 1167 836 reliquit,
1193 791 1256 825 686
1288 803 1318 824 α.
1350 791 1423 824 Pius
1443 792 1465 824 V
1486 792 1682 825 Breviarium
1699 792 1843 836 perficit,
1866 798 1898 825 et
1916 793 2004 826 aliud
2026 804 2045 826 a

583 845 740 880 cardinali
760 845 933 880 Francisco
952 846 1134 889 Quignonio
1155 846 1278 879 editum
1300 845 1461 889 prohibet,
1477 846 1570 886 ibide,
1584 845 1659 879 item
1681 846 1789 879 onmia
1803 845 1963 879 Breviaria
1979 856 2043 879 non

587 900 767 946 approbata
792 899 824 932 in
863 900 1025 943 primaeva
1047 899 1256 932 ecclesiarum
1288 899 1501 939 institutione,
1522 900 1571 933 vel
1598 911 1657 932 usu
1679 909 1714 933 cc
1734 910 1836 933 annos
1857 900 2043 940 excedente,

586 954 690 994 ibid.,·
712 963 937 998 quascumque
963 954 1130 986 facultates
1150 953 1263 985 orandi
1285 954 1371 986 iuxta
1395 953 1526 996 antiqua
1557 952 1717 986 Breviaria
1737 958 1875 993 revocat,
1902 954 1982 987 ibid.
2009 954 2046 995 b,-

584 1018 705 1041 novum
725 1008 926 1041 Breviarium
948 1008 1049 1052 recipi
1072 1008 1172 1048 iubet,
1187 1008 1282 1043 ibid..-
1300 1007 1518 1050 indulgentias
1538 1006 1685 1039 coucedit
1702 1006 1886 1040 dicentibus
1904 1007 2048 1041 Psalmos

584 1063 837 1097 Poenitentiales
859 1064 906 1096 vel
923 1062 1111 1105 Graduales,
1134 1064 1180 1095 vel
1196 1062 1339 1095 osticium
1366 1062 1399 1094 B.
1422 1062 1538 1094 Mariae
1556 1062 1603 1095 vel
1624 1061 1855 1094 Defunctorum
1878 1061 1993 1095 diebus
2015 1062 2047 1096 in

585 1117 725 1150 rubricis
746 1117 964 1161 praescriptis.
983 1116 1045 1150 687
1067 1128 1098 1149 a.
1122 1117 1319 1149 Breviarium
1342 1116 1461 1149 Romae
1479 1122 1616 1155 tantum,
1639 1122 1668 1148 et
1690 1126 1753 1148 non
1770 1115 1860 1156 alibi,
1880 1115 1948 1149 sine
1963 1115 2046 1149 Pon-

583 1170 680 1204 titicis
700 1170 842 1209 licentia,
862 1170 1003 1215 imprimi
1026 1182 1118 1215 posse
1136 1170 1292 1211 decernit,
1319 1170 1396 1203 ibid.
1421 1170 1449 1202 b.

495 1224 650 1258 Doctores
665 1224 905 1268 cuiuscumque
918 1224 1091 1261 facultatis,
1116 1230 1177 1257 tam
1192 1224 1285 1257 electi
1305 1235 1402 1268 quain
1424 1223 1579 1266 eligendi,
1604 1223 1690 1255 illam
1711 1233 1860 1256 exercere
1880 1229 2048 1267 nequeunt

584 1278 644 1312 nisi
668 1278 758 1323 prius
783 1279 974 1312 catholicam
998 1279 1093 1311 tidem
1126 1280 1353 1323 profiteantur,
1378 1278 1442 1311 323
1462 1279 1489 1311 b.
1514 1278 1575 1311 Nec
1608 1284 1749 1311 rectores
1773 1277 1961 1312 Studiorum
1986 1289 2047 1312 nec

583 1332 637 1366 alii
661 1333 847 1377 superiores
862 1333 1034 1375 eligantur,
1061 1332 1121 1365 nisi
1143 1333 1289 1365 eamdem
1320 1332 1472 1376 impleant
1495 1332 1728 1369 conditionem.
1751 1331 1816 1365 324
1835 1343 1865 1365 a.
1887 1332 1974 1366 ldem
1995 1332 2044 1366 di-

585 1386 725 1419 cendum
756 1386 796 1419 de
825 1386 1028 1419 scholaribus
1058 1386 1096 1418 ad
1131 1386 1247 1428 gradus
1269 1386 1506 1430 promovendis,
1530 1387 1606 1418 ibid.
1634 1385 1759 1419 Poenae
1780 1386 1874 1418 aliter
1902 1386 2042 1430 aliquem

585 1440 859 1485 promoventium,
889 1440 966 1472 ibid.
1003 1441 1031 1471 b.
1059 1440 1203 1479 Quorum
1226 1440 1446 1483 promotiones
1476 1441 1636 1476 delentur,
1666 1440 1743 1473 ibid.
1777 1440 1890 1473 Forma
1925 1440 2045 1484 profes-

585 1493 686 1527 sionis
705 1493 780 1526 fidei
814 1504 831 1525 a
861 1493 1054 1537 supradictis
1083 1493 1296 1531 emittendae,
1319 1492 1383 1527 3⁶25
1403 1494 1419 1525 b
1441 1500 1468 1525 et
1490 1505 1552 1536 seq.
1580 1494 1749 1533 Doctores,
1777 1493 1958 1535 magistros,
1984 1497 2041 1527 etc.

585 1547 714 1580 creandi
736 1547 871 1590 gratiam
886 1547 1148 1590 quibuscumque
1167 1557 1351 1579 concessam
1373 1553 1497 1580 revocat
1523 1547 1598 1579 Pius
1619 1547 1652 1586 Y,
1676 1546 1739 1579 673
1759 1547 1787 1579 b.

496 1601 667 1635 Doctrinae
687 1601 881 1634 christianae
916 1606 1088 1645 praecepta
1108 1606 1325 1645 propagantes
1340 1602 1620 1641 commendantur,
1643 1600 1708 1634 945
1727 1601 1754 1633 b.
1780 1601 1938 1634 Locorum
1955 1600 2042 1634 ordi-

584 1654 684 1688 nariis
704 1654 904 1699 praecipitur
924 1654 1091 1687 doctrinae
1117 1655 1309 1688 christianae
1332 1654 1478 1688 sodalitia
1500 1655 1530 1687 in
1549 1655 1614 1687 suis
1632 1654 1834 1687 dioecesibus
1859 1654 2040 1694 instituere,

585 1707 648 1741 946
669 1719 699 1741 α.
718 1707 996 1750 Indulgentiarum
1023 1708 1188 1740 concessio
1211 1720 1267 1751 pro
1289 1708 1452 1741 sodalibus
1466 1715 1493 1741 et
1516 1708 1726 1748 instruendis,
1748 1707 1826 1740 ibid.

496 1761 654 1795 Dominici
674 1761 736 1805 (S.)
755 1761 840 1795 Ordo
856 1760 1106 1805 quampluribus
1125 1762 1236 1804 gratiis
1256 1763 1386 1802 ditatus,
1408 1763 1574 1806 speciatim
1593 1752 1697 1805 quoad
1716 1760 1922 1805 praedicandi
1944 1761 2043 1794 facul-

586 1820 696 1856 tatem,
719 1822 852 1860 quartae
878 1816 1073 1850 funeralium
1099 1816 1293 1850 solutionem
1332 1828 1367 1849 ac
1390 1817 1439 1849 ius
1458 1816 1647 1860 sepeliendi,
1663 1814 1725 1849 587
1749 1826 1787 1853 a‚·
1811 1814 1918 1859 quoad
1938 1825 2043 1848 exem-

586 1870 729 1914 ptionem
750 1871 789 1903 ab
809 1871 965 1904 oneribus
989 1878 1019 1904 et
1040 1871 1079 1904 ab
1096 1871 1335 1905 ordinariorum
1357 1871 1593 1907 iurisdictione,
1617 1870 1694 1903 ibid.
1709 1870 1738 1902 b.
1763 1869 1915 1902 Nonnulli
1936 1875 2044 1902 tamen

586 1925 729 1970 episcopi
751 1930 780 1958 et
808 1925 859 1958 alii
877 1925 1023 1958 molestia
1045 1925 1227 1958 afficiebant
1239 1926 1352 1959 fratres
1373 1932 1400 1959 et
1415 1925 1571 1957 moniales
1587 1923 1683 1957 huius
1699 1923 1827 1957 Ordinis
1847 1923 1932 1956 circa
1952 1933 2044 1968 prae-

591 1978 773 2020 missa,588
784 1990 814 2012 α.
830 1979 905 2012 Pius
919 1980 952 2020 V,
968 1980 1006 2012 ad
1024 1980 1201 2013 tollendum
1215 1979 1460 2015 controversias,
1477 1990 1528 2012 eas
1543 1989 1654 2011 (nunes
1674 1978 1713 2011 ad
1725 1988 1756 2010 se
1775 1978 1920 2018 advocat,
1933 1976 1997 2011 589
2009 1988 2044 2018 a,·

587 2033 770 2074 confirmat,
801 2033 968 2077 privilegia
988 2034 1066 2066 ibid.
1086 2034 1125 2074 b;
1154 2035 1294 2067 declarat
1316 2033 1450 2076 gratiam
1472 2033 1557 2066 circa
1574 2032 1846 2077 praedicationes,
1869 2031 1920 2064 ius
1939 2031 2044 2076 sepul-

587 2093 691 2127 turae,
713 2092 861 2132 quartam
896 2088 1106 2129 funeralium,
1130 2088 1399 2124 contributiones,
1440 2086 1709 2120 monasteriorum
1735 2085 1994 2119 aedificationem
2015 2091 2046 2118 et

587 2143 825 2187 exemptionem
846 2143 886 2176 ab
905 2143 1145 2177 ordinariorum
1163 2143 1394 2182 iurisdictione,
1416 2142 1479 2175 590
1500 2153 1520 2174 a
1545 2147 1572 2175 et
1593 2153 1671 2185 seq.;
1690 2142 1874 2175 facultatem
1888 2140 2043 2175 'concedit

588 2196 726 2240 eligendi
747 2207 969 2240 quascumque
987 2208 1150 2240 personas,
1179 2208 1385 2240 quacumque
1411 2196 1565 2240 dignitate
1585 2195 1801 2228 ecclesiastica
1815 2189 1993 2238 fulgentes,
2011 2193 2043 2227 in

588 2261 701 2284 eorum
722 2257 963 2284 conservatores
983 2256 1014 2283 et
1034 2252 1168 2292 iudices,
1191 2252 1244 2295 qui
1266 2252 1327 2284 hoc
1350 2262 1467 2284 munus
1487 2261 1637 2284 recusare
1662 2261 1726 2283 non
1747 2249 1889 2294 possint,
1912 2248 1969 2282 5911
2001 2248 2044 2288 b,-

588 2305 731 2338 declarat
741 2315 897 2349 personas
916 2304 1044 2338 Ordinis
1064 2306 1180 2338 nullibi
1205 2317 1301 2349 quam
1324 2316 1432 2338 coram
1443 2315 1556 2337 eorum
1573 2304 1854 2337 conservatoribus
1873 2301 2043 2337 convenire.

591 2363 647 2392 aut
665 2358 829 2392 conveniri
867 2368 973 2401 posse,
997 2357 1061 2391 592
1081 2370 1111 2391 α.
1148 2359 1414 2392 Conservatorum
1445 2359 1622 2399 facultates,
1660 2357 1736 2390 ibid.
1769 2358 1786 2390 b
1811 2362 1842 2390 et
1869 2367 1931 2401 seq.
1958 2355 2043 2389 Ordo

590 2412 620 2446 S.
639 2412 812 2453 Dominici,
839 2417 912 2445 ante
928 2412 1007 2445 alios
1026 2413 1277 2446 Mendicantium
1293 2413 1427 2447 Ordines
1448 2413 1657 2457 approbatus,
1684 2422 1782 2456 super
1801 2416 1925 2445 ceteros
1949 2419 2042 2454 prae.-

591 2466 771 2499 cedentiam
788 2466 908 2499 habere
932 2466 1040 2507 debet,
1063 2466 1126 2499 700
1146 2478 1176 2498 a.
1203 2467 1348 2500 Diversae
1365 2467 1436 2500 lites
1457 2467 1596 2510 desuper
1609 2471 1695 2498 ortas
1713 2465 1858 2498 Pontifex
1882 2464 1920 2497 ad
1936 2475 1968 2497 se
1990 2474 2041 2497 re-

592 2525 693 2560 vocat,
716 2520 794 2553 ibid.
817 2520 853 2561 b,·
879 2520 1020 2564 primum
1034 2520 1141 2553 locum
1159 2521 1310 2555 fratribus
1329 2520 1610 2553 Praedicatoribus
1630 2519 1790 2559 concedit,
1812 2518 1891 2551 ibid.
1909 2518 1943 2550 ln
1963 2518 2041 2551 Ara-

590 2572 685 2616 gonia
719 2573 832 2607 fratres
858 2583 923 2606 non
952 2580 1202 2618 promoveantur
1226 2575 1264 2607 ad
1295 2575 1600 2609 baccalaureatum,
1633 2573 1692 2605 uisi
1724 2570 1961 2618 philosophiam
1992 2571 2039 2604 vel

593 2626 787 2671 theologiam
817 2633 958 2672 quatuor
977 2637 1078 2663 annos
1099 2627 1281 2669 docuerint,
1304 2628 1367 2663 760
1388 2629 1415 2662 b.
1440 2627 1661 2661 Promotiones
1681 2626 1774 2660 aliter
1793 2626 1894 2660 factae
1910 2624 2041 2660 irritan-
