2237 3100
272 259 324 286 Αιι.
342 260 371 288 C.
391 260 458 287 ¹562

295 373 344 395 fide
362 375 392 394 eis
405 375 455 395 dan-

268 406 303 428 (ln,

307 742 381 763 (histrio
414 748 452 763 eo-

266 775 368 798 run-item,

302 1861 447 1883 §laudatorum

264 1895 398 1919 executione,

300 2541 331 2561 lla
321 2548 351 2568 aig
348 2544 446 2563 istrorum

262 2570 293 2589 via
310 2576 341 2588 utu
363 2572 380 2587 tt
378 2575 409 2589 ixa
426 2571 445 2589 iu

262 2576 378 2616 xciitendis
395 2596 427 2616 loc
417 2597 447 2616 tis

263 2624 286 2642 ad
324 2628 346 2642 ex
351 2623 448 2648 ponenda

263 2655 286 2669 ι
278 2656 316 2669 eun
307 2649 353 2671 alia.
370 2652 415 2676 etc,

518 251 583 286 218

516 313 531 356 ἓ
551 312 604 346 29.
627 313 749 352 Quibus
764 313 894 357 quidem
915 312 1176 346 extraordinariis
1187 312 1225 344 fi-

471 365 543 398 dem
556 366 725 399 adhibeant
743 366 827 399 iuxta
841 367 973 399 formam
992 365 1111 398 decreti
1128 376 1144 398 a
1156 375 1225 397 mo-

470 419 579 452 dernis
608 419 887 452 conservatoribus
914 419 1028 451 ultimo
1053 419 1123 451 loco
1149 418 1224 451 editi

470 478 497 505 et
521 483 584 505 uon
597 473 700 505 aliter.
714 472 832 515 Cogant
851 472 1140 504 extraordinarium
1158 483 1224 504 ma-

470 524 571 558 iorem
592 525 629 557 ad
652 525 866 557 exercendum
888 524 1030 557 osticium
1052 524 1147 557 etiam
1168 536 1226 568 per

469 588 501 610 se
523 578 628 620 ipsum
655 583 683 610 et
706 588 762 620 per
783 577 990 610 substitutum
1012 578 1163 610 idoneum
1186 578 1224 611 ab

468 630 545 673 ipsis
571 630 849 663 conservatoribus
874 631 1134 674 approbandum.

512 684 526 725 g
547 683 600 716 30.
624 684 658 715 Et
676 684 759 716 idem
781 684 1055 716 extraordinarius
1076 684 1178 717 maior
1195 691 1223 717 et

468 734 536 768 eins
557 737 759 775 substitutus,
783 748 819 769 ac
841 737 982 770 minores
1003 737 1223 770 extraordina-

467 789 505 821 rii
522 800 638 832 cogere
661 789 781 833 possint
802 801 1037 833 quoscumque,
1055 791 1151 823 etiam
1168 802 1225 834 per

467 843 685 876 detentionem
699 854 887 887 corporum,
902 850 933 876 ut
948 844 1132 886 permittant
1143 855 1223 888 pon-

466 896 580 928 derare
602 907 715 929 carnes
731 902 761 929 et
776 896 837 929 alia
853 898 972 936 omnia,
993 908 1075 939 quae
1097 897 1156 929 sub
1173 909 1225 930 eo-

465 960 538 981 rnm
560 961 637 982 cura
659 956 742 987 sunt,
756 955 783 983 et
798 952 938 993 pretinm
965 950 1167 989 denuntient,
1195 957 1222 983 et

467 1009 664 1041 recusantes,
687 1015 744 1047 pro
774 1004 879 1047 prima
900 1004 967 1036 rice
993 1005 1171 1047 puniantur
1191 1005 1222 1037 in

465 1056 601 1099 duplum
622 1058 740 1090 valoris
761 1057 806 1090 rei
828 1069 927 1101 penes
944 1069 998 1090 eos
1012 1058 1170 1098 inventae,
1193 1064 1221 1091 et

464 1119 523 1152 pro
543 1109 605 1141 alia
621 1110 701 1149 vice,
724 1110 749 1142 si
771 1110 850 1142 illud
868 1110 951 1142 idem
973 1110 1172 1149 admiserint,
1191 1111 1222 1143 in

464 1162 600 1205 duplum
621 1169 652 1195 etv
671 1163 744 1203 alia,
767 1164 861 1196 etiam
889 1164 1062 1207 corporali,
1091 1164 1223 1198 arbitrio

464 1222 740 1255 conservatorum3
767 1222 797 1249 et
813 1217 1025 1250 nihilominus
1046 1218 1222 1251 extraordi-

464 1269 574 1302 narius
594 1276 623 1302 et
650 1270 718 1302 eius
739 1271 930 1303 substitutus
950 1282 984 1303 a(-
1007 1271 1060 1303 alii
1082 1271 1223 1304 minores

464 1322 707 1355 extraordinarii
728 1323 884 1366 praedicti
911 1323 1019 1356 omnia
1053 1334 1221 1356 conserva-

463 1375 587 1408 toribus
608 1376 818 1415 denuncient,
831 1382 861 1409 et
883 1387 933 1409 res
954 1377 1060 1409 taliter
1080 1377 1222 1410 inventas

464 1429 649 1461 nullatenus
659 1429 717 1461 sibi
728 1430 898 1469 retineant,
914 1430 967 1462 sed
988 1431 1027 1463 ad
1047 1430 1134 1474 ipsos
1144 1441 1221 1463 con-

464 1487 641 1515 servatores
669 1483 794 1515 deserre
815 1488 997 1515 teneantur.
1021 1483 1055 1515 Et
1083 1483 1221 1526 barigel-

463 1535 514 1567 lus
549 1546 586 1568 ac
624 1535 677 1569 alii
713 1541 901 1568 executores
939 1547 1222 1580 quarumcumque

464 1588 629 1621 curiarum
651 1588 755 1621 eidem
777 1588 1031 1622 extraordinario
1052 1590 1167 1623 maiori
1193 1596 1219 1623 et

463 1641 531 1674 eius
552 1642 722 1675 substituto
743 1642 774 1675 in
804 1642 977 1686 praedictis
1007 1654 1043 1675 ae
1063 1643 1134 1676 aliis
1167 1655 1222 1677 eo-

463 1705 535 1727 rum
557 1695 700 1728 officium
723 1696 996 1729 concernentibus
1016 1696 1147 1729 obedire
1178 1702 1223 1730 te-

464 1753 614 1781 neantur.

507 1801 522 1843 g
541 1800 595 1834 31.
619 1802 764 1835 Mandata
789 1802 951 1835 executiva
972 1813 1218 1846 quaecumque,

464 1861 527 1889 tam
549 1857 582 1888 in
602 1856 748 1889 civilibus
782 1867 879 1899 quam
906 1856 938 1888 in
960 1856 1183 1890 criminalibus
1204 1869 1221 1890 a

463 1910 724 1954 quibuscumque
747 1910 909 1943 iudicibus
929 1910 1078 1951 decreta,
1102 1911 1219 1954 passim

462 1969 492 1996 et
512 1963 706 2002 indistincte,
731 1963 862 2006 ubique,
886 1963 997 1996 tamin
1019 1964 1102 1997 Urbe
1123 1975 1219 2006 quam

462 2018 495 2050 in
517 2018 623 2060 Burgo
645 2023 673 2050 et
699 2016 779 2060 Ripa
798 2043 804 2057 ,
828 2017 917 2049 nulla
938 2017 1084 2049 locorum
1106 2017 1219 2050 distin-

463 2071 569 2104 ctione
589 2071 711 2110 habita,
734 2071 854 2113 absque
879 2071 1016 2104 alicuius
1036 2071 1166 2104 licentia
1190 2078 1217 2105 et

462 2125 651 2168 praesertim
673 2125 831 2168 capitanei
858 2130 889 2157 et
914 2125 1029 2157 iudicis
1054 2125 1149 2168 Burgi
1183 2136 1220 2158 ac

463 2179 632 2211 camerarii
653 2178 764 2221 Ripae,
787 2189 846 2222 per
857 2189 1082 2222 quoscumque
1103 2190 1218 2212 execu-

462 2239 547 2266 tores
558 2232 678 2265 liberae
687 2232 867 2265 executioni
884 2232 1120 2265 demandentur
1134 2245 1139 2265 z
1159 2244 1219 2266 nec

462 2286 607 2319 executio
627 2313 633 2323 ,
657 2286 716 2319 sub
741 2297 779 2319 eo
801 2286 896 2319 etiam
933 2290 1097 2329 praetextu
1132 2287 1219 2329 quod

462 2340 553 2372 locus
573 2340 683 2380 iudici,
706 2339 761 2382 qui
783 2340 968 2373 mandatum
990 2339 1141 2380 decrevit,
1164 2351 1218 2373 su-

460 2386 585 2425 biectus
614 2403 678 2425 non
712 2392 775 2429 sit,
804 2392 913 2436 aliquo
934 2392 1030 2425 modo
1068 2392 1218 2436 impediri

461 2442 571 2485 possit.

507 2491 521 2534 ξ
540 2490 593 2523 ³⁶2.
615 2491 751 2533 Magistri
776 2491 899 2524 xiarum
925 2502 942 2523 a
964 2490 1152 2534 pistoribus,
1171 2493 1217 2524 la-

462 2539 541 2576 niis
569 2524 829 2580 salsamentariis
851 2539 1033 2573 siuetarolis
1053 2545 1081 2572 et
1104 2540 1218 2573 ceteris

462 2588 658 2627 huiusmodi,
684 2599 742 2632 plo
763 2589 865 2632 p1eti0
887 2590 1033 2622 loc-oium
1058 2589 1096 2621 ad
1120 2600 1217 2643 expo-

462 2638 569 2671 nenda
583 2637 718 2678 ιριιειΙίῑι,
733 2643 796 2670 tam
813 2638 845 2670 in
861 2638 974 2683 plateis
989 2649 1085 2681 quam
1107 2638 1138 2670 in
1150 2638 1216 2679 iiis,

1071 260 1252 285 BULLARIUM
1271 260 1423 285 ROMANUM

2037 259 2087 286 An.
2104 258 2134 286 C.
2154 259 2221 286 1562

1269 311 1332 345 illis
1361 310 1495 348 concedi
1523 312 1704 351 solitorum,
1734 310 1860 354 exigant
1874 314 2021 353 quartam

1270 370 1393 408 partem
1427 365 1534 398 minus
1558 376 1655 408 quam
1678 365 1836 398 hactenus
1855 363 1936 406 exigi
1949 373 2023 396 eon-

1269 418 1419 458 saeverit,
1443 423 1668 461 praeterquam
1689 429 1706 450 a
1735 418 1953 451 deserentibus
1971 428 2024 450 res

1268 472 1395 504 venales
1415 472 1453 504 ad
1474 477 1652 504 mercatum
1672 471 1704 504 in
1729 472 1833 515 platea
1853 470 1983 513 Agonis,
2007 481 2022 503 a

1268 525 1386 568 quibus
1407 525 1487 557 nillil
1507 535 1641 568 prorsus
1661 525 1786 567 exigere
1807 524 1940 568 possint.

1312 578 1326 620 ξ
1346 577 1399 611 33.
1424 578 1469 610 Ad
1489 584 1587 611 strata
1610 578 1747 611 lateritia
1768 577 1801 610 in
1819 577 1876 610 viis
1893 604 1900 617 ,
1927 583 2023 621 prout

1268 641 1350 674 opus
1371 642 1438 664 esse
1460 631 1505 664 eis
1525 631 1708 671 videbitur,
1745 631 1894 664 dominos
1920 630 2023 664 conti-

1267 695 1404 726 guarum
1426 685 1612 725 domorum,
1635 685 1869 728 cuiuscumque
1895 683 1956 717 sint
1980 683 2025 717 di-

1267 738 1406 780 gnitatis,
1423 743 1478 770 aut
1498 738 1522 771 si
1544 738 1604 781 ipsi
1625 738 1785 771 abfuerint
1803 738 1851 770 vel
1873 737 2024 771 solvendo

1268 801 1331 823 non
1348 791 1422 831 sint,
1441 791 1570 823 illorum
1588 790 1864 834 inquilinosiuris
1874 790 2025 824 remediis

1267 845 1467 886 opportunis,
1491 855 1527 876 ac
1548 843 1608 876 sub
1633 854 1747 876 eorum
1767 843 1890 875 arbitrii
1912 843 2024 886 poenis

1267 901 1393 936 cog-ant.
1417 896 1535 929 Curent
1557 907 1593 928 ex
1606 896 1764 940 pecuniis,
1783 906 1864 939 quae
1875 895 1914 927 ab
1930 895 2024 928 Urbis

1267 948 1444 981 artiticibns
1455 950 1628 991 exiguntur
1640 955 1667 981 et
1685 949 1906 993 deponuntur,
1926 949 2021 982 etiarn

1266 1012 1282 1033 a
1304 1002 1516 1042 carrecteriis,
1534 1013 1617 1046 quae
1639 1001 1785 1035 similiter
1804 1000 2021 1045 deponentur,

1267 1066 1325 1088 nec
1341 1056 1380 1088 ab
1402 1055 1521 1089 eisdem
1539 1055 1820 1099 magistrisquovis
1839 1055 1935 1088 modo
1951 1066 2024 1100 per-

1267 1107 1448 1151 cipiantur,
1483 1108 1548 1141 vias
1572 1108 1717 1141 eiusdem
1743 1107 1836 1141 Urbis
1867 1107 2022 1140 continuo

1266 1171 1301 1193 ac
1317 1162 1436 1203 Agonis
1446 1166 1474 1194 et
1486 1166 1609 1194 ceteras
1617 1162 1738 1205 plateas
1758 1159 1972 1201 dictanrbis‚
1983 1160 2022 1194 ad

1267 1214 1373 1247 minus
1389 1220 1502 1258 quater
1518 1215 1548 1247 in
1566 1225 1661 1255 anno,
1677 1214 1829 1256 idemque
1849 1212 1882 1246 in
1901 1213 2021 1254 martii,

1266 1267 1358 1307 iunii
1381 1268 1573 1311 septembiis
1593 1274 1623 1301 et
1642 1266 1823 1301 decembiis
1844 1266 2021 1307 mensibus,

1266 1321 1433 1354 munditiis
1455 1321 1597 1364 purgati.
1618 1321 1730 1353 Nullos
1759 1325 1849 1353 actus
1868 1319 2029 1363 nullaque

1266 1374 1424 1416 nessoeia
1447 1385 1530 1417 quae
1556 1375 1693 1407 alicuius
1713 1373 1870 1407 momenti
1889 1373 2020 1414 fuerint,

1266 1427 1333 1459 sim
1354 1427 1460 1470 rooim
1481 1428 1529 1460 sui
1551 1427 1667 1461 notaiii
1688 1427 1868 1470 expediant.

1309 1481 1323 1523 Ε
1343 1481 1396 1514 34
1420 1481 1633 1524 Submaoisni
1653 1491 1728 1514 xero
1751 1481 1904 1521 illorum,
1937 1481 2020 1514 rela-
2067 1495 2222 1521 surr-agano-

1264 1534 1380 1574 tiones,
1399 1546 1479 1578 quas
1494 1541 1659 1579 tamquam
1672 1534 1765 1578 periti
1779 1534 1884 1567 facele
1904 1534 2019 1575 solent,
2035 1532 2081 1582 {2¹2¹
2110 1526 2148 1546 '⁶¹
2150 1527 2223 1547 ²¹⁰¹'¹‘

1264 1588 1392 1621 nonnisi
1417 1589 1598 1622 mediante'
1592 1593 1774 1622 linamento
1795 1588 1924 1628 faciant,
1946 1593 1977 1621 et
1996 1587 2022 1621 si

1264 1641 1341 1684 quid
1362 1642 1437 1675 dolo
1470 1643 1517 1675 rel
1540 1643 1651 1676 fraude.
1673 1643 1813 1686 egerint,
1836 1641 1972 1686 periurii
1992 1647 2023 1675 et

1264 1694 1342 1727 alias
1375 1706 1495 1738 poenas
1515 1696 1647 1728 arbitrio
1674 1695 1841 1729 camerarii
1861 1700 1892 1728 et
1912 1695 2023 1729 clerici

1264 1747 1415 1781 Gamerae
1436 1760 1494 1792 pro
1514 1754 1661 1793 tempore
1681 1749 1893 1794 praesidentis
1912 1749 2023 1782 incur-

1264 1806 1347 1841 rant,
1370 1803 1447 1835 etad
1466 1802 1619 1836 interesse
1636 1802 1781 1846 partibus
1801 1803 2020 1836 condemnen-

1263 1859 1326 1887 tur.

1307 1910 1322 1952 ἓ
1341 1908 1394 1943 35.
1418 1910 1517 1943 Edant
1541 1910 1572 1943 in
1589 1910 1679 1944 initio
1698 1922 1811 1944 eorum
1833 1911 1931 1945 officii
1948 1923 2020 1956 pro-

1265 1964 1400 1996 clamata
1421 1964 1480 1996 sub
1500 1964 1631 1997 nomine
1652 1964 1728 1997 dicti
1744 1966 1926 2007 camerarii,
1940 1967 2020 2000 etde

1264 2018 1377 2061 poenis
1397 2018 1429 2050 in
1450 2018 1512 2050 illis
1523 2018 1682 2051 contentis
1698 2029 1734 2051 ac
1754 2020 1928 2053 statutariis
1948 2022 2020 2054 nul-

1263 2072 1339 2109 lam,
1376 2072 1444 2104 sine
1475 2072 1620 2105 eiusdem
1641 2073 1811 2106 camerarii
1831 2079 1886 2107 aut
1906 2075 2018 2109 saltem

1263 2125 1372 2158 clerici
1397 2126 1609 2169 praesidentis
1633 2127 1795 2166 mandato,
1809 2127 1957 2170 ‘gratiam
1972 2129 2019 2162 fa-

1263 2189 1335 2211 cere
1360 2179 1493 2221 possint.
1512 2179 1545 2211 In
1567 2179 1767 2219 ceteris,ta1n
1784 2181 1890 2223 quoad
1910 2182 2019 2226 appel-

1262 2233 1397 2266 lationes
1417 2233 1456 2265 ab
1469 2244 1581 2266 eorum
1599 2233 1776 2274 sententiis,
1794 2245 1890 2277 quam
1911 2235 2017 2278 quoad

1263 2286 1386 2328 reliqua
1407 2286 1515 2318 onmia
1534 2313 1540 2326 ,
1574 2286 1743 2319 observent
1763 2297 1842 2320 nova
1862 2292 1894 2320 et
1911 2292 2016 2322 vetera

1262 2345 1390 2372 statuta.

1306 2394 1320 2436 ξ
1339 2393 1393 2426 36.
1412 2394 1591 2427 Advocatus
1612 2404 1794 2438 pauperum
1813 2394 1937 2428 solicite
1953 2401 2018 2429 stu·
2054 2410 2214 2438 Advocaiipau-

1261 2442 1329 2474 deat
1351 2453 1391 2476 ne
1412 2443 1567 2476 carcerati
1596 2443 1627 2475 in
1657 2443 1778 2485 aliquo,
1811 2447 1873 2475 tam
1894 2454 1911 2476 a
1931 2443 2016 2477 iudi·
2031 2447 2104 2468 petum
2119 2442 2195 2464 ⁰¹⁶⁰¹⁰·

1261 2490 1376 2531 cibus,
1411 2503 1508 2535 quam
1543 2492 1637 2524 etiam
1671 2492 1709 2523 ab
1735 2492 1961 2525 executoribus
1985 2499 2014 2527 et

1261 2550 1429 2572 carcerum
1443 2540 1642 2579 custodibus,
1664 2545 1848 2582 graventur.
1868 2541 1902 2573 Et
1916 2552 2015 2586 prop-

1261 2592 1348 2621 terea
1368 2599 1432 2621 non
1457 2590 1536 2622 desit
1557 2599 1711 2632 umquam
1731 2589 1764 2622 in
1784 2589 2016 2625 visitationibus

1262 2648 1444 2678 carcerum,
1467 2644 1531 2671 tam
1553 2637 1691 2682 publicis
1710 2648 1807 2681 quam
1827 2638 1969 2682 privatis;
1985 2646 2016 2674 et

2099 589 2223 613 Eorumdem

2039 620 2115 646 officio,

2074 1928 2220 1955 nagisirorum

2034 1960 2118 1984 edictis,
