2237 3100
39 289 89 316 An.
106 287 135 315 C.
153 288 217 316 1561

44 775 156 803 Sportula·
184 777 215 796 sie

31 807 143 834 recipiunt:
159 808 215 828 vide-

31 837 89 863 licet,

42 1094 66 1116 ln
81 1096 150 1116 camin
165 1101 212 1122 pro-

27 1126 89 1152 ῐοιιίε,

36 1637 60 1659 ln
76 1641 146 1660 causis
166 1639 207 1661 be-

22 1670 162 1692 neficiatibus.

904 292 971 317 PIUS
995 291 1027 316 tv
1050 291 1098 316 1³1³.

1670 281 1733 316 '157

1795 291 1845 318 An.
1862 290 1891 318 C.
1909 291 1975 320 ¹56¹

236 353 287 376 sae
308 342 403 383 civili,
422 343 454 376 in
474 343 544 377 eius
565 344 747 388 cognitione
764 347 981 390 supersedeat.
1028 350 1099 389 post
1127 343 1340 388 subscriptam
1375 343 1565 377 sententiam
1591 349 1621 378 et
1653 347 1778 379 notario
1808 353 1918 379 sportulae
1939 354 1979 374 ‹¹0-

1771 403 1776 408 ,
1795 388 1899 411 ponantur
1939 391 1978 411 po-

235 397 271 429 Et
282 397 553 441 quandocumque
566 398 659 432 iudex
671 399 737 443 ipse
749 399 942 438 ordinarius,
954 401 984 433 in
1028 399 1174 432 traditam
1196 404 1223 432 et
1246 410 1309 432 non
1330 404 1434 439 antea,
1451 399 1581 443 deponi,
1595 405 1625 433 et
1641 401 1778 435 auditori
1795 421 1833 436 nes
1874 417 1978 437 notarium

234 451 339 484 causis
354 451 577 486 criminalibus
589 464 696 486 coram
710 464 747 487 eo
759 455 984 497 pendentibus,

234 504 407 547 indiguerit
435 506 690 549 depositionibus
720 508 847 541 testium
867 509 915 541 vel
932 509 986 541 ali-

233 559 351 602 quibus
371 559 538 603 scripturis
553 562 592 594 ad
610 573 722 594 causas
742 562 926 595 criminales
942 565 985 597 sa-

232 612 403 653 cientibus,
416 618 564 647 teneatur
579 615 707 648 auditor
723 615 794 648 illas
808 616 856 649 vel
872 627 983 649 earum

232 667 428 710 exemplum,
447 672 482 700 ut
498 668 690 711 praefertur,
704 669 846 701 exhiberi
864 670 980 702 facere..

275 720 289 763 ᾖ
309 720 362 753 ’17.
384 721 422 754 Ut
437 727 544 754 autem
561 721 687 754 debitus
703 723 818 755 modus
833 724 984 766 sportulis

230 773 428 817 imponatur,
442 785 507 807 non
519 776 640 818 possint
656 775 819 809 auditores
828 776 982 819 partibus,

230 838 289 872 per
298 838 330 860 se
341 828 388 861 vel
398 828 509 867 alium,
521 829 634 873 quovis
645 830 751 870 modo,
764 830 983 873 sportularum

229 880 374 921 nomine,
404 881 524 925 aliquid
552 887 661 926 petere
688 884 733 915 vel
761 883 903 926 exigere,
927 883 981 916 sed

230 945 290 968 nec
317 940 430 979 sponte
458 936 610 969 dantibus
638 937 721 970 ultra
751 943 854 970 taxam
882 936 981 969 infra-

230 988 382 1032 scriptam
403 988 565 1033 accipere,
587 990 745 1023 videlicet.

272 1041 287 1084 §
307 1041 360 1075 18.
383 1041 417 1074 In
448 1042 553 1075 causis
578 1043 775 1086 pecuniariis
801 1054 857 1075 seu
878 1044 982 1086 prosa-

228 1094 277 1128 nis
297 1101 352 1128 aut
372 1105 454 1139 quae
474 1096 553 1129 alias
568 1096 671 1140 pretio
694 1096 878 1129 nummario
903 1107 982 1139 quo-

227 1159 293 1193 quo
313 1150 410 1183 modo
430 1150 591 1183 aestimari
609 1150 742 1194 possint,
761 1151 785 1183 si
803 1150 981 1184 aestimatio

226 1203 286 1244 rei,
304 1203 342 1237 de
362 1215 426 1247 qua
441 1209 565 1247 agetur,
588 1215 653 1238 non
670 1204 801 1237 excedat
820 1215 980 1237 summam

227 1256 315 1290 mille
331 1257 535 1298 ducatorum,
551 1269 654 1302 usquc
670 1258 710 1291 ad
725 1268 842 1291 aurcos
853 1258 978 1298 decem;

227 1320 246 1343 a
264 1311 353 1345 mille
378 1323 465 1353 vero,
488 1323 591 1356 usque
613 1312 652 1344 ad
672 1312 784 1345 decem
805 1311 917 1352 millia,
940 1312 981 1345 vi-

226 1363 472 1408 gintiquinqne3
493 1376 511 1398 a
534 1365 646 1398 decem
667 1365 812 1398 millibus
826 1366 979 1409 usquead

225 1417 337 1461 viginti
376 1418 476 1452 millia
493 1447 500 1460 ,
537 1419 773 1463 quinquaginta
790 1431 796 1459 ;
832 1419 872 1452 ab
906 1420 979 1453 inde

227 1481 336 1515 supra,
358 1483 461 1516 usque
482 1472 520 1505 ad
541 1483 782 1517 quamcumque
804 1483 976 1514 summam,

226 1529 368 1558 centum.

267 1577 283 1621 ἓ
302 1577 357 1612 49.
379 1579 414 1612 In
430 1579 674 1613 beneficialibus
688 1589 776 1619 vero,
794 1579 819 1612 si
836 1579 979 1613 redditus

223 1641 364 1674 annuus,
382 1633 420 1666 de
440 1644 504 1677 quo
520 1639 646 1677 agetur,
659 1643 724 1667 non
741 1633 871 1667 excedat
892 1645 978 1667 surn-

223 1695 308 1718 mam
325 1692 455 1719 centum
471 1687 677 1728 ducatorum,
689 1687 836 1720 similiter
851 1687 975 1727 decem;

222 1749 240 1771 a
261 1745 390 1773 centum
411 1751 485 1773 vero
516 1751 618 1784 usque
646 1741 684 1773 ad
715 1741 818 1781 mille,
848 1741 976 1784 viginti-

221 1792 382 1838 quinque;
409 1805 427 1827 a
456 1795 543 1828 mille
569 1805 671 1838 usque
701 1795 741 1828 ad
766 1795 826 1827 tria
853 1795 972 1835 millia,

220 1846 468 1891 quinquaginta3
490 1847 605 1881 abinde
620 1859 696 1881 vero
717 1859 826 1892 supra,
845 1853 975 1881 centum

220 1911 336 1935 aureos
352 1913 410 1946 pro
427 1903 580 1946 sportulis
597 1902 832 1945 cuiuscumque
850 1909 975 1936 senten-

219 1954 281 1987 tiae
301 1955 481 1989 definitivae
506 1957 682 1996 dumtaxat,
715 1961 747 1988 ut
771 1956 971 1999 praefertur,

219 2007 366 2052 accipere
386 2010 522 2042 valeant.
546 2009 577 2042 Si
603 2020 678 2042 vero
707 2020 802 2042 causa
828 2009 974 2043 aestima—

218 2061 340 2094 tionem
359 2072 425 2095 non
445 2063 537 2096 facile
558 2063 705 2107 recipiat,
728 2063 890 2106 sportulae
907 2074 973 2096 mo-

219 2115 356 2156 deratae,
378 2127 436 2160 pro
454 2128 564 2150 rerum
587 2123 615 2150 et
637 2128 849 2161 personarum
871 2117 972 2161 quali-

219 2173 292 2210 tate,
307 2169 393 2202 iuxta
413 2175 500 2203 taxas
516 2170 705 2214 praedictas,
722 2170 822 2214 recipi
836 2171 969 2214 possint;

217 2232 278 2256 nec
299 2223 421 2267 aliquid
442 2224 526 2257 ultra
541 2234 606 2257 non
627 2225 731 2257 solum
752 2224 830 2267 ipsis
845 2224 970 2258 andito-

217 2276 328 2317 ribus,
363 2277 417 2311 sed
450 2289 510 2311 nec
540 2289 653 2311 eorum
684 2278 895 2312 familiaribus
923 2279 970 2312 vel

218 2330 467 2375 consanguineis
492 2337 544 2364 aut
575 2331 644 2364 aliis
668 2331 833 2375 quibusvis
859 2343 970 2376 perso-

215 2385 276 2426 nis,
307 2385 426 2419 directe
452 2386 501 2418 vel
525 2385 700 2425 indirecte,
729 2385 841 2429 quovis
869 2397 969 2429 quae-

216 2439 275 2473 sito
295 2441 403 2474 colore
424 2441 471 2473 vel
498 2440 639 2483 ingenio,
665 2439 804 2483 exceptis
820 2441 968 2473 esculen-

215 2489 254 2522 tis
281 2495 311 2523 et
341 2489 543 2533 poculentis,
579 2500 661 2533 quae
688 2488 794 2522 triduo
820 2490 968 2522 consumi

215 2539 350 2582 possint,
372 2539 515 2583 ipsarum
545 2539 778 2571 sententiarum
805 2543 859 2571 aut
878 2538 968 2571 audi-

215 2593 322 2621 torum
344 2588 473 2628 intuitu,
488 2587 642 2631 praestari
664 2587 773 2631 possit.

258 2637 273 2680 ἓ
293 2636 346 2670 20.
369 2637 452 2676 Quas
472 2637 603 2680 quidem
625 2637 797 2680 sportulas,
817 2637 902 2670 iuxta
922 2643 967 2670 ta-

213 2696 284 2719 xam
305 2687 501 2730 praedictam
514 2713 521 2727 ,
539 2686 625 2730 apud
644 2686 807 2723 notarium
836 2698 963 2727 causae,

1028 453 1210 495 consignari
1238 453 1407 486 volumus:
1448 453 1599 497 quodque
1634 455 1779 488 notarius

1027 506 1261 550 depositionem
1293 512 1321 539 et
1361 506 1639 549 consignationem
1665 509 1778 541 huius-

1027 560 1113 593 modi
1140 561 1170 593 in
1205 560 1283 594 actis
1311 566 1422 594 notare
1457 566 1487 594 et
1520 562 1707 605 specificare
1731 568 1778 596 te-

1027 619 1152 646 nentur.

1071 667 1163 710 521,
1195 668 1304 701 Oflicia
1337 679 1411 702 vero
1445 669 1646 702 notariorum
1680 671 1778 704 Rotae

1026 731 1091 753 non
1113 722 1323 755 conferantur
1352 722 1411 755 nisi
1437 723 1584 766 personis
1609 724 1719 767 peritis
1748 730 1779 758 et

1026 774 1161 814 idoneis,
1194 786 1276 819 quae
1304 787 1362 820 per
1386 776 1507 819 seipsos
1541 777 1594 810 illa
1628 789 1777 813 exercere

1026 828 1146 868 sciant„
1169 834 1199 861 et
1219 835 1404 870 exerceant,
1428 830 1486 863 nisi
1509 831 1615 875 aliqua
1636 833 1778 876 legitima

1026 892 1121 915 causa
1148 882 1377 926 impediantur.
1405 884 1467 917 Nec
1493 896 1530 918 eo
1565 896 1640 919 casu
1672 887 1777 921 officia

1025 935 1187 978 aliquibus
1212 937 1402 975 arrendare,
1430 943 1484 970 aut
1508 938 1695 973 substitutos
1721 941 1776 974 de-

1025 993 1138 1032 putare
1164 990 1305 1029 valeant,
1334 990 1395 1022 nisi
1423 1002 1441 1023 a
1466 992 1598 1035 proprio
1631 993 1777 1027 auditore

1025 1042 1193 1085 approbati
1215 1042 1352 1083 fuerint3
1375 1043 1429 1087 qni
1455 1044 1588 1088 insuper
1612 1046 1651 1078 de
1671 1047 1777 1080 officio

1024 1095 1162 1129 fideliter
1182 1097 1361 1130 exercendo
1395 1097 1527 1130 arbitrio
1547 1099 1703 1133 auditoris
1723 1112 1776 1133 ca-

1024 1160 1096 1183 vere
1116 1150 1263 1183 debeant.
1287 1151 1323 1183 Et
1344 1162 1402 1194 pro
1423 1151 1565 1195 ipsorum
1593 1153 1777 1187 substituto-

1024 1214 1096 1236 rum
1117 1205 1219 1245 sacto,
1243 1205 1359 1238 notarii
1385 1205 1462 1248 ipsi,
1489 1206 1596 1249 quoad
1623 1207 1776 1242 interesse

1024 1257 1176 1300 partium,
1199 1263 1363 1300 tamquam
1390 1258 1611 1302 principaliter
1635 1260 1775 1304 obligati,

1023 1310 1155 1344 omnino
1175 1316 1356 1344 tencantur.

1066 1364 1080 1407 ξ
1101 1364 1152 1397 ⁴22.
1176 1365 1356 1398 Districtius
1385 1365 1620 1410 praecipientes
1649 1368 1775 1401 moder-

1022 1416 1071 1450 nis
1105 1424 1135 1451 et
1155 1429 1214 1461 pro
1240 1424 1384 1463 tempore
1410 1420 1620 1454 existentibus
1652 1422 1776 1455 audito-

1021 1470 1111 1504 ribus
1131 1478 1161 1504 et
1180 1482 1294 1505 eorum
1315 1472 1438 1506 decano
1458 1473 1491 1506 in
1512 1473 1626 1507 virtute
1647 1480 1774 1509 sanctae

1021 1524 1233 1565 obedientiae,
1254 1537 1291 1559 ac
1312 1526 1370 1558 sub
1391 1526 1621 1569 indignationis
1645 1534 1773 1562 nostrae

1020 1582 1050 1610 et
1084 1578 1428 1612 excommunicationis
1470 1580 1552 1613 latae
1598 1581 1773 1616 sententiae

1020 1631 1154 1675 aliisque
1175 1638 1285 1665 nostro
1306 1638 1336 1665 et
1358 1644 1415 1676 pro
1436 1638 1582 1677 tempore
1612 1634 1774 1669 existentis

1019 1684 1154 1718 Romani
1171 1685 1334 1719 pontificis
1349 1686 1481 1719 arbitrio
1497 1687 1679 1731 infligendis
1698 1699 1773 1732 poe-

1019 1738 1085 1779 nis,
1114 1745 1149 1772 ut
1183 1746 1385 1783 praesentem
1421 1741 1685 1775 constitutionem
1712 1753 1770 1776 no-

1019 1798 1115 1825 stram
1144 1793 1279 1836 singulis
1304 1794 1397 1827 annis
1417 1794 1449 1827 in
1469 1795 1573 1838 prima
1593 1796 1769 1838 audientia,

1018 1857 1082 1879 una
1103 1858 1177 1880 cum
1206 1848 1277 1881 aliis
1302 1849 1587 1882 constitutionibus
1612 1851 1768 1895 antiquis,

1018 1900 1078 1943 legi
1096 1907 1123 1934 et
1141 1901 1300 1945 publicari
1317 1902 1446 1944 saciant,
1465 1908 1495 1936 et
1511 1903 1598 1936 illam
1611 1915 1648 1937 ac
1663 1905 1771 1937 omnia

1016 1959 1047 1986 et
1063 1954 1188 1997 singula
1204 1955 1235 1986 in
1252 1966 1288 1988 ea
1305 1961 1455 1989 contenta
1475 1956 1646 2000 diligenter
1665 1957 1772 1991 obser-

1016 2013 1087 2040 vent
1104 2014 1133 2041 et
1148 2008 1187 2040 ab
1204 2019 1318 2041 eorum
1334 2009 1469 2042 notariis
1478 2009 1597 2049 etaliis,
1611 2016 1770 2054 quatenus

1015 2061 1054 2094 ad
1074 2072 1129 2095 eos
1149 2063 1300 2106 pertinet,
1323 2063 1484 2097 observari
1505 2069 1621 2097 curent
1636 2075 1710 2097 cum
1726 2066 1769 2098 es-

1015 2116 1111 2149 fectu.

1058 2171 1072 2214 ξ
1092 2170 1145 2204 023.
1167 2171 1383 2204 Decernentes
1408 2171 1620 2205 nihilominus
1639 2172 1766 2205 irritum

1014 2230 1044 2257 et
1064 2224 1172 2265 inane,
1195 2225 1219 2258 si
1246 2236 1339 2259 secus
1359 2236 1458 2269 super
1477 2226 1527 2259 his
1551 2226 1590 2258 ab
1615 2226 1694 2271 ipsis
1718 2228 1766 2260 vel

1013 2278 1177 2322 quibusvis
1211 2279 1280 2312 aliis
1294 2306 1301 2320 ,
1332 2280 1472 2313 scienter
1486 2280 1535 2313 vel
1556 2280 1743 2323 ignoranter
1756 2308 1763 2317 ,

1013 2333 1184 2375 contigerit
1204 2334 1365 2367 attentari.

1056 2388 1070 2431 ἓ
1091 2387 1144 2421 24.
1167 2388 1236 2421 Non
1257 2387 1458 2421 obstantibus
1479 2387 1765 2422 constitutionibus

1011 2446 1041 2473 et
1061 2441 1319 2475 ordinationibus
1338 2442 1534 2486 apostolicis,
1562 2453 1598 2476 ac
1619 2442 1763 2487 ipsorum

1011 2491 1194 2525 auditorum
1238 2491 1389 2535 collegii,
1421 2492 1515 2525 etiam
1555 2493 1761 2535 iuramento,

1011 2540 1256 2575 confirmatione
1284 2542 1460 2586 apostolica
1492 2542 1539 2575 vel
1567 2543 1678 2586 quavis
1707 2543 1763 2576 sir-

1011 2590 1118 2625 mitate
1144 2591 1205 2624 alia
1231 2591 1402 2632 roboratis,
1429 2592 1554 2625 statutis
1574 2597 1604 2625 et
1624 2603 1761 2626 consue-

1009 2639 1187 2679 tudinibus,
1213 2640 1386 2683 privilegiis
1405 2651 1535 2684 quoque
1549 2668 1556 2682 ,
1579 2641 1712 2674 indultis
1732 2647 1762 2674 et

1008 2689 1214 2722 facultatibus
1232 2715 1239 2729 ,
1262 2690 1382 2724 eisdem
1417 2689 1619 2724 auditoribus
1645 2696 1677 2725 et
1696 2691 1760 2723 col—

1795 451 1841 474 post
1857 447 1918 468 latam
1928 453 1978 469 sen-

1795 480 1890 500 tenti-m.

1807 677 1886 699 Notarii
1906 678 1977 699 idonei

1794 709 1906 735 eligantur,
1931 709 1979 730 offi-

1794 741 1867 767 ciaque
1884 746 1924 761 non
1942 748 1977 761 ar-

1794 772 1883 792 rendeut
1898 775 1918 792 et
1939 778 1977 798 pro

1793 802 1847 823 tactu
1856 802 1977 823 substituto-

1793 839 1836 854 rum
1855 835 1975 855 teneantur.

1803 1375 1859 1397 Haec
1873 1375 1929 1397 bulla
1940 1379 1974 1400 te-

1790 1411 1849 1433 gatur
1861 1414 1915 1429 auno
1925 1415 1974 1436 quu-

1790 1439 1850 1460 tibet.
1867 1440 1887 1460 in
1904 1441 1972 1466 print.

1790 1469 1863 1491 Rotae.

1808 2182 1921 2206 Decretum
1935 2185 1966 2207 ir-

1782 2215 1857 2236 ritans.

1801 2397 1910 2419 Clausutae
1926 2399 1965 2420 de—

1779 2431 1906 2456 rogatoriam
