2237 3100
83 196 134 222 An.
151 195 180 224 C.
198 196 267 224 ¹560

101 1227 141 1250 Leo
157 1228 173 1249 X
195 1234 259 1255 prae—

74 1261 130 1281 dicta
144 1261 256 1282 confirma-

72 1293 110 1317 vit;

951 185 1020 209 PIUS
1044 185 1074 209 IV
1098 181 1145 204 PP-

280 244 337 278 ciri
368 247 492 288 posset,
519 252 555 275 ac
590 240 741 283 congruis
775 240 1034 283 frequentaretur

279 297 478 337 honoribus,
505 300 536 329 et
560 294 785 327 christifideles
814 304 852 326 eo
881 292 1033 326 libentius

278 354 318 387 ad
334 353 422 385 illam
432 350 644 389 confluerent,
663 360 699 381 ac
716 359 774 392 pro
792 347 1031 381 constructione

278 405 442 451 praedicta
470 414 585 436 manus
611 401 814 446 porrigerent
839 401 1029 443 adiutrices,

278 460 429 494 omnibus
440 463 471 492 et
491 457 624 500 singulis
646 457 815 499 utriusque
836 466 929 489 sexus
949 456 1031 488 chri-

278 513 485 554 stifidelibus,
515 521 588 544 vere
616 510 856 555 poenitentibus
889 514 919 542 et
952 520 1030 542 con-

277 568 384 609 fessis,
406 566 462 611 qui
495 565 611 599 dictam
643 564 893 598 construendam
926 564 1030 596 eccle-

276 622 372 662 siam,
409 625 579 665 postquam
605 618 748 652 construi
773 618 899 662 incepta
928 618 1027 658 foret,

276 677 309 710 in
327 675 472 709 eiusdem
493 673 601 707 Sancti
616 672 717 706 Rocbi
737 677 767 704 et
784 671 889 705 Sancti
906 671 1029 704 Martini

276 728 515 769 festivitatibus,
538 739 555 760 a
576 726 689 771 primis
707 724 848 770 vesperis
869 736 970 768 usque
990 725 1029 757 ad

275 794 427 818 occasum
447 782 522 816 solis
543 780 746 814 festivitatum
762 779 960 819 earumdem,
976 779 1029 812 de-

274 844 345 872 vote
378 837 552 877 visitarent,
589 840 620 869 et
653 834 730 868 inibi
765 844 824 878 pro
844 832 1029 878 praemissis

274 902 390 926 manus
409 891 613 935 porrigerent.
637 888 821 927 adiutrices,
845 888 955 920 decem
974 899 1029 921 an-

274 957 333 980 nos
355 950 386 978 et
407 945 538 978 totidem
559 943 780 987 (piadragenas
800 952 859 985 pro
884 942 1029 985 qualibet

274 1000 434 1033 dictarum
469 997 693 1035 festivitatum,
730 995 768 1027 dc
798 994 951 1028 iniunctis
984 996 1028 1029 eis

274 1051 492 1097 poenitentiis,
510 1047 760 1083 misericorditer
781 1047 811 1080 in
828 1047 963 1082 Domino
980 1061 1029 1083 re-

274 1106 398 1140 laxavit.

319 1160 334 1203 §
363 1159 393 1193 8.
425 1158 462 1191 Et
490 1155 624 1196 deinde,
647 1165 706 1199 pro
741 1159 831 1199 parte
865 1155 1026 1189 dictorum

274 1213 486 1251 confratrum,
504 1209 565 1254 piae
582 1208 747 1242 memoria]
768 1208 865 1242 Leoni
887 1209 981 1252 Papae
1002 1210 1026 1242 X

272 1266 368 1300 etiam
388 1265 400 1292 1
429 1263 573 1307 exposito
596 1262 684 1306 quod
705 1262 788 1295 dicta
823 1263 959 1296 ecclesia
987 1264 1026 1297 ad

268 1318 324 1351 Dei
343 1317 471 1350 laudem
503 1316 567 1349 iam
601 1321 785 1349 constructa
809 1321 840 1348 et
859 1316 1026 1350 aedificata

268 1376 348 1411 erat,
369 1370 496 1414 ipsique
513 1370 691 1403 confratres
711 1369 743 1402 in
759 1369 904 1402 eiusdem
924 1372 1027 1404 eccle-

267 1424 331 1458 siae
351 1424 486 1465 fabrica,
510 1434 638 1457 necnon
659 1428 800 1467 quatuor
820 1424 1025 1467 cappellano-

266 1488 352 1518 rum,
375 1488 515 1522 quorum
538 1476 682 1518 cuilibet,
705 1477 737 1510 in
770 1476 856 1509 dicta
889 1478 1025 1511 ecclesia

266 1531 379 1564 missas
412 1536 442 1564 et
475 1531 537 1564 alia
567 1530 673 1563 divina
697 1530 802 1563 officia
827 1530 1022 1570 celebranti,

264 1584 523 1629 vigintiquinque
552 1585 687 1618 ducatos
713 1584 879 1617 annuatim
905 1586 1025 1628 persol-

267 1639 394 1679 vebant,
416 1650 453 1672 ac
469 1649 528 1683 pro
544 1638 688 1672 sacristia
702 1638 720 1666 ‘2
740 1649 867 1671 necnon
885 1639 1025 1673 custodis

270 1692 522 1725 substentatione
550 1703 588 1725 ac
613 1691 755 1735 exequiis
775 1692 1022 1735 defunctorum⁷

270 1757 399 1780 necnon
419 1758 509 1789 cera,
532 1748 621 1788 oleo,
644 1746 801 1780 calicibus
825 1751 856 1779 et
879 1747 950 1780 aliis
971 1758 1023 1780 or-

269 1801 428 1835 namentis
444 1801 670 1835 ecclesiasticis
684 1812 721 1834 ac
747 1800 901 1844 pensione
917 1812 1025 1834 annua

268 1854 372 1889 dictae
392 1857 497 1900 petiae
517 1862 633 1896 terrae,
647 1866 775 1889 necnon
790 1855 1024 1898 gubernatione

268 1919 298 1948 et
317 1912 561 1947 manutentione
581 1913 748 1957 hospitalis
769 1918 800 1946 et
817 1911 1022 1949 intirmorum

268 1976 304 1997 ac
330 1964 551 1997 ministrorum
569 1963 726 2003 eiusdem,
753 1963 1023 1999 substentatione-

267 2025 330 2058 que
351 2019 381 2046 et
401 2013 529 2046 dotibus
554 2013 751 2057 puellarum,
773 2012 865 2045 annis
890 2013 1024 2058 singulis

267 2068 433 2097 sexcentos
458 2062 592 2095 ducatos
616 2062 664 2094 vel
690 2061 777 2095 circa
799 2064 1021 2106 exponebant,

266 2125 302 2147 ac
324 2114 460 2153 fructus,
478 2112 622 2146 redditus
638 2117 664 2145 et
689 2116 862 2155 proventus
879 2112 1022 2147 eiusdem

266 2163 421 2197 ecclesiae
454 2162 503 2195 vix
523 2162 563 2195 ad
583 2161 777 2195 solutionem
800 2162 962 2205 pensionis
979 2164 1024 2196 di-

265 2219 335 2247 ctae
357 2213 461 2257 petiae
483 2212 650 2244 annuatim
671 2211 885 2251 sufficiebant,
908 2224 945 2246 ac
966 2224 1024 2247 nu-

265 2274 374 2296 merus
395 2263 594 2296 confratrum
630 2261 661 2293 in
695 2260 778 2293 dicta
809 2263 1021 2296 confraterni-

264 2318 327 2347 tate
342 2313 376 2345 in
392 2312 459 2345 dies
479 2310 740 2356 perabundabat,
764 2310 847 2343 idem
864 2312 926 2345 Leo
942 2324 1023 2356 pra}-

264 2363 426 2403 decessor,
438 2372 552 2395 eorum
565 2359 856 2404 supplicationibus
875 2361 1023 2395 similiter

264 2412 449 2451 inclinatus,
471 2412 581 2444 literas
602 2410 773 2443 Alexandri
793 2412 1021 2454 praedecesso-

264 2462 308 2496 ris
328 2467 359 2495 et
383 2472 441 2505 per
470 2461 541 2494 illas
561 2460 682 2493 eisdem
706 2460 921 2494 confratribus
942 2472 1021 2495 con-

265 2522 354 2545 cessa
373 2509 552 2555 privilegia,
574 2509 699 2542 indulta
719 2514 750 2542 et
769 2509 885 2553 gratias
906 2511 1020 2544 huius-

301 2566 313 2593 1
331 2566 421 2593 Etiam
432 2565 630 2597 praedecessori
650 2566 753 2596 nostro,
774 2563 891 2592 Cherub.
909 2564 948 2600 (R.
970 2564 1018 2600 T.).

297 2606 314 2635 2
332 2607 461 2640 Sacrisaea,
481 2604 599 2635 Cherub.
621 2604 659 2642 (n.
685 2603 735 2641 τ.).

1744 171 1781 205 71

1076 235 1163 270 modi
1183 244 1242 279 per
1262 234 1339 267 alias
1363 243 1436 266 suas
1462 233 1569 267 literas
1594 234 1779 278 approbavit
1801 239 1832 267 et

1076 288 1287 324 confirmavit.

1118 344 1133 387 ξ
1157 343 1187 377 9.
1219 342 1362 382 Necnon,
1385 352 1444 385 pro
1464 341 1583 386 potiori
1613 342 1749 381 cautela,
1777 341 1831 375 illa
1857 353 2031 389 pacatianorum·

1074 397 1182 431 omnia
1207 401 1237 430 et
1261 396 1388 439 singula
1413 395 1533 429 eisdem
1555 395 1771 429 confratribus
1791 396 1829 429 (lc
1844 388 2031 439 ,ᾞΞᾎᾯΜᾏζζξξξζ

1074 462 1155 484 novo
1176 449 1350 490 concessit,
1374 460 1411 483 ac
1432 448 1628 494 posteriores
1661 460 1734 482 suas
1759 449 1829 483 lite·
1845 448 1910 500 ὀζζζξῃς
1931 449 2030 501 ξὲὓῐξῆῑξὶ

1074 516 1143 545 ras,
1174 504 1282 547 quoad
1310 503 1353 543 id,
1376 508 1412 535 ut
1432 502 1532 547 ipsius
1559 503 1830 537 confraternitatis
1845 517 1888 531 rum
1926 512 2029 537 domibus.

1073 559 1253 603 cappellani
1279 569 1337 603 pro
1365 563 1509 602 tempore
1534 557 1722 599 existentes,
1746 544 2030 597 illiusgstisifflengsssss

1073 613 1300 654 confratribus,
1323 612 1419 646 etiam
1436 611 1592 653 infirmis,
1610 611 1831 647 Eucharistiae
1845 607 1917 631 ⁶⁸⁵⁵¹¹¹

1072 673 1322 707 sacramentum,
1338 666 1464 710 quoties
1480 671 1655 711 oporteret,
1667 666 1830 700 ministra-

1072 732 1118 761 re,
1132 720 1278 764 illudque
1298 721 1337 753 ad
1358 721 1546 753 eorumdem
1568 720 1767 753 confratrum
1780 720 1829 754 in-

1072 775 1241 807 tirmorum
1254 775 1368 807 domos
1380 775 1417 808 de
1428 775 1512 808 dicta
1527 774 1673 816 ecclesia,
1684 786 1758 808 cum
1774 787 1811 809 ea
1821 803 1828 816 ,

1072 840 1136 872 qua
1156 828 1306 869 decebat,
1328 828 1522 869 reverentia,
1546 834 1642 872 prout
1662 829 1743 863 aliae
1777 840 1828 863 so-

1071 882 1202 915 cietates
1223 887 1253 914 et
1273 882 1551 915 confraternitates
1571 882 1715 916 eiusdem
1736 884 1829 917 Urbis

1071 941 1322 977 consueverant,
1345 936 1471 968 deferre
1496 936 1597 968 libere
1618 942 1648 969 et
1668 937 1754 971 licite
1774 949 1827 971 va-

1072 990 1193 1031 lerent,
1224 994 1389 1022 rectorum
1418 989 1654 1033 parochialium
1675 991 1826 1025 ccclesia-

1071 1055 1157 1084 rum,
1180 1043 1260 1076 iufra
1282 1054 1423 1087 quorum
1454 1043 1625 1088 parochias
1650 1045 1827 1079 confratres

1070 1103 1100 1130 ct
1120 1098 1236 1131 domus
1255 1097 1442 1131 huiusmodi
1468 1097 1696 1139 consistebant,
1719 1104 1749 1131 et
1769 1110 1825 1132 cu-

1071 1150 1166 1184 iusvis
1186 1151 1319 1184 alterius
1344 1151 1473 1184 licentia
1493 1162 1591 1195 super
1610 1152 1672 1184 hoc
1692 1152 1826 1187 minime

1070 1205 1235 1248 requisita,
1249 1205 1318 1238 iure
1331 1211 1438 1238 tamen
1459 1205 1649 1239 eorumdem
1662 1212 1825 1240 rectorum

1070 1259 1343 1303 parochianorum
1361 1259 1392 1292 in
1409 1259 1562 1293 omnibus
1583 1270 1711 1305 semper
1727 1261 1822 1295 salvo.

1113 1314 1127 1357 ξ
1152 1314 1201 1347 ΙΟ.
1224 1314 1394 1357 Quodque,
1417 1319 1449 1346 ut
1472 1325 1537 1347 non
1558 1315 1663 1347 solum
1679 1315 1823 1357 ducenti,

1070 1374 1104 1401 ut
1123 1369 1317 1412 praefertur,
1342 1368 1397 1401 sed
1424 1379 1536 1402 omues
1565 1374 1596 1401 et
1624 1369 1742 1412 singuli
1772 1370 1825 1402 alii

1068 1423 1169 1467 ipsius
1184 1422 1456 1456 c‹mfraternitatis
1479 1424 1657 1456 confratres
1672 1434 1731 1467 pro
1746 1429 1826 1457 tem-

1069 1489 1146 1521 pore
1168 1477 1356 1517 existentes,
1380 1478 1411 1510 in
1432 1477 1516 1510 dicta
1536 1477 1620 1510 Urbe
1643 1482 1749 1511 tamen
1769 1478 1825 1511 de-

1067 1538 1190 1575 gentes,
1209 1533 1428 1565 cont‘essorem
1450 1531 1569 1575 eligere
1590 1536 1732 1576 possent.

1112 1586 1191 1629 §¹ll.
1214 1586 1328 1630 illique
1343 1598 1380 1619 ac
1398 1596 1511 1619 onmes
1527 1590 1557 1618 et
1572 1585 1689 1629 singuli
1706 1586 1826 1621 utrius-

1067 1650 1130 1682 que
1140 1650 1233 1672 sexus
1244 1639 1480 1680 christifideles,
1494 1650 1566 1672 vere
1578 1640 1778 1684 poenitentes
1795 1647 1825 1674 et

1068 1694 1216 1735 confessi,
1237 1694 1293 1737 qui
1314 1693 1430 1727 dictam
1452 1693 1621 1727 eeclesiam
1642 1694 1674 1727 in
1690 1695 1824 1738 singulis

1068 1749 1174 1782 Sancti
1195 1748 1296 1781 Rochi
1321 1753 1353 1781 et
1376 1748 1483 1781 Sancti
1504 1748 1630 1781 Martini
1650 1748 1824 1783 festivitati-

1067 1803 1127 1836 bus
1148 1803 1322 1847 praedictis
1342 1808 1372 1836 et
1392 1815 1451 1848 per
1470 1808 1597 1837 octavas
1617 1814 1730 1837 earum
1750 1804 1824 1837 visi-

1068 1864 1173 1891 tarent
1205 1863 1235 1891 et
1265 1869 1381 1891 manus
1407 1858 1612 1903 porrigerent
1631 1858 1822 1899 adiutrices,

1068 1923 1126 1956 pro
1146 1912 1280 1956 singulis
1302 1912 1522 1945 festivitatibus
1538 1917 1569 1945 et
1584 1912 1698 1945 diebus
1713 1912 1825 1946 huius-

1068 1966 1171 2005 modi,
1194 1966 1313 2010 quibus
1335 1966 1364 1998 id
1385 1967 1546 2007 facerent,
1570 1966 1748 2010 plenariam
1774 1966 1823 2000 in-

1067 2020 1265 2063 dulgentiam
1282 2025 1313 2053 ct
1333 2025 1541 2064 peccatorum
1563 2031 1699 2053 suorum
1711 2021 1823 2054 remis-

1067 2074 1189 2108 sionem
1216 2080 1510 2118 consequerentur,
1533 2074 1724 2108 auctoritate
1744 2086 1822 2119 apo-

1066 2130 1177 2162 stolica
1198 2130 1339 2173 praefata
1361 2129 1499 2162 extendit
1522 2134 1552 2162 et
1572 2128 1746 2173 ampliavit.

1110 2185 1195 2226 §ta
1232 2186 1269 2218 Et
1302 2185 1435 2227 insuper
1460 2183 1580 2216 eisdem
1606 2183 1822 2218 confratribus

1066 2246 1142 2273 tunc
1174 2245 1204 2273 et
1237 2252 1297 2284 pro
1332 2244 1477 2283 tempore
1500 2238 1685 2272 existentem
1707 2239 1821 2272 Curiae

1065 2305 1237 2327 causarum
1247 2294 1399 2327 Gamerae
1414 2292 1618 2337 Apostolicae
1637 2293 1821 2335 generalem

1065 2348 1246 2381 auditorem
1280 2347 1313 2380 in
1346 2346 1486 2380 iudicem
1522 2346 1722 2379 ordinarium
1736 2374 1743 2387 ,
1780 2347 1822 2379 ita

1064 2398 1151 2440 quod
1172 2402 1249 2430 tunc
1265 2402 1296 2430 et
1312 2407 1370 2440 pro
1392 2402 1537 2439 tempore
1559 2395 1729 2429 existentes
1745 2407 1821 2429 con-

1064 2448 1177 2480 fratres
1206 2446 1341 2491 praesali
1376 2457 1485 2479 coram
1513 2445 1576 2479 alio
1603 2456 1701 2490 quani
1735 2445 1820 2479 dicto

1064 2497 1226 2537 auditore,
1250 2496 1345 2530 etiam
1380 2496 1504 2530 ratione
1534 2495 1641 2529 delicti
1666 2501 1722 2529 aut
1742 2507 1819 2529 con-

1676 2564 1693 2591 2
1714 2562 1751 2590 De
1771 2563 1820 2589 hoc

1846 181 1897 207 An.
1914 178 1942 206 C.
1963 180 2030 208 1560

1866 1329 2025 1352 Contessorem-

1840 1367 1880 1388 que
1888 1362 1979 1387 eligendi
1989 1367 2026 1389 pro

1840 1394 1936 1414 onmtbus
1945 1393 2027 1414 confra-

1840 1425 1907 1446 tribus
1923 1425 1946 1449 l,-

1872 1603 2026 1631 indulgentiam

1840 1635 1955 1661 plenariam
1973 1637 2026 1657 visi-

1840 1667 1932 1687 tantibus
1948 1668 2024 1688 dictam

1838 1698 1952 1719 ecclesiam
1971 1705 2025 1720 eun*

1838 1731 1912 1756 cessit;

1886 2194 2020 2222 Privttegium

1837 2225 1876 2246 tori
1899 2226 1923 2247 Λ,
1944 2226 1965 2246 C.
1985 2233 2022 2247 sos

1837 2258 1909 2278 rtetati
1934 2261 1955 2279 et
1971 2263 2020 2278 con-

1836 2289 1935 2310 frati-ibus
1968 2296 2020 2311 cou-

1836 2322 1901 2342 cessit
1914 2321 1933 2341 ⁴2.

1100 2564 1112 2590 1
1135 2563 1201 2591 Vide
1226 2563 1298 2598 quod
1319 2571 1401 2598 supra
1422 2564 1544 2599 proxime
1569 2562 1636 2590 dixi.

1064 2603 1125 2633 vide
1141 2604 1221 2633 etiam
1236 2602 1278 2631 hic
1294 2602 1372 2632 infra.
