2237 3100
74 267 123 293 An.
140 265 169 292 C.
188 264 255 292 1569

107 1027 259 1054 Tnnsumpto—

76 1065 121 1081 rum
137 1060 196 1080 fides.

101 1127 188 1148 Sanctio
205 1131 260 1154 poe-

75 1159 139 1180 nelis.

110 2230 232 2253 Exordium.

951 262 1018 286 PIUS
1040 263 1059 286 V
1083 262 1131 287 PP-

270 315 574 350 consuetudinibus:
597 315 773 359 privilegiis
794 326 936 360 quoque,
974 316 1022 348 in-

272 369 370 402 dultis
404 374 435 402 et
468 369 585 401 litteris
629 369 830 413 apostolicis,
858 370 1023 412 quibusvis

271 423 431 467 personis,
455 423 487 455 111
508 433 627 465 genere
653 423 700 455 vel
732 423 764 455 in
794 424 914 467 specie,
944 436 1024 467 quo-

271 477 448 510 modolibet
478 477 650 517 concessis,
673 477 884 517 eoum-umus,
908 488 1024 521 appro-

270 531 352 564 batis
378 537 406 564 et
428 531 597 571 innovatis3
616 531 734 574 quibus
755 531 915 572 omnibus,
928 532 1023 565 etiam

271 585 296 617 si
318 585 357 617 de
379 584 440 617 illis
461 584 657 627 illorumque
678 584 751 617 totis
772 584 939 617 tenoribus
952 596 1024 629 spe-

272 639 372 678 cialis,
405 638 556 681 specifica
584 643 614 671 et
649 649 798 681 expressa
828 639 949 671 mentio
969 650 1024 671 seu

271 692 436 735 quaelibet
466 691 528 724 alia
560 692 724 735 expressio
754 692 903 724 habenda
933 694 1024 731 foret,

272 751 402 779 tenores
433 745 623 778 huiusmodi
654 745 879 789 praesentibus
899 757 958 790 pro
978 757 1026 779 ex-

272 799 391 844 pressis
409 799 577 839 habentes,
600 799 663 832 illis
682 799 761 831 alias
782 799 814 831 in
835 809 893 832 suo
910 799 1026 832 robore

272 853 507 898 permansuris,
530 853 590 885 hae
610 852 678 886 vice
699 853 878 893 dumtaxat,
902 854 1026 897 specia-

272 907 346 940 liter
376 911 407 940 et.
438 917 587 951 expresse
613 907 824 950 derogamus,
848 907 1027 950 ceterisque

273 960 444 995 contrariis
464 960 738 1005 quibuscumque.

317 1016 332 1059 g
353 1014 384 1047 6.
407 1015 561 1047 Volumus
578 1020 686 1048 autem
704 1014 791 1058 quod
810 1014 1028 1059 praesentium

274 1069 488 1112 transumptis
508 1073 565 1102 etc.

318 1123 405 1155 Nulli
425 1133 502 1166 ergo
521 1128 580 1156 etc.
906 1146 909 1148 -

318 1176 434 1210 Datum
465 1177 586 1209 Romae
606 1176 691 1220 apud
711 1175 742 1209 S.
769 1175 901 1209 Petrum
918 1202 925 1215 ,
946 1185 1031 1208 anno

276 1230 510 1264 lncarnationis
530 1230 714 1263 dominicae
735 1230 1031 1270 iioLxrx,x1kalen-

277 1284 335 1319 das
354 1284 507 1325 ianuarii,
529 1284 738 1328 pontificatus
759 1283 860 1316 nostri
882 1294 966 1315 auno
987 1292 1028 1315 iv.

297 1352 361 1383 Dat.
378 1351 426 1382 die
442 1351 480 1381 *22
499 1350 632 1382 decemb.
651 1351 740 1388 1569,
755 1350 860 1391 pontis.
881 1360 957 1380 anno
973 1359 1011 1380 iv.

595 1538 722 1572 CXLIX.

279 1617 433 1651 Familias
469 1616 595 1659 rolleyii
628 1616 851 1659 deputatorum
893 1615 1035 1657 fabricae

324 1676 476 1708 basilicae
485 1675 520 1708 S.
534 1675 625 1708 Petri
638 1675 675 1708 cle
689 1674 717 1708 U
719 1675 771 1707 rbe
782 1674 957 1718 exequendi
970 1686 1035 1707 om—

324 1735 381 1767 nia
390 1735 450 1777 pia
461 1734 578 1777 Ieyata,
593 1734 684 1775 infra
695 1744 819 1766 (1117111111
832 1744 850 1765 ιι
861 1734 881 1765 d
885 1733 912 1765 ie
922 1734 1036 1766 mortis

325 1797 514 1827 testatorum
529 1793 662 1825 realiter
677 1803 743 1825 *non
761 1792 951 1834 adimpleta,
965 1803 1033 1824 cum

322 1853 502 1885 retentione
525 1852 658 1895 qite'nlae
692 1851 801 1893 partis
822 1862 882 1893 pro
905 1851 1037 1883 subven-

325 1911 412 1943 tione
435 1910 541 1943 dictae
564 1910 710 1951 fabricae
738 1908 762 1941 1.

380 2013 442 2042 Pius
461 2013 604 2048 episcopus
623 2019 718 2041 servus
738 2018 878 2040 servorum
898 2011 959 2043 Dei,

424 2074 458 2101 ad
478 2073 642 2109 perpetuam
661 2072 704 2101 rei
721 2071 891 2100 memoriam.

326 2168 423 2201 Decet
452 2178 531 2206 nos,
563 2165 619 2209 qui
650 2165 797 2199 omnium
828 2165 1037 2198 ecclesiarum

282 2221 457 2265 specialem
479 2221 510 2253 in
531 2220 668 2253 Domino
685 2230 796 2252 curam
814 2219 968 2262 gerimus,
982 2219 1038 2251 ba-

285 2275 395 2308 silicae
416 2279 546 2307 nostrae
567 2274 598 2306 S.
620 2273 707 2305 Petri
730 2273 773 2305 ita
794 2273 981 2312 intendere,
1006 2277 1037 2305 ut

285 2328 314 2362 ei
335 2328 457 2369 omnia,
480 2338 564 2371 quae
584 2337 778 2370 possumus,
800 2326 919 2359 auxilia
946 2338 1039 2370 prae-

284 2382 431 2416 beamus.

330 2437 345 2479 §
364 2435 396 2468 1.
419 2435 513 2475 Sanc,
534 2434 619 2467 sicut
638 2434 844 2478 accepimus,
866 2434 941 2467 licet
962 2434 1040 2467 alias

322 2521 333 2547 ¹
353 2520 427 2547 Istud
444 2520 583 2555 collegium
600 2520 715 2547 instituit
731 2519 854 2546 Clemens
884 2519 939 2552 vu,
961 2523 989 2546 ut
1014 2520 1040 2547 in

285 2569 343 2596 eius
359 2569 549 2596 constitutione
569 2575 609 2601 111,
627 2570 770 2600 Admonet,
787 2571 851 2595 tom.
868 2575 907 2601 vi,
925 2576 982 2603 pag.
995 2569 1040 2601 118,-

286 2618 356 2646 etde
370 2626 401 2645 eo
412 2618 493 2645 habes
507 2618 586 2645 etiam
605 2618 630 2645 in
645 2619 834 2646 constitutione
850 2617 917 2644 hane
929 2626 1040 2653 praeco-

287 2668 366 2696 dente
382 2671 408 2696 et
419 2668 445 2695 in
458 2668 649 2704 subsequente.

1065 316 1182 349 diversi
1203 314 1339 349 Romani
1360 314 1532 348 Pontifices
1553 314 1819 358 praedecessores

1067 370 1166 402 nostri
1188 396 1195 409 ‚
1239 369 1408 412 cupientes
1446 368 1638 412 perfectioni
1676 367 1819 401 fabricae

1066 423 1219 456 basilicae
1240 422 1439 462 huiusmodi,
1460 432 1543 465 quae
1556 421 1703 454 omnium
1716 421 1819 454 eccle-

1066 477 1188 510 siarum
1210 476 1307 509 totius
1327 476 1416 509 orbis
1437 480 1539 508 mater
1559 480 1606 507 est
1626 480 1654 507 et
1668 474 1821 517 magistra

1067 535 1093 567 el
1117 530 1293 562 admodum
1315 529 1430 562 erescit
1454 533 1628 569 structura,
1648 528 1688 561 de
1709 538 1821 561 neces-

1067 583 1160 615 sariis
1172 593 1385 627 expensarum
1397 582 1545 626 pecuniis
1553 586 1737 625 opportune
1748 592 1822 625 pro-

1068 637 1186 676 videre,
1209 647 1267 680 pro
1288 642 1436 680 tempore
1448 635 1659 669 existentibus
1676 635 1821 668 eiusdem

1069 690 1209 722 fabricae
1220 690 1368 733 collegio,
1389 689 1551 733 deputatis
1563 699 1744 732 eorumque
1761 689 1823 721 mi-

1069 743 1177 775 nistris
1207 743 1348 776 diversas
1378 743 1572 783 facultates,
1604 743 1774 787 privilegia
1793 749 1826 776 et

1070 797 1194 829 indulta
1214 808 1272 840 per
1297 808 1410 830 eorum
1431 797 1554 829 litteras
1582 796 1822 837 concesserint,

1070 851 1202 894 quibus,
1226 851 1310 884 inter
1330 856 1448 891 cetera,
1468 851 1556 894 quod
1578 850 1688 883 omnia
1704 856 1735 883 et
1757 850 1825 883 sin-

1070 905 1145 948 gula
1164 905 1270 947 legata
1290 905 1345 948 pia
1379 910 1512 937 eatenus
1533 910 1561 937 et
1584 915 1642 948 pro
1678 909 1826 949 tempore

1071 958 1253 991 executioni
1274 969 1340 991 non
1361 958 1555 991 demandata
1576 957 1690 1001 exequi
1709 958 1826 998 facere,

1072 1018 1114 1052 et,
1128 1022 1187 1056 pro
1200 1011 1388 1044 huiusmodi
1407 1012 1609 1052 executione,
1626 1012 1771 1055 ipsorum
1782 1011 1828 1044 le-

1072 1071 1220 1107 gatorum
1252 1065 1399 1108 quintam
1411 1071 1537 1109 partem
1549 1076 1608 1109 pro
1620 1065 1689 1109 ipsa
1704 1065 1829 1098 fabrica

1073 1119 1132 1152 sub
1167 1119 1263 1151 certis
1287 1119 1384 1152 modo
1406 1123 1436 1151 et
1461 1118 1565 1151 forma
1594 1119 1733 1152 retinere
1754 1129 1828 1162 pos-

1073 1173 1146 1212 sint,
1155 1183 1304 1216 expresse
1317 1177 1459 1212 cavetur;
1470 1172 1597 1216 ipsique
1604 1177 1633 1205 et
1644 1172 1828 1215 collegium,

1074 1232 1137 1259 tam
1160 1226 1192 1258 111
1214 1226 1324 1258 multis
1345 1225 1830 1259 civitatibusiurisdictionino-

1074 1286 1157 1312 strae
1178 1280 1343 1320 subiectis,
1366 1291 1465 1323 quam
1478 1279 1634 1312 dominiis
1647 1279 1830 1322 regniNea-

1075 1333 1210 1377 politani
1232 1339 1259 1366 et
1281 1333 1392 1366 dilecti
1413 1333 1471 1365 filii
1493 1332 1612 1365 nobilis
1636 1332 1696 1365 viri
1723 1332 1830 1365 Cosmi

1075 1387 1213 1420 Mediccs
1241 1387 1425 1420 Florentiae
1472 1392 1503 1419 et.
1532 1386 1691 1419 Senarum
1735 1386 1830 1419 ducis

1076 1440 1195 1484 passim
1216 1440 1406 1473 huiusmodi
1431 1440 1486 1484 pia
1505 1440 1609 1482 legata
1638 1439 1753 1482 exequi
1784 1439 1830 1472 fa-

1076 1494 1175 1534 ciant,
1198 1505 1234 1527 ex
1255 1504 1397 1537 quorum
1418 1493 1533 1537 quinta
1562 1498 1653 1536 parte
1682 1493 1831 1526 maximis

1077 1558 1291 1592 expensarum
1305 1548 1462 1581 oneribus
1471 1547 1612 1579 fabricae
1623 1547 1786 1591 praefatae
1798 1546 1830 1579 in

1078 1612 1193 1645 magna
1215 1608 1305 1646 parte
1334 1606 1556 1642 succurratur,
1590 1601 1726 1633 dilectus
1745 1600 1832 1633 filius

1078 1662 1199 1696 noster,
1223 1656 1255 1688 in
1276 1656 1362 1689 alma
1382 1655 1468 1689 Urbe
1490 1660 1520 1688 et
1539 1655 1608 1688 eius
1627 1654 1775 1688 districtu
1786 1654 1832 1687 vi-

1078 1710 1185 1744 carius
1206 1710 1239 1743 in
1259 1709 1486 1754 spiritualibus
1512 1709 1673 1752 generalis
1686 1736 1693 1749 ‚
1724 1708 1834 1751 vigore

1078 1764 1228 1808 specialis
1249 1775 1347 1807 super
1366 1764 1428 1797 hoc
1449 1774 1466 1795 a
1487 1763 1569 1796 Sede
1589 1763 1776 1807 Apostolica
1797 1762 1834 1795 li-

1079 1818 1204 1851 centiae
1225 1824 1254 1850 et
1275 1817 1438 1851 facultatis
1459 1827 1643 1857 concessae,
1667 1817 1698 1849 in
1720 1817 1834 1849 huius-

1080 1872 1168 1905 modi
1202 1872 1316 1915 legatis
1351 1872 1384 1904 in
1414 1871 1500 1904 dicta
1531 1871 1616 1904 Urbe
1652 1870 1833 1905 executioni

1079 1925 1335 1965 demandandis,
1356 1936 1373 1958 a
1394 1925 1491 1958 certis
1511 1925 1604 1957 annis
1624 1935 1658 1957 se
1686 1923 1836 1957 intromi-

1080 1979 1168 2020 serit,
1192 1979 1226 2012 in
1246 1990 1341 2023 grave
1362 1979 1464 2024 ipsius
1488 1979 1632 2012 fabricae
1666 1977 1834 2022 praeiudi-

1080 2033 1179 2066 cium.

1125 2088 1139 2130 ἓ
1160 2087 1191 2120 ⁶2.
1214 2087 1288 2127 Nos,
1311 2088 1367 2131 qui
1389 2087 1512 2120 intimis
1532 2085 1640 2120 cordis
1665 2084 1835 2119 desideriis

1081 2147 1271 2185 exoptamus
1300 2147 1333 2174 ut
1356 2141 1439 2174 dicta
1474 2140 1597 2173 fabrica
1615 2167 1623 2180 ,
1646 2144 1768 2182 quanto
1788 2138 1834 2172 ci-

1080 2194 1144 2227 tius
1166 2194 1237 2228 fieri
1258 2195 1390 2239 polerit,
1413 2195 1452 2227 ad
1473 2194 1619 2227 debitum
1641 2193 1739 2226 finem
1760 2203 1835 2236 per-

1082 2248 1237 2289 ducatur,
1258 2249 1393 2292 ipsaque
1422 2248 1570 2287 fabrica,
1603 2252 1723 2280 attenta
1751 2247 1837 2279 mala

1081 2312 1266 2351 temporum
1288 2307 1443 2351 qualitate
1456 2334 1463 2347 ,
1487 2307 1529 2339 ob
1546 2305 1761 2349 pecuniarum
1777 2304 1835 2337 de-

1082 2365 1214 2406 fectum,
1237 2376 1354 2409 magna
1383 2370 1474 2410 parte
1494 2363 1696 2403 substiterit,
1722 2374 1836 2397 veren-

1082 2426 1227 2468 dumque
1246 2424 1286 2457 sit
1306 2435 1346 2457 ne
1365 2451 1373 2464 ,
1395 2423 1421 2455 si
1447 2423 1480 2456 111
1509 2428 1613 2456 10111111
1638 2421 1808 2456 deseratur
1827 2449 1834 2463 ,

1082 2483 1179 2517 etiam
1200 2482 1289 2526 quod
1310 2482 1373 2515 iam
1394 2481 1514 2514 factum
1543 2486 1591 2514 est
1615 2486 1747 2514 corruat
1765 2508 1773 2521 ‚
1805 2481 1837 2514 in

1119 2569 1130 2595 1
1150 2568 1206 2595 Hoc
1222 2566 1335 2601 intellige
1348 2566 1427 2593 etiam
1443 2565 1464 2593 si
1480 2565 1597 2601 legatarii
1620 2565 1718 2593 vellent
1741 2565 1836 2592 inexa-

1082 2620 1123 2644 cta
1140 2617 1300 2652 relinquere,
1318 2620 1347 2643 nt
1363 2617 1388 2643 in
1403 2615 1476 2643 Pauli
1490 2616 1527 2643 111
1548 2615 1618 2643 bulla
1635 2623 1683 2649 n,
1700 2617 1771 2642 Dum
1805 2618 1839 2642 ad

1084 2670 1149 2694 tom.
1166 2674 1204 2698 vi,
1221 2673 1281 2702 pag.
1298 2666 1359 2694 320.

1832 260 1882 288 An.
1901 261 1929 288 C.
1949 261 2016 289 1569

1859 329 1938 350 Causae
1954 330 2016 350 huius

1834 362 1981 382 concessionis

1898 2109 1993 2130 Facultn
2007 2111 2033 2131 de

1849 2146 1889 2167 qua
1913 2141 1933 2161 in
1963 2140 2034 2161 rubri-

1849 2177 1875 2192 ει
1893 2171 1912 2192 1.
