2237 3100
922 268 989 291 rius
1010 269 1025 291 v
1047 269 1094 292 rr.

242 317 390 358 existere,
403 328 545 361 suosque
557 319 720 362 plenarios
731 319 864 353 effectus
876 320 996 361 sortiri,

1689 263 1753 296 850
1813 274 1850 300 Αἰ
1881 278 1898 300 t:
1932 278 1997 301 tbi‘tt

1043 321 1091 353 nis
1118 321 1270 355 bonifacii
1299 322 1402 365 Papae
1439 323 1512 362 t‘lll,
1542 323 1800 366 praedecessoris
1839 336 1985 356 (ῑιιηκιιιω-ιιι-

44 270 92 296 An.
111 268 139 294 C.
161 267 227 293 1570

1825 371 1871 390 [πμ-ι
1876 374 1932 386 ιιιιιιιι
1939 384 1942 387 ,

67 857 178 877 Decretum
195 858 222 877 ir-

39 888 115 909 ruens.

79 1341 218 1362 Execuiorum

36 1372 143 1399 dopututio
155 1374 176 1392 ct
192 1371 220 1392 ta-

34 1404 132 1426 anthies.

241 381 301 403 nec
320 370 380 403 sub
400 371 566 414 quibusvis
606 371 758 405 similium
786 373 832 405 rel
858 373 997 407 dissimi-

241 424 320 456 lium
341 424 517 467 gratiarum
537 426 814 467 revocationibus,
833 428 996 461 limitatio-

241 477 338 510 nihus
358 483 388 510 et
408 478 672 520 derogationibus
692 480 923 523 comprehendi
951 482 997 514 ul-

241 530 367 564 latenus
392 542 497 575 posse,
529 532 582 565 scd
605 543 733 576 semper
757 533 797 566 ab
824 534 885 566 illis
905 546 997 568 exce—

241 589 323 629 ptas,
351 590 382 617 ct
406 585 532 627 quoties
566 585 638 618 illae
669 587 876 627 emanabant,
906 588 999 620 toties

241 638 273 671 in
295 637 467 682 pristinum
488 644 619 679 statum,
643 639 736 672 ctiam
759 640 818 672 sub
842 651 999 684 quacum-

241 702 304 735 que
320 691 391 724 data
404 692 556 735 peripsos
567 693 725 734 clip-emta,
750 694 912 728 restitutas
930 707 997 728 csse

241 750 270 779 et
296 745 433 778 censeri.

285 799 299 842 §
324 798 355 832 6.
379 799 497 842 Sicque
527 812 584 843 per
616 811 843 844 quoscumque
874 803 997 835 indices

240 857 271 885 et
290 852 544 892 commissarios,
574 853 669 886 etiam
692 864 863 886 causarum
886 855 996 888 Palatii

239 905 416 949 Apostolici
437 906 750 946 auditores,sublata
771 907 817 940 eis
833 913 863 941 et
882 918 994 941 eorum

240 958 374 992 cuilibet
398 959 509 1002 quavis
529 959 623 992 aliter
648 960 812 993 iudicandi
841 966 872 993 et
896 962 995 994 inter-

239 1012 386 1057 pretandi
407 1013 557 1046 facultate
583 1019 613 1045 et
629 1014 834 1055 auctoritate,
859 1015 995 1047 iudicari

238 1071 269 1100 et
289 1066 416 1100 definiri
428 1066 559 1106 debere,
583 1067 709 1100 irritum
726 1079 857 1111 quoque
879 1074 909 1101 ct
930 1069 996 1101 ina-

238 1131 278 1154 ne
298 1120 458 1164 quidquid
477 1131 570 1154 secus
588 1132 686 1164 super
707 1121 756 1153 his
775 1133 792 1154 a
813 1133 993 1166 quoquam,

237 1174 348 1218 quavis
367 1174 571 1215 auctoritate,
598 1175 738 1207 scienter
770 1176 815 1207 rel
842 1176 994 1217 ignoran-

238 1233 297 1268 ter,
320 1228 489 1270 contigerit
510 1228 672 1260 attentari.

279 1282 294 1325 §
315 1281 344 1314 7.
369 1281 406 1313 Et
426 1281 640 1314 nihilominus
661 1282 899 1316 venerabilibus
931 1285 994 1315 t'ra-

235 1334 338 1369 tribus
362 1335 480 1368 nostris
495 1335 648 1367 Amerino
666 1340 696 1367 et
721 1335 927 1369 Maeci-atensi
958 1348 994 1369 ac

235 1387 444 1432 Aquinatensi
471 1388 651 1431 episcopis,
688 1395 777 1421 motu
809 1390 903 1422 simili
938 1401 1016 1433 per'

234 1443 412 1487 apostolica
423 1443 542 1486 scripta
557 1443 748 1475 mandamus
762 1449 922 1487 quatenus
935 1444 993 1487 ipsi

234 1497 282 1530 vel
303 1495 367 1529 duo
393 1502 448 1529 aut
461 1507 546 1529 unus
562 1507 688 1535 corum,
706 1508 764 1540 per
779 1507 811 1529 se
828 1498 874 1529 vel
893 1497 991 1530 atium

235 1561 292 1584 seu
311 1550 401 1590 ahos
414 1555 600 1593 praesentes
616 1550 738 1583 litteras
759 1557 788 1583 et
806 1551 836 1583 in
856 1552 901 1584 eis
918 1562 992 1584 con-

235 1609 321 1637 tenta
350 1614 591 1647 quaecumque,
615 1603 669 1637 ubi
695 1610 726 1637 et
750 1606 880 1648 quaudo
912 1616 994 1649 opus

234 1657 343 1698 suerit,
366 1668 402 1690 ac
422 1657 549 1701 quoties
575 1668 633 1701 pro
666 1664 755 1701 parte
782 1658 909 1701 collegii
940 1658 994 1691 de-

234 1715 433 1755 putatorum,
441 1711 627 1744 auditorum
638 1717 668 1744 et
678 1711 901 1744 ministrorum
915 1722 988 1755 prze-

233 1765 374 1798 satorum
389 1764 511 1798 suerint.
531 1764 698 1808 requisiti,
723 1764 911 1797 solemniter
931 1776 992 1808 pu-

232 1818 400 1859 blicantes,
417 1818 543 1862 sibique
571 1818 603 1850 in
638 1817 823 1861 praemissis
852 1818 993 1850 etlicacis

232 1871 429 1905 defensionis
455 1871 617 1916 praesidio
646 1871 848 1911 assistentes,
873 1871 992 1904 faciant

232 1931 418 1970 praesentes
438 1925 560 1958 litteras
575 1930 603 1958 et
621 1924 653 1957 in
674 1925 718 1957 eis
736 1930 887 1957 contenta
907 1936 993 1968 qua}-

232 1989 374 2023 cumque
402 1979 442 2011 ab
468 1978 632 2017 omnibus,
667 1988 749 2022 quos
780 1977 833 2010 illa
859 1987 993 2010 concer-

232 2038 329 2072 nunt,
350 2031 578 2065 inviolabiliter
606 2030 794 2071 observari,
824 2041 888 2063 uon
917 2042 991 2074 per-

232 2086 394 2120 mittentes
419 2097 473 2120 eos
488 2086 537 2119 vel
553 2095 666 2118 eorum
687 2084 828 2127 aliquem
854 2079 994 2128 desuper

232 2140 478 2185 quomodolibet
500 2139 641 2173 indebite
663 2138 837 2171 molestari.
861 2138 992 2171 Contra-

233 2195 374 2228 dictores
393 2194 555 2238 quoslibet
579 2198 610 2226 et
634 2193 771 2225 rebelles
792 2203 850 2235 per
866 2198 993 2225 senten-

234 2249 312 2289 tias,
343 2259 498 2282 censuras
535 2252 565 2280 ct.
594 2257 715 2291 poenas
744 2246 990 2286 ecclesiasticas,

234 2303 362 2348 aliaque
382 2308 567 2347 opportuna
587 2301 666 2334 iuris
691 2306 721 2334 et
741 2300 813 2333 sacti
835 2301 990 2341 remedia,

234 2356 451 2401 appellatione
465 2355 655 2399 postposita,
678 2354 928 2398 compescendo,
951 2355 993 2387 le-

235 2410 419 2454 gitimisque
439 2420 539 2453 super
549 2408 587 2442 iis
607 2407 763 2441 habendis
778 2407 909 2441 servatis
921 2418 994 2451 pro-

236 2460 390 2500 cessibus,
418 2458 602 2498 sementim,
633 2468 787 2491 censuras
814 2462 844 2490 et
873 2467 994 2500 poenas

236 2509 322 2554 ipsas
348 2508 444 2542 etiam
470 2507 591 2541 iteratis
619 2506 743 2540 vicibus
775 2505 991 2549 aggravand03

237 2559 384 2592 invocato
420 2558 515 2591 etiam
550 2557 588 2590 ad
617 2557 691 2596 hoc,
719 2555 744 2589 si
773 2565 856 2599 opus
886 2555 992 2595 suerit,

237 2608 356 2642 auxilio
376 2607 501 2640 brachii
522 2605 708 2640 saecularis.

278 2657 297 2703 v'3'
321 2656 353 2691 8.
370 2656 441 2691 Νοη
460 2655 661 2691 obstantibus
680 2654 782 2689 felicis
797 2653 994 2688 recordatio·

1042 374 1154 413 nosti-i,
1175 374 1213 407 de
1230 386 1303 412 una,
1316 381 1342 408 et
1358 376 1486 408 concilii
1499 377 1659 418 generalis
1670 378 1708 410 dc
1721 378 1799 411 dua-
1814 372 1822 385 ¹

1042 428 1101 460 bus
1130 428 1255 468 (liaeus,
1285 429 1462 461 dun'nnodo
1484 429 1567 462 ultra
1595 437 1658 463 tres
1679 431 1799 465 diaetas

1041 483 1124 524 quis,
1148 475 1253 525 rigore
1267 483 1497 526 praesentium„
1511 483 1548 516 ad
1565 484 1720 517 iudicium
1734 496 1796 518 non

1041 536 1197 575 trahatur,
1227 547 1263 568 ac
1288 537 1359 568 aliis
1379 537 1665 571 constitutionibus
1689 544 1719 571 et
1747 550 1797 572 or-

1040 588 1260 621 dinationibus
1273 590 1469 633 apostolicis,
1491 602 1528 623 ac
1544 596 1704 634 quatenus
1716 603 1798 636 opus

1040 642 1089 681 sit,
1111 643 1229 675 nostris
1249 643 1287 676 de
1305 654 1367 676 non
1385 644 1527 677 tollendo
1548 644 1618 678 iure
1635 646 1794 688 quaesito,

1040 706 1075 728 ac
1095 695 1269 728 unionibus
1285 697 1524 729 coimnittemlis
1544 697 1582 730 ad
1604 704 1721 741 partes,
1743 710 1796 732 vo-

1040 749 1119 781 catis
1139 760 1279 792 quorum
1303 751 1446 791 interest,
1469 757 1497 783 et
1515 751 1727 794 exprimendo
1743 763 1795 786 va-

1041 803 1120 838 lore:
1144 813 1270 835 necnon
1294 803 1516 836 Lateranensis
1539 804 1668 837 concilii
1690 806 1795 839 novis—

1039 856 1118 888 sime
1135 856 1300 895 celebrati,
1325 856 1460 889 uniones
1482 863 1666 900 perpetuas,
1684 859 1743 891 nisi
1764 859 1794 892 in

1039 909 1167 941 casibus
1182 921 1198 941 a
1215 909 1285 942 iure
1304 909 1481 953 permissis,
1496 911 1565 943 lieri
1580 910 1794 954 prohibentis;

1039 963 1066 989 et
1090 958 1255 1000 quibusvis
1283 958 1354 991 aliis
1382 959 1568 1001 apostolicis
1596 970 1735 1001 necnon,
1762 961 1794 994 in

1039 1010 1330 1054 provincialibus&
1349 1012 1557 1055 synodalibus
1569 1013 1714 1046 conciliis
1726 1014 1794 1047 cdi-

1038 1064 1088 1103 tis,
1112 1064 1307 1107 specialibus
1327 1066 1373 1097 rel
1398 1067 1604 1109 generalibus
1637 1068 1793 1101 constitu-

1038 1118 1180 1151 tionibus
1208 1124 1238 1152 et
1262 1120 1534 1157 ordinationibus:
1555 1133 1592 1154 ac
1613 1121 1790 1164 quibusvis,

1038 1171 1132 1203 ctiam
1160 1172 1354 1213 iuramento,
1388 1174 1634 1207 confirmatione
1663 1181 1792 1219 aposto-

1038 1225 1097 1258 lica
1130 1227 1176 1258 vel
1216 1227 1328 1269 quavis
1352 1227 1503 1260 firmitate
1525 1228 1586 1261 alia
1617 1229 1790 1270 roboratis,

1037 1279 1162 1311 statutis
1173 1285 1201 1312 et
1214 1280 1518 1320 ‹zonsuettidinibiis3
1531 1293 1561 1324 pi
1572 1282 1704 1323 ivitogiis
1714 1294 1794 1325 quo-

1036 1342 1111 1374 que,
1134 1332 1265 1364 indultis
1276 1339 1303 1365 et
1318 1334 1431 1366 litteris
1448 1334 1635 1377 apostolicis
1650 1335 1710 1368 sub
1724 1336 1795 1379 qui·

1037 1384 1240 1428 buscuinqnc
1264 1387 1431 1419 tenoribus
1453 1394 1481 1419 ct
1511 1389 1632 1428 toi-inis,
1660 1399 1696 1421 ac
1718 1400 1792 1422 cuni

1036 1437 1213 1480 quibusiis,
1236 1440 1330 1472 ctiam
1352 1441 1631 1482 derogatoriarum
1658 1442 1793 1485 deroga·

1037 1491 1126 1523 toi-iis
1164 1492 1300 1536 aliisque
1336 1493 1573 1527 efficacioribus
1598 1501 1628 1527 et
1658 1495 1794 1529 insolitis

1036 1545 1202 1582 clausulis,
1222 1547 1488 1590 irritantilmsque
1510 1554 1539 1581 et
1556 1548 1626 1580 aliis
1642 1549 1791 1586 decretis.

1037 1598 1067 1630 in
1089 1609 1207 1640 genere
1229 1600 1276 1632 rel
1302 1600 1332 1633 in
1355 1602 1475 1644 specie,
1498 1601 1593 1634 ctiam
1614 1607 1704 1635 motu
1721 1613 1795 1646 pro-

1036 1652 1108 1695 prio
1126 1658 1155 1684 vt
1175 1653 1309 1686 ¹scientia
1329 1653 1489 1687 similibus
1510 1665 1546 1687 ac
1559 1655 1637 1687 alias
1653 1666 1791 1699 quomo-

1035 1706 1168 1743 dolibet,
1192 1707 1287 1739 etiam
1311 1707 1432 1740 iteratis
1457 1708 1594 1746 vicibus,
1618 1709 1791 1750 concessis,

1035 1759 1222 1802 approbatis
1242 1766 1270 1793 et
1293 1761 1467 1797 innovatis,
1490 1762 1610 1804 quibus
1631 1762 1791 1802 erunibus,

1035 1812 1130 1845 ctiam
1148 1813 1171 1845 si
1199 1813 1237 1846 de
1255 1813 1317 1846 illis
1336 1825 1373 1847 ac
1395 1814 1468 1847 totis
1489 1825 1603 1847 eorum
1627 1815 1792 1849 tenoribus

1034 1866 1195 1910 specialis,
1223 1867 1385 1910 specifica,
1408 1868 1572 1901 individua
1593 1874 1624 1901 et
1643 1879 1792 1912 expressa

1035 1920 1156 1952 mentio
1174 1920 1333 1961 habenda,
1354 1927 1406 1954 aut
1429 1921 1537 1964 aliqua
1552 1921 1614 1954 alia
1635 1923 1792 1965 exquisita

1035 1974 1137 2007 forma
1158 1974 1313 2007 servanda
1333 1981 1427 2015 esset,
1447 1981 1575 2008 tenores
1591 1976 1789 2016 huiusmodi,

1034 2038 1070 2059 ae
1096 2027 1120 2060 si
1155 2028 1194 2060 dc
1220 2028 1316 2062 verbo
1345 2029 1383 2061 ad
1410 2028 1543 2061 verbum
1572 2028 1793 2064 insererentur

1034 2082 1275 2126 praesentibus,
1308 2093 1367 2127 pro
1401 2082 1600 2115 sufficienter
1634 2083 1792 2126 expressis

1035 2135 1206 2176 habentes,
1229 2136 1293 2169 illis
1318 2137 1396 2169 alias
1424 2136 1455 2169 in
1487 2146 1545 2169 suo
1576 2136 1691 2170 robore
1716 2147 1791 2181 per-

1034 2190 1208 2230 mansuris,
1235 2190 1295 2223 hac
1315 2190 1382 2223 vice
1403 2190 1579 2230 dumtaxat,
1607 2189 1792 2233 specialiter

1035 2248 1065 2276 et
1080 2254 1228 2287 expresse
1245 2244 1450 2287 derogamus,
1468 2243 1649 2286 ceterisque
1667 2248 1792 2277 contra-

1035 2296 1090 2330 riis
1100 2297 1374 2341 quibuscumun
1393 2308 1446 2329 seu
1471 2296 1494 2329 si
1513 2296 1687 2340 aliquibus,
1705 2307 1791 2330 com·

1035 2350 1177 2384 muniter
1196 2351 1243 2383 vel
1264 2350 1401 2390 divisim,
1428 2350 1468 2383 ab
1499 2350 1611 2383 eadem
1642 2350 1682 2383 sit
1709 2350 1791 2384 Sede

1035 2404 1198 2437 indultum
1219 2405 1305 2448 quod
1328 2403 1488 2443 interdici,
1506 2403 1660 2446 suspendi
1675 2403 1721 2436 vel
1737 2414 1790 2436 ex-

1035 2453 1270 2487 communicari
1289 2464 1353 2486 nou
1371 2453 1494 2496 possint
1507 2463 1565 2496 per
1580 2452 1702 2485 litteras
1716 2463 1790 2496 apo-

1035 2503 1174 2544 stolicas,
1199 2514 1263 2536 non
1288 2502 1440 2535 facientes
1464 2502 1593 2545 plenam
1615 2507 1790 2546 etexpres-

1036 2564 1102 2585 sam
1127 2563 1165 2586 ac
1190 2552 1228 2585 de
1248 2551 1345 2584 verbo
1370 2551 1409 2583 ad
1434 2551 1569 2584 verbum
1597 2550 1636 2583 dc
1665 2550 1790 2584 indulto

1036 2602 1223 2635 huiusmodi
1239 2601 1448 2635 mentionem.
1462 2600 1523 2633 Per
1535 2605 1719 2644 praesentes
1732 2609 1791 2632 au-

1036 2656 1099 2685 tem
1125 2651 1246 2684 litteras
1269 2650 1458 2694 derogatum
1479 2660 1545 2683 non
1565 2659 1633 2683 esse
1657 2659 1717 2683 nee
1741 2648 1791 2686 in-
