2237 3100
214 241 263 267 An.
281 239 310 266 C.
330 240 397 268 1567

241 834 320 855 Concu.
334 834 380 854 tritt
393 850 396 858 ,

216 872 267 885 «με.
278 872 313 886 ixi,
323 871 339 884 r·⁴
351 872 397 887 iiiii:

215 901 235 916 et
247 902 299 915 «us.
313 902 367 918 xxiv.
379 902 397 916 ι’.

215 934 276 952 xviii,
286 928 313 947 [lc
322 927 397 952 {tv-fin„

216 960 298 979 tradidit
310 959 398 980 salinam

215 991 339 1011 conterendi
363 998 399 1017 pa-

314 1029 321 1039 <
330 1023 397 1043 eri-lt}-

215 1059 264 1077 ἕως,
277 1056 295 1073 ct
314 1054 397 1073 interim

215 1086 246 1103 eis
270 1085 294 1103 dc
320 1086 397 1105 rit-urit)

215 1116 348 1141 providendi¹

244 2182 331 2207 Quidam
350 2187 400 2201 vers.

219 2208 315 2239 episcopi
375 2214 401 2233 do

219 2242 336 2263 huiusmodi
366 2249 402 2263 ct»

220 2273 292 2293 etesiis
302 2275 402 2301 provide-

218 2307 274 2329 runt,
296 2311 337 2325 uon
357 2311 402 2325 ser—

219 2338 266 2355 vata
281 2336 299 2356 d.
328 2336 401 2357 sorum⁴

456 229 520 264 556

414 293 500 327 sonis
534 292 636 336 dignis
661 300 688 325 et
714 290 892 330 habilibus,
923 300 1005 333 quae
1031 290 1064 322 in
1090 291 1162 323 loco

412 347 566 387 residere,
590 351 621 379 et
636 356 693 389 per
713 355 745 378 se
766 345 851 388 ipsos
874 354 986 376 curam
1012 354 1162 377 exercere

412 401 547 441 valeant,
586 405 737 443 quantam
775 397 973 439 diligentiam
1017 396 1163 430 adhiberi

413 459 569 497 oporteat,
603 450 773 485 Alexandri
803 450 859 491 Ill,
894 450 1111 491 Lateranensi,
1134 455 1164 484 et

412 505 556 548 Gregorii
576 506 612 546 X,
630 501 837 548 Lug-dunensi
860 503 1065 548 generalibus
1090 514 1164 537 con-

413 558 510 598 ciliis,
532 570 568 592 ac
587 558 765 591 innocentii
786 557 933 591 similiter
957 557 996 590 111
1026 561 1057 590 et
1083 557 1162 590 alio-

412 623 486 644 rum
506 613 726 645 Romanorum
745 611 939 645 Pontificum
973 611 1163 655 praedeces-

411 676 522 699 sorum
554 672 739 700 nostrorum
785 666 887 699 editae
921 665 1164 699 constitutiones

412 724 582 753 testantur.

457 774 517 817 §t
540 774 630 813 Quod
650 780 686 807 ut
701 774 886 818 diligentius
898 785 934 807 ac
949 774 1069 808 rectius
1090 785 1163 819 per-

412 827 551 868 ficiatur,
574 828 683 861 statuit
702 828 797 861 etiam
823 828 962 873 synodus
981 828 1165 862 Tridentiua

413 887 458 921 ut,
486 888 677 915 occurrente
700 882 863 916 vacatione
892 883 1088 927 parochialis
1117 894 1165 916 cc-

414 934 541 974 clesiae,
564 935 658 968 ctiam
679 936 871 978 generaliter
896 937 944 969 vel
973 936 1164 980 specialiter,

413 987 507 1020 etiam
529 988 636 1031 rigore
666 988 783 1022 indulti
808 989 839 1022 iu
865 990 1005 1023 savorem
1022 990 1053 1023 S.
1072 990 1108 1023 ll.
1128 991 1162 1023 E.

413 1041 625 1075 cardinalium
643 1047 698 1075 aut
713 1043 790 1076 alias
805 1043 1048 1087 quomodolibet
1064 1055 1166 1077 reser-

413 1102 500 1128 vatae
520 1097 567 1129 vel
587 1097 718 1130 affectae
732 1123 739 1137 ,
760 1096 873 1130 debeat
898 1097 1080 1141 episcopus,
1111 1098 1166 1130 ha-

413 1150 478 1182 bita
503 1149 615 1183 notitia
634 1150 808 1183 vacationis
834 1150 1008 1192 ccclesiae,
1036 1151 1060 1184 si
1085 1162 1166 1196 opus

413 1203 519 1244 suerit,
540 1204 693 1237 idoneum
713 1205 746 1238 in
767 1215 804 1238 ea
823 1205 1074 1246 vicarium,cum
1092 1217 1167 1239 con-

414 1268 493 1300 grua
514 1258 582 1291 eius
598 1258 731 1292 arbitrio
752 1260 918 1292 fructuum
939 1259 1097 1304 portionis
1116 1271 1166 1293 as-

414 1311 603 1353 signatione,
627 1313 822 1346 constituere
836 1340 843 1353 ,
872 1313 926 1357 qui
948 1324 1046 1347 onera
1066 1313 1167 1358 ipsius

415 1366 567 1399 ecclesiae
602 1367 774 1407 sustineat,
797 1367 900 1400 donec
920 1370 949 1400 ei
978 1368 1017 1400 de
1042 1374 1167 1402 rectore

416 1419 632 1462 provideatur.
656 1420 692 1452 ΕΙ,
717 1420 831 1453 deinde
861 1420 1033 1464 episcopus
1062 1421 1167 1465 etqui

415 1474 464 1505 ius
479 1479 667 1517 patronatus
686 1474 791 1514 habet,
808 1474 892 1507 intra
913 1475 1023 1508 decem
1033 1475 1100 1509 dies
1114 1481 1168 1509 aut

416 1527 503 1560 aliud
537 1534 662 1572 tempus
688 1528 727 1561 ab
757 1528 910 1572 episcopo
948 1530 1169 1573 praescriben—

415 1582 505 1622 dum,
519 1582 644 1627 aliquos
664 1583 799 1616 clericos
814 1583 852 1615 ad
873 1583 1050 1626 regendum
1069 1585 1170 1618 eccle-

416 1635 495 1668 siam
525 1635 668 1677 idoneos,
701 1636 974 1669 examinatoribus
1001 1637 1087 1670 iuxta
1106 1638 1169 1671 sor-

417 1700 501 1722 mam
522 1690 665 1723 eiusdem
686 1690 795 1734 synodi
812 1691 983 1735 deputatis,
1006 1692 1167 1732 nominet,

417 1748 447 1776 et
466 1743 593 1776 nonnisi
618 1743 657 1776 ab
678 1743 797 1776 eisdem
820 1744 1093 1778 examinatorilms
1112 1757 1170 1790 per

418 1807 614 1830 concursum
631 1797 769 1830 aliorum
786 1797 1055 1839 examinatorum,
1073 1800 1169 1832 etiam

416 1856 580 1894 tamquam
601 1850 702 1894 magis
723 1851 839 1884 idoneo
860 1851 898 1884 ab
920 1851 1072 1896 episcopo
1089 1853 1171 1886 iudi-

417 1909 486 1937 cato
514 1910 543 1937 et
571 1905 684 1944 electo,
715 1904 754 1937 de
778 1905 914 1938 ecclesia
946 1906 1167 1948 provide-atur,

416 1957 493 1991 alias
513 1958 711 2001 provisiones
735 1969 790 1992 seu
812 1958 1028 1993 institutiones
1044 1971 1167 2001 omnes,

416 2016 545 2055 praeter
564 2013 701 2045 sormam
719 2012 916 2056 praedictam
933 2014 1046 2055 sactae,
1064 2026 1169 2049 surre-

416 2065 525 2108 ptitiae
547 2071 750 2099 censeantur.

459 2120 474 2160 ,Q
495 2119 525 2151 2.
545 2119 606 2152 Sed
622 2119 775 2163 quoniam
797 2130 847 2153 res
863 2120 1025 2154 humanae
1041 2132 1170 2165 semper

416 2172 448 2204 in
470 2173 610 2205 deterius
630 2174 855 2215 prolabuntur,
873 2174 933 2206 nisi
944 2174 1015 2218 quis
1027 2186 1080 2207 cas
1096 2175 1169 2209 reti-

416 2231 501 2262 neat,
523 2237 559 2259 ac
576 2226 701 2260 debitae
722 2226 904 2260 executioni
924 2228 1105 2270 demandet,
1139 2235 1171 2262 et

415 2280 590 2312 verendum
610 2280 650 2313 sit
676 2291 728 2321 ne,
751 2286 884 2325 propter
904 2281 1168 2315 constitutionum

417 2332 603 2366 huiusmodi
625 2334 922 2377 transgressionem,
944 2334 1073 2368 maximi
1087 2336 1168 2368 abu-

418 2397 470 2419 sus
500 2387 656 2428 oriantur,
689 2398 758 2428 nos,
785 2388 825 2421 ad
849 2398 989 2435 quorum
1022 2389 1168 2422 notitiam

418 2446 482 2468 non
511 2435 578 2469 sine
605 2437 692 2479 gravi
722 2442 829 2470 nostra
856 2437 1003 2470 molestia
1027 2438 1170 2480 pervenit

418 2487 591 2518 nonnullos
611 2497 647 2518 ex
667 2486 905 2520 venerabilibus
934 2486 1086 2519 tratribus
1110 2498 1169 2521 no-

417 2535 489 2567 stris
518 2535 769 2580 archiepiscopis
798 2541 828 2569 et
855 2535 1026 2580 episcopis,
1054 2547 1169 2569 occur-

418 2589 506 2617 rente
517 2585 681 2618 vacationc
699 2586 935 2629 parochialium
945 2585 1167 2627 ecclesiarum,

418 2644 481 2670 eas,
504 2635 594 2668 nullo
604 2640 658 2669 aut
679 2635 785 2669 minus
798 2636 857 2670 rite
873 2640 996 2670 servato
1009 2635 1167 2677 examine,

1005 235 1186 261 BULLARIUM
1204 235 1355 261 ROMANUM

1966 229 2017 258 An.
2033 230 2063 258 C.
2081 229 2150 258 ¹567

1205 287 1393 333 praesertim
1409 287 1464 320 illo
1483 287 1570 331 quod
1586 298 1644 331 per
1662 297 1858 321 concursum
1881 285 1953 320 fieri

1205 343 1299 375 debet
1329 353 1365 375 ex
1400 340 1538 374 concilio
1567 340 1764 382 Tridentino,
1789 341 1839 375 vel
1857 341 1953 374 etiam

1205 395 1349 429 examine
1364 396 1424 429 rite
1449 399 1583 435 servato,
1609 395 1756 439 personis
1775 395 1882 428 minus
1904 394 1954 428 di-

1204 449 1286 493 gnis,
1305 448 1500 482 carnalitatis
1516 452 1571 481 aut
1589 447 1688 481 alium
1708 447 1868 481 humanae
1885 459 1955 492 pas-

1205 503 1304 536 sionis
1327 503 1497 543 assectum‚
1519 513 1584 536 non
1619 501 1751 535 rationis
1774 502 1930 536 iudicium
1944 529 1952 543 ,

1205 563 1392 601 sequentes,
1415 556 1588 590 contulisse
1609 556 1693 590 etde
1709 555 1754 589 eis
1769 555 1953 600 providisse,

1204 611 1365 652 volentes,
1386 616 1543 654 quantum
1569 621 1644 644 cum
1668 611 1732 644 Deo
1761 620 1952 654 possumus,

1205 665 1393 699 huiusmodi
1412 676 1449 699 ac
1469 664 1565 699 etiam
1589 664 1706 699 futuris
1727 664 1880 709 periculis
1899 674 1955 698 oc-

1206 730 1348 753 currere.

1249 773 1305 817 §3
1324 773 1518 806 Eorumdem
1536 773 1821 817 praedecessorum
1833 777 1958 805 nostro·
1980 781 2157 820 *iacob-teron-

1206 838 1278 859 rum
1306 826 1548 860 constitutiones
1568 827 1724 871 praefatas
1747 826 1842 860 etiam
1862 825 1956 859 inno·
1969 814 2155 867 ἕξξιζξοῃξζόἳξῗ

1205 881 1319 922 vando,
1336 881 1525 914 auctoritate
1539 880 1724 925 apostolica,
1737 886 1847 914 tenore
1862 890 1956 924 prae·
1971 878 2058 899 ⁶³⁸⁰d⁸⁵
2080 878 2155 898 ΨΜ·

1970 909 2059 931 formam
2103 908 2154 930 dieti

1207 934 1357 975 sentium,
1389 945 1501 968 omnes
1525 940 1556 968 et
1581 934 1722 978 singulas
1748 934 1955 976 collationes,
1971 940 2158 995 ἓῗυξέῃεοτὲᾞιιῑῑῖζ.

1206 989 1416 1033 provisiones,
1432 988 1647 1022 institutiones
1668 994 1698 1022 et
1712 988 1838 1033 quasvis
1853 987 1959 1033 dispo·
1972 1010 2022 1026 em
2061 1004 2159 1026 <mm-„12

1973 1039 1995 1057 οι
2011 1035 2060 1057 Sani
2081 1035 2157 1063 Apont.

1207 1042 1338 1076 sitiones
1355 1042 1590 1087 parochialium
1607 1042 1816 1076 ecclesiarum
1837 1042 1876 1076 ab
1896 1042 1958 1075 eis·
1972 1069 2077 1089 mem„

1207 1097 1279 1129 dem
1306 1096 1466 1142 episcopis
1490 1103 1520 1130 et
1550 1096 1802 1141 archiepiscopis
1826 1107 1864 1130 ae
1891 1095 1960 1141 qui-

1207 1151 1313 1184 busvis
1347 1151 1416 1184 aliis
1444 1151 1670 1191 collatoribus,
1699 1156 1764 1184 tam
1789 1150 1961 1184 ordinariis

1208 1216 1305 1249 quam
1315 1204 1479 1248 delegatis,
1491 1205 1585 1238 etiam
1581 1205 1628 1260 ⁴S
1643 1205 1680 1238 R.
1695 1205 1730 1238 E.
1744 1203 1961 1238 cardinalibus

1199 1269 1245 1291 ac
1265 1258 1356 1292 Sedis
1383 1259 1586 1303 Apostolicae
1615 1259 1727 1302 legatis
1746 1259 1793 1292 vel
1818 1258 1958 1300 nunciis,

1209 1318 1335 1356 praeter
1355 1319 1385 1345 et
1406 1318 1517 1346 contra
1536 1314 1673 1346 sormam
1694 1313 1732 1346 ab
1748 1313 1861 1346 eodem
1882 1322 1960 1346 con-

1209 1366 1283 1399 cilio
1311 1366 1508 1408 Tridentino,
1541 1367 1729 1411 praesertim
1758 1366 1791 1400 in
1817 1366 1961 1400 examine

1209 1431 1267 1464 per
1295 1431 1489 1453 concursum
1519 1420 1681 1462 faciendo,
1715 1420 1959 1466 praescriptam,

1210 1475 1310 1507 factas
1334 1480 1389 1507 aut
1409 1474 1442 1507 iu
1467 1476 1612 1508 t'uturum
1634 1475 1812 1516 faciendas,
1839 1475 1960 1515 nullas,

1210 1528 1316 1561 irritas
1330 1539 1367 1561 ac
1383 1528 1504 1561 nultius
1521 1529 1646 1562 roboris
1660 1529 1709 1562 vel
1725 1528 1879 1562 momenti
1894 1529 1961 1562 sore

1211 1586 1241 1615 et
1265 1592 1344 1623 esse,
1366 1582 1559 1625 nullumque
1583 1582 1717 1627 provisis
1741 1582 1791 1616 ius
1815 1588 1870 1616 aut
1887 1582 1963 1616 titu-

1211 1636 1279 1668 lum
1293 1662 1301 1677 ,
1320 1635 1415 1669 etiam
1439 1637 1637 1678 coloratum,
1660 1636 1843 1680 possidendi
1867 1648 1961 1681 prae-

1210 1689 1299 1730 bere,
1321 1695 1351 1722 et
1371 1690 1572 1734 parochiales
1588 1690 1739 1724 ecclesias
1759 1690 1958 1732 huiusmodi,

1211 1749 1246 1776 ut
1266 1743 1356 1787 prius
1385 1749 1457 1777 ante
1490 1744 1676 1777 collationes
1699 1744 1887 1778 huiusmodi
1910 1755 1961 1778 va·

1212 1796 1338 1840 cabant,
1360 1808 1397 1831 ex
1424 1808 1513 1832 nunc
1539 1809 1651 1832 vacare
1686 1798 1871 1840 statuimus,
1907 1799 1960 1832 de—

1212 1850 1375 1884 cernimus
1386 1857 1416 1884 ct
1426 1852 1641 1894 declaramus,
1650 1863 1767 1897 easque
1779 1862 1891 1886 omnes
1900 1862 1960 1897 pro

1213 1910 1356 1949 tempore
1394 1905 1439 1939 sic
1471 1912 1618 1940 vacantes
1646 1912 1774 1940 nostrae
1808 1912 1840 1940 et
1871 1906 1961 1940 Sedis

1211 1959 1412 2003 Apostolicae
1433 1970 1489 1993 seu
1523 1971 1635 1994 eorum
1661 1960 1779 2005 quibus
1807 1960 1858 1994 ius
1886 1970 1961 1994 con-

1211 2012 1334 2046 ferendi
1355 2023 1419 2054 eas,
1440 2018 1667 2058 praeterquam
1683 2014 1843 2059 episcopis
1862 2019 1894 2048 et
1912 2025 1962 2048 ar-

1212 2066 1441 2111 chiepiscopis,
1463 2067 1518 2111 qui
1550 2079 1663 2101 curam
1691 2068 1766 2101 dicti
1791 2067 1960 2109 examinis,

1211 2120 1297 2153 iuxta
1330 2120 1495 2154 decretum
1516 2121 1656 2163 concilii,
1678 2122 1797 2156 habere
1825 2122 1960 2163 debent,

1213 2178 1384 2217 competet,
1412 2174 1612 2219 dispositioni
1632 2186 1844 2210 reservamus.

1255 2228 1270 2269 ,ξ
1291 2227 1323 2260 4.
1355 2228 1501 2273 Insuper,
1524 2240 1564 2262 ne
1579 2230 1781 2274 parochiales
1808 2229 1962 2264 ecclesiae
2003 2244 2068 2266 immo
2090 2244 2160 2266 eona-

1212 2281 1266 2313 diu
1291 2281 1324 2314 in
1348 2276 1503 2327 suspenso
1532 2289 1693 2325 maneant,
1720 2284 1753 2316 in
1786 2284 1961 2318 maximum
1976 2277 2076 2329 ss'ss'ffflm
2094 2281 2160 2334 ⁹32]

1212 2335 1393 2369 animarum
1408 2336 1602 2381 periculum,
1614 2349 1894 2382 quarumcumque
1907 2349 1962 2383 pa-
1976 2342 2034 2360 ΗΜ
2044 2338 2070 2359 ³⁶
2083 2337 2160 2359 ΜΨ

1212 2389 1402 2423 rochialium
1424 2390 1647 2432 ecclesiarum,
1660 2402 1798 2435 quarum
1813 2392 1891 2425 dum
1902 2402 1961 2436 pro
1975 2369 2161 2426 giiissssivaiito‘ie-

1212 2444 1358 2483 tempore
1369 2445 1490 2481 vacant,
1503 2441 1542 2473 ad
1555 2440 1734 2485 episcopos,
1748 2440 1964 2484 archiepisco·
1976 2437 2009 2452 '¹¹⁸
2023 2431 2073 2452 Μ
2090 2437 2159 2457 ⁰⁰⁰⁰*

1977 2463 2079 2484 ordinarii
2117 2468 2160 2484 non

1212 2499 1288 2532 pos,
1320 2488 1473 2532 primates
1502 2495 1532 2523 et
1560 2489 1758 2534 patriarchas
1781 2495 1812 2523 et
1836 2490 2110 2534 quosvismoviaenm
2140 2494 2160 2514 5¹¹

1211 2537 1291 2571 alios
1319 2537 1499 2572 ordinarios
1526 2539 1712 2579 collatores,
1740 2538 1773 2571 in
1799 2538 1964 2572 mensibus
1977 2525 2160 2584 ὶῗῗμοξζῶἶῗξ

1212 2586 1385 2619 ordinariis
1405 2587 1614 2621 collatoribus
1640 2589 1734 2622 etiam
1755 2598 1813 2632 per
1837 2593 1963 2622 nostras

1212 2636 1339 2679 regulas
1350 2636 1525 2679 assignatis,
1537 2637 1675 2681 provisio
1691 2642 1721 2671 et
1732 2638 1860 2672 collatio
1875 2649 1964 2683 spec-

2226 2116 2237 2278 ἐξ

2227 2291 2237 2366 ἐ

2230 2383 2237 2418 i
