<?xml version="1.0" encoding="UTF-8"?>
<!DOCTYPE html PUBLIC "-//W3C//DTD XHTML 1.0 Transitional//EN"
    "http://www.w3.org/TR/xhtml1/DTD/xhtml1-transitional.dtd">
<html xmlns="http://www.w3.org/1999/xhtml" xml:lang="en" lang="en">
 <head>
  <title>
</title>
<meta http-equiv="Content-Type" content="text/html;charset=utf-8" />
  <meta name='ocr-system' content='tesseract 3.04.00' />
  <meta name='ocr-capabilities' content='ocr_page ocr_carea ocr_par ocr_line ocrx_word'/>
</head>
<body>
  <div class='ocr_page' id='page_1' title='image "./bullarumdiplomat07cath_0449.png"; bbox 0 0 2237 3100; ppageno 0'>
   <div class='ocr_carea' id='block_1_1' title="bbox 49 278 231 307">
    <p class='ocr_par' dir='ltr' id='par_1_1' title="bbox 49 278 231 307">
     <span class='ocr_line' id='line_1_1' title="bbox 49 278 231 307; baseline -0.011 0"><span class='ocrx_word' id='word_1_1' title='bbox 49 280 98 307; x_wconf 70' lang='lat' dir='ltr'>An.</span> <span class='ocrx_word' id='word_1_2' title='bbox 115 280 144 307; x_wconf 83' lang='lat' dir='ltr'>C.</span> <span class='ocrx_word' id='word_1_3' title='bbox 163 278 231 306; x_wconf 77' lang='lat'><strong>¹565</strong></span> 
     </span>
    </p>
   </div>
   <div class='ocr_carea' id='block_1_2' title="bbox 918 273 1102 300">
    <p class='ocr_par' dir='ltr' id='par_1_2' title="bbox 918 273 1102 300">
     <span class='ocr_line' id='line_1_2' title="bbox 918 273 1102 300; baseline -0.027 0"><span class='ocrx_word' id='word_1_4' title='bbox 918 276 985 300; x_wconf 77' lang='lat' dir='ltr'>rlt&#39;s</span> <span class='ocrx_word' id='word_1_5' title='bbox 1006 275 1035 298; x_wconf 93' lang='lat' dir='ltr'>IV</span> <span class='ocrx_word' id='word_1_6' title='bbox 1055 273 1102 297; x_wconf 82' lang='lat' dir='ltr'>PP.</span> 
     </span>
    </p>
   </div>
   <div class='ocr_carea' id='block_1_3' title="bbox 244 328 1012 2718">
    <p class='ocr_par' dir='ltr' id='par_1_3' title="bbox 244 328 1012 2718">
     <span class='ocr_line' id='line_1_3' title="bbox 245 328 988 373; baseline -0.005 -8"><span class='ocrx_word' id='word_1_7' title='bbox 245 329 474 370; x_wconf 79' lang='lat' dir='ltr'>tribunalium,</span> <span class='ocrx_word' id='word_1_8' title='bbox 496 340 534 363; x_wconf 89' lang='lat' dir='ltr'>ac</span> <span class='ocrx_word' id='word_1_9' title='bbox 561 328 746 373; x_wconf 86' lang='lat' dir='ltr'>quarumvis</span> <span class='ocrx_word' id='word_1_10' title='bbox 766 328 988 368; x_wconf 85' lang='lat' dir='ltr'>ecclesiarum,</span> 
     </span>
     <span class='ocr_line' id='line_1_4' title="bbox 245 382 990 427; baseline -0.004 -10"><span class='ocrx_word' id='word_1_11' title='bbox 245 383 533 423; x_wconf 77' lang='lat' dir='ltr'>monasteriorum,</span> <span class='ocrx_word' id='word_1_12' title='bbox 563 382 771 427; x_wconf 74' lang='lat' dir='ltr'>hospitalium</span> <span class='ocrx_word' id='word_1_13' title='bbox 800 387 829 415; x_wconf 88' lang='lat' dir='ltr'>ct</span> <span class='ocrx_word' id='word_1_14' title='bbox 853 382 990 415; x_wconf 88' lang='lat' dir='ltr'>aliorum</span> 
     </span>
     <span class='ocr_line' id='line_1_5' title="bbox 245 435 991 481; baseline -0.004 -11"><span class='ocrx_word' id='word_1_15' title='bbox 245 437 372 481; x_wconf 89' lang='lat' dir='ltr'>piorum</span> <span class='ocrx_word' id='word_1_16' title='bbox 396 437 555 477; x_wconf 88' lang='lat' dir='ltr'>locorum,</span> <span class='ocrx_word' id='word_1_17' title='bbox 577 446 703 469; x_wconf 79' lang='lat' dir='ltr'>necnon</span> <span class='ocrx_word' id='word_1_18' title='bbox 728 435 892 475; x_wconf 88' lang='lat' dir='ltr'>Ordinum,</span> <span class='ocrx_word' id='word_1_19' title='bbox 914 445 991 468; x_wconf 82' lang='lat' dir='ltr'>eon-</span> 
     </span>
     <span class='ocr_line' id='line_1_6' title="bbox 244 489 990 527; baseline -0.004 -4"><span class='ocrx_word' id='word_1_20' title='bbox 244 491 408 524; x_wconf 89' lang='lat' dir='ltr'>sulatuum</span> <span class='ocrx_word' id='word_1_21' title='bbox 424 496 455 523; x_wconf 87' lang='lat' dir='ltr'>et</span> <span class='ocrx_word' id='word_1_22' title='bbox 470 490 657 523; x_wconf 78' lang='lat' dir='ltr'>societatum</span> <span class='ocrx_word' id='word_1_23' title='bbox 678 500 714 523; x_wconf 87' lang='lat' dir='ltr'>ac</span> <span class='ocrx_word' id='word_1_24' title='bbox 734 489 990 527; x_wconf 77' lang='lat' dir='ltr'>universitatum,</span> 
     </span>
     <span class='ocr_line' id='line_1_7' title="bbox 245 542 993 586; baseline -0.003 -9"><span class='ocrx_word' id='word_1_25' title='bbox 245 544 340 577; x_wconf 90' lang='lat' dir='ltr'>etiam</span> <span class='ocrx_word' id='word_1_26' title='bbox 359 543 803 584; x_wconf 80' lang='lat' dir='ltr'>iuramento,confirmatione</span> <span class='ocrx_word' id='word_1_27' title='bbox 820 542 993 586; x_wconf 81' lang='lat' dir='ltr'>apostoliea</span> 
     </span>
     <span class='ocr_line' id='line_1_8' title="bbox 244 595 994 640; baseline -0.003 -10"><span class='ocrx_word' id='word_1_28' title='bbox 244 598 292 631; x_wconf 83' lang='lat' dir='ltr'>vel</span> <span class='ocrx_word' id='word_1_29' title='bbox 311 597 420 640; x_wconf 79' lang='lat' dir='ltr'>quavis</span> <span class='ocrx_word' id='word_1_30' title='bbox 440 597 589 630; x_wconf 85' lang='lat' dir='ltr'>firmitate</span> <span class='ocrx_word' id='word_1_31' title='bbox 606 597 668 629; x_wconf 88' lang='lat' dir='ltr'>alia</span> <span class='ocrx_word' id='word_1_32' title='bbox 687 596 854 636; x_wconf 86' lang='lat' dir='ltr'>roboratis,</span> <span class='ocrx_word' id='word_1_33' title='bbox 870 595 994 629; x_wconf 87' lang='lat' dir='ltr'>statutis</span> 
     </span>
     <span class='ocr_line' id='line_1_9' title="bbox 245 648 990 695; baseline -0.004 -11"><span class='ocrx_word' id='word_1_34' title='bbox 245 650 583 691; x_wconf 84' lang='lat' dir='ltr'>etconsuetudinibus,</span> <span class='ocrx_word' id='word_1_35' title='bbox 606 650 704 695; x_wconf 67' lang='lat' dir='ltr'>stylis,</span> <span class='ocrx_word' id='word_1_36' title='bbox 723 650 845 690; x_wconf 48' lang='lat' dir='ltr'>usibus</span> <span class='ocrx_word' id='word_1_37' title='bbox 858 648 990 689; x_wconf 85' lang='lat' dir='ltr'>naturis,</span> 
     </span>
     <span class='ocr_line' id='line_1_10' title="bbox 245 703 995 747; baseline -0.004 -10"><span class='ocrx_word' id='word_1_38' title='bbox 245 703 390 745; x_wconf 80' lang='lat' dir='ltr'>decretis,</span> <span class='ocrx_word' id='word_1_39' title='bbox 407 704 554 747; x_wconf 88' lang='lat' dir='ltr'>capitulis</span> <span class='ocrx_word' id='word_1_40' title='bbox 571 709 600 737; x_wconf 88' lang='lat' dir='ltr'>et</span> <span class='ocrx_word' id='word_1_41' title='bbox 620 703 714 736; x_wconf 89' lang='lat' dir='ltr'>etiam</span> <span class='ocrx_word' id='word_1_42' title='bbox 734 703 823 736; x_wconf 85' lang='lat' dir='ltr'>novis</span> <span class='ocrx_word' id='word_1_43' title='bbox 843 703 995 736; x_wconf 81' lang='lat' dir='ltr'>reforma-</span> 
     </span>
     <span class='ocr_line' id='line_1_11' title="bbox 245 756 995 801; baseline -0.004 -11"><span class='ocrx_word' id='word_1_44' title='bbox 245 757 396 798; x_wconf 80' lang='lat' dir='ltr'>tionibus,</span> <span class='ocrx_word' id='word_1_45' title='bbox 418 757 543 800; x_wconf 78' lang='lat' dir='ltr'>legibus</span> <span class='ocrx_word' id='word_1_46' title='bbox 571 756 746 801; x_wconf 68' lang='lat' dir='ltr'>pontificiis</span> <span class='ocrx_word' id='word_1_47' title='bbox 766 762 796 790; x_wconf 89' lang='lat' dir='ltr'>ct</span> <span class='ocrx_word' id='word_1_48' title='bbox 820 756 995 800; x_wconf 89' lang='lat' dir='ltr'>imperiali—</span> 
     </span>
     <span class='ocr_line' id='line_1_12' title="bbox 246 809 991 854; baseline -0.004 -10"><span class='ocrx_word' id='word_1_49' title='bbox 246 812 316 852; x_wconf 90' lang='lat' dir='ltr'>bus,</span> <span class='ocrx_word' id='word_1_50' title='bbox 336 811 436 845; x_wconf 86' lang='lat' dir='ltr'>saeris</span> <span class='ocrx_word' id='word_1_51' title='bbox 451 811 638 851; x_wconf 81' lang='lat' dir='ltr'>canonibus,</span> <span class='ocrx_word' id='word_1_52' title='bbox 659 809 831 854; x_wconf 73' lang='lat' dir='ltr'>privilegiis</span> <span class='ocrx_word' id='word_1_53' title='bbox 850 820 991 853; x_wconf 88' lang='lat' dir='ltr'>quoque,</span> 
     </span>
     <span class='ocr_line' id='line_1_13' title="bbox 247 863 994 908; baseline -0.005 -10"><span class='ocrx_word' id='word_1_54' title='bbox 247 865 379 898; x_wconf 87' lang='lat' dir='ltr'>indultis</span> <span class='ocrx_word' id='word_1_55' title='bbox 411 870 441 898; x_wconf 87' lang='lat' dir='ltr'>et</span> <span class='ocrx_word' id='word_1_56' title='bbox 465 865 567 898; x_wconf 88' lang='lat' dir='ltr'>literis</span> <span class='ocrx_word' id='word_1_57' title='bbox 596 863 798 908; x_wconf 83' lang='lat' dir='ltr'>apostolicis,</span> <span class='ocrx_word' id='word_1_58' title='bbox 825 863 900 901; x_wconf 81' lang='lat' dir='ltr'>illis,</span> <span class='ocrx_word' id='word_1_59' title='bbox 922 863 994 895; x_wconf 88' lang='lat' dir='ltr'>illo-</span> 
     </span>
     <span class='ocr_line' id='line_1_14' title="bbox 246 916 996 962; baseline -0.004 -10"><span class='ocrx_word' id='word_1_60' title='bbox 246 929 385 962; x_wconf 82' lang='lat' dir='ltr'>rumque</span> <span class='ocrx_word' id='word_1_61' title='bbox 405 918 578 962; x_wconf 76' lang='lat' dir='ltr'>respective</span> <span class='ocrx_word' id='word_1_62' title='bbox 589 918 723 962; x_wconf 85' lang='lat' dir='ltr'>populo,</span> <span class='ocrx_word' id='word_1_63' title='bbox 738 916 869 957; x_wconf 75' lang='lat' dir='ltr'>civibus,</span> <span class='ocrx_word' id='word_1_64' title='bbox 884 916 996 949; x_wconf 88' lang='lat' dir='ltr'>incolis</span> 
     </span>
     <span class='ocr_line' id='line_1_15' title="bbox 247 970 996 1016; baseline -0.007 -9"><span class='ocrx_word' id='word_1_65' title='bbox 247 977 277 1007; x_wconf 88' lang='lat' dir='ltr'>et</span> <span class='ocrx_word' id='word_1_66' title='bbox 305 971 537 1016; x_wconf 87' lang='lat' dir='ltr'>superioribus,</span> <span class='ocrx_word' id='word_1_67' title='bbox 560 983 597 1005; x_wconf 90' lang='lat' dir='ltr'>ac</span> <span class='ocrx_word' id='word_1_68' title='bbox 629 977 694 1005; x_wconf 81' lang='lat' dir='ltr'>tam</span> <span class='ocrx_word' id='word_1_69' title='bbox 726 970 996 1014; x_wconf 75' lang='lat' dir='ltr'>supranominatis</span> 
     </span>
     <span class='ocr_line' id='line_1_16' title="bbox 247 1024 995 1071; baseline -0.005 -11"><span class='ocrx_word' id='word_1_70' title='bbox 247 1038 343 1071; x_wconf 86' lang='lat' dir='ltr'>quam</span> <span class='ocrx_word' id='word_1_71' title='bbox 369 1026 533 1070; x_wconf 83' lang='lat' dir='ltr'>quibusvis</span> <span class='ocrx_word' id='word_1_72' title='bbox 566 1026 636 1058; x_wconf 89' lang='lat' dir='ltr'>aliis</span> <span class='ocrx_word' id='word_1_73' title='bbox 669 1024 815 1070; x_wconf 89' lang='lat' dir='ltr'>personis</span> <span class='ocrx_word' id='word_1_74' title='bbox 843 1030 870 1057; x_wconf 87' lang='lat' dir='ltr'>ct</span> <span class='ocrx_word' id='word_1_75' title='bbox 901 1024 995 1057; x_wconf 87' lang='lat' dir='ltr'>etiam</span> 
     </span>
     <span class='ocr_line' id='line_1_17' title="bbox 247 1077 996 1118; baseline -0.007 -4"><span class='ocrx_word' id='word_1_76' title='bbox 247 1080 409 1114; x_wconf 88' lang='lat' dir='ltr'>iudicibus</span> <span class='ocrx_word' id='word_1_77' title='bbox 420 1079 643 1114; x_wconf 82' lang='lat' dir='ltr'>ecclesiasticis</span> <span class='ocrx_word' id='word_1_78' title='bbox 655 1084 684 1113; x_wconf 88' lang='lat' dir='ltr'>et</span> <span class='ocrx_word' id='word_1_79' title='bbox 693 1078 923 1118; x_wconf 85' lang='lat' dir='ltr'>saecularibus,</span> <span class='ocrx_word' id='word_1_80' title='bbox 938 1077 996 1110; x_wconf 87' lang='lat' dir='ltr'>sub</span> 
     </span>
     <span class='ocr_line' id='line_1_18' title="bbox 248 1131 997 1178; baseline -0.005 -11"><span class='ocrx_word' id='word_1_81' title='bbox 248 1134 509 1178; x_wconf 88' lang='lat' dir='ltr'>quibuscumque</span> <span class='ocrx_word' id='word_1_82' title='bbox 520 1133 686 1166; x_wconf 88' lang='lat' dir='ltr'>tenoribus</span> <span class='ocrx_word' id='word_1_83' title='bbox 695 1138 725 1165; x_wconf 88' lang='lat' dir='ltr'>et</span> <span class='ocrx_word' id='word_1_84' title='bbox 741 1131 862 1172; x_wconf 82' lang='lat' dir='ltr'>formis,</span> <span class='ocrx_word' id='word_1_85' title='bbox 877 1142 913 1164; x_wconf 81' lang='lat' dir='ltr'>ac</span> <span class='ocrx_word' id='word_1_86' title='bbox 923 1142 997 1165; x_wconf 87' lang='lat' dir='ltr'>eum</span> 
     </span>
     <span class='ocr_line' id='line_1_19' title="bbox 248 1185 997 1232; baseline -0.004 -12"><span class='ocrx_word' id='word_1_87' title='bbox 248 1187 422 1232; x_wconf 69' lang='lat' dir='ltr'>quibusvis,</span> <span class='ocrx_word' id='word_1_88' title='bbox 447 1187 541 1221; x_wconf 91' lang='lat' dir='ltr'>etiam</span> <span class='ocrx_word' id='word_1_89' title='bbox 565 1186 841 1229; x_wconf 75' lang='lat' dir='ltr'>derogatoriarum</span> <span class='ocrx_word' id='word_1_90' title='bbox 863 1185 997 1228; x_wconf 75' lang='lat' dir='ltr'>deroga-</span> 
     </span>
     <span class='ocr_line' id='line_1_20' title="bbox 250 1238 999 1284; baseline -0.007 -9"><span class='ocrx_word' id='word_1_91' title='bbox 250 1241 350 1283; x_wconf 83' lang='lat' dir='ltr'>toriis,</span> <span class='ocrx_word' id='word_1_92' title='bbox 373 1241 507 1284; x_wconf 88' lang='lat' dir='ltr'>aliisque</span> <span class='ocrx_word' id='word_1_93' title='bbox 540 1239 774 1274; x_wconf 85' lang='lat' dir='ltr'>efficacioribus</span> <span class='ocrx_word' id='word_1_94' title='bbox 807 1245 838 1272; x_wconf 88' lang='lat' dir='ltr'>et</span> <span class='ocrx_word' id='word_1_95' title='bbox 864 1238 999 1272; x_wconf 86' lang='lat' dir='ltr'>insolitis</span> 
     </span>
     <span class='ocr_line' id='line_1_21' title="bbox 249 1292 996 1337; baseline -0.005 -8"><span class='ocrx_word' id='word_1_96' title='bbox 249 1295 414 1335; x_wconf 83' lang='lat' dir='ltr'>clausulis,</span> <span class='ocrx_word' id='word_1_97' title='bbox 435 1295 699 1337; x_wconf 84' lang='lat' dir='ltr'>irritantibusque</span> <span class='ocrx_word' id='word_1_98' title='bbox 717 1298 745 1326; x_wconf 83' lang='lat' dir='ltr'>et</span> <span class='ocrx_word' id='word_1_99' title='bbox 766 1293 836 1326; x_wconf 87' lang='lat' dir='ltr'>aliis</span> <span class='ocrx_word' id='word_1_100' title='bbox 849 1292 996 1333; x_wconf 82' lang='lat' dir='ltr'>decretis,</span> 
     </span>
     <span class='ocr_line' id='line_1_22' title="bbox 249 1347 998 1386; baseline -0.005 -4"><span class='ocrx_word' id='word_1_101' title='bbox 249 1349 344 1383; x_wconf 88' lang='lat' dir='ltr'>etiam</span> <span class='ocrx_word' id='word_1_102' title='bbox 371 1355 461 1382; x_wconf 87' lang='lat' dir='ltr'>motu</span> <span class='ocrx_word' id='word_1_103' title='bbox 491 1354 522 1382; x_wconf 86' lang='lat' dir='ltr'>et</span> <span class='ocrx_word' id='word_1_104' title='bbox 545 1348 677 1382; x_wconf 87' lang='lat' dir='ltr'>scientia</span> <span class='ocrx_word' id='word_1_105' title='bbox 696 1347 867 1386; x_wconf 84' lang='lat' dir='ltr'>similibus,</span> <span class='ocrx_word' id='word_1_106' title='bbox 888 1347 936 1379; x_wconf 74' lang='lat' dir='ltr'>vel</span> <span class='ocrx_word' id='word_1_107' title='bbox 961 1347 998 1379; x_wconf 80' lang='lat' dir='ltr'>ad</span> 
     </span>
     <span class='ocr_line' id='line_1_23' title="bbox 249 1400 999 1448; baseline -0.004 -12"><span class='ocrx_word' id='word_1_108' title='bbox 249 1403 436 1448; x_wconf 86' lang='lat' dir='ltr'>quorumvis</span> <span class='ocrx_word' id='word_1_109' title='bbox 452 1402 645 1442; x_wconf 87' lang='lat' dir='ltr'>instantiam,</span> <span class='ocrx_word' id='word_1_110' title='bbox 661 1402 692 1434; x_wconf 91' lang='lat' dir='ltr'>in</span> <span class='ocrx_word' id='word_1_111' title='bbox 706 1410 822 1444; x_wconf 82' lang='lat' dir='ltr'>genere</span> <span class='ocrx_word' id='word_1_112' title='bbox 834 1406 864 1434; x_wconf 93' lang='lat' dir='ltr'>et</span> <span class='ocrx_word' id='word_1_113' title='bbox 880 1400 999 1444; x_wconf 87' lang='lat' dir='ltr'>specie,</span> 
     </span>
     <span class='ocr_line' id='line_1_24' title="bbox 249 1454 1000 1497; baseline -0.005 -6"><span class='ocrx_word' id='word_1_114' title='bbox 249 1469 286 1491; x_wconf 88' lang='lat' dir='ltr'>ac</span> <span class='ocrx_word' id='word_1_115' title='bbox 306 1457 401 1491; x_wconf 88' lang='lat' dir='ltr'>etiam</span> <span class='ocrx_word' id='word_1_116' title='bbox 422 1455 685 1490; x_wconf 86' lang='lat' dir='ltr'>consistorialiter</span> <span class='ocrx_word' id='word_1_117' title='bbox 710 1460 740 1487; x_wconf 87' lang='lat' dir='ltr'>et.</span> <span class='ocrx_word' id='word_1_118' title='bbox 766 1454 843 1487; x_wconf 88' lang='lat' dir='ltr'>alias</span> <span class='ocrx_word' id='word_1_119' title='bbox 863 1465 1000 1497; x_wconf 88' lang='lat' dir='ltr'>quomo-</span> 
     </span>
     <span class='ocr_line' id='line_1_25' title="bbox 250 1507 1001 1545; baseline -0.005 -2"><span class='ocrx_word' id='word_1_120' title='bbox 250 1511 370 1545; x_wconf 84' lang='lat' dir='ltr'>dolibet</span> <span class='ocrx_word' id='word_1_121' title='bbox 389 1510 550 1544; x_wconf 82' lang='lat' dir='ltr'>concessis</span> <span class='ocrx_word' id='word_1_122' title='bbox 570 1520 607 1542; x_wconf 87' lang='lat' dir='ltr'>ac</span> <span class='ocrx_word' id='word_1_123' title='bbox 628 1509 723 1542; x_wconf 88' lang='lat' dir='ltr'>etiam</span> <span class='ocrx_word' id='word_1_124' title='bbox 740 1507 860 1541; x_wconf 75' lang='lat' dir='ltr'>iteratis</span> <span class='ocrx_word' id='word_1_125' title='bbox 879 1507 1001 1540; x_wconf 74' lang='lat' dir='ltr'>vicibus</span> 
     </span>
     <span class='ocr_line' id='line_1_26' title="bbox 250 1561 1001 1610; baseline -0.007 -11"><span class='ocrx_word' id='word_1_126' title='bbox 250 1565 435 1610; x_wconf 86' lang='lat' dir='ltr'>approbatis</span> <span class='ocrx_word' id='word_1_127' title='bbox 461 1569 492 1598; x_wconf 87' lang='lat' dir='ltr'>et</span> <span class='ocrx_word' id='word_1_128' title='bbox 519 1563 687 1597; x_wconf 82' lang='lat' dir='ltr'>innovatis.</span> <span class='ocrx_word' id='word_1_129' title='bbox 710 1561 832 1602; x_wconf 82' lang='lat' dir='ltr'>Quibus</span> <span class='ocrx_word' id='word_1_130' title='bbox 852 1561 1001 1595; x_wconf 87' lang='lat' dir='ltr'>omnibus</span> 
     </span>
     <span class='ocr_line' id='line_1_27' title="bbox 251 1615 1001 1662; baseline -0.008 -9"><span class='ocrx_word' id='word_1_131' title='bbox 251 1627 281 1654; x_wconf 84' lang='lat' dir='ltr'>et</span> <span class='ocrx_word' id='word_1_132' title='bbox 300 1619 446 1662; x_wconf 78' lang='lat' dir='ltr'>singulis,</span> <span class='ocrx_word' id='word_1_133' title='bbox 460 1617 594 1657; x_wconf 89' lang='lat' dir='ltr'>etiamsi,</span> <span class='ocrx_word' id='word_1_134' title='bbox 613 1627 671 1660; x_wconf 89' lang='lat' dir='ltr'>pro</span> <span class='ocrx_word' id='word_1_135' title='bbox 683 1617 815 1649; x_wconf 89' lang='lat' dir='ltr'>illorum</span> <span class='ocrx_word' id='word_1_136' title='bbox 831 1615 1001 1648; x_wconf 82' lang='lat' dir='ltr'>sufficienti</span> 
     </span>
     <span class='ocr_line' id='line_1_28' title="bbox 251 1669 1002 1716; baseline -0.008 -9"><span class='ocrx_word' id='word_1_137' title='bbox 251 1672 470 1716; x_wconf 80' lang='lat' dir='ltr'>derogatione,</span> <span class='ocrx_word' id='word_1_138' title='bbox 487 1671 526 1705; x_wconf 91' lang='lat' dir='ltr'>de</span> <span class='ocrx_word' id='word_1_139' title='bbox 541 1670 603 1703; x_wconf 84' lang='lat' dir='ltr'>illis</span> <span class='ocrx_word' id='word_1_140' title='bbox 623 1681 801 1714; x_wconf 87' lang='lat' dir='ltr'>eorumque</span> <span class='ocrx_word' id='word_1_141' title='bbox 821 1669 895 1702; x_wconf 88' lang='lat' dir='ltr'>totis</span> <span class='ocrx_word' id='word_1_142' title='bbox 915 1674 1002 1702; x_wconf 85' lang='lat' dir='ltr'>teno—</span> 
     </span>
     <span class='ocr_line' id='line_1_29' title="bbox 252 1722 1002 1770; baseline -0.008 -9"><span class='ocrx_word' id='word_1_143' title='bbox 252 1728 342 1761; x_wconf 82' lang='lat' dir='ltr'>ribus</span> <span class='ocrx_word' id='word_1_144' title='bbox 361 1726 525 1770; x_wconf 87' lang='lat' dir='ltr'>specialis,</span> <span class='ocrx_word' id='word_1_145' title='bbox 547 1724 709 1768; x_wconf 87' lang='lat' dir='ltr'>specifica,</span> <span class='ocrx_word' id='word_1_146' title='bbox 737 1734 896 1767; x_wconf 83' lang='lat' dir='ltr'>expressa,</span> <span class='ocrx_word' id='word_1_147' title='bbox 919 1722 1002 1755; x_wconf 88' lang='lat' dir='ltr'>indi-</span> 
     </span>
     <span class='ocr_line' id='line_1_30' title="bbox 251 1777 1003 1823; baseline -0.007 -9"><span class='ocrx_word' id='word_1_148' title='bbox 251 1781 357 1822; x_wconf 83' lang='lat' dir='ltr'>vidua,</span> <span class='ocrx_word' id='word_1_149' title='bbox 380 1790 445 1813; x_wconf 92' lang='lat' dir='ltr'>non</span> <span class='ocrx_word' id='word_1_150' title='bbox 465 1784 572 1813; x_wconf 88' lang='lat' dir='ltr'>autem</span> <span class='ocrx_word' id='word_1_151' title='bbox 589 1789 647 1823; x_wconf 88' lang='lat' dir='ltr'>per</span> <span class='ocrx_word' id='word_1_152' title='bbox 667 1778 828 1811; x_wconf 76' lang='lat' dir='ltr'>clausulas</span> <span class='ocrx_word' id='word_1_153' title='bbox 837 1777 1003 1820; x_wconf 76' lang='lat' dir='ltr'>generales</span> 
     </span>
     <span class='ocr_line' id='line_1_31' title="bbox 252 1831 1004 1878; baseline -0.008 -9"><span class='ocrx_word' id='word_1_154' title='bbox 252 1835 337 1869; x_wconf 89' lang='lat' dir='ltr'>idem</span> <span class='ocrx_word' id='word_1_155' title='bbox 352 1834 574 1878; x_wconf 85' lang='lat' dir='ltr'>importantes,</span> <span class='ocrx_word' id='word_1_156' title='bbox 593 1832 714 1866; x_wconf 88' lang='lat' dir='ltr'>mentio</span> <span class='ocrx_word' id='word_1_157' title='bbox 725 1842 781 1865; x_wconf 89' lang='lat' dir='ltr'>seu</span> <span class='ocrx_word' id='word_1_158' title='bbox 802 1831 931 1874; x_wconf 73' lang='lat' dir='ltr'>quaevis</span> <span class='ocrx_word' id='word_1_159' title='bbox 943 1831 1004 1863; x_wconf 90' lang='lat' dir='ltr'>alia</span> 
     </span>
     <span class='ocr_line' id='line_1_32' title="bbox 253 1884 1002 1933; baseline -0.008 -10"><span class='ocrx_word' id='word_1_160' title='bbox 253 1888 414 1933; x_wconf 87' lang='lat' dir='ltr'>expressio</span> <span class='ocrx_word' id='word_1_161' title='bbox 441 1886 609 1927; x_wconf 87' lang='lat' dir='ltr'>habenda,</span> <span class='ocrx_word' id='word_1_162' title='bbox 640 1891 696 1918; x_wconf 88' lang='lat' dir='ltr'>aut</span> <span class='ocrx_word' id='word_1_163' title='bbox 724 1885 831 1928; x_wconf 86' lang='lat' dir='ltr'>aliqua</span> <span class='ocrx_word' id='word_1_164' title='bbox 860 1884 921 1917; x_wconf 88' lang='lat' dir='ltr'>alia</span> <span class='ocrx_word' id='word_1_165' title='bbox 950 1895 1002 1917; x_wconf 85' lang='lat' dir='ltr'>ex—</span> 
     </span>
     <span class='ocr_line' id='line_1_33' title="bbox 252 1939 1002 1988; baseline -0.007 -12"><span class='ocrx_word' id='word_1_166' title='bbox 252 1943 370 1988; x_wconf 88' lang='lat' dir='ltr'>quisita</span> <span class='ocrx_word' id='word_1_167' title='bbox 388 1943 491 1975; x_wconf 80' lang='lat' dir='ltr'>forma</span> <span class='ocrx_word' id='word_1_168' title='bbox 518 1941 556 1974; x_wconf 90' lang='lat' dir='ltr'>ad</span> <span class='ocrx_word' id='word_1_169' title='bbox 583 1941 646 1974; x_wconf 90' lang='lat' dir='ltr'>hoc</span> <span class='ocrx_word' id='word_1_170' title='bbox 669 1939 823 1973; x_wconf 84' lang='lat' dir='ltr'>servanda</span> <span class='ocrx_word' id='word_1_171' title='bbox 849 1939 941 1979; x_wconf 87' lang='lat' dir='ltr'>soret,</span> <span class='ocrx_word' id='word_1_172' title='bbox 964 1939 1002 1971; x_wconf 91' lang='lat' dir='ltr'>il-</span> 
     </span>
     <span class='ocr_line' id='line_1_34' title="bbox 253 1993 1006 2034; baseline -0.007 -4"><span class='ocrx_word' id='word_1_173' title='bbox 253 1998 358 2030; x_wconf 90' lang='lat' dir='ltr'>larum</span> <span class='ocrx_word' id='word_1_174' title='bbox 377 2001 517 2034; x_wconf 83' lang='lat' dir='ltr'>tenores,</span> <span class='ocrx_word' id='word_1_175' title='bbox 550 1995 668 2027; x_wconf 81' lang='lat' dir='ltr'>formas</span> <span class='ocrx_word' id='word_1_176' title='bbox 693 1999 723 2027; x_wconf 91' lang='lat' dir='ltr'>et</span> <span class='ocrx_word' id='word_1_177' title='bbox 749 1993 877 2026; x_wconf 87' lang='lat' dir='ltr'>decreta</span> <span class='ocrx_word' id='word_1_178' title='bbox 898 1993 930 2025; x_wconf 92' lang='lat' dir='ltr'>in</span> <span class='ocrx_word' id='word_1_179' title='bbox 959 1993 1006 2026; x_wconf 85' lang='lat' dir='ltr'>eis</span> 
     </span>
     <span class='ocr_line' id='line_1_35' title="bbox 253 2046 1004 2094; baseline -0.007 -11"><span class='ocrx_word' id='word_1_180' title='bbox 253 2050 410 2094; x_wconf 86' lang='lat' dir='ltr'>apposita,</span> <span class='ocrx_word' id='word_1_181' title='bbox 432 2060 469 2082; x_wconf 87' lang='lat' dir='ltr'>ac</span> <span class='ocrx_word' id='word_1_182' title='bbox 493 2048 518 2081; x_wconf 91' lang='lat' dir='ltr'>si</span> <span class='ocrx_word' id='word_1_183' title='bbox 538 2048 576 2081; x_wconf 90' lang='lat' dir='ltr'>de</span> <span class='ocrx_word' id='word_1_184' title='bbox 595 2047 691 2080; x_wconf 88' lang='lat' dir='ltr'>verbo</span> <span class='ocrx_word' id='word_1_185' title='bbox 711 2046 750 2079; x_wconf 89' lang='lat' dir='ltr'>ad</span> <span class='ocrx_word' id='word_1_186' title='bbox 770 2046 914 2085; x_wconf 86' lang='lat' dir='ltr'>verbum,</span> <span class='ocrx_word' id='word_1_187' title='bbox 926 2047 1004 2079; x_wconf 86' lang='grc'>1111111</span> 
     </span>
     <span class='ocr_line' id='line_1_36' title="bbox 255 2100 1006 2148; baseline -0.007 -11"><span class='ocrx_word' id='word_1_188' title='bbox 255 2103 383 2148; x_wconf 85' lang='lat' dir='ltr'>penitus</span> <span class='ocrx_word' id='word_1_189' title='bbox 411 2102 542 2143; x_wconf 90' lang='lat' dir='ltr'>omisso,</span> <span class='ocrx_word' id='word_1_190' title='bbox 574 2107 604 2135; x_wconf 86' lang='lat' dir='ltr'>et</span> <span class='ocrx_word' id='word_1_191' title='bbox 636 2101 739 2134; x_wconf 86' lang='lat' dir='ltr'>forma</span> <span class='ocrx_word' id='word_1_192' title='bbox 760 2101 791 2133; x_wconf 93' lang='lat' dir='ltr'>in</span> <span class='ocrx_word' id='word_1_193' title='bbox 822 2100 866 2133; x_wconf 82' lang='lat' dir='ltr'>cis</span> <span class='ocrx_word' id='word_1_194' title='bbox 892 2100 1006 2133; x_wconf 86' lang='lat' dir='ltr'>tradita</span> 
     </span>
     <span class='ocr_line' id='line_1_37' title="bbox 255 2154 1006 2199; baseline -0.007 -7"><span class='ocrx_word' id='word_1_195' title='bbox 255 2159 431 2197; x_wconf 83' lang='lat' dir='ltr'>observata,</span> <span class='ocrx_word' id='word_1_196' title='bbox 454 2155 565 2189; x_wconf 81' lang='lat' dir='ltr'>inserti</span> <span class='ocrx_word' id='word_1_197' title='bbox 575 2155 691 2196; x_wconf 83' lang='lat' dir='ltr'>forent,</span> <span class='ocrx_word' id='word_1_198' title='bbox 701 2154 932 2199; x_wconf 79' lang='lat' dir='ltr'>&#39;praesentibus</span> <span class='ocrx_word' id='word_1_199' title='bbox 948 2165 1006 2197; x_wconf 90' lang='lat' dir='ltr'>pro</span> 
     </span>
     <span class='ocr_line' id='line_1_38' title="bbox 255 2207 1008 2253; baseline -0.007 -9"><span class='ocrx_word' id='word_1_200' title='bbox 255 2211 452 2246; x_wconf 84' lang='lat' dir='ltr'>sufficienter</span> <span class='ocrx_word' id='word_1_201' title='bbox 472 2208 629 2253; x_wconf 82' lang='lat' dir='ltr'>expressis</span> <span class='ocrx_word' id='word_1_202' title='bbox 652 2208 825 2248; x_wconf 87' lang='lat' dir='ltr'>habentes,</span> <span class='ocrx_word' id='word_1_203' title='bbox 849 2207 911 2240; x_wconf 89' lang='lat' dir='ltr'>illis</span> <span class='ocrx_word' id='word_1_204' title='bbox 930 2207 1008 2240; x_wconf 90' lang='lat' dir='ltr'>alias</span> 
     </span>
     <span class='ocr_line' id='line_1_39' title="bbox 256 2261 1009 2307; baseline -0.008 -7"><span class='ocrx_word' id='word_1_205' title='bbox 256 2267 288 2300; x_wconf 92' lang='lat' dir='ltr'>in</span> <span class='ocrx_word' id='word_1_206' title='bbox 308 2276 366 2299; x_wconf 91' lang='lat' dir='ltr'>suo</span> <span class='ocrx_word' id='word_1_207' title='bbox 381 2265 498 2298; x_wconf 86' lang='lat' dir='ltr'>robore</span> <span class='ocrx_word' id='word_1_208' title='bbox 508 2262 739 2307; x_wconf 82' lang='lat' dir='ltr'>permansuris,</span> <span class='ocrx_word' id='word_1_209' title='bbox 755 2262 815 2295; x_wconf 86' lang='lat' dir='ltr'>bac</span> <span class='ocrx_word' id='word_1_210' title='bbox 835 2261 902 2295; x_wconf 75' lang='lat' dir='ltr'>vice</span> <span class='ocrx_word' id='word_1_211' title='bbox 918 2261 1009 2294; x_wconf 91' lang='lat' dir='ltr'>dum—</span> 
     </span>
     <span class='ocr_line' id='line_1_40' title="bbox 257 2315 1008 2360; baseline -0.008 -6"><span class='ocrx_word' id='word_1_212' title='bbox 257 2325 351 2360; x_wconf 82' lang='lat' dir='ltr'>taxat,</span> <span class='ocrx_word' id='word_1_213' title='bbox 374 2324 463 2353; x_wconf 89' lang='lat' dir='ltr'>motu</span> <span class='ocrx_word' id='word_1_214' title='bbox 484 2324 515 2351; x_wconf 85' lang='lat' dir='ltr'>et</span> <span class='ocrx_word' id='word_1_215' title='bbox 534 2316 666 2350; x_wconf 88' lang='lat' dir='ltr'>scientia</span> <span class='ocrx_word' id='word_1_216' title='bbox 690 2315 861 2355; x_wconf 85' lang='lat' dir='ltr'>similibus,</span> <span class='ocrx_word' id='word_1_217' title='bbox 884 2315 1008 2359; x_wconf 87' lang='lat' dir='ltr'>specia-</span> 
     </span>
     <span class='ocr_line' id='line_1_41' title="bbox 257 2369 1009 2418; baseline -0.011 -9"><span class='ocrx_word' id='word_1_218' title='bbox 257 2375 330 2409; x_wconf 89' lang='lat' dir='ltr'>liter</span> <span class='ocrx_word' id='word_1_219' title='bbox 345 2379 376 2407; x_wconf 85' lang='lat' dir='ltr'>et</span> <span class='ocrx_word' id='word_1_220' title='bbox 392 2382 539 2418; x_wconf 82' lang='lat' dir='ltr'>expresse</span> <span class='ocrx_word' id='word_1_221' title='bbox 550 2371 743 2414; x_wconf 73' lang='lat' dir='ltr'>derogamus</span> <span class='ocrx_word' id='word_1_222' title='bbox 762 2380 799 2402; x_wconf 88' lang='lat' dir='ltr'>ac</span> <span class='ocrx_word' id='word_1_223' title='bbox 815 2369 1009 2402; x_wconf 82' lang='lat' dir='ltr'>sufficienter</span> 
     </span>
     <span class='ocr_line' id='line_1_42' title="bbox 258 2423 1009 2471; baseline -0.009 -9"><span class='ocrx_word' id='word_1_224' title='bbox 258 2430 446 2471; x_wconf 80' lang='lat' dir='ltr'>derogatum</span> <span class='ocrx_word' id='word_1_225' title='bbox 467 2426 535 2460; x_wconf 87' lang='lat' dir='ltr'>sore</span> <span class='ocrx_word' id='word_1_226' title='bbox 555 2430 586 2459; x_wconf 87' lang='lat' dir='ltr'>et</span> <span class='ocrx_word' id='word_1_227' title='bbox 606 2423 729 2458; x_wconf 87' lang='lat' dir='ltr'>censeri</span> <span class='ocrx_word' id='word_1_228' title='bbox 749 2423 897 2456; x_wconf 84' lang='lat' dir='ltr'>volumus</span> <span class='ocrx_word' id='word_1_229' title='bbox 917 2423 1009 2456; x_wconf 87' lang='lat' dir='ltr'>etde-</span> 
     </span>
     <span class='ocr_line' id='line_1_43' title="bbox 260 2472 1009 2517; baseline -0.008 -6"><span class='ocrx_word' id='word_1_230' title='bbox 260 2477 434 2512; x_wconf 89' lang='lat' dir='ltr'>cernimus.</span> <span class='ocrx_word' id='word_1_231' title='bbox 470 2476 601 2509; x_wconf 86' lang='lat' dir='ltr'>Necnon</span> <span class='ocrx_word' id='word_1_232' title='bbox 639 2473 788 2507; x_wconf 88' lang='lat' dir='ltr'>omnibus</span> <span class='ocrx_word' id='word_1_233' title='bbox 821 2472 893 2513; x_wconf 91' lang='lat' dir='ltr'>illis,</span> <span class='ocrx_word' id='word_1_234' title='bbox 927 2484 1009 2517; x_wconf 88' lang='lat' dir='ltr'>quae</span> 
     </span>
     <span class='ocr_line' id='line_1_44' title="bbox 260 2522 1010 2567; baseline -0.009 -6"><span class='ocrx_word' id='word_1_235' title='bbox 260 2527 374 2567; x_wconf 81' lang='lat' dir='ltr'>Sixtus,</span> <span class='ocrx_word' id='word_1_236' title='bbox 394 2527 456 2559; x_wconf 89' lang='lat' dir='ltr'>Leo</span> <span class='ocrx_word' id='word_1_237' title='bbox 475 2530 506 2558; x_wconf 87' lang='lat' dir='ltr'>et</span> <span class='ocrx_word' id='word_1_238' title='bbox 529 2524 647 2557; x_wconf 84' lang='lat' dir='ltr'>Paulus</span> <span class='ocrx_word' id='word_1_239' title='bbox 676 2523 726 2562; x_wconf 89' lang='lat' dir='ltr'>III,</span> <span class='ocrx_word' id='word_1_240' title='bbox 747 2522 1010 2567; x_wconf 76' lang='lat' dir='ltr'>praedecessores</span> 
     </span>
     <span class='ocr_line' id='line_1_45' title="bbox 261 2571 1009 2622; baseline -0.008 -12"><span class='ocrx_word' id='word_1_241' title='bbox 261 2576 449 2622; x_wconf 83' lang='lat' dir='ltr'>praefati,in</span> <span class='ocrx_word' id='word_1_242' title='bbox 470 2574 588 2608; x_wconf 88' lang='lat' dir='ltr'>eisdem</span> <span class='ocrx_word' id='word_1_243' title='bbox 604 2572 670 2605; x_wconf 82' lang='lat' dir='ltr'>suis</span> <span class='ocrx_word' id='word_1_244' title='bbox 684 2571 785 2604; x_wconf 82' lang='lat' dir='ltr'>literis</span> <span class='ocrx_word' id='word_1_245' title='bbox 800 2582 863 2603; x_wconf 88' lang='lat' dir='ltr'>non</span> <span class='ocrx_word' id='word_1_246' title='bbox 884 2571 1009 2604; x_wconf 85' lang='lat' dir='ltr'>obstare</span> 
     </span>
     <span class='ocr_line' id='line_1_46' title="bbox 260 2621 1012 2665; baseline -0.007 -7"><span class='ocrx_word' id='word_1_247' title='bbox 260 2626 444 2665; x_wconf 86' lang='lat' dir='ltr'>voluerunt,</span> <span class='ocrx_word' id='word_1_248' title='bbox 467 2622 635 2657; x_wconf 84' lang='lat' dir='ltr'>contrariis</span> <span class='ocrx_word' id='word_1_249' title='bbox 655 2621 927 2665; x_wconf 75' lang='lat' dir='ltr'>quilmseumque.</span> <span class='ocrx_word' id='word_1_250' title='bbox 950 2621 1012 2653; x_wconf 79' lang='lat' dir='ltr'>Aut</span> 
     </span>
     <span class='ocr_line' id='line_1_47' title="bbox 261 2669 1011 2718; baseline -0.008 -10"><span class='ocrx_word' id='word_1_251' title='bbox 261 2675 286 2709; x_wconf 90' lang='lat' dir='ltr'>si</span> <span class='ocrx_word' id='word_1_252' title='bbox 314 2674 486 2718; x_wconf 87' lang='lat' dir='ltr'>aliquibus,</span> <span class='ocrx_word' id='word_1_253' title='bbox 507 2672 722 2706; x_wconf 83' lang='lat' dir='ltr'>communiter</span> <span class='ocrx_word' id='word_1_254' title='bbox 747 2671 794 2703; x_wconf 87' lang='lat' dir='ltr'>vel</span> <span class='ocrx_word' id='word_1_255' title='bbox 819 2669 951 2710; x_wconf 76' lang='lat' dir='ltr'>divisim,</span> <span class='ocrx_word' id='word_1_256' title='bbox 971 2670 1011 2703; x_wconf 88' lang='lat' dir='ltr'>ab</span> 
     </span>
    </p>
   </div>
   <div class='ocr_carea' id='block_1_4' title="bbox 1672 255 1736 288">
    <p class='ocr_par' dir='ltr' id='par_1_4' title="bbox 1672 255 1736 288">
     <span class='ocr_line' id='line_1_48' title="bbox 1672 255 1736 288; baseline -0.016 0"><span class='ocrx_word' id='word_1_257' title='bbox 1672 255 1736 288; x_wconf 69' lang='grc'>399</span> 
     </span>
    </p>
   </div>
   <div class='ocr_carea' id='block_1_5' title="bbox 1033 317 1798 1890">
    <p class='ocr_par' dir='ltr' id='par_1_5' title="bbox 1033 317 1788 953">
     <span class='ocr_line' id='line_1_49' title="bbox 1034 317 1778 362; baseline -0.009 -5"><span class='ocrx_word' id='word_1_258' title='bbox 1034 326 1144 359; x_wconf 79' lang='lat' dir='ltr'>eadem</span> <span class='ocrx_word' id='word_1_259' title='bbox 1165 324 1203 357; x_wconf 83' lang='lat' dir='ltr'>sit</span> <span class='ocrx_word' id='word_1_260' title='bbox 1231 322 1310 356; x_wconf 85' lang='lat' dir='ltr'>Sede</span> <span class='ocrx_word' id='word_1_261' title='bbox 1330 320 1490 353; x_wconf 83' lang='lat' dir='ltr'>indultum</span> <span class='ocrx_word' id='word_1_262' title='bbox 1511 318 1596 362; x_wconf 85' lang='lat' dir='ltr'>quod</span> <span class='ocrx_word' id='word_1_263' title='bbox 1620 317 1778 357; x_wconf 79' lang='lat' dir='ltr'>interdici,</span> 
     </span>
     <span class='ocr_line' id='line_1_50' title="bbox 1033 366 1781 418; baseline -0.013 -10"><span class='ocrx_word' id='word_1_264' title='bbox 1033 373 1184 418; x_wconf 84' lang='lat' dir='ltr'>suspendi</span> <span class='ocrx_word' id='word_1_265' title='bbox 1203 372 1250 405; x_wconf 82' lang='lat' dir='ltr'>vel</span> <span class='ocrx_word' id='word_1_266' title='bbox 1276 368 1548 404; x_wconf 86' lang='lat' dir='ltr'>excommunicari</span> <span class='ocrx_word' id='word_1_267' title='bbox 1573 377 1637 400; x_wconf 91' lang='lat' dir='ltr'>non</span> <span class='ocrx_word' id='word_1_268' title='bbox 1659 366 1781 411; x_wconf 86' lang='lat' dir='ltr'>possint</span> 
     </span>
     <span class='ocr_line' id='line_1_51' title="bbox 1035 417 1782 467; baseline -0.011 -10"><span class='ocrx_word' id='word_1_269' title='bbox 1035 434 1092 467; x_wconf 87' lang='lat' dir='ltr'>per</span> <span class='ocrx_word' id='word_1_270' title='bbox 1111 423 1218 456; x_wconf 86' lang='lat' dir='ltr'>literas</span> <span class='ocrx_word' id='word_1_271' title='bbox 1244 419 1435 465; x_wconf 85' lang='lat' dir='ltr'>apostolicas</span> <span class='ocrx_word' id='word_1_272' title='bbox 1454 428 1518 451; x_wconf 92' lang='lat' dir='ltr'>non</span> <span class='ocrx_word' id='word_1_273' title='bbox 1543 417 1693 450; x_wconf 83' lang='lat' dir='ltr'>facientes</span> <span class='ocrx_word' id='word_1_274' title='bbox 1714 417 1782 460; x_wconf 88' lang='lat' dir='ltr'>ple-</span> 
     </span>
     <span class='ocr_line' id='line_1_52' title="bbox 1035 465 1783 515; baseline -0.011 -10"><span class='ocrx_word' id='word_1_275' title='bbox 1035 482 1108 505; x_wconf 86' lang='lat' dir='ltr'>nam</span> <span class='ocrx_word' id='word_1_276' title='bbox 1129 477 1159 504; x_wconf 88' lang='lat' dir='ltr'>ct</span> <span class='ocrx_word' id='word_1_277' title='bbox 1179 479 1359 515; x_wconf 81' lang='lat' dir='ltr'>expressam</span> <span class='ocrx_word' id='word_1_278' title='bbox 1377 479 1413 501; x_wconf 90' lang='lat' dir='ltr'>ac</span> <span class='ocrx_word' id='word_1_279' title='bbox 1431 468 1469 500; x_wconf 88' lang='lat' dir='ltr'>de</span> <span class='ocrx_word' id='word_1_280' title='bbox 1484 466 1580 500; x_wconf 77' lang='lat' dir='ltr'>verbo</span> <span class='ocrx_word' id='word_1_281' title='bbox 1596 466 1635 498; x_wconf 89' lang='lat' dir='ltr'>ad</span> <span class='ocrx_word' id='word_1_282' title='bbox 1650 465 1783 498; x_wconf 75' lang='lat' dir='ltr'>verbum</span> 
     </span>
     <span class='ocr_line' id='line_1_53' title="bbox 1035 515 1785 558; baseline -0.011 -4"><span class='ocrx_word' id='word_1_283' title='bbox 1035 523 1073 555; x_wconf 81' lang='lat' dir='ltr'>(le</span> <span class='ocrx_word' id='word_1_284' title='bbox 1094 521 1216 554; x_wconf 87' lang='lat' dir='ltr'>indulto</span> <span class='ocrx_word' id='word_1_285' title='bbox 1238 517 1423 552; x_wconf 90' lang='lat' dir='ltr'>huiusmodi</span> <span class='ocrx_word' id='word_1_286' title='bbox 1439 515 1785 558; x_wconf 79' lang='lat' dir='ltr'>mentioneln.th11ia</span> 
     </span>
     <span class='ocr_line' id='line_1_54' title="bbox 1036 564 1786 612; baseline -0.008 -10"><span class='ocrx_word' id='word_1_287' title='bbox 1036 570 1163 603; x_wconf 81' lang='lat' dir='ltr'>difficile</span> <span class='ocrx_word' id='word_1_288' title='bbox 1189 570 1269 602; x_wconf 87' lang='lat' dir='ltr'>soret</span> <span class='ocrx_word' id='word_1_289' title='bbox 1290 570 1472 612; x_wconf 84' lang='lat' dir='ltr'>praesentes</span> <span class='ocrx_word' id='word_1_290' title='bbox 1489 565 1528 597; x_wconf 90' lang='lat' dir='ltr'>ad</span> <span class='ocrx_word' id='word_1_291' title='bbox 1549 564 1673 606; x_wconf 79' lang='lat' dir='ltr'>singula</span> <span class='ocrx_word' id='word_1_292' title='bbox 1688 573 1786 606; x_wconf 86' lang='lat' dir='ltr'>quae-</span> 
     </span>
     <span class='ocr_line' id='line_1_55' title="bbox 1036 614 1786 662; baseline -0.011 -9"><span class='ocrx_word' id='word_1_293' title='bbox 1036 631 1097 662; x_wconf 82' lang='lat' dir='ltr'>que</span> <span class='ocrx_word' id='word_1_294' title='bbox 1118 620 1188 653; x_wconf 87' lang='lat' dir='ltr'>loca</span> <span class='ocrx_word' id='word_1_295' title='bbox 1209 617 1337 658; x_wconf 86' lang='lat' dir='ltr'>deferri,</span> <span class='ocrx_word' id='word_1_296' title='bbox 1354 616 1502 649; x_wconf 66' lang='lat' dir='ltr'>volumus</span> <span class='ocrx_word' id='word_1_297' title='bbox 1519 620 1549 647; x_wconf 90' lang='lat' dir='ltr'>et</span> <span class='ocrx_word' id='word_1_298' title='bbox 1564 614 1659 647; x_wconf 87' lang='lat' dir='ltr'>etiam</span> <span class='ocrx_word' id='word_1_299' title='bbox 1679 614 1786 646; x_wconf 82' lang='lat' dir='ltr'>decla-</span> 
     </span>
     <span class='ocr_line' id='line_1_56' title="bbox 1036 663 1786 711; baseline -0.009 -10"><span class='ocrx_word' id='word_1_300' title='bbox 1036 679 1145 701; x_wconf 86' lang='lat' dir='ltr'>ramus</span> <span class='ocrx_word' id='word_1_301' title='bbox 1189 667 1275 711; x_wconf 86' lang='lat' dir='ltr'>quod</span> <span class='ocrx_word' id='word_1_302' title='bbox 1313 666 1442 698; x_wconf 88' lang='lat' dir='ltr'>illarum</span> <span class='ocrx_word' id='word_1_303' title='bbox 1476 663 1686 706; x_wconf 87' lang='lat' dir='ltr'>transumptis</span> <span class='ocrx_word' id='word_1_304' title='bbox 1730 673 1786 695; x_wconf 89' lang='lat' dir='ltr'>seu</span> 
     </span>
     <span class='ocr_line' id='line_1_57' title="bbox 1037 711 1785 763; baseline -0.012 -11"><span class='ocrx_word' id='word_1_305' title='bbox 1037 718 1148 763; x_wconf 83' lang='lat' dir='ltr'>copiis,</span> <span class='ocrx_word' id='word_1_306' title='bbox 1178 717 1273 750; x_wconf 85' lang='lat' dir='ltr'>etiam</span> <span class='ocrx_word' id='word_1_307' title='bbox 1302 713 1482 759; x_wconf 74' lang='lat' dir='ltr'>impressiS,</span> <span class='ocrx_word' id='word_1_308' title='bbox 1505 724 1601 746; x_wconf 83' lang='lat' dir='ltr'>manu</span> <span class='ocrx_word' id='word_1_309' title='bbox 1624 711 1785 744; x_wconf 77' lang='lat' dir='ltr'>alicuiils1</span> 
     </span>
     <span class='ocr_line' id='line_1_58' title="bbox 1037 762 1788 813; baseline -0.011 -12"><span class='ocrx_word' id='word_1_310' title='bbox 1037 767 1169 813; x_wconf 88' lang='lat' dir='ltr'>praelati</span> <span class='ocrx_word' id='word_1_311' title='bbox 1207 766 1310 809; x_wconf 84' lang='lat' dir='ltr'>sigillo</span> <span class='ocrx_word' id='word_1_312' title='bbox 1338 762 1486 803; x_wconf 80' lang='lat' dir='ltr'>munitis,</span> <span class='ocrx_word' id='word_1_313' title='bbox 1517 762 1628 796; x_wconf 85' lang='lat' dir='ltr'>eadem</span> <span class='ocrx_word' id='word_1_314' title='bbox 1654 771 1788 806; x_wconf 87' lang='lat' dir='ltr'>prorsus</span> 
     </span>
     <span class='ocr_line' id='line_1_59' title="bbox 1036 812 1786 858; baseline -0.009 -8"><span class='ocrx_word' id='word_1_315' title='bbox 1036 818 1127 858; x_wconf 85' lang='lat' dir='ltr'>fides,</span> <span class='ocrx_word' id='word_1_316' title='bbox 1150 816 1244 850; x_wconf 85' lang='lat' dir='ltr'>etiam</span> <span class='ocrx_word' id='word_1_317' title='bbox 1264 815 1298 848; x_wconf 97' lang='grc'>111</span> <span class='ocrx_word' id='word_1_318' title='bbox 1318 813 1449 853; x_wconf 87' lang='lat' dir='ltr'>iudicio,</span> <span class='ocrx_word' id='word_1_319' title='bbox 1472 812 1680 852; x_wconf 85' lang='lat' dir='ltr'>adhiheatur,</span> <span class='ocrx_word' id='word_1_320' title='bbox 1703 821 1786 854; x_wconf 89' lang='lat' dir='ltr'>quae</span> 
     </span>
     <span class='ocr_line' id='line_1_60' title="bbox 1037 860 1788 910; baseline -0.007 -11"><span class='ocrx_word' id='word_1_321' title='bbox 1037 865 1270 910; x_wconf 80' lang='lat' dir='ltr'>praesentibus,</span> <span class='ocrx_word' id='word_1_322' title='bbox 1297 864 1323 897; x_wconf 89' lang='lat' dir='ltr'>si</span> <span class='ocrx_word' id='word_1_323' title='bbox 1350 863 1548 905; x_wconf 85' lang='lat' dir='ltr'>ubicumque</span> <span class='ocrx_word' id='word_1_324' title='bbox 1576 860 1788 895; x_wconf 70' lang='grc' dir='ltr'>[οι-0111011111-</span> 
     </span>
     <span class='ocr_line' id='line_1_61' title="bbox 1038 911 1603 953; baseline -0.011 -4"><span class='ocrx_word' id='word_1_325' title='bbox 1038 916 1122 949; x_wconf 84' lang='lat' dir='ltr'>bitae</span> <span class='ocrx_word' id='word_1_326' title='bbox 1136 915 1183 948; x_wconf 74' lang='lat' dir='ltr'>vel</span> <span class='ocrx_word' id='word_1_327' title='bbox 1205 919 1362 953; x_wconf 84' lang='lat' dir='ltr'>ostensae,</span> <span class='ocrx_word' id='word_1_328' title='bbox 1385 911 1603 945; x_wconf 83' lang='lat' dir='ltr'>adhiberetur.</span> 
     </span>
    </p>

    <p class='ocr_par' dir='ltr' id='par_1_6' title="bbox 1039 961 1795 1542">
     <span class='ocr_line' id='line_1_62' title="bbox 1082 961 1791 1008; baseline -0.007 -11"><span class='ocrx_word' id='word_1_329' title='bbox 1082 965 1164 1008; x_wconf 45' lang='lat'><strong>34⁴1.</strong></span> <span class='ocrx_word' id='word_1_330' title='bbox 1186 964 1221 996; x_wconf 86' lang='lat' dir='ltr'>Et</span> <span class='ocrx_word' id='word_1_331' title='bbox 1233 973 1272 996; x_wconf 91' lang='lat' dir='ltr'>ne</span> <span class='ocrx_word' id='word_1_332' title='bbox 1292 961 1452 1006; x_wconf 88' lang='lat' dir='ltr'>quispiam</span> <span class='ocrx_word' id='word_1_333' title='bbox 1468 961 1535 993; x_wconf 91' lang='lat' dir='ltr'>ullo</span> <span class='ocrx_word' id='word_1_334' title='bbox 1556 971 1698 1003; x_wconf 85' lang='lat' dir='ltr'>unquam</span> <span class='ocrx_word' id='word_1_335' title='bbox 1712 965 1791 994; x_wconf 87' lang='lat' dir='ltr'>tem-</span> 
     </span>
     <span class='ocr_line' id='line_1_63' title="bbox 1039 1009 1790 1059; baseline -0.003 -13"><span class='ocrx_word' id='word_1_336' title='bbox 1039 1026 1117 1059; x_wconf 88' lang='lat' dir='ltr'>pore</span> <span class='ocrx_word' id='word_1_337' title='bbox 1130 1012 1347 1058; x_wconf 83' lang='lat' dir='ltr'>praesentium</span> <span class='ocrx_word' id='word_1_338' title='bbox 1358 1009 1569 1054; x_wconf 72' lang='lat' dir='ltr'>ignorantiam</span> <span class='ocrx_word' id='word_1_339' title='bbox 1580 1011 1790 1054; x_wconf 83' lang='lat' dir='ltr'>praetendere</span> 
     </span>
     <span class='ocr_line' id='line_1_64' title="bbox 1039 1060 1790 1109; baseline -0.005 -12"><span class='ocrx_word' id='word_1_340' title='bbox 1039 1064 1150 1109; x_wconf 85' lang='lat' dir='ltr'>possit,</span> <span class='ocrx_word' id='word_1_341' title='bbox 1171 1063 1331 1102; x_wconf 81' lang='lat' dir='ltr'>volumus,</span> <span class='ocrx_word' id='word_1_342' title='bbox 1350 1067 1377 1094; x_wconf 88' lang='lat' dir='ltr'>et</span> <span class='ocrx_word' id='word_1_343' title='bbox 1400 1060 1511 1094; x_wconf 86' lang='lat' dir='ltr'>eadem</span> <span class='ocrx_word' id='word_1_344' title='bbox 1527 1060 1716 1093; x_wconf 87' lang='lat' dir='ltr'>auctoritate</span> <span class='ocrx_word' id='word_1_345' title='bbox 1737 1060 1790 1093; x_wconf 89' lang='lat' dir='ltr'>(le-</span> 
     </span>
     <span class='ocr_line' id='line_1_65' title="bbox 1040 1109 1790 1156; baseline -0.005 -9"><span class='ocrx_word' id='word_1_346' title='bbox 1040 1113 1203 1147; x_wconf 85' lang='lat' dir='ltr'>cernimus</span> <span class='ocrx_word' id='word_1_347' title='bbox 1227 1111 1314 1156; x_wconf 90' lang='lat' dir='ltr'>quod</span> <span class='ocrx_word' id='word_1_348' title='bbox 1344 1110 1430 1154; x_wconf 85' lang='lat' dir='ltr'>ipsae</span> <span class='ocrx_word' id='word_1_349' title='bbox 1456 1115 1640 1153; x_wconf 82' lang='lat' dir='ltr'>praesentes</span> <span class='ocrx_word' id='word_1_350' title='bbox 1667 1109 1790 1147; x_wconf 80' lang='lat' dir='ltr'>literae,</span> 
     </span>
     <span class='ocr_line' id='line_1_66' title="bbox 1040 1158 1792 1204; baseline -0.007 -8"><span class='ocrx_word' id='word_1_351' title='bbox 1040 1163 1072 1196; x_wconf 92' lang='lat' dir='ltr'>in</span> <span class='ocrx_word' id='word_1_352' title='bbox 1092 1162 1243 1195; x_wconf 81' lang='lat' dir='ltr'>Gamerae</span> <span class='ocrx_word' id='word_1_353' title='bbox 1254 1159 1456 1204; x_wconf 82' lang='lat' dir='ltr'>Apostolieae</span> <span class='ocrx_word' id='word_1_354' title='bbox 1473 1164 1502 1191; x_wconf 89' lang='lat' dir='ltr'>et</span> <span class='ocrx_word' id='word_1_355' title='bbox 1517 1158 1630 1191; x_wconf 85' lang='lat' dir='ltr'>Curiae</span> <span class='ocrx_word' id='word_1_356' title='bbox 1646 1158 1792 1202; x_wconf 82' lang='lat' dir='ltr'>Capitolii</span> 
     </span>
     <span class='ocr_line' id='line_1_67' title="bbox 1040 1208 1790 1251; baseline -0.004 -6"><span class='ocrx_word' id='word_1_357' title='bbox 1040 1212 1147 1251; x_wconf 73' lang='lat' dir='ltr'>valvis,</span> <span class='ocrx_word' id='word_1_358' title='bbox 1175 1222 1211 1244; x_wconf 89' lang='lat' dir='ltr'>ac</span> <span class='ocrx_word' id='word_1_359' title='bbox 1236 1210 1268 1243; x_wconf 89' lang='lat' dir='ltr'>in</span> <span class='ocrx_word' id='word_1_360' title='bbox 1289 1209 1356 1243; x_wconf 84' lang='lat' dir='ltr'>acic</span> <span class='ocrx_word' id='word_1_361' title='bbox 1382 1208 1491 1251; x_wconf 85' lang='lat' dir='ltr'>Campi</span> <span class='ocrx_word' id='word_1_362' title='bbox 1508 1208 1618 1240; x_wconf 85' lang='lat' dir='ltr'>Florae</span> <span class='ocrx_word' id='word_1_363' title='bbox 1635 1208 1672 1240; x_wconf 80' lang='grc'>(10</span> <span class='ocrx_word' id='word_1_364' title='bbox 1695 1208 1790 1249; x_wconf 85' lang='lat' dir='ltr'>Urbe,</span> 
     </span>
     <span class='ocr_line' id='line_1_68' title="bbox 1041 1257 1790 1306; baseline -0.005 -11"><span class='ocrx_word' id='word_1_365' title='bbox 1041 1273 1099 1306; x_wconf 89' lang='lat' dir='ltr'>per</span> <span class='ocrx_word' id='word_1_366' title='bbox 1119 1261 1258 1305; x_wconf 86' lang='lat' dir='ltr'>aliquem</span> <span class='ocrx_word' id='word_1_367' title='bbox 1280 1270 1316 1293; x_wconf 78' lang='lat' dir='ltr'>ex</span> <span class='ocrx_word' id='word_1_368' title='bbox 1332 1257 1520 1292; x_wconf 86' lang='lat' dir='ltr'>cursoribus</span> <span class='ocrx_word' id='word_1_369' title='bbox 1537 1257 1653 1290; x_wconf 85' lang='lat' dir='ltr'>nostris</span> <span class='ocrx_word' id='word_1_370' title='bbox 1668 1258 1790 1297; x_wconf 81' lang='lat' dir='ltr'>affixae,</span> 
     </span>
     <span class='ocr_line' id='line_1_69' title="bbox 1042 1307 1794 1355; baseline -0.005 -11"><span class='ocrx_word' id='word_1_371' title='bbox 1042 1311 1135 1355; x_wconf 84' lang='lat' dir='ltr'>copia</span> <span class='ocrx_word' id='word_1_372' title='bbox 1168 1311 1296 1343; x_wconf 86' lang='lat' dir='ltr'>illarum</span> <span class='ocrx_word' id='word_1_373' title='bbox 1327 1308 1370 1341; x_wconf 86' lang='lat' dir='ltr'>ibi</span> <span class='ocrx_word' id='word_1_374' title='bbox 1395 1307 1546 1347; x_wconf 85' lang='lat' dir='ltr'>dimissa,</span> <span class='ocrx_word' id='word_1_375' title='bbox 1573 1307 1738 1339; x_wconf 84' lang='lat' dir='ltr'>universos</span> <span class='ocrx_word' id='word_1_376' title='bbox 1763 1313 1794 1340; x_wconf 87' lang='lat' dir='ltr'>ct</span> 
     </span>
     <span class='ocr_line' id='line_1_70' title="bbox 1042 1355 1792 1402; baseline -0.007 -9"><span class='ocrx_word' id='word_1_377' title='bbox 1042 1360 1197 1402; x_wconf 75' lang='lat' dir='ltr'>singulos,</span> <span class='ocrx_word' id='word_1_378' title='bbox 1224 1368 1365 1402; x_wconf 87' lang='lat' dir='ltr'>quorum</span> <span class='ocrx_word' id='word_1_379' title='bbox 1386 1357 1527 1395; x_wconf 84' lang='lat' dir='ltr'>interest,</span> <span class='ocrx_word' id='word_1_380' title='bbox 1547 1355 1630 1388; x_wconf 86' lang='lat' dir='ltr'>intra</span> <span class='ocrx_word' id='word_1_381' title='bbox 1650 1366 1792 1389; x_wconf 88' lang='lat' dir='ltr'>mensem</span> 
     </span>
     <span class='ocr_line' id='line_1_71' title="bbox 1042 1405 1792 1449; baseline -0.008 -6"><span class='ocrx_word' id='word_1_382' title='bbox 1042 1422 1060 1443; x_wconf 92' lang='lat' dir='ltr'>a</span> <span class='ocrx_word' id='word_1_383' title='bbox 1075 1411 1125 1443; x_wconf 90' lang='lat' dir='ltr'>die</span> <span class='ocrx_word' id='word_1_384' title='bbox 1142 1409 1299 1443; x_wconf 73' lang='lat' dir='ltr'>affixionis</span> <span class='ocrx_word' id='word_1_385' title='bbox 1318 1405 1505 1440; x_wconf 88' lang='lat' dir='ltr'>huiusmodi</span> <span class='ocrx_word' id='word_1_386' title='bbox 1525 1406 1792 1449; x_wconf 87' lang='lat' dir='ltr'>computandum,</span> 
     </span>
     <span class='ocr_line' id='line_1_72' title="bbox 1043 1455 1795 1504; baseline -0.005 -11"><span class='ocrx_word' id='word_1_387' title='bbox 1043 1459 1177 1504; x_wconf 86' lang='lat' dir='ltr'>perinde</span> <span class='ocrx_word' id='word_1_388' title='bbox 1198 1457 1356 1497; x_wconf 85' lang='lat' dir='ltr'>afficiant,</span> <span class='ocrx_word' id='word_1_389' title='bbox 1379 1467 1415 1489; x_wconf 88' lang='lat' dir='ltr'>ac</span> <span class='ocrx_word' id='word_1_390' title='bbox 1440 1455 1465 1488; x_wconf 89' lang='lat' dir='ltr'>si</span> <span class='ocrx_word' id='word_1_391' title='bbox 1492 1455 1555 1488; x_wconf 88' lang='lat' dir='ltr'>illis</span> <span class='ocrx_word' id='word_1_392' title='bbox 1582 1455 1795 1499; x_wconf 85' lang='lat' dir='ltr'>personaliter</span> 
     </span>
     <span class='ocr_line' id='line_1_73' title="bbox 1044 1507 1377 1542; baseline -0.012 0"><span class='ocrx_word' id='word_1_393' title='bbox 1044 1509 1208 1542; x_wconf 86' lang='lat' dir='ltr'>intimatae</span> <span class='ocrx_word' id='word_1_394' title='bbox 1233 1507 1377 1540; x_wconf 86' lang='lat' dir='ltr'>fuissent.</span> 
     </span>
    </p>

    <p class='ocr_par' dir='ltr' id='par_1_7' title="bbox 1087 1557 1345 1598">
     <span class='ocr_line' id='line_1_74' title="bbox 1087 1557 1345 1598; baseline -0.012 -8"><span class='ocrx_word' id='word_1_395' title='bbox 1087 1557 1172 1591; x_wconf 86' lang='lat' dir='ltr'>Nulli</span> <span class='ocrx_word' id='word_1_396' title='bbox 1192 1567 1268 1598; x_wconf 74' lang='lat' dir='ltr'>crgo</span> <span class='ocrx_word' id='word_1_397' title='bbox 1289 1560 1345 1588; x_wconf 82' lang='lat' dir='ltr'>etc.</span> 
     </span>
    </p>

    <p class='ocr_par' dir='ltr' id='par_1_8' title="bbox 1044 1603 1798 1838">
     <span class='ocr_line' id='line_1_75' title="bbox 1087 1603 1796 1647; baseline -0.004 -8"><span class='ocrx_word' id='word_1_398' title='bbox 1087 1607 1201 1639; x_wconf 86' lang='lat' dir='ltr'>Datum</span> <span class='ocrx_word' id='word_1_399' title='bbox 1230 1606 1350 1638; x_wconf 83' lang='lat' dir='ltr'>Romae</span> <span class='ocrx_word' id='word_1_400' title='bbox 1370 1604 1455 1647; x_wconf 87' lang='lat' dir='ltr'>apud</span> <span class='ocrx_word' id='word_1_401' title='bbox 1480 1604 1510 1637; x_wconf 82' lang='lat' dir='ltr'>S.</span> <span class='ocrx_word' id='word_1_402' title='bbox 1534 1603 1687 1643; x_wconf 86' lang='lat' dir='ltr'>Marcum,</span> <span class='ocrx_word' id='word_1_403' title='bbox 1712 1613 1796 1636; x_wconf 89' lang='lat' dir='ltr'>anno</span> 
     </span>
     <span class='ocr_line' id='line_1_76' title="bbox 1044 1652 1798 1696; baseline -0.005 -6"><span class='ocrx_word' id='word_1_404' title='bbox 1044 1655 1276 1690; x_wconf 76' lang='lat' dir='ltr'>lnearnationis</span> <span class='ocrx_word' id='word_1_405' title='bbox 1304 1653 1486 1686; x_wconf 86' lang='lat' dir='ltr'>dominicae</span> <span class='ocrx_word' id='word_1_406' title='bbox 1507 1652 1678 1686; x_wconf 83' lang='lat' dir='ltr'>millesimo</span> <span class='ocrx_word' id='word_1_407' title='bbox 1705 1653 1798 1696; x_wconf 85' lang='lat' dir='ltr'>quin—</span> 
     </span>
     <span class='ocr_line' id='line_1_77' title="bbox 1044 1702 1798 1750; baseline -0.004 -11"><span class='ocrx_word' id='word_1_408' title='bbox 1044 1705 1220 1750; x_wconf 71' lang='lat' dir='ltr'>gentesimo</span> <span class='ocrx_word' id='word_1_409' title='bbox 1263 1702 1459 1746; x_wconf 76' lang='lat' dir='ltr'>sexagesimo</span> <span class='ocrx_word' id='word_1_410' title='bbox 1502 1702 1615 1745; x_wconf 89' lang='lat' dir='ltr'>quinto</span> <span class='ocrx_word' id='word_1_411' title='bbox 1629 1729 1636 1743; x_wconf 88' lang='lat'>,</span> <span class='ocrx_word' id='word_1_412' title='bbox 1673 1702 1798 1736; x_wconf 89' lang='lat' dir='ltr'>decimo</span> 
     </span>
     <span class='ocr_line' id='line_1_78' title="bbox 1046 1751 1797 1797; baseline -0.005 -8"><span class='ocrx_word' id='word_1_413' title='bbox 1046 1755 1197 1789; x_wconf 80' lang='lat' dir='ltr'>kalendas</span> <span class='ocrx_word' id='word_1_414' title='bbox 1227 1752 1438 1797; x_wconf 86' lang='lat' dir='ltr'>septembris,</span> <span class='ocrx_word' id='word_1_415' title='bbox 1465 1751 1671 1796; x_wconf 83' lang='lat' dir='ltr'>pontificatus</span> <span class='ocrx_word' id='word_1_416' title='bbox 1696 1752 1797 1786; x_wconf 88' lang='lat' dir='ltr'>nostri</span> 
     </span>
     <span class='ocr_line' id='line_1_79' title="bbox 1047 1814 1193 1838; baseline -0.007 0"><span class='ocrx_word' id='word_1_417' title='bbox 1047 1815 1130 1838; x_wconf 87' lang='lat' dir='ltr'>anno</span> <span class='ocrx_word' id='word_1_418' title='bbox 1151 1814 1193 1837; x_wconf 73' lang='lat' dir='ltr'>w.</span> 
     </span>
    </p>

    <p class='ocr_par' dir='ltr' id='par_1_9' title="bbox 1076 1850 1767 1890">
     <span class='ocr_line' id='line_1_80' title="bbox 1076 1850 1767 1890; baseline -0.006 -6"><span class='ocrx_word' id='word_1_419' title='bbox 1076 1854 1135 1884; x_wconf 85' lang='lat' dir='ltr'>Dat.</span> <span class='ocrx_word' id='word_1_420' title='bbox 1152 1854 1198 1884; x_wconf 85' lang='lat' dir='ltr'>die</span> <span class='ocrx_word' id='word_1_421' title='bbox 1217 1852 1255 1883; x_wconf 71' lang='lat'>023</span> <span class='ocrx_word' id='word_1_422' title='bbox 1274 1852 1392 1890; x_wconf 82' lang='lat' dir='ltr'>augusti</span> <span class='ocrx_word' id='word_1_423' title='bbox 1412 1851 1501 1889; x_wconf 82' lang='lat'>1565,</span> <span class='ocrx_word' id='word_1_424' title='bbox 1520 1850 1622 1890; x_wconf 83' lang='lat' dir='ltr'>pontif.</span> <span class='ocrx_word' id='word_1_425' title='bbox 1640 1860 1716 1880; x_wconf 89' lang='lat' dir='ltr'>anno</span> <span class='ocrx_word' id='word_1_426' title='bbox 1729 1859 1767 1881; x_wconf 81' lang='lat' dir='ltr'>vr.</span> 
     </span>
    </p>
   </div>
   <div class='ocr_carea' id='block_1_6' title="bbox 1352 1914 1483 1920">
    <p class='ocr_par' dir='ltr' id='par_1_10' title="bbox 1352 1914 1483 1920">
     <span class='ocr_line' id='line_1_81' title="bbox 1352 1914 1483 1920; baseline 0 0"><span class='ocrx_word' id='word_1_427' title='bbox 1352 1914 1483 1920; x_wconf 95' lang='lat' dir='ltr'> </span> 
     </span>
    </p>
   </div>
   <div class='ocr_carea' id='block_1_7' title="bbox 1368 1969 1470 2002">
    <p class='ocr_par' dir='ltr' id='par_1_11' title="bbox 1368 1969 1470 2002">
     <span class='ocr_line' id='line_1_82' title="bbox 1368 1969 1470 2002; baseline -0.01 0"><span class='ocrx_word' id='word_1_428' title='bbox 1368 1969 1470 2002; x_wconf 80' lang='lat' dir='ltr'>CXXI.</span> 
     </span>
    </p>
   </div>
   <div class='ocr_carea' id='block_1_8' title="bbox 1046 2034 1803 2276">
    <p class='ocr_par' dir='ltr' id='par_1_12' title="bbox 1046 2034 1803 2276">
     <span class='ocr_line' id='line_1_83' title="bbox 1046 2034 1803 2081; baseline -0.008 -9"><span class='ocrx_word' id='word_1_429' title='bbox 1046 2037 1243 2081; x_wconf 76' lang='lat' dir='ltr'>Approbatio</span> <span class='ocrx_word' id='word_1_430' title='bbox 1255 2036 1475 2080; x_wconf 73' lang='lat' dir='ltr'>plurimarum</span> <span class='ocrx_word' id='word_1_431' title='bbox 1491 2035 1746 2068; x_wconf 71' lang='lat' dir='ltr'>declaratz&#39;ommt</span> <span class='ocrx_word' id='word_1_432' title='bbox 1761 2034 1803 2066; x_wconf 75' lang='lat' dir='ltr'>ad</span> 
     </span>
     <span class='ocr_line' id='line_1_84' title="bbox 1092 2084 1803 2130; baseline -0.004 -11"><span class='ocrx_word' id='word_1_433' title='bbox 1092 2086 1247 2130; x_wconf 68' lang='lat' dir='ltr'>Requlam</span> <span class='ocrx_word' id='word_1_434' title='bbox 1261 2086 1404 2128; x_wconf 76' lang='lat' dir='ltr'>fratrum</span> <span class='ocrx_word' id='word_1_435' title='bbox 1417 2085 1453 2118; x_wconf 84' lang='lat' dir='ltr'><em>M</em></span> <span class='ocrx_word' id='word_1_436' title='bbox 1454 2086 1582 2118; x_wconf 65' lang='lat' dir='ltr'>{norum</span> <span class='ocrx_word' id='word_1_437' title='bbox 1603 2084 1803 2118; x_wconf 68' lang='lat' dir='ltr'>conventua-</span> 
     </span>
     <span class='ocr_line' id='line_1_85' title="bbox 1093 2134 1803 2173; baseline -0.004 -5"><span class='ocrx_word' id='word_1_438' title='bbox 1093 2136 1173 2169; x_wconf 69' lang='lat' dir='ltr'>lium</span> <span class='ocrx_word' id='word_1_439' title='bbox 1199 2134 1332 2169; x_wconf 74' lang='lat' dir='ltr'>Ordinis</span> <span class='ocrx_word' id='word_1_440' title='bbox 1355 2135 1389 2168; x_wconf 89' lang='lat' dir='ltr'>S.</span> <span class='ocrx_word' id='word_1_441' title='bbox 1419 2135 1607 2173; x_wconf 69' lang='lat' dir='ltr'>Frcmcz&#39;scz&#39;,</span> <span class='ocrx_word' id='word_1_442' title='bbox 1634 2134 1670 2166; x_wconf 72' lang='lat' dir='ltr'>in</span> <span class='ocrx_word' id='word_1_443' title='bbox 1695 2143 1803 2166; x_wconf 74' lang='lat' dir='ltr'>corum</span> 
     </span>
     <span class='ocr_line' id='line_1_86' title="bbox 1092 2183 1803 2228; baseline -0.004 -10"><span class='ocrx_word' id='word_1_444' title='bbox 1092 2185 1236 2228; x_wconf 71' lang='lat' dir='ltr'>qenerali</span> <span class='ocrx_word' id='word_1_445' title='bbox 1264 2185 1403 2228; x_wconf 75' lang='lat' dir='ltr'>capitulo</span> <span class='ocrx_word' id='word_1_446' title='bbox 1428 2185 1609 2224; x_wconf 74' lang='lat' dir='ltr'>editarmn,</span> <span class='ocrx_word' id='word_1_447' title='bbox 1637 2183 1679 2215; x_wconf 76' lang='lat' dir='ltr'>ad</span> <span class='ocrx_word' id='word_1_448' title='bbox 1702 2183 1803 2226; x_wconf 73' lang='lat' dir='ltr'>ipsius</span> 
     </span>
     <span class='ocr_line' id='line_1_87' title="bbox 1093 2232 1554 2276; baseline -0.004 -9"><span class='ocrx_word' id='word_1_449' title='bbox 1093 2235 1224 2267; x_wconf 67' lang='lat' dir='ltr'>Ordinis</span> <span class='ocrx_word' id='word_1_450' title='bbox 1244 2234 1508 2276; x_wconf 74' lang='lat' dir='ltr'>reformalimzem</span> <span class='ocrx_word' id='word_1_451' title='bbox 1527 2232 1554 2265; x_wconf 77' lang='lat'>2.</span> 
     </span>
    </p>
   </div>
   <div class='ocr_carea' id='block_1_9' title="bbox 1082 2296 1773 2334">
    <p class='ocr_par' dir='ltr' id='par_1_13' title="bbox 1082 2296 1773 2334">
     <span class='ocr_line' id='line_1_88' title="bbox 1082 2296 1773 2334; baseline -0.004 -7"><span class='ocrx_word' id='word_1_452' title='bbox 1082 2299 1144 2327; x_wconf 83' lang='lat' dir='ltr'>Pius</span> <span class='ocrx_word' id='word_1_453' title='bbox 1165 2299 1235 2334; x_wconf 76' lang='lat' dir='ltr'>rapa</span> <span class='ocrx_word' id='word_1_454' title='bbox 1254 2298 1296 2331; x_wconf 80' lang='lat' dir='ltr'>tv,</span> <span class='ocrx_word' id='word_1_455' title='bbox 1313 2299 1346 2326; x_wconf 82' lang='lat' dir='ltr'>ad</span> <span class='ocrx_word' id='word_1_456' title='bbox 1365 2298 1527 2334; x_wconf 75' lang='lat' dir='ltr'>perpetuam</span> <span class='ocrx_word' id='word_1_457' title='bbox 1546 2297 1587 2325; x_wconf 80' lang='lat' dir='ltr'>rei</span> <span class='ocrx_word' id='word_1_458' title='bbox 1606 2296 1773 2325; x_wconf 80' lang='lat' dir='ltr'>memoriam.</span> 
     </span>
    </p>
   </div>
   <div class='ocr_carea' id='block_1_10' title="bbox 1052 2354 1805 2452">
    <p class='ocr_par' dir='ltr' id='par_1_14' title="bbox 1052 2354 1805 2452">
     <span class='ocr_line' id='line_1_89' title="bbox 1094 2354 1805 2401; baseline -0.007 -9"><span class='ocrx_word' id='word_1_459' title='bbox 1094 2358 1184 2392; x_wconf 88' lang='lat' dir='ltr'>Sedis</span> <span class='ocrx_word' id='word_1_460' title='bbox 1221 2356 1423 2401; x_wconf 81' lang='lat' dir='ltr'>Apostolieae</span> <span class='ocrx_word' id='word_1_461' title='bbox 1455 2355 1583 2400; x_wconf 89' lang='lat' dir='ltr'>copiosa</span> <span class='ocrx_word' id='word_1_462' title='bbox 1624 2354 1805 2397; x_wconf 77' lang='lat' dir='ltr'>benignitas</span> 
     </span>
     <span class='ocr_line' id='line_1_90' title="bbox 1052 2403 1805 2452; baseline -0.003 -13"><span class='ocrx_word' id='word_1_463' title='bbox 1052 2407 1112 2451; x_wconf 91' lang='lat' dir='ltr'>piis</span> <span class='ocrx_word' id='word_1_464' title='bbox 1131 2407 1360 2452; x_wconf 82' lang='lat' dir='ltr'>quarumlibet,</span> <span class='ocrx_word' id='word_1_465' title='bbox 1373 2405 1513 2450; x_wconf 77' lang='lat' dir='ltr'>regulari</span> <span class='ocrx_word' id='word_1_466' title='bbox 1535 2405 1595 2438; x_wconf 89' lang='lat' dir='ltr'>sub</span> <span class='ocrx_word' id='word_1_467' title='bbox 1616 2403 1805 2438; x_wconf 84' lang='lat' dir='ltr'>castimonia</span> 
     </span>
    </p>
   </div>
   <div class='ocr_carea' id='block_1_11' title="bbox 1052 2474 1805 2714">
    <p class='ocr_par' dir='ltr' id='par_1_15' title="bbox 1052 2474 1805 2714">
     <span class='ocr_line' id='line_1_91' title="bbox 1090 2474 1804 2507; baseline -0.006 -6"><span class='ocrx_word' id='word_1_468' title='bbox 1090 2477 1098 2501; x_wconf 78' lang='lat'>1</span> <span class='ocrx_word' id='word_1_469' title='bbox 1123 2478 1241 2502; x_wconf 72' lang='lat' dir='ltr'>Alicnirts</span> <span class='ocrx_word' id='word_1_470' title='bbox 1262 2477 1363 2501; x_wconf 75' lang='lat' dir='ltr'>notarii</span> <span class='ocrx_word' id='word_1_471' title='bbox 1379 2476 1478 2507; x_wconf 78' lang='lat' dir='ltr'>publici</span> <span class='ocrx_word' id='word_1_472' title='bbox 1505 2474 1674 2505; x_wconf 70' lang='lat' dir='ltr'>subscriptis,</span> <span class='ocrx_word' id='word_1_473' title='bbox 1701 2475 1724 2498; x_wconf 81' lang='lat' dir='ltr'>et</span> <span class='ocrx_word' id='word_1_474' title='bbox 1751 2474 1804 2498; x_wconf 83' lang='lat' dir='ltr'>nli-</span> 
     </span>
     <span class='ocr_line' id='line_1_92' title="bbox 1052 2512 1804 2548; baseline -0.003 -7"><span class='ocrx_word' id='word_1_475' title='bbox 1052 2519 1125 2542; x_wconf 76' lang='lat' dir='ltr'>culus</span> <span class='ocrx_word' id='word_1_476' title='bbox 1142 2518 1258 2548; x_wconf 74' lang='lat' dir='ltr'>praelati</span> <span class='ocrx_word' id='word_1_477' title='bbox 1283 2520 1329 2541; x_wconf 72' lang='lat' dir='ltr'>ele.</span> <span class='ocrx_word' id='word_1_478' title='bbox 1346 2535 1352 2547; x_wconf 90' lang='lat'>,</span> <span class='ocrx_word' id='word_1_479' title='bbox 1374 2513 1489 2541; x_wconf 79' lang='lat' dir='ltr'>Cherub.</span> <span class='ocrx_word' id='word_1_480' title='bbox 1512 2514 1548 2548; x_wconf 81' lang='lat' dir='ltr'>(R.</span> <span class='ocrx_word' id='word_1_481' title='bbox 1571 2513 1619 2547; x_wconf 76' lang='grc' dir='ltr'>Τ.),</span> <span class='ocrx_word' id='word_1_482' title='bbox 1696 2513 1712 2538; x_wconf 75' lang='lat'>2</span> <span class='ocrx_word' id='word_1_483' title='bbox 1732 2512 1804 2539; x_wconf 74' lang='lat' dir='ltr'>Atiae</span> 
     </span>
     <span class='ocr_line' id='line_1_93' title="bbox 1052 2552 1803 2591; baseline -0.004 -10"><span class='ocrx_word' id='word_1_484' title='bbox 1052 2560 1143 2582; x_wconf 77' lang='lat' dir='ltr'>extant</span> <span class='ocrx_word' id='word_1_485' title='bbox 1172 2556 1322 2591; x_wconf 73' lang='lat' dir='ltr'>pontificiae</span> <span class='ocrx_word' id='word_1_486' title='bbox 1343 2554 1533 2582; x_wconf 66' lang='lat' dir='ltr'>declarationes</span> <span class='ocrx_word' id='word_1_487' title='bbox 1552 2553 1636 2580; x_wconf 78' lang='lat' dir='ltr'>dictae</span> <span class='ocrx_word' id='word_1_488' title='bbox 1652 2552 1767 2587; x_wconf 73' lang='lat' dir='ltr'>Regulae</span> <span class='ocrx_word' id='word_1_489' title='bbox 1778 2556 1803 2579; x_wconf 80' lang='lat' dir='ltr'>et</span> 
     </span>
     <span class='ocr_line' id='line_1_94' title="bbox 1054 2592 1805 2628; baseline -0.007 -5"><span class='ocrx_word' id='word_1_490' title='bbox 1054 2597 1194 2623; x_wconf 85' lang='lat' dir='ltr'>nonnullae</span> <span class='ocrx_word' id='word_1_491' title='bbox 1213 2597 1274 2623; x_wconf 82' lang='lat' dir='ltr'>dieti</span> <span class='ocrx_word' id='word_1_492' title='bbox 1291 2596 1400 2623; x_wconf 79' lang='lat' dir='ltr'>Ordinis</span> <span class='ocrx_word' id='word_1_493' title='bbox 1417 2594 1627 2625; x_wconf 79' lang='lat' dir='ltr'>reformationes,</span> <span class='ocrx_word' id='word_1_494' title='bbox 1648 2601 1715 2628; x_wconf 84' lang='lat' dir='ltr'>quas</span> <span class='ocrx_word' id='word_1_495' title='bbox 1735 2592 1805 2619; x_wconf 87' lang='lat' dir='ltr'>iudi-</span> 
     </span>
     <span class='ocr_line' id='line_1_95' title="bbox 1053 2634 1799 2667; baseline -0.005 -4"><span class='ocrx_word' id='word_1_496' title='bbox 1053 2639 1110 2664; x_wconf 79' lang='lat' dir='ltr'>cavi</span> <span class='ocrx_word' id='word_1_497' title='bbox 1123 2638 1147 2663; x_wconf 87' lang='lat' dir='ltr'>in</span> <span class='ocrx_word' id='word_1_498' title='bbox 1159 2637 1350 2664; x_wconf 81' lang='lat' dir='ltr'>constitutione</span> <span class='ocrx_word' id='word_1_499' title='bbox 1361 2644 1436 2663; x_wconf 78' lang='lat' dir='ltr'>vau</span> <span class='ocrx_word' id='word_1_500' title='bbox 1451 2635 1560 2663; x_wconf 77' lang='lat' dir='ltr'>Honorii</span> <span class='ocrx_word' id='word_1_501' title='bbox 1578 2634 1624 2667; x_wconf 84' lang='lat' dir='ltr'>Ill,</span> <span class='ocrx_word' id='word_1_502' title='bbox 1642 2636 1721 2667; x_wconf 75' lang='lat' dir='ltr'>Solet,</span> <span class='ocrx_word' id='word_1_503' title='bbox 1736 2637 1799 2660; x_wconf 84' lang='lat' dir='ltr'>tom.</span> 
     </span>
     <span class='ocr_line' id='line_1_96' title="bbox 1055 2679 1251 2714; baseline -0.005 -10"><span class='ocrx_word' id='word_1_504' title='bbox 1055 2685 1094 2707; x_wconf 84' lang='grc'>111,</span> <span class='ocrx_word' id='word_1_505' title='bbox 1112 2686 1171 2714; x_wconf 83' lang='lat' dir='ltr'>pag.</span> <span class='ocrx_word' id='word_1_506' title='bbox 1189 2679 1251 2705; x_wconf 75' lang='lat' dir='ltr'>59ls.</span> 
     </span>
    </p>
   </div>
   <div class='ocr_carea' id='block_1_12' title="bbox 1796 261 1977 289">
    <p class='ocr_par' dir='ltr' id='par_1_16' title="bbox 1796 261 1977 289">
     <span class='ocr_line' id='line_1_97' title="bbox 1796 261 1977 289; baseline -0.011 0"><span class='ocrx_word' id='word_1_507' title='bbox 1796 262 1845 289; x_wconf 83' lang='lat' dir='ltr'>An.</span> <span class='ocrx_word' id='word_1_508' title='bbox 1867 262 1896 288; x_wconf 91' lang='lat' dir='ltr'>C.</span> <span class='ocrx_word' id='word_1_509' title='bbox 1912 261 1977 288; x_wconf 71' lang='lat'>1565</span> 
     </span>
    </p>
   </div>
   <div class='ocr_carea' id='block_1_13' title="bbox 1804 964 1988 1049">
    <p class='ocr_par' dir='ltr' id='par_1_17' title="bbox 1804 964 1988 1049">
     <span class='ocr_line' id='line_1_98' title="bbox 1832 964 1986 986; baseline -0.019 0"><span class='ocrx_word' id='word_1_510' title='bbox 1832 965 1904 986; x_wconf 73' lang='lat' dir='ltr'>ronna</span> <span class='ocrx_word' id='word_1_511' title='bbox 1920 969 1940 984; x_wconf 76' lang='lat' dir='ltr'>ei</span> <span class='ocrx_word' id='word_1_512' title='bbox 1954 964 1986 984; x_wconf 69' lang='lat' dir='ltr'>ot-</span> 
     </span>
     <span class='ocr_line' id='line_1_99' title="bbox 1804 996 1988 1023; baseline -0.011 -6"><span class='ocrx_word' id='word_1_513' title='bbox 1804 997 1872 1017; x_wconf 68' lang='lat' dir='ltr'>tectus</span> <span class='ocrx_word' id='word_1_514' title='bbox 1897 996 1988 1023; x_wconf 72' lang='lat' dir='ltr'>publica-</span> 
     </span>
     <span class='ocr_line' id='line_1_100' title="bbox 1806 1030 1875 1049; baseline -0.014 0"><span class='ocrx_word' id='word_1_515' title='bbox 1806 1030 1875 1049; x_wconf 76' lang='lat' dir='ltr'>tionis.</span> 
     </span>
    </p>
   </div>
   <div class='ocr_carea' id='block_1_14' title="bbox 1845 2368 1975 2389">
    <p class='ocr_par' dir='ltr' id='par_1_18' title="bbox 1845 2368 1975 2389">
     <span class='ocr_line' id='line_1_101' title="bbox 1845 2368 1975 2389; baseline -0.015 0"><span class='ocrx_word' id='word_1_516' title='bbox 1845 2368 1975 2389; x_wconf 62' lang='lat' dir='ltr'>Proca-mum.</span> 
     </span>
    </p>
   </div>
  </div>
 </body>
</html>
