2237 3100
259 239 309 266 An.
327 239 357 266 C.
377 239 444 267 ¹568

506 230 572 265 670

1055 235 1235 261 BULLARIUM
1258 233 1408 259 ROMANUM

281 301 375 322 Aliorum
390 302 445 328 prio-
460 293 541 326 ratio
570 293 746 333 habeatur,
769 291 886 325 dehinc
914 296 979 323 tres
1011 290 1209 334 professores
1252 297 1387 327 annum,
1401 290 1432 318 et
1444 284 1489 318 sic
1506 284 1657 329 deinceps
1675 284 1832 328 deputari.
1850 283 1895 317 Ad
1912 293 2001 317 eum-

261 339 307 353 rnm
349 332 443 358 eligendi
461 346 467 351 ·

259 364 347 385 formam
359 367 379 385 et
392 367 443 385 tem-

260 401 298 422 pus
313 395 411 422 designat
423 404 429 422 ;

459 346 566 380 idonei
586 346 710 389 priores
733 345 864 377 annales
883 344 922 376 ad
943 354 1208 387 unumquemque

460 406 661 433 caeterorum
690 398 835 432 omnium
856 397 1059 440 prioratuum
1085 397 1210 441 praedi-

460 459 601 493 ctorum,
624 452 655 484 in
676 452 760 485 dicto
781 450 922 495 capitulo
946 451 1087 494 generali
1114 451 1207 484 duin-

459 511 552 546 taxat,
567 507 609 538 ita
620 516 678 549 per
693 505 807 538 seriem
822 505 982 547 eligantur
995 510 1025 537 et
1037 505 1207 538 instituan-

460 564 522 599 tur,
545 565 579 591 ut
612 559 737 602 primus
762 559 866 591 solum
900 559 1005 602 primo
1038 569 1134 599 anno,
1158 570 1207 591 se-

459 611 584 644 cundus
600 612 754 652 secundo,
773 623 809 645 ac
821 612 1048 653 tertiustertio‚
1065 612 1208 655 regimen

458 669 488 697 et
520 663 829 698 administrationem
861 665 930 698 eius
963 666 1137 708 prioratus,
1169 666 1206 698 ad

458 728 553 761 quem
579 718 623 751 sic
643 719 763 751 clectus
787 719 895 760 fuerit,
922 719 954 752 in
985 720 1208 764 spiritualibus

457 777 487 804 et
508 773 740 816 temporalibus
751 773 878 810 lrabeatt
893 779 922 806 et
938 773 963 806 si
975 774 1092 806 horum
1109 774 1206 806 trium

457 826 602 868 quemvis
621 826 736 859 cedere
760 828 808 860 vel
828 827 983 861 decedere
1003 829 1051 861 vel
1082 828 1155 861 inde
1172 838 1208 861 cx

456 878 564 922 aliqua
584 890 680 913 causa
699 881 839 914 amoveri
859 881 1038 926 contingat,
1065 881 1118 914 ille
1138 881 1205 925 qui,

459 932 549 966 finito
569 944 606 967 eo
627 945 723 976 anno,
747 935 774 968 ei
801 935 986 969 immediate
999 946 1208 969 successurus

458 986 529 1027 erit,
561 987 656 1021 etiam
677 999 736 1032 pro
758 993 822 1022 toto
856 989 911 1022 illo
933 994 1097 1033 tempore,
1120 989 1205 1033 quod

458 1040 582 1073 cedenti
594 1041 819 1075 veldecedenti
839 1048 894 1075 aut.
913 1049 1019 1076 amoto
1046 1043 1206 1085 reliquum

457 1100 550 1135 esset,
568 1097 728 1129 succedat.
752 1096 886 1137 Rursus,
903 1097 929 1130 si
943 1098 1006 1130 duo
1021 1109 1057 1129 ex
1073 1097 1205 1137 eisdem,

457 1149 709 1193 qualescumque
730 1150 761 1183 in
778 1150 895 1184 Ordine
916 1151 1021 1191 electi,
1040 1151 1087 1184 vel
1103 1152 1207 1195 primo

456 1212 541 1235 anno
562 1204 716 1236 cesserint
742 1205 789 1238 rel
823 1205 1021 1238 decesserint
1044 1212 1100 1238 aut
1117 1216 1206 1238 anio-

456 1262 607 1297 veantur,
643 1263 817 1301 superstes,
857 1259 889 1291 in
914 1258 1075 1302 reliquum
1113 1270 1207 1292 omne

457 1315 595 1354 tempus,
619 1312 714 1344 modo
735 1313 911 1356 praedicto,
934 1324 1037 1356 usque
1062 1314 1101 1346 ad
1132 1324 1207 1356 pro-

457 1363 577 1397 ximum
598 1367 747 1408 generale
775 1366 952 1410 capitulum
987 1367 1205 1405 administren

458 1417 609 1451 omnibus
646 1430 720 1452 vero
754 1420 856 1453 tribus
893 1420 1005 1453 eodem
1043 1420 1207 1454 intervallo

458 1472 730 1516 quandocumque
751 1473 986 1514 deficientibus,
1002 1474 1031 1507 ei
1051 1474 1207 1518 prioratui

457 1536 494 1558 ac
515 1525 609 1559 etiam
626 1526 708 1567 aliis,
722 1526 753 1559 in
770 1528 897 1560 titulum
918 1528 965 1561 vel
984 1529 1207 1562 commendam

458 1586 649 1624 perpetuam
668 1582 717 1614 vel
739 1582 949 1626 temporalem
966 1583 1102 1615 obtentis
1118 1594 1208 1627 prae-

457 1634 562 1675 dictis,
589 1646 663 1668 cum
684 1636 854 1677 vacabunt,
878 1637 973 1670 etiam
994 1637 1018 1670 si
1039 1643 1069 1670 ut
1077 1638 1084 1669 i
1118 1649 1208 1681 prae-

458 1688 559 1721 fertur
596 1694 651 1721 aut
674 1690 752 1723 alias
772 1696 929 1723 reservata
956 1690 1086 1732 suerint,
1109 1692 1206 1724 alium

457 1742 593 1776 velalios
607 1744 720 1777 fratres
738 1744 870 1777 idoneos
887 1745 1018 1777 annales
1034 1745 1207 1786 dumtaxat,

458 1807 559 1840 usque
584 1797 622 1830 ad
653 1797 835 1841 proximum
855 1799 1004 1841 generale
1030 1800 1208 1843 capitulum

457 1849 654 1893 subrogabit,
668 1862 875 1894 quocumque
897 1853 1063 1896 privilegio
1083 1860 1209 1898 aposto-

456 1903 528 1945 lico,
553 1905 695 1947 generali
734 1907 781 1939 vel
820 1907 951 1950 speciali
970 1934 977 1944 ‚
1013 1907 1207 1950 quibusdam

456 1957 651 2002 prioratibus
679 1964 710 1992 et
734 1960 941 1993 conventibus
974 1961 1047 1993 dieti
1083 1961 1209 1994 Ordinis

456 2022 621 2053 concesso7
644 2018 673 2045 et
707 2013 802 2046 etiam
838 2014 1059 2058 multiplicatis
1086 2015 1209 2048 vicibus

456 2067 645 2110 approbato,
666 2072 720 2100 aut
740 2072 857 2100 statuto
878 2079 1084 2112 quacumque
1110 2069 1209 2101 tirmi-

457 2125 519 2153 tate
550 2120 687 2162 munito,
723 2132 778 2154 seu
813 2122 1047 2155 consuetudine
1075 2128 1208 2166 quanto-

459 2184 598 2217 cumque
634 2180 778 2218 tempore
811 2175 976 2209 observata
992 2203 999 2217 ⁷
1036 2176 1123 2219 quod
1148 2177 1206 2220 ipsi

459 2237 524 2260 non
543 2239 561 2260 a
581 2229 721 2272 capitulo
742 2229 883 2271 generali
900 2229 1018 2263 clectos
1034 2230 1207 2274 recipiunt,

459 2281 513 2314 scd
534 2292 609 2315 suos
629 2282 687 2315 sibi
709 2282 833 2326 priores
862 2282 939 2316 alias
966 2283 1050 2316 iuxta
1071 2286 1206 2318 sormam

460 2334 639 2369 litterarum
671 2335 842 2370 Clementis
861 2336 1049 2369 huiusmodi
1070 2338 1205 2381 eligunt,

460 2389 587 2432 penitus
619 2390 779 2433 abrogatis
810 2395 840 2423 et
873 2390 1057 2423 annullatis.
1082 2392 1208 2425 Priores

459 2443 567 2471 autem
586 2449 696 2473 onmes
721 2451 780 2473 suo
800 2439 859 2473 rite
874 2439 1015 2473 defuncti
1033 2440 1138 2473 officio
1150 2452 1207 2474 an—

461 2487 535 2527 nali,
556 2498 669 2521 rursus
687 2493 838 2532 poterunt
855 2489 887 2521 in
904 2489 973 2533 ipso
990 2489 1098 2522 futuro
1119 2490 1207 2533 eapi-

461 2536 527 2568 tulo
548 2537 701 2578 generali,
724 2537 832 2571 itidem
858 2544 892 2571 ut
913 2543 1017 2578 antea7
1040 2538 1164 2581 priores
1177 2538 1207 2571 in

461 2583 530 2618 aliis
550 2586 744 2629 prioratibus
764 2592 794 2620 ct
811 2587 960 2620 domibus
980 2587 1056 2619 dicti
1072 2587 1207 2624 Ordinis,

462 2634 487 2666 si
508 2645 621 2668 rursus
640 2635 746 2669 idonei
767 2636 897 2670 iudicati
914 2636 1042 2675 fuerint,
1054 2638 1090 2670 ad
1108 2637 1206 2670 alium

1251 341 1324 374 dem
1344 350 1419 374 vero
1439 338 1630 383 prioratum,
1653 338 1738 372 unde
1757 337 1882 382 priores
1915 337 2000 371 exie-

1251 394 1339 435 rint,
1379 399 1542 437 nequeant
1579 397 1650 426 ante
1686 397 1833 426 exactum
1868 391 2000 425 omnino

1250 448 1426 481 triennium
1446 457 1602 480 remeare..

1295 502 1309 545 ἓ
1329 502 1381 535 17.
1405 501 1452 534 Ad
1465 501 1556 542 haec‚
1572 501 1682 533 nullus
1701 499 1834 533 omnino
1853 499 2000 543 priorum

1251 567 1362 588 curam
1393 561 1448 588 aut
1485 554 1795 588 administrationem
1840 553 2000 586 bonorum

1250 615 1277 642 et
1291 609 1427 642 aliarum
1449 620 1558 642 rerum
1578 606 1819 652 temporalium,
1841 606 2003 650 dispensa-

1252 662 1437 706 tionemque
1472 662 1657 695 reddituum
1682 661 1730 694 sui
1755 660 1916 704 prioratus
1946 671 2002 693 seu

1250 717 1377 756 domus,
1399 717 1494 749 etiam
1514 716 1644 749 nomine
1666 716 1713 749 sui
1736 719 1922 755 convontus,
1948 715 2004 747 ha—

1249 771 1325 803 bere
1346 771 1409 804 sive
1430 781 1580 804 exercere
1606 770 1653 803 vel
1679 780 1747 803 sese
1776 769 1808 802 in
1835 769 1873 802 iis
1902 768 2002 802 inter-

1251 835 1370 868 ponere
1395 825 1512 868 possit·,
1548 824 1602 857 sed
1636 824 1821 856 universum
1856 822 1886 855 id
1921 832 2003 856 onus

1250 878 1352 911 tribus
1376 878 1534 921 religiosis
1567 877 1600 911 in
1630 887 1827 921 unoquoque
1860 876 2003 920 capitulo

1249 932 1392 975 generali
1421 932 1464 965 ita
1497 932 1729 972 demandetur,
1752 936 1788 964 ut
1807 929 1931 975 primus
1951 940 2002 963 re-

1250 997 1323 1018 rum
1357 991 1388 1018 et
1421 986 1583 1019 bonorum
1617 996 1758 1025 mensae,
1787 990 1851 1018 tam
1885 983 2003 1028 prioris

1249 1050 1346 1083 quam
1369 1040 1544 1083 prioratus,
1558 1038 1868 1082 inserendorumque
1883 1037 1916 1070 in
1928 1047 2002 1071 eum

1250 1093 1435 1126 reddituum
1457 1104 1568 1127 euram
1581 1093 1709 1133 habeat3
1728 1092 1821 1132 alter,
1839 1098 2002 1135 tamquam

1249 1147 1474 1191 depositarius⁷
1497 1146 1652 1192 pecunias
1671 1152 1702 1180 et
1721 1151 1846 1180 caetera
1879 1145 1919 1178 ab
1947 1145 2003 1178 illo

1250 1202 1422 1245 importata
1441 1201 1579 1235 fideliter
1605 1206 1756 1241 asservet;
1784 1199 1942 1244 reliquus,
1964 1199 2003 1232 de

1250 1256 1396 1299 pecuniis
1429 1262 1457 1289 et
1493 1256 1589 1289 rebus
1622 1266 1639 1288 a
1672 1254 1868 1298 depositario
1888 1253 2000 1298 captis,

1249 1310 1362 1353 priori,
1388 1309 1541 1342 fratribus
1576 1314 1608 1342 et
1640 1307 1752 1342 domui
1776 1307 1944 1342 universae
1964 1307 2003 1340 de

1250 1363 1447 1404 necessariis,
1468 1363 1564 1396 veluti
1577 1363 1788 1407 dispensator,
1801 1373 1875 1395 cum
1887 1361 2003 1406 prioris

1250 1417 1439 1450 auctoritate
1460 1417 1636 1460 provideat,
1667 1415 1850 1449 officiorum
1887 1415 2002 1449 huius—

1250 1471 1337 1503 modi
1361 1471 1497 1504 inricem
1518 1471 1706 1505 confusione
1725 1470 1854 1515 penitus
1873 1469 2003 1504 interdi-

1250 1529 1310 1557 cta.
1335 1525 1395 1558 Sed
1416 1531 1446 1557 et
1467 1525 1488 1558 ii
1510 1531 1582 1565 tres,
1606 1531 1669 1558 tam
1690 1524 1812 1568 accepti
1831 1535 1927 1568 quam
1944 1523 2002 1557 im-

1250 1578 1354 1622 pensi,
1373 1578 1507 1623 singulis
1520 1578 1697 1619 mensibus,
1711 1577 1812 1622 priori
1824 1588 1895 1619 suo,
1912 1577 2002 1611 adhi-

1250 1631 1323 1666 bitis
1350 1633 1445 1667 etiam
1480 1633 1606 1667 dnobus
1635 1633 1681 1666 vel
1714 1633 1818 1666 tribus
1850 1631 2002 1666 fratribus

1251 1685 1395 1720 eiusdem
1417 1688 1578 1731 prioratus
1606 1687 1849 1732 probatioribus
1872 1697 2001 1721 rerum-

1250 1752 1313 1784 que
1346 1753 1406 1774 usu
1442 1741 1564 1786 peritis3
1587 1741 1702 1775 deinde
1723 1741 1851 1785 ipsimet
1874 1752 2000 1782 rursuS,

1252 1796 1473 1839 praesentibus
1494 1796 1571 1840 ipsis
1586 1795 1695 1839 priore
1716 1800 1747 1828 et
1765 1794 1887 1839 peritis,
1900 1795 2002 1840 priori

1250 1850 1391 1892 generali
1417 1851 1464 1883 rel
1485 1849 1710 1889 visitatoribus,
1733 1842 2002 1894 quotiescumque

1250 1903 1436 1937 visitationis
1446 1904 1589 1937 osticium
1601 1904 1733 1937 fecerint
1744 1914 1752 1943 3
1765 1903 1903 1947 denique
1913 1903 2003 1948 prior

1250 1958 1419 2001 generalis,
1429 1964 1491 1991 tam
1503 1958 1540 1991 de
1552 1958 1614 1991 illis
1625 1957 1775 1991 omnibus
1795 1968 1892 2001 quam
1905 1957 2000 1991 etiam

1251 2023 1326 2045 suae
1344 2023 1472 2045 mensae
1488 2011 1697 2056 proventibus
1709 2017 1738 2044 et
1749 2011 1856 2052 rebus,
1873 2021 2002 2056 semper

1251 2066 1282 2097 in
1304 2066 1447 2109 proxime
1473 2065 1617 2108 sequenti
1639 2065 1780 2109 capitulo
1804 2065 1946 2108 generali
1970 2071 2001 2099 et

1251 2130 1360 2153 coram
1383 2120 1483 2153 tribus
1503 2120 1663 2153 iudicibus
1687 2120 1726 2153 ab
1760 2120 1829 2164 ipso
1858 2119 2001 2163 capitulo

1250 2174 1419 2218 deputatis²
1441 2185 1517 2207 suae
1537 2173 1823 2208 administrationis
1842 2173 2000 2208 rationem

1250 2227 1383 2261 reddere
1404 2234 1560 2261 teneatur.

1293 2282 1307 2325 ξ
1328 2281 1380 2315 18.
1404 2282 1520 2315 Omnes
1540 2293 1614 2316 vero
1647 2282 1772 2327 priores
1795 2282 1891 2316 vitain
1925 2293 2000 2316 cum

1250 2334 1316 2368 suis
1350 2336 1503 2369 fratribus
1537 2347 1745 2370 communem
1778 2337 1918 2378 ducant,
1940 2347 1999 2370 nec

1251 2389 1419 2433 proprium
1446 2390 1623 2434 quidquam
1656 2391 1818 2432 habeant;
1849 2390 1999 2424 omnibus

1251 2438 1362 2472 divinis
1397 2440 1510 2472 officiis
1542 2439 1666 2473 diurnis
1699 2445 1730 2473 et
1753 2439 1932 2480 nocturnis,
1966 2439 1999 2472 in

1251 2489 1385 2522 ecclesia
1405 2494 1435 2522 et
1454 2489 1554 2522 choro
1575 2490 1703 2533 semper
1720 2489 1829 2521 adesse
1849 2488 1996 2522 debeant.

1250 2538 1283 2569 ln
1306 2538 1475 2571 refectorio
1509 2549 1636 2582 semper
1669 2538 1855 2577 comedant,
1881 2537 1937 2570 ubi
1958 2537 2000 2570 si—

1251 2587 1387 2620 lentium
1408 2593 1602 2631 perpetuum
1626 2593 1750 2630 agatur7
1764 2592 1795 2619 et
1811 2587 1934 2619 lectura
1953 2597 2000 2620 sa-

1251 2647 1304 2669 era
1329 2637 1369 2670 ab
1390 2637 1481 2670 initio
1507 2638 1545 2670 ad
1567 2638 1674 2672 finem.
1689 2637 1727 2669 de
1753 2647 1841 2670 more
1862 2635 2000 2669 aliorum

2017 230 2066 257 An.
2084 228 2113 257 C.
2131 225 2199 257 ¹568
2233 231 2235 233 ’

2036 507 2201 529 Λὰηιίηῐςιτεῑυο

2015 540 2072 561 ribus
2095 540 2197 566 cuiusque

2016 572 2122 598 prioratus
2151 576 2199 591 mu-

2016 608 2055 623 nus
2071 603 2176 629 praefinit.

2090 2289 2198 2315 Prioribus

2015 2325 2079 2345 vium
2103 2330 2200 2346 commu-

2014 2361 2063 2377 nem
2108 2359 2130 2377 et
2158 2355 2198 2377 alia

2015 2388 2131 2415 praecipn3

2230 386 2237 432 Ξ

2228 489 2237 550 l

2229 1543 2237 1596 AA<

2231 2532 2237 2544 «,
2228 2499 2237 2520 ρ,
2226 2467 2237 2490 tu
2227 2438 2237 2461 ,γ
2231 2418 2237 2431 ν
2222 2342 2237 2412 »ΗΜ
2227 2173 2237 2336 „ua—⁸.--
2226 2037 2237 2167 ean—1».-
2231 2014 2237 2028 -
2229 1900 2237 2006 „um
2232 1877 2237 1891 -
2232 1861 2237 1871 -
2229 1807 2237 1855 Α-ι.
2231 1756 2237 1786 4
2230 1699 2237 1748 ..-,..

2228 2948 2232 2955 >
2233 2895 2237 2904 ,,
2224 2874 2226 2878 ”
2220 2668 2237 2865 “za-‘wudz
2225 2595 2237 2660 flu*-
2226 2556 2237 2585 .¹:
