2237 3100
266 331 316 358 An.
337 331 367 359 C.
382 329 449 358 1562

292 1986 377 2007 Sanctio
398 1992 449 2013 poe-

265 2017 326 2039 natis.

508 318 573 353 244

463 382 512 415 vel
531 382 564 414 in
584 381 703 426 specie,
726 386 758 414 et.
777 380 867 419 alias,
885 379 981 413 etiam
1002 385 1091 412 motu
1113 384 1143 411 et
1163 388 1220 421 po-

462 435 583 468 testatis
604 434 805 480 plenitudine
827 433 1003 473 similibus,
1026 433 1121 465 etiam
1143 442 1218 465 con-

463 489 665 522 sistorialiter
698 500 734 521 ac
762 488 840 520 alias
874 487 1119 530 quomodolibet
1140 496 1217 519 con-

464 542 579 581 cessis,
607 541 792 585 approbatis
825 546 856 573 et
889 539 1066 579 innovatis,
1099 539 1218 582 quibus

463 595 614 628 omnibus
634 600 661 627 et
684 594 829 636 singulis,
848 593 943 626 etiam
961 593 998 632 si,
1012 603 1070 636 pro
1086 593 1216 625 illorum

462 648 633 681 sufficienti
654 647 874 690 derogatione.
896 647 934 679 de
954 646 1017 679 illis
1037 657 1217 690 corumque

463 702 537 734 totis
556 701 724 734 tenoribus
749 700 918 744 specialis,
942 701 1114 744 specifica,
1138 700 1218 733 indi-

462 754 555 787 vidua
576 761 606 787 et
626 765 774 798 expressa
791 766 827 787 ac
843 755 881 787 de
897 755 993 788 verbo
1015 755 1052 787 ad
1069 755 1214 795 verbum,

462 818 526 840 non
547 814 655 841 autem
677 819 735 852 per
755 808 916 841 clausulas
940 809 1107 851 generales
1131 808 1215 841 idem

462 860 686 904 importantes,
710 861 829 894 mentio
850 872 906 894 sen
932 862 1062 905 quaevis
1081 862 1142 894 alia
1163 873 1215 894 ex-

462 914 585 957 pressio
606 914 752 947 habenda
777 920 830 947 aut
852 914 960 957 aliqua
979 914 1041 947 alia
1061 915 1217 958 exquisita

462 967 565 999 forma
585 967 623 999 ad
643 968 705 999 hoc
726 967 880 1000 servanda
901 968 994 1005 foret,
1013 974 1142 1000 tenores
1157 968 1216 999 hu-

461 1019 600 1052 iusmodi
620 1020 845 1064 praesentibus
865 1031 923 1064 pro
945 1021 1142 1053 sufficienter
1162 1032 1215 1053 ex-

462 1073 580 1115 pressis
600 1074 773 1115 habentes,
796 1074 980 1117 specialiter
1013 1080 1043 1107 et
1068 1085 1215 1118 expresse

462 1126 666 1169 derogamus,
683 1127 852 1160 contrariis
863 1128 1143 1170 quilniscuinqiie;
1163 1133 1215 1160 aut

462 1179 487 1211 si
517 1180 695 1222 aliquibus,
720 1182 938 1214 communiter
961 1182 1009 1214 vel
1035 1180 1176 1219 divisim,
1199 1192 1216 1213 a

462 1234 625 1275 praedicta
646 1234 683 1267 sit
709 1234 789 1267 Sede
810 1234 971 1267 indultum
1000 1234 1085 1277 quod
1116 1234 1215 1267 inter-

462 1286 524 1318 dici
539 1314 546 1326 ,
574 1288 726 1330 suspendi
761 1289 808 1320 vel
843 1287 1117 1320 excommunicari
1152 1297 1215 1319 non

463 1339 583 1382 possint
604 1351 662 1384 per
681 1340 788 1373 literas
808 1340 1000 1383 apostolicas
1016 1340 1215 1373 non'sacien-

464 1397 508 1424 tes
529 1393 656 1436 plenam
683 1399 711 1425 et
737 1404 918 1436 expressam
944 1404 980 1425 ac
1006 1393 1043 1425 de
1065 1393 1160 1425 verbo
1178 1393 1215 1424 ad

462 1445 595 1477 verbum
608 1446 646 1478 de
659 1446 784 1478 indulto
796 1446 983 1479 huiusmodi
1004 1446 1214 1483 mentionem,

463 1503 489 1530 et
513 1499 655 1542 qualibet
677 1499 738 1532 alia
771 1500 874 1532 dictae
908 1499 998 1533 Sedis
1018 1499 1216 1539 indulgentia

461 1551 604 1593 generali
625 1553 672 1584 vel
693 1552 844 1596 speciali,
869 1553 1104 1595 cuiuscumque
1125 1558 1216 1585 teno-

463 1604 506 1637 ris
531 1605 659 1645 existat‚
691 1616 749 1649 per
773 1616 881 1648 quam,
909 1606 1132 1649 praesentibus
1152 1616 1216 1638 non

463 1669 644 1702 expressam
660 1659 709 1691 vel
726 1659 865 1691 totaliter
880 1670 944 1692 non
961 1659 1125 1699 insertam,
1140 1659 1216 1692 etl‘e-

463 1716 532 1744 ctus
565 1711 752 1744 huiusmodi
786 1712 906 1754 gratiae
941 1712 1092 1755 impediri
1116 1712 1218 1745 valeat

462 1764 706 1807 quomodolibet
726 1766 773 1797 vel
794 1765 916 1797 differri
931 1792 938 1805 ,
962 1771 991 1798 et
1013 1766 1051 1797 de
1075 1777 1139 1808 qua
1160 1777 1216 1798 cu-

462 1817 578 1861 iusque
600 1823 664 1850 toto
686 1823 795 1850 tenore
816 1818 965 1851 habenda
990 1819 1028 1851 sit
1049 1819 1080 1851 in
1102 1819 1217 1852 nostris

464 1870 563 1903 literis
582 1870 704 1903 mentio
725 1871 885 1914 specialis.

507 1924 568 1967 §tt
591 1924 675 1957 Nulli
698 1936 774 1968 ergo
791 1925 924 1958 omnino
941 1926 1109 1957 hominum
1124 1926 1215 1959 liceat

463 1977 546 2009 hanc
575 1977 724 2019 paginam
753 1983 880 2010 nostrae
901 1978 1137 2016 advocationis,
1160 1990 1216 2011 an-

464 2029 662 2069 nullationis,
685 2030 884 2070 cassationis,
907 2031 1121 2071 extinctionis,
1144 2032 1216 2064 irri-

464 2084 591 2116 tationis
604 2110 611 2123 ,
630 2084 832 2124 abolitionis,
855 2084 1074 2124 subiectionis,
1099 2096 1217 2129 suppo-

464 2136 598 2177 sitionis,
615 2137 827 2176 inhibitionis,
845 2137 1073 2177 concessionis,
1097 2138 1216 2170 decreti

464 2195 494 2222 et
514 2190 731 2232 derogationis
750 2190 936 2233 infringere,
957 2192 1005 2223 vel
1026 2190 1054 2222 ei
1076 2202 1157 2223 ausu
1175 2197 1218 2224 te-

464 2243 602 2276 merario
624 2244 795 2276 contraire.
831 2243 863 2276 Si
883 2244 956 2286 quis
972 2249 1079 2276 autern
1096 2245 1156 2277 hoc
1173 2250 1218 2277 at-

464 2302 586 2330 tentare
607 2296 872 2341 praesumpserit,
887 2297 1137 2339 indiguationem
1151 2308 1217 2330 om-

465 2350 639 2394 nipotentis
657 2350 712 2383 Dei
734 2361 769 2382 ac
791 2351 959 2383 beatorum
980 2350 1063 2383 Petri
1081 2356 1108 2383 et
1127 2351 1216 2383 Pauli

465 2405 686 2447 apostolorum
707 2404 776 2437 eius
795 2416 827 2436 se
849 2401 971 2437 noverit
993 2404 1213 2437 incursurum.

508 2462 621 2494 Datum
647 2463 766 2495 Romae
787 2462 872 2506 apud
893 2462 1044 2495 Sanctum
1067 2463 1213 2503 Petrum,

465 2530 549 2551 anno
582 2519 814 2552 Incarnationis
840 2519 1020 2551 dominicae
1047 2519 1216 2552 millesimo

465 2576 724 2620 quingentesimo
739 2577 1092 2619 sexagesimosecundQ
1111 2576 1217 2609 idibus

465 2633 558 2674 iunii,
580 2633 786 2678 pontificatus
811 2634 911 2667 nostri
932 2645 1015 2667 anno
1036 2644 1080 2667 111.

514 2691 576 2722 Dat.
593 2693 639 2722 die
660 2692 696 2722 ‘13
719 2692 791 2722 iunii
811 2692 896 2730 1562,
914 2692 1013 2731 pontis.
1032 2702 1108 2722 anno
1125 2702 1166 2723 111.

1060 325 1241 350 BULLARIUM
1266 324 1418 349 ROMANUM

2028 320 2077 348 An.
2088 319 2124 347 ⁷C.
2145 317 2213 348 ¹⁸62
2230 331 2237 359 ,3

1587 375 1689 410 LXXI.

1260 452 1461 494 Resormatio
1487 453 1701 485 tribunalium
1721 453 1965 485 ordinariorum
1985 456 2014 485 et

1305 506 1445 538 aliorum
1462 506 1604 539 iudicum
1624 506 1790 539 Romanae
1811 505 1941 544 Curiae,
1965 504 2013 547 of-

1303 560 1431 602 ficiique
1470 563 1537 591 lum
1566 560 1715 591 advocati
1738 563 1767 591 et
1792 559 2014 602 procuratoris

1300 623 1477 654 pauperum
1496 623 1591 655 quum
1606 612 1677 655 fisci
1687 612 1888 645 Reverendae
1904 612 2015 646 Came-

1303 675 1359 697 νας
1374 666 1587 708 Apostolicae.

1345 745 1407 774 Pius
1423 747 1567 782 episcopus
1587 754 1682 775 servus
1703 754 1844 776 servorum
1859 747 1922 780 Dei.

1405 800 1439 828 ad
1459 801 1620 835 perpetuam
1636 800 1678 828 rei
1697 801 1867 829 memoriam.

1303 870 1368 913 §¹l.
1400 870 1480 904 Cum
1515 871 1554 903 ab
1588 871 1657 914 ipso
1682 871 1782 904 nostri
1808 871 2015 915 pontificatus
2056 885 2151 906 Pontifex
2176 891 2213 907 re-

1259 922 1348 955 initio
1379 923 1408 955 id
1441 923 1654 968 praecipuum
1676 935 1804 967 semper
1830 924 1925 958 corde
1945 936 2014 969 ges·
2028 916 2214 974 {{,'‚'{¹,'¹{,¹}m¹‡⁰²s'3‘,¹,

1259 975 1395 1009 serimus
1417 983 1448 1008 ut
1470 977 1633 1010 Romanae
1653 976 1767 1010 Curiae
1783 978 1889 1011 officia
1910 984 1940 1011 et
1959 979 2014 1011 tri·
2028 985 2106 1031 ffedtssm
2124 980 2212 1030 ῙἛὛῩ

1258 1029 1406 1069 bunalia,
1428 1030 1561 1063 sublatis
1582 1031 1745 1071 omnibus,
1768 1032 1835 1074 qui,
1856 1042 1893 1064 ex
1914 1031 2014 1065 nimia
2042 1016 2053 1031 u
2070 1016 2148 1031 “mu
2198 1025 2204 1036 ’

1259 1082 1365 1115 sorsan
1394 1084 1643 1126 praeteritorum
1665 1090 1848 1127 temporum
1869 1085 2010 1127 licentia,

1258 1135 1468 1175 invaluerant,
1480 1137 1645 1176 abusibus,
1658 1137 1687 1169 in
1702 1138 1868 1170 meliorem
1878 1139 2014 1172 sormam

1259 1188 1503 1222 reducerentur.
1540 1190 1603 1228 Ac,
1632 1190 1671 1223 ob
1692 1190 1744 1229 id,
1772 1191 1804 1223 in
1838 1191 1951 1235 primis
1974 1192 2014 1225 ad

1258 1241 1541 1274 Poeniteutiariam
1576 1248 1738 1284 nostram,
1763 1249 1873 1288 utpote
1898 1244 1930 1277 in
1950 1255 2015 1287 qua

1258 1294 1296 1326 de
1317 1295 1500 1327 animarum
1518 1297 1620 1329 salute
1637 1297 1774 1329 maxime
1792 1296 1909 1338 agitur,
1928 1308 2014 1330 men-

1258 1346 1296 1379 tis
1317 1353 1444 1381 nostrae
1464 1348 1565 1381 aciem
1589 1354 1826 1387 convertentes,
1849 1361 1908 1393 pro
1928 1350 2014 1384 illius

1259 1400 1499 1441 reformatione,
1522 1403 1679 1435 nonnulla
1712 1408 1826 1436 statuta
1855 1409 2014 1448 perpetuo

1258 1453 1455 1487 observanda
1477 1455 1684 1488 ediderimus.
1714 1456 1751 1488 Et
1775 1456 1890 1490 deinde
1912 1458 2015 1491 consi-

1259 1506 1406 1540 derantes
1433 1508 1537 1548 nobis,
1561 1519 1596 1541 ex
1618 1508 1763 1541 iniuncto
1789 1510 1908 1542 summi
1935 1520 2014 1553 apo-

1259 1560 1392 1593 stolatus
1425 1561 1550 1601 officio,
1583 1561 1678 1594 etiam
1713 1561 1923 1603 incumbere,
1949 1573 2015 1597 non

1259 1613 1363 1645 solum
1381 1614 1476 1647 robus
1491 1614 1713 1659 spiritualibus
1725 1615 1947 1649 convenientia
1967 1627 2016 1650 re-

1260 1666 1364 1698 media
1385 1667 1551 1706 adhibere,
1574 1669 1628 1700 sed
1650 1668 1746 1700 etiam
1767 1669 1938 1713 temporali
1959 1669 2015 1704 Se-

1260 1719 1307 1752 dis
1327 1721 1529 1764 Apostolicae
1550 1721 1694 1754 dominio
1717 1722 1896 1763 subiectOS‚
1920 1734 2014 1767 prae-

1260 1773 1367 1805 sertim
1395 1785 1573 1817 pauperes,
1597 1775 1636 1807 ab
1661 1774 1830 1815 oneribus,
1855 1782 2014 1819 quantum

1260 1826 1329 1859 fieri
1350 1833 1465 1869 potest,
1489 1828 1667 1867 sublevare,
1690 1840 1726 1862 ac
1748 1835 1783 1861 ut
1803 1829 1834 1862 in
1854 1830 2014 1874 tranquil-

1259 1880 1346 1913 litate
1380 1886 1466 1914 recte
1493 1882 1717 1923 gubernentur
1752 1883 1937 1926 providere,
1960 1884 2016 1918 Ca·

1260 1944 1367 1966 merae
1388 1940 1516 1967 nostrae
1537 1935 1741 1978 Apostolicae
1763 1935 1867 1969 officia
1891 1937 1930 1969 ad
1958 1937 2015 1971 ho—

1259 1992 1385 2019 nestum
1412 1988 1545 2020 modum
1571 1987 1808 2029 reduxerimus,
1833 1994 1861 2022 et
1882 1989 1969 2023 illius
1980 2001 2014 2023 e-

1258 2040 1335 2072 tiam
1351 2051 1388 2072 ac
1404 2040 1505 2073 nostri
1526 2041 1727 2074 auditoratus
1747 2042 1891 2076 officium
1916 2044 2015 2077 resor—

1261 2093 1466 2126 marerimus.

1303 2146 1317 2189 ξ
1337 2145 1368 2178 ⁶2.
1391 2147 1521 2187 Verum,
1546 2158 1603 2190 pro
1620 2147 1766 2180 ulteriori
1785 2149 2013 2186 reformatione
2054 2161 2112 2183 Nune
2125 2161 2213 2184 anorum
2231 2191 2237 2195 ἱ

1259 2199 1445 2232 huiusmodi
1480 2201 1704 2243 prosequenda
1719 2228 1726 2240 ,
1763 2207 1984 2246 opportunum
2003 2231 2010 2244 ,
2027 2192 2230 2251 ᾞῖῗοᾛωᾞῖξῖ

1258 2251 1438 2294 quinimmo
1459 2253 1677 2286 necessarium
1690 2264 1757 2286 esse
1774 2260 1951 2295 censentes,
1963 2266 2013 2288 re·
2027 2253 2068 2275 ‘ef‘

1260 2304 1345 2347 liqna
1380 2306 1474 2338 etiam
1510 2306 1690 2349 praedictae
1724 2300 1817 2340 Urbis
1850 2313 1880 2340 et
1899 2307 2012 2342 Curiae

1259 2358 1422 2391 ordinaria
1443 2359 1616 2392 tribunalia
1637 2366 1665 2393 et
1686 2361 1724 2393 ab
1746 2360 1808 2393 illis
1830 2361 2012 2404 dependen-

1260 2412 1312 2451 tia,
1336 2413 1501 2456 nostrique
1522 2413 1616 2446 ctiam
1638 2414 1706 2446 fisci
1727 2414 1947 2457 procuratoris
1967 2416 2012 2449 of-

1260 2465 1369 2497 ficium
1405 2466 1441 2498 ad
1477 2466 1617 2499 debitam
1651 2477 1796 2499 normam
1836 2467 2010 2510 reducere,

1260 2517 1388 2550 illorum
1419 2518 1656 2561 magistratibus
1679 2530 1715 2552 ac
1741 2521 1874 2553 notariis
1893 2527 1924 2554 et
1943 2522 2013 2555 aliis

1259 2571 1451 2604 officialibus
1471 2573 1501 2605 in
1524 2584 1625 2605 unum
1646 2573 1768 2616 pluries
1788 2575 2009 2618 congregatis,

1259 2628 1288 2655 et
1309 2623 1341 2656 in
1363 2625 1544 2668 praesentia
1568 2631 1676 2658 nostra
1706 2636 1742 2658 ac
1776 2628 2011 2662 nonnullorum

1296 2701 1306 2725 1
1330 2700 1394 2727 Vide
1409 2708 1490 2735 supra
1509 2708 1554 2735 pp.
1579 2701 1638 2734 195,
1657 2701 1710 2728 205
1728 2704 1754 2728 et
1773 2702 1835 2729 207.
