2237 3100
38 261 88 288 An.
103 260 133 287 C.
153 259 220 287 t569
916 254 983 278 PIUS

234 308 365 342 turbare
392 307 590 347 moliuntur,
623 318 661 341 eo
684 307 747 340 iam
768 317 827 340 nos
851 307 985 341 detrusit

233 362 407 395 necessitas
432 366 467 393 nt
486 361 641 394 nefariam
663 366 691 394 et
719 361 886 394 scelestam
913 361 986 393 illo-

233 425 306 448 rum
323 414 491 447 audaciam
503 414 669 447 acerbiore
688 414 905 458 castigationis
919 425 986 447 ver-

232 468 309 501 bere
328 467 558 511 reprimamus.

277 521 292 564 §
315 520 348 553 Ξ).
370 520 436 553 Hac
464 520 562 563 igitur
581 520 723 562 generali
744 519 983 559 constitutione,

77 579 217 616 offendemus
233 574 271 606 de
291 575 427 606 fratrum
452 579 638 607 nostrorum
655 573 803 612 consilio,
823 572 986 605 sancimus

33 612 268 669 Ῐὲἓμέιᾞιῒξὲᾝῖιιῑ
294 627 506 670 quicumque,
532 627 595 659 sive
615 626 757 669 privatus
785 626 848 658 sive
870 631 986 658 cuncta

34 673 216 699 ⁹⁹⁵⁵³‘⁰‘¹¹'¹“‘'¹⁶·‘
232 680 350 721 civitas,
360 681 423 713 sive
443 680 584 724 populus
603 679 665 712 sive
682 679 844 720 dominus,
863 690 983 719 eomes,

231 733 388 773 marchio,
408 732 472 765 dux
490 733 540 765 vel
560 732 685 775 potiore
710 731 803 764 titulo
838 731 982 771 illustris,

230 786 375 830 quemvis
417 797 454 819 ex
485 785 757 829 inquisitoribus,
797 785 981 824 advocatis,

230 839 510 883 procuratoribus,
529 838 662 871 notariis
678 838 813 881 aliisque
831 839 985 872 ministris

230 892 386 936 praedicti
402 891 795 936 officiivelepiscoporum
816 892 849 925 id
864 904 984 926 munus

228 945 262 979 in
281 956 340 979 sua
364 945 502 979 dioecesi
523 951 576 978 aut
593 944 758 989 provincia
777 945 981 985 obeuntium,

227 1009 285 1032 seu
305 1004 537 1039 accusatorem,
567 998 834 1032 denunciatorem
859 1004 913 1031 aut
938 1004 983 1032 te-

227 1058 308 1086 stem
329 1052 362 1085 in
382 1063 479 1085 eausa
491 1051 565 1085 fidei
581 1052 890 1096 quomodocumque
912 1063 984 1095 pro-

227 1105 362 1138 ductum
382 1106 430 1138 vel
451 1111 618 1139 evocatum
638 1105 805 1145 occiderit,
837 1106 984 1139 verbera-

226 1159 318 1199 verit,
341 1159 495 1192 deieeerit
513 1170 569 1192 seu
590 1159 860 1203 perterrefecerit.

273 1212 288 1255 ἓ
307 1211 338 1245 3
361 1211 459 1251 Quive
485 1211 648 1252 ecclesias,
670 1212 765 1245 aedes
785 1211 899 1245 aliasve
922 1223 982 1251 res,

40 1272 155 1308 ⁴{heuque
180 1274 213 1294 di-
229 1264 292 1298 sive
317 1265 465 1309 publicas
480 1265 543 1297 sive
565 1265 712 1308 privatas,
728 1265 826 1298 officii
846 1271 899 1298 aut
921 1266 982 1298 nii-

29 1308 160 1332 ‘¹⁰¹¹²'⁶¹¹¹⁹⁵'
228 1317 405 1351 nistrorum
428 1318 667 1361 expugnaverit,
690 1318 852 1358 invaserit,
871 1319 982 1352 incen-

227 1371 322 1411 derit,
345 1371 541 1416 expilaverit,
564 1377 619 1404 aut
637 1372 750 1412 libros,
771 1372 904 1412 litteras,
928 1384 984 1415 au-

227 1425 401 1465 ctoritates,
411 1424 618 1468 exemplaria,
631 1430 782 1468 regestra‚
791 1427 981 1469 protocolla,

227 1478 383 1522 exempla,
414 1478 592 1522 scripturas
619 1478 718 1511 aliave
752 1478 979 1519 instrumenta,

227 1531 291 1564 sive
318 1530 450 1574 publica
470 1531 534 1564 sive
555 1531 689 1574 privata,
707 1531 906 1575 ubicumque
924 1542 981 1576 po-

226 1584 297 1624 sita,
321 1584 546 1625 combusserit,
569 1584 742 1628 diripuerit
757 1596 813 1618 seu
831 1585 982 1618 interver-

226 1637 311 1677 terit3
350 1648 405 1670 seu
440 1648 478 1670 ex
512 1637 662 1670 incendio
696 1644 752 1671 aut
785 1638 979 1683 direptione,

227 1690 322 1724 etiam
343 1690 488 1731 inermis,
512 1691 575 1724 sive
601 1691 749 1734 capiendi
766 1691 829 1724 sive
850 1692 983 1724 combu-

226 1744 318 1777 rendi
359 1744 422 1777 sive
457 1745 682 1788 supprimendi
729 1756 825 1778 eausa
859 1746 954 1777 fuerit
973 1773 980 1786 ,

225 1798 290 1830 sive
331 1809 382 1831 res
409 1803 465 1830 aut
494 1809 650 1842 personas
675 1798 793 1832 servari
817 1798 983 1832 defendive

227 1851 442 1894 prohibuerit.

271 1906 286 1949 ξ,
305 1905 336 1937 4.
359 1905 458 1944 Quive
489 1916 655 1938 carcerem
676 1911 731 1939 aut
750 1906 846 1938 aliam
874 1912 982 1939 eusto-

73 1966 96 1988 Et
112 1972 212 1988 carceres
227 1957 324 1998 diam,
345 1970 399 1992 seu
435 1959 598 2002 publicam
621 1970 677 1991 seu
698 1959 865 2003 privatam,
888 1961 982 1993 effre-

29 1998 161 2056 ῗῖἓῖἷῗιιῗώ
172 2001 214 2050 {⁵12-
227 2011 330 2054 gerit,
365 2012 509 2045 vinctum
543 2013 713 2045 extraxerit
746 2023 802 2045 seu
831 2014 982 2053 emiserit,

31 2061 121 2113 :3¹¹2OE
143 2061 214 2081 ΜΨ
229 2065 425 2109 capiendum
447 2065 661 2108 prohibuerit,
676 2071 845 2108 captumve
857 2066 985 2110 eripue-

7 2111 12 2116 ’
229 2118 282 2157 rit,
304 2118 476 2161 receperit,
506 2118 688 2151 occuluerit
713 2129 769 2151 seu
798 2119 982 2152 facultatem

229 2171 404 2214 effugiendi
421 2171 545 2204 dederit
561 2182 617 2204 seu
635 2171 764 2204 iusserit
783 2171 815 2204 id
830 2172 912 2209 fieri;
928 2172 983 2215 qui

229 2230 357 2257 coetum
375 2235 610 2258 concursumve
631 2224 754 2265 fecerit,
777 2225 852 2265 sive,
876 2231 910 2258 ut
930 2226 984 2257 ali-

229 2278 305 2321 quid
320 2278 562 2322 praedictorum
578 2279 681 2319 tieret,
699 2279 847 2311 homines
859 2290 984 2311 accom-

229 2331 417 2372 modaverit,
445 2332 508 2364 sive
528 2332 605 2364 alias
624 2331 792 2372 auxilium,
811 2332 983 2365 consilium

228 2385 442 2425 autsavorcm,
453 2385 585 2429 publice
592 2386 639 2417 vel
649 2386 787 2425 occulte,
799 2386 831 2417 in
839 2386 982 2428 quolibet

228 2434 469 2478 praedictorum
499 2434 638 2467 scienter
673 2434 881 2478 praestiterit,
911 2435 984 2468 licet

229 2492 325 2515 nemo
339 2483 476 2523 occisus,
488 2483 686 2523 verberatus,
700 2493 796 2515 nemo
812 2488 983 2522 extractus,

229 2531 366 2564 emissus
390 2532 438 2565 vel
469 2537 611 2575 ereptus,
639 2531 720 2564 nibil
749 2537 981 2574 expugnatum,

228 2580 310 2613 nihil
343 2580 525 2620 effractum,
548 2591 739 2613 succensum
772 2580 984 2624 direptumve,

229 2628 357 2662 nullum
373 2629 513 2673 denique
533 2629 689 2662 damnum
710 2629 817 2673 reipsa
836 2629 876 2663 sit
891 2640 984 2663 seeu-

349 2678 424 2708 BuII.
450 2679 524 2709 Rom.
552 2678 607 2708 Vot.
635 2678 691 2708 vlt.
829 2676 866 2707 94

1676 247 1739 280 745

1030 312 1117 339 tum:
1141 307 1354 341 nihilominus
1374 308 1400 340 is
1415 308 1453 341 sit
1470 309 1674 342 anathemate
1691 322 1783 354 prae-

1029 360 1127 393 sentis
1161 361 1293 394 canonis
1325 362 1517 395 auctoritate
1532 362 1669 405 ligatus;
1698 363 1781 397 idem

1028 423 1170 456 quoque,
1192 413 1296 447 laesae
1317 415 1488 448 maiestatis
1508 426 1601 456 reus,
1624 417 1780 457 dominio,

1029 465 1194 507 dignitate,
1216 467 1352 508 honore,
1376 468 1472 501 feudo
1506 479 1542 502 ac
1574 480 1783 513 quocumque

1028 517 1090 550 alio
1117 518 1276 552 beneficio
1310 521 1481 564 temporali
1502 527 1532 554 et
1557 528 1714 566 perpetuo
1745 534 1782 557 eo

1029 570 1097 613 ipso
1127 572 1278 614 privatus,
1307 574 1482 607 saecularis
1508 574 1624 608 iudicis
1648 576 1781 609 arbitrio

1028 623 1242 667 relinquatur,
1266 627 1321 669 qui
1343 628 1381 660 de
1397 638 1435 660 eo
1456 628 1526 661 illas
1546 629 1631 672 ipsas
1660 640 1781 673 poenas

1028 677 1129 720 exigat
1146 690 1228 722 quae
1248 680 1406 713 damnatis
1428 682 1532 724 primo
1554 682 1657 725 capite
1678 683 1780 716 dietae

1028 729 1106 772 legis
1127 732 1440 774 perconstitutiones
1456 734 1614 776 legitimas
1634 736 1779 778 irrogan-

1028 786 1089 823 tur,
1105 783 1198 817 bonis
1218 785 1379 828 rebusque
1400 787 1550 821 omnibus
1566 788 1634 821 fisci
1655 789 1782 822 iuribus

1026 837 1208 880 applicatis,
1231 839 1277 871 uti
1298 840 1393 872 etiam
1415 847 1458 873 est
1480 841 1519 874 de
1535 841 1693 875 damnatis
1707 843 1782 876 bae—

1027 890 1135 923 reticis
1155 902 1213 934 per
1233 893 1415 926 sanctiones
1436 895 1608 929 canonicas
1624 897 1780 930 constitu-

1027 950 1116 984 tum;
1138 945 1208 977 eius
1228 945 1298 987 filii,
1322 952 1456 989 paterna
1477 948 1608 982 infamia
1629 950 1779 990 subiecti,

1026 997 1131 1030 omnis
1151 1003 1182 1031 et.
1202 999 1439 1043 cuiuscumque
1460 1001 1680 1043 haereditatis,
1706 1014 1780 1036 suc-

1026 1051 1191 1092 cessionis,
1206 1052 1388 1086 donationis
1404 1059 1434 1086 et
1454 1054 1548 1097 legati
1563 1055 1625 1089 sive
1645 1056 1780 1100 propin-

1025 1115 1166 1147 quorum
1201 1105 1265 1138 sive
1300 1111 1528 1140 extraneorum
1558 1109 1690 1142 omnino
1718 1109 1781 1142 sint

1026 1163 1181 1200 expertes,
1215 1158 1334 1192 eisdem
1368 1165 1534 1203 praeterea
1556 1167 1666 1204 portae
1693 1173 1778 1195 nun-

1025 1221 1122 1254 quam
1143 1217 1272 1255 pateant
1292 1212 1496 1255 dignitatum.

1069 1265 1133 1308 gf).
1170 1265 1270 1299 Nemo
1300 1272 1407 1299 autem
1429 1268 1695 1311 expurgationem
1721 1269 1779 1302 ha-

1025 1317 1111 1358 bere,
1146 1324 1201 1351 aut.
1233 1330 1365 1352 causam
1390 1320 1489 1353 ullam
1520 1332 1703 1365 proponere
1731 1323 1779 1355 vel

1025 1372 1236 1414 praetendere
1265 1373 1376 1416 possit,
1408 1373 1463 1416 qui
1483 1378 1608 1407 tantum
1638 1376 1727 1408 nefas
1747 1375 1778 1407 in

1025 1429 1247 1468 contemptum
1268 1431 1299 1458 et
1319 1426 1428 1459 odium
1450 1426 1548 1459 buius
1567 1427 1664 1460 officii
1679 1428 1779 1460 admi—

1025 1477 1112 1517 serit,
1141 1478 1202 1510 nisi
1234 1479 1432 1511 contrarium
1455 1490 1512 1523 per
1532 1480 1635 1513 claras
1659 1481 1778 1524 proba-

1024 1530 1128 1564 tiones
1148 1532 1295 1565 docuerit
1315 1543 1346 1565 se
1362 1532 1487 1565 fecisse.
1510 1533 1600 1572 Quod
1621 1544 1719 1577 porro
1740 1535 1778 1567 de

1026 1584 1198 1628 praedictis
1224 1596 1404 1629 eorumque
1430 1585 1505 1619 siliis
1534 1587 1716 1627 statuimus,
1744 1587 1780 1620 it-

1025 1638 1080 1670 tud
1101 1638 1185 1670 idem
1215 1639 1253 1671 de
1274 1639 1425 1672 omnibus
1445 1639 1572 1673 clericis
1597 1646 1625 1673 et
1648 1641 1779 1684 presby-

1025 1690 1101 1723 teris
1119 1691 1341 1725 saecularibus
1360 1697 1390 1725 et
1410 1692 1598 1736 quorumvis
1611 1693 1779 1733 Ordinum,

1025 1744 1120 1777 etiam
1142 1751 1380 1788 exemptorum,
1404 1746 1621 1788 regularibus,
1648 1752 1678 1780 et
1699 1758 1779 1790 qua-

1026 1808 1176 1840 cumque,
1191 1798 1284 1831 etiam
1302 1798 1477 1843 episcopali
1492 1805 1523 1833 et
1538 1799 1662 1840 maiori,
1676 1800 1780 1843 digni-

1026 1856 1087 1884 tate
1122 1852 1287 1894 praeditis,
1314 1863 1351 1885 ac
1371 1852 1467 1885 etiarn
1501 1853 1669 1897 privilegio
1698 1864 1780 1897 quo-

1027 1905 1265 1948 modocumque
1290 1906 1442 1946 suffultis,
1478 1907 1684 1939 decernimus
1712 1918 1781 1940 exe-

1026 1959 1204 2002 quendum:
1228 1959 1269 1991 ita
1289 1963 1323 1991 ut
1341 1959 1414 2002 ipsi,
1431 1959 1598 1992 beneficiis
1618 1966 1649 1993 et
1668 1960 1782 1993 officiis

1026 2012 1178 2045 omnibus
1211 2013 1437 2045 ecclesiasticis
1471 2014 1688 2056 praesentium
1722 2025 1781 2046 au-

1027 2065 1172 2098 ctoritate
1197 2065 1323 2108 privati,
1346 2076 1405 2108 per
1425 2066 1565 2099 iudicem
1587 2066 1781 2099 eeclesiasti-

1027 2129 1114 2159 cum,
1142 2118 1381 2151 haereticorum
1417 2129 1525 2159 more,
1566 2119 1783 2161 degradentur

1027 2172 1158 2220 denium
1179 2173 1326 2215 potestati
1347 2173 1503 2205 saeculari
1527 2173 1643 2213 traditi,
1669 2173 1782 2216 poenis

1027 2225 1210 2269 praedictis,
1234 2225 1392 2259 laicorum
1419 2226 1530 2265 instar,
1553 2225 1779 2263 subiiciantur2

1069 2279 1085 2322 ἓ
1105 2278 1136 2312 6.
1164 2279 1356 2312 Pontificum
1379 2285 1487 2311 tamen
1508 2279 1614 2312 causis
1630 2279 1723 2313 nobis
1752 2286 1782 2313 et

1027 2332 1269 2365 suecessoribus
1302 2333 1419 2365 nostris
1450 2332 1629 2373 reservatis,
1667 2338 1712 2372 ut,
1748 2328 1984 2376 1'cffi?,¹‚ss²¹¹p{ffl¹fii³c‘,

1026 2385 1169 2427 quaesita
1194 2390 1224 2417 et
1253 2385 1344 2418 nobis
1364 2385 1565 2425 renunciata,
1593 2391 1705 2419 eontra
1729 2397 1783 2419 eos
1798 2389 1944 2408 ‘⁰⁵⁰‘*³¹¹²”‘⁴

1027 2433 1065 2465 ad
1086 2433 1321 2478 depositionem
1356 2439 1384 2466 et
1406 2433 1483 2466 alias
1503 2445 1624 2478 poenas
1657 2435 1783 2478 praedi-

1028 2488 1094 2515 ctas
1124 2483 1350 2526 procedamus,
1379 2483 1423 2515 uti
1459 2483 1604 2516 criminis
1633 2484 1783 2517 atrocitas

1028 2531 1188 2564 ridebitur
1212 2532 1387 2575 postulare.

1071 2580 1086 2623 ξ
1106 2580 1137 2613 7.
1164 2580 1368 2623 Quicumque
1388 2585 1496 2613 autem
1519 2591 1577 2624 pro
1597 2582 1715 2615 talibus
1730 2593 1782 2615 ve-

1027 2630 1112 2663 niam
1147 2635 1257 2674 petere
1279 2635 1332 2663 aut
1353 2630 1431 2663 alias
1460 2630 1659 2665 intercedere
1679 2637 1782 2666 tenta-

1014 254 1031 277 v
1056 254 1103 277 pp,
1122 282 1124 285 ,
1800 261 1848 286 An.
1869 258 1897 284 c.
1917 261 1982 287 ¹569

1826 1287 1979 1315 ncttnquontos

1795 1318 1862 1338 claras
1900 1323 1978 1339 tantum

1795 1350 1856 1369 modo
1873 1350 1980 1376 probatio-

1795 1386 1833 1400 nes
1850 1381 1869 1400 iu
1892 1384 1980 1400 coutra-

1795 1413 1825 1432 ria
1873 1412 1978 1433 adducere

1794 1446 1889 1469 possunt.

1831 2293 1982 2321 Episcoporum
