2237 3100
54 276 103 302 An.
119 275 150 303 C.
167 274 232 303 ¹567

291 324 306 368 ξ
326 324 357 357 2.
380 323 443 356 Nos
465 349 472 363 ‚
501 323 668 366 cupientes
694 328 724 355 ut
751 333 812 362 ea,
839 333 921 365 quae
943 333 1000 366 per

76 381 134 408 Quod
164 381 231 408 ⁵9⁰¹³³
247 378 510 423 praedecessores
530 382 656 410 nostros
676 382 704 409 et
727 377 841 410 Sedem
873 377 998 419 praesa-

51 411 232 464 ᾞΪιῗζώοέὶειῗῖ
246 438 311 465 tam
322 432 472 464 roborata
493 430 659 471 dicuutur,
678 430 814 463 firmiter
829 430 1000 462 observen-

49 475 161 526 ζῗξζῗρῃ,
176 480 232 526 02Ξῖ
246 490 310 526 tur,
333 496 370 518 ac
390 485 487 518 finem
504 484 689 517 huiusmodi
711 483 926 523 contentioni,
952 483 1000 516 su-

48 537 151 590 ἓᾛζζω
158 539 232 594 Δῃοζῑξξ
247 539 327 572 turis
338 544 458 579 autem,
472 544 628 583 quantum
642 549 716 571 cum
728 539 790 571 Deo
811 548 995 581 possumus,

48 599 84 637 ⁸051
100 600 125 620 ad
141 599 194 623 1⁰0³.
210 599 230 618 1¹¹
247 592 374 626 obviare
395 593 547 632 volentes,
560 593 754 636 eosdemque
766 592 997 635 Hieronymum

47 631 129 683 32ὲὲιί
146 630 232 682 ῃετιζξξῖἶ
246 646 391 680 abbatem
410 653 438 679 et
457 646 642 690 Dionysium
665 657 701 678 ac
725 646 868 688 singulos
886 656 997 678 mona-

48 696 103 718 '¹¹'¹²’
124 695 230 720 mmuh
246 700 324 734 chos
335 700 462 733 Ordinis
474 700 684 733 liuiusniodia
696 699 860 743 quibusvis
872 710 999 731 excom-

246 754 486 794 municationis,
502 754 721 798 suspensionis
740 759 770 786 et
787 753 947 786 interdicti
963 764 997 785 a-

244 808 360 852 liisque
378 808 604 842 ecclesiasticis
620 808 795 847 sententiis,
811 807 955 840 censuris
969 812 996 839 et

245 862 367 906 poenis,
389 874 407 895 a
426 863 497 896 iure
516 863 563 895 vel
585 862 624 894 ab
644 862 787 899 homine,
810 861 920 905 quavis
946 871 999 893 oc-

245 916 373 950 casione
393 917 441 950 vel
462 928 558 950 causa
578 916 659 955 latis,
681 916 706 948 si
727 915 845 959 quibus
860 926 998 959 quomo-

244 968 365 1003 dolibet
399 971 542 1003 innodati
572 970 711 1003 existunt
733 997 739 1009 ‚
778 970 817 1002 ad
847 970 997 1002 effectum

244 1024 461 1067 praesentium
474 1025 639 1057 dumtaxat
650 1024 927 1067 consequendum,
940 1024 997 1056 ha-

243 1088 316 1111 rum
335 1078 417 1112 serie
448 1079 659 1118 absolventes,
678 1084 708 1111 et
733 1078 897 1111 absolutos
931 1080 998 1110 sore

243 1138 420 1173 censentes,
434 1137 522 1166 motu
540 1132 684 1176 proprio,
700 1142 765 1165 nou
783 1132 822 1164 ad
838 1131 995 1175 ipsorum,

243 1196 300 1219 seu
320 1186 458 1220 alicuius
477 1187 610 1220 alterius
630 1197 688 1230 pro
709 1186 766 1225 eis,
789 1186 881 1219 nobis
901 1197 999 1230 super

242 1239 304 1272 hoc
320 1240 444 1273 oblatae
470 1240 632 1284 petitionis
648 1240 830 1273 instantiam
850 1267 857 1280 ‚
880 1240 933 1273 sed
959 1241 997 1273 ‹le

243 1298 352 1326 nostra
372 1304 460 1327 mera
486 1294 688 1334 liberalitate,
706 1294 794 1337 quod
813 1294 852 1327 de
868 1299 997 1327 coetero

244 1351 306 1379 tam
329 1348 491 1390 praefatus
512 1347 652 1388 Fulvius,
680 1358 776 1390 quam
799 1347 997 1391 quicumque

244 1400 296 1433 alii
318 1402 530 1435 commissarii
549 1401 560 1424 ¹
583 1412 869 1445 quorumcumque
884 1412 997 1435 mona-

244 1454 415 1488 steriorum
430 1461 460 1489 et
472 1456 675 1499 prioratuum
688 1456 736 1489 vel
752 1456 891 1489 aliorum
909 1456 997 1489 loco-

244 1519 316 1541 rum
337 1509 413 1542 dicti
433 1509 569 1550 Ordinis,
590 1515 653 1542 tam
680 1510 758 1543 citra
788 1521 884 1553 quam
915 1511 997 1543 ultra

244 1568 369 1596 montes
389 1569 418 1596 et
437 1564 468 1597 in
486 1565 745 1608 quibuscumquisae
767 1564 878 1597 mundi
897 1564 996 1608 parti-

244 1616 304 1649 bus
315 1617 571 1657 consistentium,
588 1624 618 1651 et
633 1619 833 1661 quicumque
853 1619 952 1651 nostri
967 1624 995 1651 ct

243 1669 395 1705 Gamerae
411 1673 573 1716 praefatae
588 1672 801 1705 commissarii
821 1678 852 1705 et
876 1683 996 1716 procu-

245 1729 367 1758 ratores
382 1727 702 1770 quomodocumque,
718 1727 749 1759 in
762 1727 884 1771 spoliis,
904 1727 997 1759 bonis

244 1783 274 1810 et
292 1779 401 1820 rebus,
424 1791 650 1824 quaecumque
671 1781 745 1817 sint,
773 1788 836 1814 tam
862 1781 995 1824 praefati

243 1828 397 1870 Antonii,
420 1841 516 1873 quam
546 1830 685 1863 aliorum
711 1841 996 1874 quorumcumque

245 1878 997 1924 monachorumdictiOrdinis,inipsorumcom—

244 1927 519 1961 mendatariorum
542 1929 763 1969 monasteriis,
787 1928 993 1972 prioratibus,

244 1976 323 2009 locis
343 1983 373 2010 et
393 1977 670 2012 iurisdictionibus
697 1990 756 2023 pro
773 1985 918 2022 tempore
940 1979 995 2011 de-

243 2026 439 2067 cedentium,
463 2039 494 2060 se
515 2029 729 2061 intromittere
751 2040 815 2061 non
842 2028 964 2071 possint
987 2042 993 2067 3

243 2076 298 2108 sed
318 2075 372 2109 illa
397 2077 435 2109 ad
456 2079 633 2111 monachos
648 2078 918 2111 monasteriorum
940 2089 994 2110 seu

243 2124 459 2168 prioratuum,
481 2127 529 2159 vel
554 2128 701 2160 locorum
723 2127 909 2159 huiusmodi
930 2154 936 2163 ,
967 2133 996 2159 ct

243 2184 300 2207 seu
330 2186 444 2208 eorum
474 2177 718 2209 conventualem
741 2186 896 2215 mensam,
921 2187 995 2209 con-

243 2224 377 2257 iunctim
394 2226 443 2258 vel
464 2225 600 2268 divisim,
614 2226 709 2269 pleno
724 2226 754 2257 iu
763 2236 794 2257 rc
811 2231 955 2266 specisu‘c
967 2231 994 2257 et

242 2273 418 2316 pertinere,
433 2285 470 2307 ac
484 2275 672 2307 eorumdem
690 2276 925 2307 monachorum
940 2286 995 2308 seu

242 2333 372 2356 mensae
405 2323 472 2356 sore
493 2329 523 2355 ct
543 2334 635 2364 esse,
666 2335 844 2367 eorumque
870 2334 995 2367 posses-

242 2371 367 2405 sionem
392 2372 511 2405 realem
543 2379 574 2405 et
606 2374 765 2406 aetuatnm
797 2373 932 2416 adipisci
966 2378 993 2406 et

242 2421 444 2460 continuare2
454 2422 603 2466 ipsosque
612 2423 787 2455 monachos
794 2422 997 2465 desuperper

242 2481 466 2515 quoscumque
479 2471 781 2511 commendatarios,
794 2471 888 2504 etiam
905 2482 996 2515 prae-

242 2525 329 2554 textu
350 2521 489 2554 cuiusvis
510 2521 693 2553 indultiseu
704 2521 920 2553 concessionis
937 2521 995 2554 sibi

243 2570 383 2614 desuper
398 2570 483 2611 facti,
498 2575 553 2603 aut
568 2569 996 2613 consuetudinisantiquitus

242 2619 429 2653 observatae
447 2647 454 2661 ,
482 2626 512 2653 et
535 2631 591 2653 seu
612 2620 790 2663 praefatum
811 2620 996 2653 commissa-

278 2684 288 2710 1
312 2683 372 2717 Leg.
391 2683 479 2711 forsan
497 2685 718 2710 commendatarii
732 2682 769 2717 (n.
792 2682 840 2717 r).

933 268 1001 292 PIUS
1025 268 1043 291 V
1063 267 1111 291 PP.

1685 255 1749 289 623

1042 321 1138 361 rium,
1161 331 1217 354 seu
1237 320 1366 364 quosvis
1382 320 1472 360 aiios,
1485 319 1595 364 quavis
1604 319 1793 352 auctoritate

1043 376 1229 417 fungentes,
1260 374 1423 407 molestari
1441 401 1448 414 ,
1470 373 1651 417 perturbari
1676 374 1723 406 vel
1744 374 1793 407 in-

1041 428 1178 472 quietari
1198 439 1263 461 non
1284 439 1376 472 posse
1390 438 1495 472 neque
1508 427 1637 467 debere,
1655 429 1794 462 auctori-

1042 487 1102 514 tate
1114 482 1558 526 apostolica,perpraesentes
1577 482 1792 521 decernimus,

1041 536 1185 578 illasque,
1206 541 1364 579 quatenus
1384 547 1465 581 opus
1490 536 1549 577 sit,
1577 537 1696 570 eisdem
1723 549 1792 571 mo-

1041 589 1152 622 nachis
1178 590 1387 623 concedimus
1405 596 1436 623 et
1452 591 1664 634 assignamus.

1085 645 1099 684 ,ξ
1120 643 1152 675 3.
1175 644 1396 682 Neenou,tani
1417 644 1645 688 Fulvio,quam
1660 646 1792 688 quibus-

1040 697 1085 728 vis
1114 697 1185 729 aliis
1205 698 1489 731 commendatoriis
1513 704 1542 731 et
1564 699 1792 733 commissariis

1040 750 1201 794 praefatis,
1220 762 1259 784 ne
1276 752 1308 785 in
1328 753 1451 795 spoliis,
1472 753 1568 786 rebus
1585 753 1719 787 ethonis
1734 765 1792 798 pro

1042 810 1184 848 tempore
1197 806 1420 839 decedentium
1432 808 1666 841 monachorum
1679 809 1793 843 huius-

1041 859 1269 899 modi‚directe
1284 861 1509 901 velindirecte,
1523 863 1634 905 quovis
1649 864 1794 908 quaesito

1041 914 1149 946 colore
1170 915 1217 947 vel
1238 914 1379 957 ingenio,
1398 926 1430 948 se
1442 916 1480 948 de
1493 917 1793 951 coeterointromit-

1040 973 1106 1000 tere
1127 968 1265 1000 audeant
1286 969 1333 1001 vel
1354 975 1572 1012 praesumant,
1593 971 1653 1003 sub
1668 982 1795 1005 excom-

1041 1021 1269 1055 municationis
1294 1022 1425 1055 maioris
1450 1023 1531 1056 latae
1563 1025 1740 1058 sententiae
1764 1031 1793 1058 et

1040 1075 1110 1108 aliis
1139 1075 1365 1109 ecclesiasticis
1390 1077 1571 1117 sententiis,
1595 1080 1740 1113 censuris
1765 1085 1795 1113 et

1040 1128 1163 1173 poenis,
1181 1129 1277 1162 etiarn
1299 1130 1496 1173 pecuniariis
1513 1159 1520 1172 ,
1544 1132 1677 1166 arbitrio
1698 1133 1794 1167 infra-

1040 1183 1234 1226 scriptornm
1257 1183 1401 1216 iudicum
1428 1185 1609 1227 infligendis
1629 1192 1659 1219 et
1684 1188 1792 1221 mode-

1040 1237 1160 1277 randis,
1183 1238 1359 1271 districtius
1377 1238 1572 1273 inhibemus.

1085 1292 1099 1333 ξ
1124 1291 1154 1323 li.
1178 1292 1221 1324 Ac
1242 1297 1306 1325 tam
1326 1293 1500 1326 venerabili
1529 1294 1618 1327 fratri
1639 1295 1791 1339 episcopo

1040 1345 1226 1385 Soranensi,
1241 1351 1271 1378 et
1282 1346 1399 1380 dilecto
1412 1347 1479 1380 silio
1492 1347 1607 1381 Curiae
1618 1360 1790 1383 causarum

1040 1398 1192 1432 Gamerae
1202 1400 1364 1443 praefatae
1376 1401 1514 1434 auditori
1524 1403 1679 1444 generali,
1694 1414 1791 1446 quam

1039 1453 1204 1496 quibusvis
1224 1453 1294 1486 aliis
1310 1454 1472 1488 iudicibus
1489 1482 1498 1495 ,
1520 1456 1631 1499 quavis
1655 1457 1794 1490 auctori·

1040 1512 1101 1539 tate
1122 1508 1348 1550 fungentibus,
1366 1520 1424 1551 per
1444 1520 1536 1552 quos,
1551 1510 1583 1542 in
1600 1511 1792 1553 praemissis,

1041 1565 1074 1592 ut
1096 1561 1275 1603 praefertur
1309 1568 1337 1595 et
1362 1573 1426 1595 non
1447 1562 1534 1603 alias,
1556 1564 1679 1597 sublata
1700 1565 1745 1598 eis
1764 1570 1794 1598 et

1040 1625 1152 1647 eorum
1175 1615 1306 1649 cuilibet
1324 1617 1434 1660 quavis
1451 1616 1543 1650 aliter
1563 1617 1727 1651 iudicandi
1748 1619 1792 1651 fa-

1040 1669 1170 1709 cultate,
1183 1669 1317 1703 iudicari
1329 1670 1446 1703 debere
1456 1672 1616 1712 volumus,
1632 1681 1688 1715 per
1703 1682 1794 1716 prae-

1039 1728 1144 1755 sentes
1173 1729 1262 1756 motu
1289 1724 1386 1757 simili
1421 1725 1611 1758 mandamus
1636 1731 1795 1769 quatenus

1040 1776 1099 1819 ipsi
1120 1783 1148 1809 et
1170 1788 1282 1811 eorum
1307 1779 1459 1822 quilibet,
1482 1790 1541 1823 per
1565 1790 1597 1812 se
1621 1780 1669 1813 vel
1693 1780 1792 1813 alium

1039 1841 1095 1862 seu
1117 1831 1207 1871 alios,
1229 1838 1416 1876 praesentes
1437 1833 1545 1866 literas
1561 1839 1588 1866 ct
1607 1833 1639 1866 in
1655 1833 1699 1866 eis
1715 1844 1793 1867 con-

1039 1889 1124 1917 tenta
1145 1896 1372 1930 quaecumque
1390 1914 1397 1927 ,
1420 1887 1476 1920 ubi
1501 1893 1531 1920 et
1551 1888 1680 1931 quando
1711 1899 1793 1932 opus

1038 1938 1146 1980 fucrit,
1169 1950 1205 1973 ac
1219 1941 1345 1983 quoties
1368 1952 1427 1985 pro
1448 1946 1538 1984 parte
1559 1941 1744 1986 Hieronymi
1764 1947 1795 1974 et

1040 2004 1096 2036 pro
1129 2000 1274 2037 tempore
1304 1995 1466 2028 existentis
1492 1996 1635 2029 eiusdem
1667 1996 1794 2029 Ordinis

1039 2047 1180 2086 abbatis,
1204 2059 1259 2080 scu
1280 2048 1420 2093 Dionysii
1435 2054 1465 2082 et
1478 2049 1713 2082 monachorum
1732 2050 1793 2082 hu-

1040 2100 1187 2139 iusmodi,
1209 2102 1328 2135 fuerint
1348 2103 1506 2146 requisiti,
1530 2103 1716 2136 solemniter
1736 2115 1794 2147 pu-

1039 2154 1194 2189 blicantes
1211 2183 1218 2195 ,
1250 2157 1360 2200 eisque
1382 2157 1414 2189 in
1434 2157 1619 2200 praemissis
1638 2185 1644 2197 ,
1667 2168 1703 2190 ac
1729 2162 1792 2190 tam

1039 2208 1114 2240 dicti
1127 2209 1256 2242 Antonii
1274 2210 1430 2250 defuncti,
1447 2221 1544 2254 quam
1561 2221 1795 2253 quorumcum-

1038 2273 1101 2305 que
1112 2263 1250 2296 aliorum
1265 2265 1500 2297 monachorum
1517 2264 1593 2297 dicti
1605 2264 1730 2298 Ordinis
1742 2265 1794 2297 de-

1039 2317 1232 2358 cedentium,
1241 2319 1352 2362 spoliis
1361 2318 1504 2357 ethonis,
1515 2329 1696 2363 eorumque
1706 2320 1793 2363 (cum

1039 2372 1190 2404 monachi
1206 2372 1266 2416 ipsi
1279 2373 1488 2414 decesserint)
1502 2373 1703 2416 possessione
1723 2373 1792 2406 adi-

1039 2425 1201 2468 piscenda,
1211 2426 1351 2459 efficacis
1362 2426 1558 2460 defensionis
1566 2427 1727 2471 praesidio
1741 2438 1792 2460 as-

1038 2474 1793 2520 sistentes,faciantabbatemetmonachosipsos

1038 2524 1174 2565 statutis,
1192 2525 1367 2569 privilegiis
1381 2531 1411 2557 et
1431 2525 1575 2566 indultis,
1587 2525 1693 2568 quoad
1709 2525 1792 2558 dicta

1037 2574 1151 2617 spolia,
1174 2585 1226 2607 res
1247 2580 1277 2607 et
1296 2575 1393 2614 bona,
1420 2585 1547 2608 necnon
1567 2574 1711 2615 decreto,
1734 2575 1790 2608 de-

1037 2623 1225 2666 claratione,
1248 2624 1456 2658 concessione
1476 2629 1507 2657 et
1523 2624 1737 2667 assignatione
1754 2635 1790 2657 ac

1038 2672 1227 2707 inhibitione
1248 2674 1409 2717 praefatis.
1429 2673 1563 2718 pacifice
1585 2674 1646 2707 frui
1663 2680 1693 2708 et
1708 2684 1788 2717 gau-

1809 262 1858 288 An.
1877 263 1906 289 C.
1926 262 1991 290 156⁷

1832 651 1931 674 inhibitio
1942 658 1992 674 con-

1806 686 1839 704 tra
1853 685 1990 705 commenda-

1806 716 1871 735 tarios
1896 718 1917 736 et
1946 715 1991 736 offi-

1807 747 1873 768 ciales
1883 746 1990 769 Gamerae.

1819 1307 1932 1335 Deputatio
1944 1314 1994 1330 exe-

1806 1343 1903 1361 cuturum
1926 1340 1988 1360 liuius

1807 1373 1972 1394 constitutionis.
