<?xml version="1.0" encoding="UTF-8"?>
<!DOCTYPE html PUBLIC "-//W3C//DTD XHTML 1.0 Transitional//EN"
    "http://www.w3.org/TR/xhtml1/DTD/xhtml1-transitional.dtd">
<html xmlns="http://www.w3.org/1999/xhtml" xml:lang="en" lang="en">
 <head>
  <title>
</title>
<meta http-equiv="Content-Type" content="text/html;charset=utf-8" />
  <meta name='ocr-system' content='tesseract 3.04.00' />
  <meta name='ocr-capabilities' content='ocr_page ocr_carea ocr_par ocr_line ocrx_word'/>
</head>
<body>
  <div class='ocr_page' id='page_1' title='image "./bullarumdiplomat07cath_0735.png"; bbox 0 0 2237 3100; ppageno 0'>
   <div class='ocr_carea' id='block_1_1' title="bbox 41 283 219 311">
    <p class='ocr_par' dir='ltr' id='par_1_1' title="bbox 41 283 219 311">
     <span class='ocr_line' id='line_1_1' title="bbox 41 283 219 311; baseline -0.011 0"><span class='ocrx_word' id='word_1_1' title='bbox 41 285 88 311; x_wconf 73' lang='lat' dir='ltr'>An.</span> <span class='ocrx_word' id='word_1_2' title='bbox 104 284 134 311; x_wconf 87' lang='lat' dir='ltr'>C.</span> <span class='ocrx_word' id='word_1_3' title='bbox 153 283 219 311; x_wconf 77' lang='lat'>¹568</span> 
     </span>
    </p>
   </div>
   <div class='ocr_carea' id='block_1_2' title="bbox 32 603 215 656">
    <p class='ocr_par' dir='ltr' id='par_1_2' title="bbox 32 603 215 656">
     <span class='ocr_line' id='line_1_2' title="bbox 56 603 215 624; baseline 0 0"><span class='ocrx_word' id='word_1_4' title='bbox 56 603 172 624; x_wconf 73' lang='lat' dir='ltr'>nectamuo</span> <span class='ocrx_word' id='word_1_5' title='bbox 187 604 215 624; x_wconf 85' lang='lat' dir='ltr'>di-</span> 
     </span>
     <span class='ocr_line' id='line_1_3' title="bbox 32 635 137 656; baseline -0.019 0"><span class='ocrx_word' id='word_1_6' title='bbox 32 636 60 656; x_wconf 73' lang='lat' dir='ltr'>cti</span> <span class='ocrx_word' id='word_1_7' title='bbox 75 635 137 655; x_wconf 87' lang='lat' dir='ltr'>dubii.</span> 
     </span>
    </p>
   </div>
   <div class='ocr_carea' id='block_1_3' title="bbox 30 1956 210 2010">
    <p class='ocr_par' dir='ltr' id='par_1_3' title="bbox 30 1956 210 2010">
     <span class='ocr_line' id='line_1_4' title="bbox 98 1956 210 1983; baseline -0.009 -5"><span class='ocrx_word' id='word_1_8' title='bbox 98 1956 210 1983; x_wconf 72' lang='lat' dir='ltr'>Derogatio</span> 
     </span>
     <span class='ocr_line' id='line_1_5' title="bbox 30 1989 192 2010; baseline -0.006 -1"><span class='ocrx_word' id='word_1_9' title='bbox 30 1989 192 2010; x_wconf 78' lang='lat' dir='ltr'>contrariorum.</span> 
     </span>
    </p>
   </div>
   <div class='ocr_carea' id='block_1_4' title="bbox 31 2121 212 2175">
    <p class='ocr_par' dir='ltr' id='par_1_4' title="bbox 31 2121 212 2175">
     <span class='ocr_line' id='line_1_6' title="bbox 57 2121 212 2157; baseline 0.006 -15"><span class='ocrx_word' id='word_1_10' title='bbox 57 2121 131 2157; x_wconf 51' lang='lat' dir='ltr'>lforma</span> <span class='ocrx_word' id='word_1_11' title='bbox 145 2121 212 2150; x_wconf 82' lang='lat' dir='ltr'>publi-</span> 
     </span>
     <span class='ocr_line' id='line_1_7' title="bbox 31 2154 127 2175; baseline 0.01 -1"><span class='ocrx_word' id='word_1_12' title='bbox 31 2154 127 2175; x_wconf 70' lang='lat' dir='ltr'>canonis.</span> 
     </span>
    </p>
   </div>
   <div class='ocr_carea' id='block_1_5' title="bbox 900 280 1078 304">
    <p class='ocr_par' dir='ltr' id='par_1_5' title="bbox 900 280 1078 304">
     <span class='ocr_line' id='line_1_8' title="bbox 900 280 1078 304; baseline -0.011 0"><span class='ocrx_word' id='word_1_13' title='bbox 900 280 966 304; x_wconf 71' lang='lat' dir='ltr'>Pius</span> <span class='ocrx_word' id='word_1_14' title='bbox 990 280 1008 302; x_wconf 84' lang='lat' dir='ltr'>V</span> <span class='ocrx_word' id='word_1_15' title='bbox 1032 280 1078 303; x_wconf 71' lang='lat'><strong>1³1³.</strong></span> 
     </span>
    </p>
   </div>
   <div class='ocr_carea' id='block_1_6' title="bbox 233 334 981 377">
    <p class='ocr_par' dir='ltr' id='par_1_6' title="bbox 233 334 981 377">
     <span class='ocr_line' id='line_1_9' title="bbox 233 334 981 377; baseline -0.004 -9"><span class='ocrx_word' id='word_1_16' title='bbox 233 341 338 368; x_wconf 81' lang='lat' dir='ltr'>tamen</span> <span class='ocrx_word' id='word_1_17' title='bbox 359 340 592 370; x_wconf 81' lang='lat' dir='ltr'>consummata.</span> <span class='ocrx_word' id='word_1_18' title='bbox 611 345 692 377; x_wconf 84' lang='lat' dir='ltr'>quae</span> <span class='ocrx_word' id='word_1_19' title='bbox 707 334 868 367; x_wconf 80' lang='lat' dir='ltr'>interdum</span> <span class='ocrx_word' id='word_1_20' title='bbox 885 344 981 377; x_wconf 78' lang='lat' dir='ltr'>spon—</span> 
     </span>
    </p>
   </div>
   <div class='ocr_carea' id='block_1_7' title="bbox 1067 271 1773 374">
    <p class='ocr_par' dir='ltr' id='par_1_7' title="bbox 1067 271 1773 374">
     <span class='ocr_line' id='line_1_10' title="bbox 1666 271 1730 305; baseline 0.063 -3"><span class='ocrx_word' id='word_1_21' title='bbox 1666 271 1730 305; x_wconf 72' lang='lat' dir='ltr'>c79</span> 
     </span>
     <span class='ocr_line' id='line_1_11' title="bbox 1067 331 1773 374; baseline 0.001 -9"><span class='ocrx_word' id='word_1_22' title='bbox 1067 332 1180 365; x_wconf 83' lang='lat' dir='ltr'>Datum</span> <span class='ocrx_word' id='word_1_23' title='bbox 1202 331 1320 364; x_wconf 81' lang='lat' dir='ltr'>Romae</span> <span class='ocrx_word' id='word_1_24' title='bbox 1344 332 1429 374; x_wconf 84' lang='lat' dir='ltr'>apud</span> <span class='ocrx_word' id='word_1_25' title='bbox 1459 331 1490 364; x_wconf 79' lang='lat' dir='ltr'>S.</span> <span class='ocrx_word' id='word_1_26' title='bbox 1514 332 1661 369; x_wconf 79' lang='lat' dir='ltr'>Petrum,</span> <span class='ocrx_word' id='word_1_27' title='bbox 1689 344 1773 367; x_wconf 84' lang='lat' dir='ltr'>anno</span> 
     </span>
    </p>
   </div>
   <div class='ocr_carea' id='block_1_8' title="bbox 232 384 1774 432">
    <p class='ocr_par' dir='ltr' id='par_1_8' title="bbox 232 384 1774 432">
     <span class='ocr_line' id='line_1_12' title="bbox 232 384 1774 432; baseline -0.001 -11"><span class='ocrx_word' id='word_1_28' title='bbox 232 388 310 421; x_wconf 85' lang='lat' dir='ltr'>salia</span> <span class='ocrx_word' id='word_1_29' title='bbox 329 388 534 432; x_wconf 66' lang='lat' dir='ltr'>appellantur</span> <span class='ocrx_word' id='word_1_30' title='bbox 552 415 558 427; x_wconf 83' lang='lat'>,</span> <span class='ocrx_word' id='word_1_31' title='bbox 582 387 836 431; x_wconf 81' lang='lat' dir='ltr'>comprehendat</span> <span class='ocrx_word' id='word_1_32' title='bbox 854 415 860 425; x_wconf 77' lang='grc'>,</span> <span class='ocrx_word' id='word_1_33' title='bbox 882 388 922 420; x_wconf 88' lang='lat' dir='ltr'>ita</span> <span class='ocrx_word' id='word_1_34' title='bbox 947 393 983 420; x_wconf 88' lang='lat' dir='ltr'>ut</span> <span class='ocrx_word' id='word_1_35' title='bbox 1024 384 1255 418; x_wconf 80' lang='lat' dir='ltr'>Incarnationis</span> <span class='ocrx_word' id='word_1_36' title='bbox 1271 385 1449 418; x_wconf 70' lang='lat' dir='ltr'>dominicae</span> <span class='ocrx_word' id='word_1_37' title='bbox 1461 395 1612 425; x_wconf 64' lang='lat' dir='ltr'>untxvnl,</span> <span class='ocrx_word' id='word_1_38' title='bbox 1630 386 1774 420; x_wconf 80' lang='lat' dir='ltr'><strong>kalendis</strong></span> 
     </span>
    </p>
   </div>
   <div class='ocr_carea' id='block_1_9' title="bbox 224 442 981 2732">
    <p class='ocr_par' dir='ltr' id='par_1_9' title="bbox 230 442 980 529">
     <span class='ocr_line' id='line_1_13' title="bbox 232 442 980 486; baseline -0.003 -11"><span class='ocrx_word' id='word_1_39' title='bbox 232 442 327 475; x_wconf 86' lang='lat' dir='ltr'>etiam</span> <span class='ocrx_word' id='word_1_40' title='bbox 357 453 394 475; x_wconf 88' lang='lat' dir='ltr'>eo</span> <span class='ocrx_word' id='word_1_41' title='bbox 416 453 490 475; x_wconf 83' lang='lat' dir='ltr'>casu</span> <span class='ocrx_word' id='word_1_42' title='bbox 512 442 779 486; x_wconf 88' lang='lat' dir='ltr'>impedimentum</span> <span class='ocrx_word' id='word_1_43' title='bbox 801 442 874 474; x_wconf 87' lang='lat' dir='ltr'>inde</span> <span class='ocrx_word' id='word_1_44' title='bbox 903 452 980 485; x_wconf 85' lang='lat' dir='ltr'>pro-</span> 
     </span>
     <span class='ocr_line' id='line_1_14' title="bbox 230 495 669 529; baseline 0 -1"><span class='ocrx_word' id='word_1_45' title='bbox 230 496 361 529; x_wconf 78' lang='lat' dir='ltr'>veniens</span> <span class='ocrx_word' id='word_1_46' title='bbox 381 496 542 529; x_wconf 85' lang='lat' dir='ltr'>sublatum</span> <span class='ocrx_word' id='word_1_47' title='bbox 563 495 669 528; x_wconf 80' lang='lat' dir='ltr'>suerit.</span> 
     </span>
    </p>

    <p class='ocr_par' dir='ltr' id='par_1_10' title="bbox 224 548 981 1880">
     <span class='ocr_line' id='line_1_15' title="bbox 275 548 980 593; baseline 0 -11"><span class='ocrx_word' id='word_1_48' title='bbox 275 551 290 593; x_wconf 62' lang='grc' dir='ltr'><strong><em>ξ</em></strong></span> <span class='ocrx_word' id='word_1_49' title='bbox 314 550 344 582; x_wconf 64' lang='lat'>2.</span> <span class='ocrx_word' id='word_1_50' title='bbox 367 550 430 583; x_wconf 75' lang='lat' dir='ltr'>Nos</span> <span class='ocrx_word' id='word_1_51' title='bbox 454 550 579 593; x_wconf 74' lang='lat' dir='ltr'>itaque„</span> <span class='ocrx_word' id='word_1_52' title='bbox 618 554 651 581; x_wconf 87' lang='lat' dir='ltr'>ut</span> <span class='ocrx_word' id='word_1_53' title='bbox 682 549 785 581; x_wconf 86' lang='lat' dir='ltr'>omnis</span> <span class='ocrx_word' id='word_1_54' title='bbox 810 548 980 582; x_wconf 81' lang='lat' dir='ltr'>difficultas</span> 
     </span>
     <span class='ocr_line' id='line_1_16' title="bbox 230 603 979 646; baseline -0.001 -10"><span class='ocrx_word' id='word_1_55' title='bbox 230 604 451 646; x_wconf 72' lang='lat' dir='ltr'>dubitatioque</span> <span class='ocrx_word' id='word_1_56' title='bbox 484 604 634 641; x_wconf 83' lang='lat' dir='ltr'>tollatur,</span> <span class='ocrx_word' id='word_1_57' title='bbox 664 603 862 635; x_wconf 82' lang='lat' dir='ltr'>attendentes</span> <span class='ocrx_word' id='word_1_58' title='bbox 893 604 979 645; x_wconf 78' lang='lat' dir='ltr'>quod</span> 
     </span>
     <span class='ocr_line' id='line_1_17' title="bbox 230 655 978 701; baseline -0.001 -12"><span class='ocrx_word' id='word_1_59' title='bbox 230 657 468 701; x_wconf 73' lang='lat' dir='ltr'>sponsaliorum</span> <span class='ocrx_word' id='word_1_60' title='bbox 497 656 732 699; x_wconf 65' lang='lat' dir='ltr'>appellatione,</span> <span class='ocrx_word' id='word_1_61' title='bbox 759 666 822 698; x_wconf 84' lang='lat' dir='ltr'>qua</span> <span class='ocrx_word' id='word_1_62' title='bbox 857 655 978 688; x_wconf 88' lang='lat' dir='ltr'>dictum</span> 
     </span>
     <span class='ocr_line' id='line_1_18' title="bbox 230 709 979 753; baseline -0.003 -9"><span class='ocrx_word' id='word_1_63' title='bbox 230 711 405 744; x_wconf 90' lang='lat' dir='ltr'>concilium</span> <span class='ocrx_word' id='word_1_64' title='bbox 428 710 538 750; x_wconf 72' lang='lat' dir='ltr'>utitur,</span> <span class='ocrx_word' id='word_1_65' title='bbox 563 710 689 742; x_wconf 89' lang='lat' dir='ltr'>nonnisi</span> <span class='ocrx_word' id='word_1_66' title='bbox 709 709 885 753; x_wconf 77' lang='lat' dir='ltr'>improprie</span> <span class='ocrx_word' id='word_1_67' title='bbox 910 721 979 742; x_wconf 82' lang='lat' dir='ltr'>ma-</span> 
     </span>
     <span class='ocr_line' id='line_1_19' title="bbox 229 763 980 806; baseline -0.001 -10"><span class='ocrx_word' id='word_1_68' title='bbox 229 763 417 796; x_wconf 89' lang='lat' dir='ltr'>trimonium</span> <span class='ocrx_word' id='word_1_69' title='bbox 439 763 541 796; x_wconf 75' lang='lat' dir='ltr'>verbis</span> <span class='ocrx_word' id='word_1_70' title='bbox 569 764 791 805; x_wconf 47' lang='lat' dir='ltr'>&lt;impraesenti</span> <span class='ocrx_word' id='word_1_71' title='bbox 816 763 980 806; x_wconf 82' lang='lat' dir='ltr'>conceptis</span> 
     </span>
     <span class='ocr_line' id='line_1_20' title="bbox 230 816 981 860; baseline -0.001 -10"><span class='ocrx_word' id='word_1_72' title='bbox 230 822 431 850; x_wconf 86' lang='lat' dir='ltr'>contractum</span> <span class='ocrx_word' id='word_1_73' title='bbox 466 816 667 856; x_wconf 73' lang='lat' dir='ltr'>contineturj,</span> <span class='ocrx_word' id='word_1_74' title='bbox 699 817 850 860; x_wconf 85' lang='lat' dir='ltr'>quodque</span> <span class='ocrx_word' id='word_1_75' title='bbox 875 817 981 859; x_wconf 68' lang='lat' dir='ltr'>agitur</span> 
     </span>
     <span class='ocr_line' id='line_1_21' title="bbox 228 870 980 914; baseline -0.003 -8"><span class='ocrx_word' id='word_1_76' title='bbox 228 873 268 906; x_wconf 91' lang='lat' dir='ltr'>de</span> <span class='ocrx_word' id='word_1_77' title='bbox 287 871 488 906; x_wconf 73' lang='lat' dir='ltr'>correctione</span> <span class='ocrx_word' id='word_1_78' title='bbox 510 871 589 904; x_wconf 85' lang='lat' dir='ltr'>iuris</span> <span class='ocrx_word' id='word_1_79' title='bbox 608 870 733 908; x_wconf 68' lang='lat' dir='ltr'>veteris,</span> <span class='ocrx_word' id='word_1_80' title='bbox 749 881 813 914; x_wconf 84' lang='lat' dir='ltr'>quo</span> <span class='ocrx_word' id='word_1_81' title='bbox 827 881 915 911; x_wconf 85' lang='lat' dir='ltr'>casu,</span> <span class='ocrx_word' id='word_1_82' title='bbox 934 882 980 904; x_wconf 83' lang='lat' dir='ltr'>se-</span> 
     </span>
     <span class='ocr_line' id='line_1_22' title="bbox 229 924 980 969; baseline -0.004 -9"><span class='ocrx_word' id='word_1_83' title='bbox 229 927 372 960; x_wconf 91' lang='lat' dir='ltr'>cundum</span> <span class='ocrx_word' id='word_1_84' title='bbox 403 925 631 969; x_wconf 75' lang='lat' dir='ltr'>proprietatem</span> <span class='ocrx_word' id='word_1_85' title='bbox 658 924 828 957; x_wconf 86' lang='lat' dir='ltr'>verborum</span> <span class='ocrx_word' id='word_1_86' title='bbox 855 925 980 957; x_wconf 84' lang='lat' dir='ltr'>dumta-</span> 
     </span>
     <span class='ocr_line' id='line_1_23' title="bbox 228 978 978 1025; baseline -0.005 -11"><span class='ocrx_word' id='word_1_87' title='bbox 228 986 281 1014; x_wconf 84' lang='lat' dir='ltr'>xat</span> <span class='ocrx_word' id='word_1_88' title='bbox 315 980 559 1025; x_wconf 88' lang='lat' dir='ltr'>procedendum</span> <span class='ocrx_word' id='word_1_89' title='bbox 581 984 646 1019; x_wconf 88' lang='lat' dir='ltr'>est,</span> <span class='ocrx_word' id='word_1_90' title='bbox 682 978 869 1022; x_wconf 81' lang='lat' dir='ltr'>praesertim</span> <span class='ocrx_word' id='word_1_91' title='bbox 905 989 978 1011; x_wconf 90' lang='lat' dir='ltr'>cum</span> 
     </span>
     <span class='ocr_line' id='line_1_24' title="bbox 228 1031 978 1077; baseline -0.005 -9"><span class='ocrx_word' id='word_1_92' title='bbox 228 1035 322 1077; x_wconf 81' lang='lat' dir='ltr'>longe</span> <span class='ocrx_word' id='word_1_93' title='bbox 343 1034 498 1066; x_wconf 86' lang='lat' dir='ltr'>maiorem</span> <span class='ocrx_word' id='word_1_94' title='bbox 520 1032 676 1065; x_wconf 82' lang='lat' dir='ltr'>rationem</span> <span class='ocrx_word' id='word_1_95' title='bbox 697 1031 925 1076; x_wconf 79' lang='lat' dir='ltr'>prohibitionis</span> <span class='ocrx_word' id='word_1_96' title='bbox 947 1032 978 1064; x_wconf 90' lang='lat' dir='ltr'>in</span> 
     </span>
     <span class='ocr_line' id='line_1_25' title="bbox 228 1086 978 1131; baseline -0.003 -10"><span class='ocrx_word' id='word_1_97' title='bbox 228 1088 433 1122; x_wconf 87' lang='lat' dir='ltr'>matrimonio</span> <span class='ocrx_word' id='word_1_98' title='bbox 453 1098 510 1131; x_wconf 89' lang='lat' dir='ltr'>per</span> <span class='ocrx_word' id='word_1_99' title='bbox 528 1086 622 1120; x_wconf 85' lang='lat' dir='ltr'>verba</span> <span class='ocrx_word' id='word_1_100' title='bbox 644 1086 680 1119; x_wconf 71' lang='lat' dir='ltr'>tle</span> <span class='ocrx_word' id='word_1_101' title='bbox 702 1087 868 1129; x_wconf 68' lang='lat' dir='ltr'>praesenti</span> <span class='ocrx_word' id='word_1_102' title='bbox 901 1096 978 1119; x_wconf 87' lang='lat' dir='ltr'>con-</span> 
     </span>
     <span class='ocr_line' id='line_1_26' title="bbox 227 1140 980 1186; baseline -0.004 -10"><span class='ocrx_word' id='word_1_103' title='bbox 227 1147 347 1182; x_wconf 85' lang='lat' dir='ltr'>tracto,</span> <span class='ocrx_word' id='word_1_104' title='bbox 365 1152 463 1186; x_wconf 90' lang='lat' dir='ltr'>quam</span> <span class='ocrx_word' id='word_1_105' title='bbox 480 1141 511 1173; x_wconf 91' lang='lat' dir='ltr'>in</span> <span class='ocrx_word' id='word_1_106' title='bbox 525 1140 728 1184; x_wconf 67' lang='lat' dir='ltr'>sponsalibus</span> <span class='ocrx_word' id='word_1_107' title='bbox 747 1140 786 1172; x_wconf 86' lang='lat' dir='ltr'>de</span> <span class='ocrx_word' id='word_1_108' title='bbox 806 1140 916 1173; x_wconf 79' lang='lat' dir='ltr'>futuro</span> <span class='ocrx_word' id='word_1_109' title='bbox 936 1140 980 1173; x_wconf 87' lang='lat' dir='ltr'>vi-</span> 
     </span>
     <span class='ocr_line' id='line_1_27' title="bbox 227 1193 978 1240; baseline -0.004 -11"><span class='ocrx_word' id='word_1_110' title='bbox 227 1207 302 1240; x_wconf 79' lang='lat' dir='ltr'>gere</span> <span class='ocrx_word' id='word_1_111' title='bbox 335 1207 353 1228; x_wconf 85' lang='lat' dir='ltr'>a</span> <span class='ocrx_word' id='word_1_112' title='bbox 384 1196 512 1229; x_wconf 86' lang='lat' dir='ltr'>nemine</span> <span class='ocrx_word' id='word_1_113' title='bbox 537 1195 721 1235; x_wconf 74' lang='lat' dir='ltr'>dubitetur3</span> <span class='ocrx_word' id='word_1_114' title='bbox 748 1193 869 1227; x_wconf 89' lang='lat' dir='ltr'>idcirco</span> <span class='ocrx_word' id='word_1_115' title='bbox 890 1199 978 1227; x_wconf 84' lang='lat' dir='ltr'>motu</span> 
     </span>
     <span class='ocr_line' id='line_1_28' title="bbox 229 1247 979 1296; baseline -0.003 -13"><span class='ocrx_word' id='word_1_116' title='bbox 229 1250 386 1296; x_wconf 88' lang='lat' dir='ltr'>proprio,</span> <span class='ocrx_word' id='word_1_117' title='bbox 426 1249 615 1283; x_wconf 84' lang='lat' dir='ltr'>auctoritate</span> <span class='ocrx_word' id='word_1_118' title='bbox 648 1247 844 1292; x_wconf 87' lang='lat' dir='ltr'>apostolica,</span> <span class='ocrx_word' id='word_1_119' title='bbox 867 1254 979 1281; x_wconf 83' lang='lat' dir='ltr'>tenore</span> 
     </span>
     <span class='ocr_line' id='line_1_29' title="bbox 228 1302 979 1350; baseline -0.004 -12"><span class='ocrx_word' id='word_1_120' title='bbox 228 1303 464 1350; x_wconf 83' lang='lat' dir='ltr'>praesentium,</span> <span class='ocrx_word' id='word_1_121' title='bbox 504 1303 708 1336; x_wconf 73' lang='lat' dir='ltr'>declaramus</span> <span class='ocrx_word' id='word_1_122' title='bbox 743 1308 774 1335; x_wconf 87' lang='lat' dir='ltr'>et</span> <span class='ocrx_word' id='word_1_123' title='bbox 807 1302 979 1335; x_wconf 79' lang='lat' dir='ltr'>desinimus</span> 
     </span>
     <span class='ocr_line' id='line_1_30' title="bbox 227 1355 978 1392; baseline -0.005 0"><span class='ocrx_word' id='word_1_124' title='bbox 227 1359 392 1392; x_wconf 90' lang='lat' dir='ltr'>decretum</span> <span class='ocrx_word' id='word_1_125' title='bbox 414 1357 542 1391; x_wconf 90' lang='lat' dir='ltr'>concilii</span> <span class='ocrx_word' id='word_1_126' title='bbox 563 1355 749 1389; x_wconf 87' lang='lat' dir='ltr'>huiusmodi</span> <span class='ocrx_word' id='word_1_127' title='bbox 769 1356 903 1389; x_wconf 88' lang='lat' dir='ltr'>omnino</span> <span class='ocrx_word' id='word_1_128' title='bbox 929 1356 978 1389; x_wconf 88' lang='lat' dir='ltr'>in-</span> 
     </span>
     <span class='ocr_line' id='line_1_31' title="bbox 227 1409 978 1456; baseline -0.004 -10"><span class='ocrx_word' id='word_1_129' title='bbox 227 1412 438 1456; x_wconf 80' lang='lat' dir='ltr'>telligendum</span> <span class='ocrx_word' id='word_1_130' title='bbox 458 1422 526 1445; x_wconf 89' lang='lat' dir='ltr'>esse</span> <span class='ocrx_word' id='word_1_131' title='bbox 547 1416 577 1443; x_wconf 84' lang='lat' dir='ltr'>et</span> <span class='ocrx_word' id='word_1_132' title='bbox 592 1409 768 1454; x_wconf 77' lang='lat' dir='ltr'>procedere</span> <span class='ocrx_word' id='word_1_133' title='bbox 792 1410 823 1442; x_wconf 92' lang='lat' dir='ltr'>in</span> <span class='ocrx_word' id='word_1_134' title='bbox 845 1421 978 1454; x_wconf 86' lang='lat' dir='ltr'>sponsa-</span> 
     </span>
     <span class='ocr_line' id='line_1_32' title="bbox 229 1465 978 1505; baseline -0.004 -5"><span class='ocrx_word' id='word_1_135' title='bbox 229 1467 314 1501; x_wconf 82' lang='lat' dir='ltr'>libus</span> <span class='ocrx_word' id='word_1_136' title='bbox 338 1467 502 1500; x_wconf 86' lang='lat' dir='ltr'>defuturo</span> <span class='ocrx_word' id='word_1_137' title='bbox 522 1465 705 1505; x_wconf 77' lang='lat' dir='ltr'>dumtaxat,</span> <span class='ocrx_word' id='word_1_138' title='bbox 734 1474 798 1497; x_wconf 90' lang='lat' dir='ltr'>non</span> <span class='ocrx_word' id='word_1_139' title='bbox 818 1470 926 1497; x_wconf 84' lang='lat' dir='ltr'>autem</span> <span class='ocrx_word' id='word_1_140' title='bbox 947 1465 978 1497; x_wconf 92' lang='lat' dir='ltr'>in</span> 
     </span>
     <span class='ocr_line' id='line_1_33' title="bbox 227 1518 976 1562; baseline -0.005 -7"><span class='ocrx_word' id='word_1_141' title='bbox 227 1520 435 1555; x_wconf 88' lang='lat' dir='ltr'>matrimonio</span> <span class='ocrx_word' id='word_1_142' title='bbox 460 1519 505 1552; x_wconf 86' lang='lat' dir='ltr'>sic</span> <span class='ocrx_word' id='word_1_143' title='bbox 532 1526 567 1552; x_wconf 90' lang='lat' dir='ltr'>ut</span> <span class='ocrx_word' id='word_1_144' title='bbox 591 1518 772 1562; x_wconf 80' lang='lat' dir='ltr'>praefertur</span> <span class='ocrx_word' id='word_1_145' title='bbox 789 1523 976 1559; x_wconf 84' lang='lat' dir='ltr'>contracto,</span> 
     </span>
     <span class='ocr_line' id='line_1_34' title="bbox 226 1572 978 1617; baseline -0.007 -7"><span class='ocrx_word' id='word_1_146' title='bbox 226 1576 282 1610; x_wconf 84' lang='lat' dir='ltr'>sed</span> <span class='ocrx_word' id='word_1_147' title='bbox 302 1575 334 1608; x_wconf 90' lang='lat' dir='ltr'>in</span> <span class='ocrx_word' id='word_1_148' title='bbox 355 1585 393 1609; x_wconf 89' lang='lat' dir='ltr'>eo</span> <span class='ocrx_word' id='word_1_149' title='bbox 410 1575 528 1608; x_wconf 82' lang='lat' dir='ltr'>durare</span> <span class='ocrx_word' id='word_1_150' title='bbox 548 1572 978 1617; x_wconf 87' lang='lat' dir='ltr'>adhucimpedimentumin</span> 
     </span>
     <span class='ocr_line' id='line_1_35' title="bbox 226 1626 975 1670; baseline -0.004 -8"><span class='ocrx_word' id='word_1_151' title='bbox 226 1629 377 1663; x_wconf 90' lang='lat' dir='ltr'>omnibus</span> <span class='ocrx_word' id='word_1_152' title='bbox 397 1628 460 1661; x_wconf 90' lang='lat' dir='ltr'>illis</span> <span class='ocrx_word' id='word_1_153' title='bbox 479 1627 605 1661; x_wconf 80' lang='lat' dir='ltr'>casibus</span> <span class='ocrx_word' id='word_1_154' title='bbox 617 1631 647 1660; x_wconf 93' lang='lat' dir='ltr'>et</span> <span class='ocrx_word' id='word_1_155' title='bbox 659 1626 823 1670; x_wconf 82' lang='lat' dir='ltr'>gradibus,</span> <span class='ocrx_word' id='word_1_156' title='bbox 845 1626 975 1669; x_wconf 81' lang='lat' dir='ltr'>quibus,</span> 
     </span>
     <span class='ocr_line' id='line_1_36' title="bbox 225 1681 977 1726; baseline -0.005 -9"><span class='ocrx_word' id='word_1_157' title='bbox 225 1684 264 1717; x_wconf 86' lang='lat' dir='ltr'>de</span> <span class='ocrx_word' id='word_1_158' title='bbox 285 1683 356 1717; x_wconf 86' lang='lat' dir='ltr'>iure</span> <span class='ocrx_word' id='word_1_159' title='bbox 369 1682 479 1723; x_wconf 83' lang='lat' dir='ltr'>veteri,</span> <span class='ocrx_word' id='word_1_160' title='bbox 505 1686 578 1715; x_wconf 84' lang='lat' dir='ltr'>ante</span> <span class='ocrx_word' id='word_1_161' title='bbox 591 1681 793 1726; x_wconf 86' lang='lat' dir='ltr'>praedictum</span> <span class='ocrx_word' id='word_1_162' title='bbox 811 1681 977 1714; x_wconf 88' lang='lat' dir='ltr'>decretum</span> 
     </span>
     <span class='ocr_line' id='line_1_37' title="bbox 226 1734 979 1771; baseline -0.005 0"><span class='ocrx_word' id='word_1_163' title='bbox 226 1736 356 1771; x_wconf 87' lang='lat' dir='ltr'>concilii</span> <span class='ocrx_word' id='word_1_164' title='bbox 376 1736 598 1770; x_wconf 89' lang='lat' dir='ltr'>introductum</span> <span class='ocrx_word' id='word_1_165' title='bbox 614 1739 692 1768; x_wconf 89' lang='lat' dir='ltr'>erat.</span> <span class='ocrx_word' id='word_1_166' title='bbox 711 1735 749 1768; x_wconf 90' lang='lat' dir='ltr'>Et</span> <span class='ocrx_word' id='word_1_167' title='bbox 768 1734 809 1768; x_wconf 85' lang='lat' dir='ltr'>ita</span> <span class='ocrx_word' id='word_1_168' title='bbox 821 1734 861 1767; x_wconf 89' lang='lat' dir='ltr'>ab</span> <span class='ocrx_word' id='word_1_169' title='bbox 876 1734 979 1767; x_wconf 88' lang='lat' dir='ltr'>omni-</span> 
     </span>
     <span class='ocr_line' id='line_1_38' title="bbox 224 1789 979 1832; baseline -0.005 -7"><span class='ocrx_word' id='word_1_170' title='bbox 224 1792 286 1825; x_wconf 87' lang='lat' dir='ltr'>bus</span> <span class='ocrx_word' id='word_1_171' title='bbox 310 1790 447 1824; x_wconf 89' lang='lat' dir='ltr'>iudicari</span> <span class='ocrx_word' id='word_1_172' title='bbox 468 1790 586 1824; x_wconf 89' lang='lat' dir='ltr'>debere</span> <span class='ocrx_word' id='word_1_173' title='bbox 602 1789 792 1823; x_wconf 77' lang='lat' dir='ltr'>mandamus</span> <span class='ocrx_word' id='word_1_174' title='bbox 807 1794 903 1832; x_wconf 84' lang='lat' dir='ltr'>atque</span> <span class='ocrx_word' id='word_1_175' title='bbox 919 1793 979 1821; x_wconf 89' lang='lat' dir='ltr'>sta-</span> 
     </span>
     <span class='ocr_line' id='line_1_39' title="bbox 227 1845 360 1880; baseline -0.023 0"><span class='ocrx_word' id='word_1_176' title='bbox 227 1845 360 1880; x_wconf 89' lang='lat' dir='ltr'>tuimus.</span> 
     </span>
    </p>

    <p class='ocr_par' dir='ltr' id='par_1_11' title="bbox 226 1892 980 2037">
     <span class='ocr_line' id='line_1_40' title="bbox 270 1892 979 1940; baseline -0.003 -11"><span class='ocrx_word' id='word_1_177' title='bbox 270 1895 336 1940; x_wconf 63' lang='lat'>{3-</span> <span class='ocrx_word' id='word_1_178' title='bbox 368 1894 437 1928; x_wconf 92' lang='lat' dir='ltr'>Non</span> <span class='ocrx_word' id='word_1_179' title='bbox 462 1892 662 1928; x_wconf 77' lang='lat' dir='ltr'>obstantibus</span> <span class='ocrx_word' id='word_1_180' title='bbox 695 1892 979 1927; x_wconf 81' lang='lat' dir='ltr'>constitutionibus</span> 
     </span>
     <span class='ocr_line' id='line_1_41' title="bbox 227 1943 980 1987; baseline -0.004 -8"><span class='ocrx_word' id='word_1_181' title='bbox 227 1951 258 1979; x_wconf 87' lang='lat' dir='ltr'>et</span> <span class='ocrx_word' id='word_1_182' title='bbox 276 1943 536 1979; x_wconf 84' lang='lat' dir='ltr'>ordinationibus</span> <span class='ocrx_word' id='word_1_183' title='bbox 551 1943 737 1987; x_wconf 88' lang='lat' dir='ltr'>apostolicis</span> <span class='ocrx_word' id='word_1_184' title='bbox 754 1943 888 1987; x_wconf 86' lang='lat' dir='ltr'>aliisque</span> <span class='ocrx_word' id='word_1_185' title='bbox 904 1953 980 1976; x_wconf 88' lang='lat' dir='ltr'>con-</span> 
     </span>
     <span class='ocr_line' id='line_1_42' title="bbox 226 1993 626 2037; baseline -0.01 -8"><span class='ocrx_word' id='word_1_186' title='bbox 226 1994 333 2029; x_wconf 84' lang='lat' dir='ltr'>trariis</span> <span class='ocrx_word' id='word_1_187' title='bbox 352 1993 626 2037; x_wconf 87' lang='lat' dir='ltr'>quibuscumque.</span> 
     </span>
    </p>

    <p class='ocr_par' dir='ltr' id='par_1_12' title="bbox 226 2043 980 2673">
     <span class='ocr_line' id='line_1_43' title="bbox 270 2043 979 2088; baseline -0.003 -11"><span class='ocrx_word' id='word_1_188' title='bbox 270 2045 286 2088; x_wconf 63' lang='lat' dir='ltr'>g</span> <span class='ocrx_word' id='word_1_189' title='bbox 308 2044 341 2078; x_wconf 79' lang='lat'>4.</span> <span class='ocrx_word' id='word_1_190' title='bbox 364 2043 520 2077; x_wconf 87' lang='lat' dir='ltr'>Volumus</span> <span class='ocrx_word' id='word_1_191' title='bbox 540 2049 648 2076; x_wconf 89' lang='lat' dir='ltr'>autem</span> <span class='ocrx_word' id='word_1_192' title='bbox 681 2043 769 2086; x_wconf 91' lang='lat' dir='ltr'>quod</span> <span class='ocrx_word' id='word_1_193' title='bbox 794 2048 979 2086; x_wconf 78' lang='lat' dir='ltr'>praesentes</span> 
     </span>
     <span class='ocr_line' id='line_1_44' title="bbox 227 2091 979 2128; baseline -0.003 -1"><span class='ocrx_word' id='word_1_194' title='bbox 227 2094 351 2128; x_wconf 81' lang='lat' dir='ltr'>litterae</span> <span class='ocrx_word' id='word_1_195' title='bbox 384 2092 418 2126; x_wconf 91' lang='lat' dir='ltr'>in</span> <span class='ocrx_word' id='word_1_196' title='bbox 442 2092 638 2126; x_wconf 86' lang='lat' dir='ltr'>Cancellaria</span> <span class='ocrx_word' id='word_1_197' title='bbox 663 2099 771 2125; x_wconf 84' lang='lat' dir='ltr'>nostra</span> <span class='ocrx_word' id='word_1_198' title='bbox 796 2091 877 2124; x_wconf 82' lang='lat' dir='ltr'>etin</span> <span class='ocrx_word' id='word_1_199' title='bbox 911 2092 979 2125; x_wconf 83' lang='lat' dir='ltr'>acie</span> 
     </span>
     <span class='ocr_line' id='line_1_45' title="bbox 226 2141 979 2187; baseline -0.005 -10"><span class='ocrx_word' id='word_1_200' title='bbox 226 2142 338 2187; x_wconf 86' lang='lat' dir='ltr'>Campi</span> <span class='ocrx_word' id='word_1_201' title='bbox 371 2143 483 2176; x_wconf 83' lang='lat' dir='ltr'>Florae</span> <span class='ocrx_word' id='word_1_202' title='bbox 508 2142 547 2175; x_wconf 91' lang='lat' dir='ltr'>de</span> <span class='ocrx_word' id='word_1_203' title='bbox 572 2152 661 2175; x_wconf 88' lang='lat' dir='ltr'>more</span> <span class='ocrx_word' id='word_1_204' title='bbox 681 2141 890 2186; x_wconf 81' lang='lat' dir='ltr'>publicentur</span> <span class='ocrx_word' id='word_1_205' title='bbox 907 2168 914 2182; x_wconf 94' lang='lat'>,</span> <span class='ocrx_word' id='word_1_206' title='bbox 948 2146 979 2174; x_wconf 85' lang='lat' dir='ltr'>et</span> 
     </span>
     <span class='ocr_line' id='line_1_46' title="bbox 227 2191 978 2236; baseline -0.004 -9"><span class='ocrx_word' id='word_1_207' title='bbox 227 2194 312 2227; x_wconf 88' lang='lat' dir='ltr'>inter</span> <span class='ocrx_word' id='word_1_208' title='bbox 331 2192 575 2227; x_wconf 84' lang='lat' dir='ltr'>constitutiones</span> <span class='ocrx_word' id='word_1_209' title='bbox 587 2196 743 2236; x_wconf 86' lang='lat' dir='ltr'>perpetuo</span> <span class='ocrx_word' id='word_1_210' title='bbox 755 2191 906 2225; x_wconf 78' lang='lat' dir='ltr'>valituras</span> <span class='ocrx_word' id='word_1_211' title='bbox 922 2191 978 2225; x_wconf 89' lang='lat' dir='ltr'>de-</span> 
     </span>
     <span class='ocr_line' id='line_1_47' title="bbox 228 2241 979 2286; baseline -0.004 -9"><span class='ocrx_word' id='word_1_212' title='bbox 228 2243 422 2278; x_wconf 84' lang='lat' dir='ltr'>scribantur.</span> <span class='ocrx_word' id='word_1_213' title='bbox 444 2242 482 2276; x_wconf 89' lang='lat' dir='ltr'>Et</span> <span class='ocrx_word' id='word_1_214' title='bbox 501 2242 576 2286; x_wconf 86' lang='lat' dir='ltr'>quia</span> <span class='ocrx_word' id='word_1_215' title='bbox 587 2241 716 2275; x_wconf 80' lang='lat' dir='ltr'>difficile</span> <span class='ocrx_word' id='word_1_216' title='bbox 737 2242 979 2285; x_wconf 86' lang='lat' dir='ltr'>sorctpraesen-</span> 
     </span>
     <span class='ocr_line' id='line_1_48' title="bbox 229 2291 980 2338; baseline -0.001 -12"><span class='ocrx_word' id='word_1_217' title='bbox 229 2298 276 2327; x_wconf 89' lang='lat' dir='ltr'>tes</span> <span class='ocrx_word' id='word_1_218' title='bbox 294 2292 334 2326; x_wconf 88' lang='lat' dir='ltr'>ad</span> <span class='ocrx_word' id='word_1_219' title='bbox 358 2292 484 2336; x_wconf 79' lang='lat' dir='ltr'>singula</span> <span class='ocrx_word' id='word_1_220' title='bbox 503 2303 651 2338; x_wconf 76' lang='lat' dir='ltr'>quaeque</span> <span class='ocrx_word' id='word_1_221' title='bbox 672 2292 743 2325; x_wconf 86' lang='lat' dir='ltr'>loca</span> <span class='ocrx_word' id='word_1_222' title='bbox 763 2291 898 2332; x_wconf 81' lang='lat' dir='ltr'>deferri,</span> <span class='ocrx_word' id='word_1_223' title='bbox 927 2302 980 2325; x_wconf 79' lang='lat' dir='ltr'>vo-</span> 
     </span>
     <span class='ocr_line' id='line_1_49' title="bbox 228 2340 978 2385; baseline -0.003 -10"><span class='ocrx_word' id='word_1_224' title='bbox 228 2343 337 2376; x_wconf 89' lang='lat' dir='ltr'>lumus</span> <span class='ocrx_word' id='word_1_225' title='bbox 363 2347 394 2376; x_wconf 87' lang='lat' dir='ltr'>et</span> <span class='ocrx_word' id='word_1_226' title='bbox 414 2342 509 2376; x_wconf 86' lang='lat' dir='ltr'>etiam</span> <span class='ocrx_word' id='word_1_227' title='bbox 538 2342 741 2375; x_wconf 78' lang='lat' dir='ltr'>declaramus</span> <span class='ocrx_word' id='word_1_228' title='bbox 760 2340 847 2385; x_wconf 88' lang='lat' dir='ltr'>quod</span> <span class='ocrx_word' id='word_1_229' title='bbox 868 2351 978 2374; x_wconf 86' lang='lat' dir='ltr'>earum</span> 
     </span>
     <span class='ocr_line' id='line_1_50' title="bbox 229 2390 980 2436; baseline -0.003 -11"><span class='ocrx_word' id='word_1_230' title='bbox 229 2391 449 2436; x_wconf 80' lang='lat' dir='ltr'>transumptis,</span> <span class='ocrx_word' id='word_1_231' title='bbox 472 2391 567 2425; x_wconf 83' lang='lat' dir='ltr'>etiam</span> <span class='ocrx_word' id='word_1_232' title='bbox 584 2390 748 2435; x_wconf 84' lang='lat' dir='ltr'>impressis</span> <span class='ocrx_word' id='word_1_233' title='bbox 765 2417 772 2431; x_wconf 88' lang='lat'>,</span> <span class='ocrx_word' id='word_1_234' title='bbox 800 2400 897 2423; x_wconf 85' lang='lat' dir='ltr'>manu</span> <span class='ocrx_word' id='word_1_235' title='bbox 923 2390 980 2424; x_wconf 89' lang='lat' dir='ltr'>ali-</span> 
     </span>
     <span class='ocr_line' id='line_1_51' title="bbox 229 2438 978 2484; baseline -0.004 -9"><span class='ocrx_word' id='word_1_236' title='bbox 229 2441 323 2475; x_wconf 92' lang='lat' dir='ltr'>cuius</span> <span class='ocrx_word' id='word_1_237' title='bbox 350 2440 467 2475; x_wconf 89' lang='lat' dir='ltr'>notarii</span> <span class='ocrx_word' id='word_1_238' title='bbox 487 2440 676 2484; x_wconf 84' lang='lat' dir='ltr'>subscriptis</span> <span class='ocrx_word' id='word_1_239' title='bbox 693 2466 700 2480; x_wconf 90' lang='lat'>‚</span> <span class='ocrx_word' id='word_1_240' title='bbox 735 2450 772 2473; x_wconf 86' lang='lat' dir='ltr'>ac</span> <span class='ocrx_word' id='word_1_241' title='bbox 791 2438 895 2483; x_wconf 79' lang='lat' dir='ltr'>sigillo</span> <span class='ocrx_word' id='word_1_242' title='bbox 920 2439 978 2473; x_wconf 90' lang='lat' dir='ltr'>ali-</span> 
     </span>
     <span class='ocr_line' id='line_1_52' title="bbox 229 2489 980 2535; baseline -0.003 -11"><span class='ocrx_word' id='word_1_243' title='bbox 229 2491 322 2524; x_wconf 90' lang='lat' dir='ltr'>cuius</span> <span class='ocrx_word' id='word_1_244' title='bbox 355 2491 489 2535; x_wconf 87' lang='lat' dir='ltr'>praelati</span> <span class='ocrx_word' id='word_1_245' title='bbox 523 2490 655 2524; x_wconf 88' lang='lat' dir='ltr'>munitis</span> <span class='ocrx_word' id='word_1_246' title='bbox 671 2516 678 2530; x_wconf 88' lang='lat'>‚</span> <span class='ocrx_word' id='word_1_247' title='bbox 701 2489 812 2523; x_wconf 84' lang='lat' dir='ltr'>eadem</span> <span class='ocrx_word' id='word_1_248' title='bbox 847 2499 980 2533; x_wconf 89' lang='lat' dir='ltr'>prorsus</span> 
     </span>
     <span class='ocr_line' id='line_1_53' title="bbox 230 2539 978 2583; baseline -0.001 -10"><span class='ocrx_word' id='word_1_249' title='bbox 230 2539 309 2574; x_wconf 83' lang='lat' dir='ltr'>sides</span> <span class='ocrx_word' id='word_1_250' title='bbox 328 2540 528 2583; x_wconf 88' lang='lat' dir='ltr'>ubicumque</span> <span class='ocrx_word' id='word_1_251' title='bbox 552 2539 760 2579; x_wconf 79' lang='lat' dir='ltr'>adhibeatur,</span> <span class='ocrx_word' id='word_1_252' title='bbox 783 2549 865 2582; x_wconf 87' lang='lat' dir='ltr'>quae</span> <span class='ocrx_word' id='word_1_253' title='bbox 885 2549 978 2582; x_wconf 87' lang='lat' dir='ltr'>prae-</span> 
     </span>
     <span class='ocr_line' id='line_1_54' title="bbox 230 2588 979 2630; baseline -0.001 -7"><span class='ocrx_word' id='word_1_254' title='bbox 230 2589 373 2623; x_wconf 88' lang='lat' dir='ltr'>sentibus</span> <span class='ocrx_word' id='word_1_255' title='bbox 399 2589 628 2630; x_wconf 82' lang='lat' dir='ltr'>adhiberetur,</span> <span class='ocrx_word' id='word_1_256' title='bbox 654 2589 681 2623; x_wconf 86' lang='lat' dir='ltr'>si</span> <span class='ocrx_word' id='word_1_257' title='bbox 697 2589 802 2624; x_wconf 82' lang='lat' dir='ltr'>forent</span> <span class='ocrx_word' id='word_1_258' title='bbox 820 2588 979 2623; x_wconf 87' lang='lat' dir='ltr'>exhibitae</span> 
     </span>
     <span class='ocr_line' id='line_1_55' title="bbox 229 2639 456 2673; baseline -0.004 -1"><span class='ocrx_word' id='word_1_259' title='bbox 229 2639 278 2673; x_wconf 87' lang='lat' dir='ltr'>vel</span> <span class='ocrx_word' id='word_1_260' title='bbox 299 2643 456 2673; x_wconf 84' lang='lat' dir='ltr'>ostensae.</span> 
     </span>
    </p>

    <p class='ocr_par' dir='ltr' id='par_1_13' title="bbox 273 2687 539 2732">
     <span class='ocr_line' id='line_1_56' title="bbox 273 2687 539 2732; baseline -0.008 -10"><span class='ocrx_word' id='word_1_261' title='bbox 273 2687 360 2722; x_wconf 90' lang='lat' dir='ltr'>Nulli</span> <span class='ocrx_word' id='word_1_262' title='bbox 380 2698 457 2732; x_wconf 82' lang='lat' dir='ltr'>ergo</span> <span class='ocrx_word' id='word_1_263' title='bbox 481 2691 539 2721; x_wconf 79' lang='lat' dir='ltr'>etc.</span> 
     </span>
    </p>
   </div>
   <div class='ocr_carea' id='block_1_10' title="bbox 1024 439 1680 536">
    <p class='ocr_par' dir='ltr' id='par_1_14' title="bbox 1024 439 1680 536">
     <span class='ocr_line' id='line_1_57' title="bbox 1024 439 1646 482; baseline 0 -10"><span class='ocrx_word' id='word_1_264' title='bbox 1024 439 1114 480; x_wconf 90' lang='lat' dir='ltr'>iulii,</span> <span class='ocrx_word' id='word_1_265' title='bbox 1144 439 1349 482; x_wconf 82' lang='lat' dir='ltr'>pontificatus</span> <span class='ocrx_word' id='word_1_266' title='bbox 1377 439 1478 471; x_wconf 77' lang='lat' dir='ltr'>nostri</span> <span class='ocrx_word' id='word_1_267' title='bbox 1498 449 1582 472; x_wconf 85' lang='lat' dir='ltr'>anno</span> <span class='ocrx_word' id='word_1_268' title='bbox 1602 449 1646 472; x_wconf 86' lang='lat'>111.</span> 
     </span>
     <span class='ocr_line' id='line_1_58' title="bbox 1112 497 1680 536; baseline 0.002 -9"><span class='ocrx_word' id='word_1_269' title='bbox 1112 498 1173 527; x_wconf 83' lang='lat' dir='ltr'>Dat.</span> <span class='ocrx_word' id='word_1_270' title='bbox 1197 498 1209 527; x_wconf 70' lang='lat' dir='ltr'>rl</span> <span class='ocrx_word' id='word_1_271' title='bbox 1236 497 1301 527; x_wconf 84' lang='lat' dir='ltr'>iulii</span> <span class='ocrx_word' id='word_1_272' title='bbox 1325 497 1411 533; x_wconf 46' lang='lat'>«1568,</span> <span class='ocrx_word' id='word_1_273' title='bbox 1430 497 1531 536; x_wconf 87' lang='lat' dir='ltr'>pontis.</span> <span class='ocrx_word' id='word_1_274' title='bbox 1548 507 1680 528; x_wconf 82' lang='lat' dir='ltr'>annom.</span> 
     </span>
    </p>
   </div>
   <div class='ocr_carea' id='block_1_11' title="bbox 1343 582 1459 587">
    <p class='ocr_par' dir='ltr' id='par_1_15' title="bbox 1343 582 1459 587">
     <span class='ocr_line' id='line_1_59' title="bbox 1343 582 1459 587; baseline 0 0"><span class='ocrx_word' id='word_1_275' title='bbox 1343 582 1459 587; x_wconf 95' lang='lat' dir='ltr'> </span> 
     </span>
    </p>
   </div>
   <div class='ocr_carea' id='block_1_12' title="bbox 1351 667 1451 700">
    <p class='ocr_par' dir='ltr' id='par_1_16' title="bbox 1351 667 1451 700">
     <span class='ocr_line' id='line_1_60' title="bbox 1351 667 1451 700; baseline 0 -1"><span class='ocrx_word' id='word_1_276' title='bbox 1351 667 1451 700; x_wconf 76' lang='lat' dir='ltr'>xctx.</span> 
     </span>
    </p>
   </div>
   <div class='ocr_carea' id='block_1_13' title="bbox 1022 742 1776 990">
    <p class='ocr_par' dir='ltr' id='par_1_17' title="bbox 1022 742 1776 990">
     <span class='ocr_line' id='line_1_61' title="bbox 1022 742 1776 785; baseline 0.004 -11"><span class='ocrx_word' id='word_1_277' title='bbox 1022 742 1222 783; x_wconf 64' lang='lat' dir='ltr'>Reformatio</span> <span class='ocrx_word' id='word_1_278' title='bbox 1252 744 1395 785; x_wconf 66' lang='lat' dir='ltr'>fratrum</span> <span class='ocrx_word' id='word_1_279' title='bbox 1429 749 1457 776; x_wconf 78' lang='lat' dir='ltr'>et</span> <span class='ocrx_word' id='word_1_280' title='bbox 1495 755 1641 777; x_wconf 68' lang='lat' dir='ltr'>sororum</span> <span class='ocrx_word' id='word_1_281' title='bbox 1676 745 1776 778; x_wconf 62' lang='lat' dir='ltr'>Tertii</span> 
     </span>
     <span class='ocr_line' id='line_1_62' title="bbox 1070 795 1773 840; baseline 0.006 -12"><span class='ocrx_word' id='word_1_282' title='bbox 1070 795 1202 829; x_wconf 75' lang='lat' dir='ltr'>Ordinis</span> <span class='ocrx_word' id='word_1_283' title='bbox 1222 798 1259 829; x_wconf 68' lang='lat' dir='ltr'>fle</span> <span class='ocrx_word' id='word_1_284' title='bbox 1284 797 1490 831; x_wconf 67' lang='lat' dir='ltr'>Poeuitmltia</span> <span class='ocrx_word' id='word_1_285' title='bbox 1509 798 1542 831; x_wconf 88' lang='grc'>5“.</span> <span class='ocrx_word' id='word_1_286' title='bbox 1583 798 1753 832; x_wconf 67' lang='lat' dir='ltr'>Francisci</span> <span class='ocrx_word' id='word_1_287' title='bbox 1766 828 1773 840; x_wconf 93' lang='lat'>,</span> 
     </span>
     <span class='ocr_line' id='line_1_63' title="bbox 1067 851 1775 885; baseline 0.006 -4"><span class='ocrx_word' id='word_1_288' title='bbox 1067 851 1099 882; x_wconf 72' lang='lat' dir='ltr'>in</span> <span class='ocrx_word' id='word_1_289' title='bbox 1122 852 1347 883; x_wconf 65' lang='lat' dir='ltr'>communione*</span> <span class='ocrx_word' id='word_1_290' title='bbox 1380 856 1408 883; x_wconf 74' lang='lat' dir='ltr'>e!</span> <span class='ocrx_word' id='word_1_291' title='bbox 1429 852 1483 883; x_wconf 77' lang='lat' dir='ltr'>suh</span> <span class='ocrx_word' id='word_1_292' title='bbox 1510 854 1607 884; x_wconf 78' lang='lat' dir='ltr'>trium</span> <span class='ocrx_word' id='word_1_293' title='bbox 1628 853 1775 885; x_wconf 75' lang='lat' dir='ltr'>substan-</span> 
     </span>
     <span class='ocr_line' id='line_1_64' title="bbox 1068 904 1775 947; baseline 0.004 -12"><span class='ocrx_word' id='word_1_294' title='bbox 1068 904 1196 936; x_wconf 59' lang='lat' dir='ltr'>{tatium</span> <span class='ocrx_word' id='word_1_295' title='bbox 1242 908 1387 936; x_wconf 67' lang='lat' dir='ltr'>votorum</span> <span class='ocrx_word' id='word_1_296' title='bbox 1430 906 1626 947; x_wconf 66' lang='lat' dir='ltr'>professione</span> <span class='ocrx_word' id='word_1_297' title='bbox 1668 908 1775 939; x_wconf 63' lang='lat' dir='ltr'>riven-</span> 
     </span>
     <span class='ocr_line' id='line_1_65' title="bbox 1069 957 1197 990; baseline 0 -1"><span class='ocrx_word' id='word_1_298' title='bbox 1069 958 1149 990; x_wconf 72' lang='lat' dir='ltr'>tc&#39;ztm</span> <span class='ocrx_word' id='word_1_299' title='bbox 1172 957 1197 989; x_wconf 77' lang='lat'>³.</span> 
     </span>
    </p>
   </div>
   <div class='ocr_carea' id='block_1_14' title="bbox 1110 1048 1686 1138">
    <p class='ocr_par' dir='ltr' id='par_1_18' title="bbox 1110 1048 1686 1138">
     <span class='ocr_line' id='line_1_66' title="bbox 1110 1048 1686 1084; baseline 0.005 -8"><span class='ocrx_word' id='word_1_300' title='bbox 1110 1048 1171 1076; x_wconf 82' lang='lat' dir='ltr'>Pius</span> <span class='ocrx_word' id='word_1_301' title='bbox 1199 1048 1338 1084; x_wconf 76' lang='lat' dir='ltr'>episcopus</span> <span class='ocrx_word' id='word_1_302' title='bbox 1358 1055 1453 1077; x_wconf 84' lang='lat' dir='ltr'>servus</span> <span class='ocrx_word' id='word_1_303' title='bbox 1473 1056 1613 1079; x_wconf 77' lang='lat' dir='ltr'>servorum</span> <span class='ocrx_word' id='word_1_304' title='bbox 1631 1051 1686 1083; x_wconf 80' lang='lat' dir='ltr'>Dei,</span> 
     </span>
     <span class='ocr_line' id='line_1_67' title="bbox 1169 1103 1627 1138; baseline 0.004 -8"><span class='ocrx_word' id='word_1_305' title='bbox 1169 1103 1202 1130; x_wconf 86' lang='lat' dir='ltr'>ad</span> <span class='ocrx_word' id='word_1_306' title='bbox 1222 1105 1386 1138; x_wconf 76' lang='lat' dir='ltr'>perpetuam</span> <span class='ocrx_word' id='word_1_307' title='bbox 1400 1103 1442 1132; x_wconf 83' lang='lat' dir='ltr'>rei</span> <span class='ocrx_word' id='word_1_308' title='bbox 1461 1105 1627 1132; x_wconf 81' lang='lat' dir='ltr'>memoriam.</span> 
     </span>
    </p>
   </div>
   <div class='ocr_carea' id='block_1_15' title="bbox 1020 1183 1777 2633">
    <p class='ocr_par' dir='ltr' id='par_1_19' title="bbox 1020 1183 1777 1756">
     <span class='ocr_line' id='line_1_68' title="bbox 1066 1183 1776 1224; baseline 0.006 -9"><span class='ocrx_word' id='word_1_309' title='bbox 1066 1184 1108 1216; x_wconf 84' lang='lat' dir='ltr'>Ea</span> <span class='ocrx_word' id='word_1_310' title='bbox 1129 1189 1175 1216; x_wconf 88' lang='lat' dir='ltr'>est</span> <span class='ocrx_word' id='word_1_311' title='bbox 1199 1183 1295 1216; x_wconf 85' lang='lat' dir='ltr'>officii</span> <span class='ocrx_word' id='word_1_312' title='bbox 1328 1183 1429 1216; x_wconf 87' lang='lat' dir='ltr'>nostri</span> <span class='ocrx_word' id='word_1_313' title='bbox 1451 1184 1549 1224; x_wconf 79' lang='lat' dir='ltr'>ratio,</span> <span class='ocrx_word' id='word_1_314' title='bbox 1572 1190 1607 1217; x_wconf 83' lang='lat' dir='ltr'>ut</span> <span class='ocrx_word' id='word_1_315' title='bbox 1640 1196 1714 1218; x_wconf 88' lang='lat' dir='ltr'>cum</span> <span class='ocrx_word' id='word_1_316' title='bbox 1736 1187 1776 1220; x_wconf 85' lang='lat' dir='ltr'>de</span> 
     </span>
     <span class='ocr_line' id='line_1_69' title="bbox 1022 1236 1775 1273; baseline 0.004 -3"><span class='ocrx_word' id='word_1_317' title='bbox 1022 1237 1138 1270; x_wconf 83' lang='lat' dir='ltr'>ceteris</span> <span class='ocrx_word' id='word_1_318' title='bbox 1149 1236 1310 1270; x_wconf 76' lang='lat' dir='ltr'>Ecclesiae</span> <span class='ocrx_word' id='word_1_319' title='bbox 1330 1237 1423 1270; x_wconf 87' lang='lat' dir='ltr'>nobis</span> <span class='ocrx_word' id='word_1_320' title='bbox 1443 1237 1634 1271; x_wconf 75' lang='lat' dir='ltr'>commissae</span> <span class='ocrx_word' id='word_1_321' title='bbox 1650 1238 1775 1273; x_wconf 89' lang='lat' dir='ltr'>Ordini-</span> 
     </span>
     <span class='ocr_line' id='line_1_70' title="bbox 1022 1290 1777 1334; baseline 0.005 -11"><span class='ocrx_word' id='word_1_322' title='bbox 1022 1291 1099 1331; x_wconf 88' lang='lat' dir='ltr'>bus,</span> <span class='ocrx_word' id='word_1_323' title='bbox 1125 1292 1172 1323; x_wconf 79' lang='lat' dir='ltr'>vel</span> <span class='ocrx_word' id='word_1_324' title='bbox 1207 1290 1239 1322; x_wconf 94' lang='lat' dir='ltr'>in</span> <span class='ocrx_word' id='word_1_325' title='bbox 1278 1302 1335 1324; x_wconf 86' lang='lat' dir='ltr'>sua</span> <span class='ocrx_word' id='word_1_326' title='bbox 1369 1291 1550 1334; x_wconf 77' lang='lat' dir='ltr'>integritate</span> <span class='ocrx_word' id='word_1_327' title='bbox 1575 1293 1777 1327; x_wconf 86' lang='lat' dir='ltr'>continendis</span> 
     </span>
     <span class='ocr_line' id='line_1_71' title="bbox 1022 1344 1776 1391; baseline 0.003 -15"><span class='ocrx_word' id='word_1_328' title='bbox 1022 1345 1068 1377; x_wconf 78' lang='lat' dir='ltr'>vel</span> <span class='ocrx_word' id='word_1_329' title='bbox 1089 1344 1127 1377; x_wconf 89' lang='lat' dir='ltr'>ad</span> <span class='ocrx_word' id='word_1_330' title='bbox 1148 1345 1330 1377; x_wconf 86' lang='lat' dir='ltr'>institutum</span> <span class='ocrx_word' id='word_1_331' title='bbox 1352 1344 1556 1385; x_wconf 85' lang='lat' dir='ltr'>revocandis,</span> <span class='ocrx_word' id='word_1_332' title='bbox 1578 1356 1690 1379; x_wconf 84' lang='lat' dir='ltr'>curam</span> <span class='ocrx_word' id='word_1_333' title='bbox 1706 1358 1776 1391; x_wconf 85' lang='lat' dir='ltr'>per-</span> 
     </span>
     <span class='ocr_line' id='line_1_72' title="bbox 1022 1398 1776 1443; baseline 0.003 -11"><span class='ocrx_word' id='word_1_334' title='bbox 1022 1405 1152 1443; x_wconf 82' lang='lat' dir='ltr'>petuam</span> <span class='ocrx_word' id='word_1_335' title='bbox 1173 1399 1351 1441; x_wconf 80' lang='lat' dir='ltr'>capiamus,</span> <span class='ocrx_word' id='word_1_336' title='bbox 1380 1398 1500 1431; x_wconf 83' lang='lat' dir='ltr'>maiore</span> <span class='ocrx_word' id='word_1_337' title='bbox 1526 1404 1632 1432; x_wconf 87' lang='lat' dir='ltr'>tamen</span> <span class='ocrx_word' id='word_1_338' title='bbox 1657 1401 1776 1435; x_wconf 86' lang='lat' dir='ltr'>sollici-</span> 
     </span>
     <span class='ocr_line' id='line_1_73' title="bbox 1020 1451 1777 1495; baseline 0.003 -9"><span class='ocrx_word' id='word_1_339' title='bbox 1020 1453 1132 1486; x_wconf 81' lang='lat' dir='ltr'>tudine</span> <span class='ocrx_word' id='word_1_340' title='bbox 1157 1454 1268 1486; x_wconf 80' lang='lat' dir='ltr'>eadem</span> <span class='ocrx_word' id='word_1_341' title='bbox 1289 1453 1343 1485; x_wconf 87' lang='lat' dir='ltr'>illa</span> <span class='ocrx_word' id='word_1_342' title='bbox 1364 1451 1395 1485; x_wconf 89' lang='lat' dir='ltr'>in</span> <span class='ocrx_word' id='word_1_343' title='bbox 1416 1452 1645 1495; x_wconf 82' lang='lat' dir='ltr'>religiosorum</span> <span class='ocrx_word' id='word_1_344' title='bbox 1661 1455 1777 1488; x_wconf 85' lang='lat' dir='ltr'>sodali-</span> 
     </span>
     <span class='ocr_line' id='line_1_74' title="bbox 1022 1507 1777 1550; baseline 0.003 -10"><span class='ocrx_word' id='word_1_345' title='bbox 1022 1507 1140 1541; x_wconf 86' lang='lat' dir='ltr'>tatibus</span> <span class='ocrx_word' id='word_1_346' title='bbox 1160 1507 1378 1550; x_wconf 80' lang='lat' dir='ltr'>requirimus,</span> <span class='ocrx_word' id='word_1_347' title='bbox 1406 1517 1489 1550; x_wconf 87' lang='lat' dir='ltr'>quos</span> <span class='ocrx_word' id='word_1_348' title='bbox 1509 1507 1581 1540; x_wconf 91' lang='lat' dir='ltr'>ideo</span> <span class='ocrx_word' id='word_1_349' title='bbox 1594 1508 1777 1542; x_wconf 83' lang='lat' dir='ltr'>Altissimus</span> 
     </span>
     <span class='ocr_line' id='line_1_75' title="bbox 1021 1560 1775 1605; baseline 0.004 -12"><span class='ocrx_word' id='word_1_350' title='bbox 1021 1560 1053 1595; x_wconf 91' lang='lat' dir='ltr'>in</span> <span class='ocrx_word' id='word_1_351' title='bbox 1072 1571 1167 1594; x_wconf 91' lang='lat' dir='ltr'>suum</span> <span class='ocrx_word' id='word_1_352' title='bbox 1188 1560 1247 1593; x_wconf 86' lang='lat' dir='ltr'>sibi</span> <span class='ocrx_word' id='word_1_353' title='bbox 1272 1561 1494 1594; x_wconf 86' lang='lat' dir='ltr'>sanctuarium</span> <span class='ocrx_word' id='word_1_354' title='bbox 1520 1562 1715 1605; x_wconf 79' lang='lat' dir='ltr'>segregavit,</span> <span class='ocrx_word' id='word_1_355' title='bbox 1742 1570 1775 1597; x_wconf 86' lang='lat' dir='ltr'>ut</span> 
     </span>
     <span class='ocr_line' id='line_1_76' title="bbox 1021 1615 1775 1661; baseline 0.001 -12"><span class='ocrx_word' id='word_1_356' title='bbox 1021 1620 1144 1649; x_wconf 83' lang='lat' dir='ltr'>ceteros</span> <span class='ocrx_word' id='word_1_357' title='bbox 1164 1615 1276 1648; x_wconf 84' lang='lat' dir='ltr'>fideles</span> <span class='ocrx_word' id='word_1_358' title='bbox 1294 1615 1376 1647; x_wconf 85' lang='lat' dir='ltr'>viam</span> <span class='ocrx_word' id='word_1_359' title='bbox 1397 1615 1555 1656; x_wconf 84' lang='lat' dir='ltr'>doceant,</span> <span class='ocrx_word' id='word_1_360' title='bbox 1578 1627 1643 1659; x_wconf 86' lang='lat' dir='ltr'>qua</span> <span class='ocrx_word' id='word_1_361' title='bbox 1659 1622 1690 1650; x_wconf 87' lang='lat' dir='ltr'>et</span> <span class='ocrx_word' id='word_1_362' title='bbox 1714 1617 1775 1661; x_wconf 87' lang='lat' dir='ltr'>ipsi</span> 
     </span>
     <span class='ocr_line' id='line_1_77' title="bbox 1021 1669 1775 1715; baseline 0.003 -13"><span class='ocrx_word' id='word_1_363' title='bbox 1021 1674 1170 1702; x_wconf 86' lang='lat' dir='ltr'>aeternae</span> <span class='ocrx_word' id='word_1_364' title='bbox 1190 1669 1301 1702; x_wconf 86' lang='lat' dir='ltr'>salutis</span> <span class='ocrx_word' id='word_1_365' title='bbox 1320 1669 1553 1703; x_wconf 85' lang='lat' dir='ltr'>beatitudinem</span> <span class='ocrx_word' id='word_1_366' title='bbox 1574 1680 1775 1715; x_wconf 85' lang='lat' dir='ltr'>consequan-</span> 
     </span>
     <span class='ocr_line' id='line_1_78' title="bbox 1020 1729 1085 1756; baseline 0 0"><span class='ocrx_word' id='word_1_367' title='bbox 1020 1729 1085 1756; x_wconf 90' lang='lat' dir='ltr'>tur.</span> 
     </span>
    </p>

    <p class='ocr_par' dir='ltr' id='par_1_20' title="bbox 1020 1776 1776 2523">
     <span class='ocr_line' id='line_1_79' title="bbox 1065 1776 1775 1822; baseline 0.004 -13"><span class='ocrx_word' id='word_1_368' title='bbox 1065 1778 1079 1821; x_wconf 60' lang='grc' dir='ltr'>ξ</span> <span class='ocrx_word' id='word_1_369' title='bbox 1109 1778 1140 1810; x_wconf 81' lang='grc'>’1.</span> <span class='ocrx_word' id='word_1_370' title='bbox 1168 1777 1288 1821; x_wconf 83' lang='lat' dir='ltr'>Itaque,</span> <span class='ocrx_word' id='word_1_371' title='bbox 1324 1776 1408 1810; x_wconf 85' lang='lat' dir='ltr'>inter</span> <span class='ocrx_word' id='word_1_372' title='bbox 1440 1782 1564 1811; x_wconf 86' lang='lat' dir='ltr'>ceteras</span> <span class='ocrx_word' id='word_1_373' title='bbox 1582 1778 1775 1822; x_wconf 81' lang='lat' dir='ltr'>Religiones,</span> 
     </span>
     <span class='ocr_line' id='line_1_80' title="bbox 1021 1831 1775 1875; baseline 0.003 -11"><span class='ocrx_word' id='word_1_374' title='bbox 1021 1832 1156 1864; x_wconf 82' lang='lat' dir='ltr'>fratrum</span> <span class='ocrx_word' id='word_1_375' title='bbox 1178 1841 1308 1875; x_wconf 84' lang='lat' dir='ltr'>quoque</span> <span class='ocrx_word' id='word_1_376' title='bbox 1328 1831 1425 1864; x_wconf 90' lang='lat' dir='ltr'>Tertii</span> <span class='ocrx_word' id='word_1_377' title='bbox 1450 1831 1577 1865; x_wconf 90' lang='lat' dir='ltr'>Ordinis</span> <span class='ocrx_word' id='word_1_378' title='bbox 1597 1832 1629 1866; x_wconf 89' lang='lat' dir='ltr'>S.</span> <span class='ocrx_word' id='word_1_379' title='bbox 1647 1833 1670 1866; x_wconf 90' lang='lat' dir='ltr'>F</span> <span class='ocrx_word' id='word_1_380' title='bbox 1673 1833 1775 1867; x_wconf 88' lang='lat' dir='ltr'>ranci-</span> 
     </span>
     <span class='ocr_line' id='line_1_81' title="bbox 1021 1885 1776 1930; baseline 0.004 -12"><span class='ocrx_word' id='word_1_381' title='bbox 1021 1885 1077 1925; x_wconf 86' lang='lat' dir='ltr'>sci,</span> <span class='ocrx_word' id='word_1_382' title='bbox 1096 1885 1134 1918; x_wconf 88' lang='lat' dir='ltr'>de</span> <span class='ocrx_word' id='word_1_383' title='bbox 1154 1885 1353 1918; x_wconf 86' lang='lat' dir='ltr'>Poenitentia</span> <span class='ocrx_word' id='word_1_384' title='bbox 1376 1885 1567 1930; x_wconf 86' lang='lat' dir='ltr'>nuncupati,</span> <span class='ocrx_word' id='word_1_385' title='bbox 1588 1886 1621 1918; x_wconf 89' lang='lat' dir='ltr'>in</span> <span class='ocrx_word' id='word_1_386' title='bbox 1641 1897 1776 1930; x_wconf 79' lang='lat' dir='ltr'>congre-</span> 
     </span>
     <span class='ocr_line' id='line_1_82' title="bbox 1020 1939 1774 1983; baseline 0.003 -11"><span class='ocrx_word' id='word_1_387' title='bbox 1020 1939 1147 1983; x_wconf 86' lang='lat' dir='ltr'>gatione</span> <span class='ocrx_word' id='word_1_388' title='bbox 1180 1939 1352 1972; x_wconf 86' lang='lat' dir='ltr'>viventium</span> <span class='ocrx_word' id='word_1_389' title='bbox 1402 1950 1439 1972; x_wconf 89' lang='lat' dir='ltr'>ac</span> <span class='ocrx_word' id='word_1_390' title='bbox 1468 1939 1570 1972; x_wconf 86' lang='lat' dir='ltr'>tribus</span> <span class='ocrx_word' id='word_1_391' title='bbox 1595 1940 1674 1973; x_wconf 91' lang='lat' dir='ltr'>votis</span> <span class='ocrx_word' id='word_1_392' title='bbox 1698 1941 1774 1974; x_wconf 89' lang='lat' dir='ltr'>sub-</span> 
     </span>
     <span class='ocr_line' id='line_1_83' title="bbox 1021 1992 1776 2028; baseline 0.003 -2"><span class='ocrx_word' id='word_1_393' title='bbox 1021 1993 1221 2027; x_wconf 87' lang='lat' dir='ltr'>stantialibus</span> <span class='ocrx_word' id='word_1_394' title='bbox 1240 1992 1469 2026; x_wconf 89' lang='lat' dir='ltr'>adstrictorum</span> <span class='ocrx_word' id='word_1_395' title='bbox 1490 1998 1589 2026; x_wconf 86' lang='lat' dir='ltr'>status</span> <span class='ocrx_word' id='word_1_396' title='bbox 1609 2004 1668 2027; x_wconf 90' lang='lat' dir='ltr'>nos</span> <span class='ocrx_word' id='word_1_397' title='bbox 1688 2005 1776 2028; x_wconf 90' lang='lat' dir='ltr'>com-</span> 
     </span>
     <span class='ocr_line' id='line_1_84' title="bbox 1021 2046 1775 2089; baseline 0.003 -9"><span class='ocrx_word' id='word_1_398' title='bbox 1021 2052 1144 2089; x_wconf 87' lang='lat' dir='ltr'>movet,</span> <span class='ocrx_word' id='word_1_399' title='bbox 1171 2052 1206 2080; x_wconf 91' lang='lat' dir='ltr'>ut</span> <span class='ocrx_word' id='word_1_400' title='bbox 1229 2046 1269 2080; x_wconf 86' lang='lat' dir='ltr'>ad</span> <span class='ocrx_word' id='word_1_401' title='bbox 1288 2047 1380 2080; x_wconf 91' lang='lat' dir='ltr'>illum</span> <span class='ocrx_word' id='word_1_402' title='bbox 1405 2047 1649 2080; x_wconf 86' lang='lat' dir='ltr'>reformandum</span> <span class='ocrx_word' id='word_1_403' title='bbox 1669 2049 1775 2082; x_wconf 89' lang='lat' dir='ltr'>studia</span> 
     </span>
     <span class='ocr_line' id='line_1_85' title="bbox 1021 2100 1773 2144; baseline 0.003 -10"><span class='ocrx_word' id='word_1_404' title='bbox 1021 2106 1130 2134; x_wconf 86' lang='lat' dir='ltr'>nostra</span> <span class='ocrx_word' id='word_1_405' title='bbox 1150 2100 1376 2142; x_wconf 86' lang='lat' dir='ltr'>conferamus,</span> <span class='ocrx_word' id='word_1_406' title='bbox 1408 2101 1539 2144; x_wconf 85' lang='lat' dir='ltr'>quando</span> <span class='ocrx_word' id='word_1_407' title='bbox 1575 2101 1624 2134; x_wconf 90' lang='lat' dir='ltr'>vel</span> <span class='ocrx_word' id='word_1_408' title='bbox 1644 2112 1681 2134; x_wconf 84' lang='lat' dir='ltr'>ex</span> <span class='ocrx_word' id='word_1_409' title='bbox 1709 2108 1773 2136; x_wconf 86' lang='lat' dir='ltr'>tam</span> 
     </span>
     <span class='ocr_line' id='line_1_86' title="bbox 1021 2154 1771 2200; baseline 0.003 -12"><span class='ocrx_word' id='word_1_410' title='bbox 1021 2155 1140 2196; x_wconf 89' lang='lat' dir='ltr'>multis,</span> <span class='ocrx_word' id='word_1_411' title='bbox 1155 2166 1237 2199; x_wconf 85' lang='lat' dir='ltr'>quae</span> <span class='ocrx_word' id='word_1_412' title='bbox 1256 2155 1360 2189; x_wconf 88' lang='lat' dir='ltr'>bonae</span> <span class='ocrx_word' id='word_1_413' title='bbox 1381 2154 1557 2188; x_wconf 85' lang='lat' dir='ltr'>memoriae</span> <span class='ocrx_word' id='word_1_414' title='bbox 1568 2155 1771 2200; x_wconf 88' lang='lat' dir='ltr'>Rodulphus‚</span> 
     </span>
     <span class='ocr_line' id='line_1_87' title="bbox 1021 2209 1774 2255; baseline 0.003 -12"><span class='ocrx_word' id='word_1_415' title='bbox 1021 2210 1193 2254; x_wconf 85' lang='lat' dir='ltr'>episcopus</span> <span class='ocrx_word' id='word_1_416' title='bbox 1212 2209 1363 2243; x_wconf 81' lang='lat' dir='ltr'>Ostiensis</span> <span class='ocrx_word' id='word_1_417' title='bbox 1379 2237 1386 2249; x_wconf 93' lang='lat'>,</span> <span class='ocrx_word' id='word_1_418' title='bbox 1410 2209 1581 2243; x_wconf 88' lang='lat' dir='ltr'>cardinalis</span> <span class='ocrx_word' id='word_1_419' title='bbox 1604 2209 1774 2255; x_wconf 69' lang='lat' dir='ltr'>Cal-pensis</span> 
     </span>
     <span class='ocr_line' id='line_1_88' title="bbox 1021 2263 1772 2308; baseline 0.003 -11"><span class='ocrx_word' id='word_1_420' title='bbox 1021 2269 1243 2308; x_wconf 63' lang='lat' dir='ltr'>nuncupatim,</span> <span class='ocrx_word' id='word_1_421' title='bbox 1263 2263 1340 2297; x_wconf 89' lang='lat' dir='ltr'>dicti</span> <span class='ocrx_word' id='word_1_422' title='bbox 1365 2263 1491 2297; x_wconf 88' lang='lat' dir='ltr'>Ordinis</span> <span class='ocrx_word' id='word_1_423' title='bbox 1513 2268 1676 2307; x_wconf 85' lang='lat' dir='ltr'>protector</span> <span class='ocrx_word' id='word_1_424' title='bbox 1689 2291 1696 2305; x_wconf 96' lang='lat'>,</span> <span class='ocrx_word' id='word_1_425' title='bbox 1719 2265 1772 2299; x_wconf 85' lang='lat' dir='ltr'>Se-</span> 
     </span>
     <span class='ocr_line' id='line_1_89' title="bbox 1021 2317 1772 2362; baseline 0.001 -11"><span class='ocrx_word' id='word_1_426' title='bbox 1021 2317 1068 2351; x_wconf 93' lang='lat' dir='ltr'>dis</span> <span class='ocrx_word' id='word_1_427' title='bbox 1092 2317 1294 2362; x_wconf 86' lang='lat' dir='ltr'>Apostolicae</span> <span class='ocrx_word' id='word_1_428' title='bbox 1313 2317 1502 2351; x_wconf 85' lang='lat' dir='ltr'>auctoritate</span> <span class='ocrx_word' id='word_1_429' title='bbox 1522 2317 1641 2358; x_wconf 83' lang='lat' dir='ltr'>fretus,</span> <span class='ocrx_word' id='word_1_430' title='bbox 1667 2318 1700 2351; x_wconf 90' lang='lat' dir='ltr'>in</span> <span class='ocrx_word' id='word_1_431' title='bbox 1720 2330 1772 2352; x_wconf 89' lang='lat' dir='ltr'>re-</span> 
     </span>
     <span class='ocr_line' id='line_1_90' title="bbox 1021 2371 1772 2417; baseline 0.001 -12"><span class='ocrx_word' id='word_1_432' title='bbox 1021 2372 1165 2417; x_wconf 86' lang='lat' dir='ltr'>paranda</span> <span class='ocrx_word' id='word_1_433' title='bbox 1184 2372 1303 2405; x_wconf 90' lang='lat' dir='ltr'>horum</span> <span class='ocrx_word' id='word_1_434' title='bbox 1341 2371 1511 2416; x_wconf 86' lang='lat' dir='ltr'>disciplina</span> <span class='ocrx_word' id='word_1_435' title='bbox 1547 2372 1714 2415; x_wconf 84' lang='lat' dir='ltr'>praeclare</span> <span class='ocrx_word' id='word_1_436' title='bbox 1741 2378 1772 2406; x_wconf 89' lang='lat' dir='ltr'>et</span> 
     </span>
     <span class='ocr_line' id='line_1_91' title="bbox 1021 2424 1770 2471; baseline 0.001 -12"><span class='ocrx_word' id='word_1_437' title='bbox 1021 2425 1194 2459; x_wconf 85' lang='lat' dir='ltr'>salubriter</span> <span class='ocrx_word' id='word_1_438' title='bbox 1214 2425 1323 2466; x_wconf 83' lang='lat' dir='ltr'>edidit,</span> <span class='ocrx_word' id='word_1_439' title='bbox 1341 2425 1541 2468; x_wconf 78' lang='lat' dir='ltr'>Religionem</span> <span class='ocrx_word' id='word_1_440' title='bbox 1551 2424 1635 2459; x_wconf 87' lang='lat' dir='ltr'>hanc</span> <span class='ocrx_word' id='word_1_441' title='bbox 1654 2436 1770 2471; x_wconf 87' lang='lat' dir='ltr'>parum</span> 
     </span>
     <span class='ocr_line' id='line_1_92' title="bbox 1021 2478 1614 2523; baseline 0 -11"><span class='ocrx_word' id='word_1_442' title='bbox 1021 2479 1196 2513; x_wconf 87' lang='lat' dir='ltr'>admodum</span> <span class='ocrx_word' id='word_1_443' title='bbox 1221 2478 1396 2523; x_wconf 82' lang='lat' dir='ltr'>profecisse</span> <span class='ocrx_word' id='word_1_444' title='bbox 1415 2478 1614 2522; x_wconf 84' lang='lat' dir='ltr'>agnovimus.</span> 
     </span>
    </p>

    <p class='ocr_par' dir='ltr' id='par_1_21' title="bbox 1065 2532 1772 2577">
     <span class='ocr_line' id='line_1_93' title="bbox 1065 2532 1772 2577; baseline 0.003 -11"><span class='ocrx_word' id='word_1_445' title='bbox 1065 2533 1080 2576; x_wconf 66' lang='grc' dir='ltr'><strong>ἓ</strong></span> <span class='ocrx_word' id='word_1_446' title='bbox 1103 2532 1135 2566; x_wconf 73' lang='lat'>2.</span> <span class='ocrx_word' id='word_1_447' title='bbox 1158 2533 1295 2566; x_wconf 86' lang='lat' dir='ltr'>Proinde</span> <span class='ocrx_word' id='word_1_448' title='bbox 1315 2542 1373 2566; x_wconf 87' lang='lat' dir='ltr'>nos</span> <span class='ocrx_word' id='word_1_449' title='bbox 1392 2532 1452 2567; x_wconf 86' lang='lat' dir='ltr'>hac</span> <span class='ocrx_word' id='word_1_450' title='bbox 1472 2532 1647 2577; x_wconf 84' lang='lat' dir='ltr'>praecipua</span> <span class='ocrx_word' id='word_1_451' title='bbox 1667 2535 1772 2568; x_wconf 86' lang='lat' dir='ltr'>morbi</span> 
     </span>
    </p>

    <p class='ocr_par' dir='ltr' id='par_1_22' title="bbox 1057 2604 1771 2633">
     <span class='ocr_line' id='line_1_94' title="bbox 1057 2604 1771 2633; baseline 0.004 -3"><span class='ocrx_word' id='word_1_452' title='bbox 1057 2604 1068 2630; x_wconf 76' lang='lat'><strong>1</strong></span> <span class='ocrx_word' id='word_1_453' title='bbox 1090 2604 1284 2632; x_wconf 79' lang='lat' dir='ltr'>Institutionem</span> <span class='ocrx_word' id='word_1_454' title='bbox 1295 2604 1375 2632; x_wconf 91' lang='lat' dir='ltr'>huius</span> <span class='ocrx_word' id='word_1_455' title='bbox 1385 2604 1467 2632; x_wconf 80' lang='lat' dir='ltr'>Tertii</span> <span class='ocrx_word' id='word_1_456' title='bbox 1478 2604 1586 2632; x_wconf 86' lang='lat' dir='ltr'>Ordinis</span> <span class='ocrx_word' id='word_1_457' title='bbox 1597 2604 1657 2633; x_wconf 78' lang='lat' dir='ltr'>vide</span> <span class='ocrx_word' id='word_1_458' title='bbox 1668 2605 1694 2632; x_wconf 90' lang='lat' dir='ltr'>in</span> <span class='ocrx_word' id='word_1_459' title='bbox 1707 2613 1771 2633; x_wconf 93' lang='lat' dir='ltr'>con-</span> 
     </span>
    </p>
   </div>
   <div class='ocr_carea' id='block_1_16' title="bbox 1022 2649 1770 2733">
    <p class='ocr_par' dir='ltr' id='par_1_23' title="bbox 1022 2649 1770 2733">
     <span class='ocr_line' id='line_1_95' title="bbox 1022 2649 1770 2685; baseline 0.004 -10"><span class='ocrx_word' id='word_1_460' title='bbox 1022 2649 1161 2677; x_wconf 84' lang='lat' dir='ltr'>stitutione</span> <span class='ocrx_word' id='word_1_461' title='bbox 1176 2657 1253 2678; x_wconf 71' lang='lat' dir='ltr'>nvn</span> <span class='ocrx_word' id='word_1_462' title='bbox 1268 2649 1364 2678; x_wconf 76' lang='lat' dir='ltr'>Leonis</span> <span class='ocrx_word' id='word_1_463' title='bbox 1379 2650 1417 2685; x_wconf 87' lang='lat' dir='ltr'>X,</span> <span class='ocrx_word' id='word_1_464' title='bbox 1437 2651 1512 2678; x_wconf 75' lang='lat' dir='ltr'>Inter</span> <span class='ocrx_word' id='word_1_465' title='bbox 1531 2654 1631 2685; x_wconf 75' lang='lat' dir='ltr'>cetera,</span> <span class='ocrx_word' id='word_1_466' title='bbox 1654 2654 1719 2680; x_wconf 82' lang='lat' dir='ltr'>tom.</span> <span class='ocrx_word' id='word_1_467' title='bbox 1740 2659 1770 2685; x_wconf 89' lang='lat' dir='ltr'>v,</span> 
     </span>
     <span class='ocr_line' id='line_1_96' title="bbox 1023 2694 1158 2733; baseline 0.022 -13"><span class='ocrx_word' id='word_1_468' title='bbox 1023 2701 1081 2733; x_wconf 82' lang='lat' dir='ltr'>pag.</span> <span class='ocrx_word' id='word_1_469' title='bbox 1098 2694 1158 2723; x_wconf 54' lang='lat'>762.</span> 
     </span>
    </p>
   </div>
   <div class='ocr_carea' id='block_1_17' title="bbox 1789 279 1970 306">
    <p class='ocr_par' dir='ltr' id='par_1_24' title="bbox 1789 279 1970 306">
     <span class='ocr_line' id='line_1_97' title="bbox 1789 279 1970 306; baseline 0 0"><span class='ocrx_word' id='word_1_470' title='bbox 1789 281 1837 306; x_wconf 75' lang='lat' dir='ltr'>An.</span> <span class='ocrx_word' id='word_1_471' title='bbox 1854 280 1884 306; x_wconf 88' lang='lat' dir='ltr'>C.</span> <span class='ocrx_word' id='word_1_472' title='bbox 1903 279 1970 306; x_wconf 74' lang='lat'>¹568</span> 
     </span>
    </p>
   </div>
   <div class='ocr_carea' id='block_1_18' title="bbox 1818 1205 1928 1227">
    <p class='ocr_par' dir='ltr' id='par_1_25' title="bbox 1818 1205 1928 1227">
     <span class='ocr_line' id='line_1_98' title="bbox 1818 1205 1928 1227; baseline 0 -1"><span class='ocrx_word' id='word_1_473' title='bbox 1818 1205 1928 1227; x_wconf 80' lang='lat' dir='ltr'>Exordium</span> 
     </span>
    </p>
   </div>
   <div class='ocr_carea' id='block_1_19' title="bbox 1789 1793 1969 1847">
    <p class='ocr_par' dir='ltr' id='par_1_26' title="bbox 1789 1793 1969 1847">
     <span class='ocr_line' id='line_1_99' title="bbox 1828 1793 1969 1815; baseline 0.007 -1"><span class='ocrx_word' id='word_1_474' title='bbox 1828 1793 1893 1814; x_wconf 71' lang='lat' dir='ltr'>causa</span> <span class='ocrx_word' id='word_1_475' title='bbox 1909 1794 1969 1815; x_wconf 80' lang='lat' dir='ltr'>huius</span> 
     </span>
     <span class='ocr_line' id='line_1_100' title="bbox 1789 1825 1953 1847; baseline 0.006 -1"><span class='ocrx_word' id='word_1_476' title='bbox 1789 1825 1953 1847; x_wconf 72' lang='lat' dir='ltr'>reformationis.</span> 
     </span>
    </p>
   </div>
  </div>
 </body>
</html>
