2237 3100
222 247 271 274 Αη.
290 233 327 275 c(
339 236 405 275 iseo

463 233 504 272 ‘1:72

1016 239 1193 270 natitantem
1219 245 1367 268 ROMANt'M

420 301 460 334 sit
486 306 582 344 caput
607 300 751 340 Ordinis,
782 311 886 343 neque
929 300 969 333 ad
1002 299 1171 341 dignitates
1214 297 1341 329 modam
1372 296 1681 337 controversiarum,
1722 297 1965 330 contentionum

419 355 451 387 in
471 355 709 387 cathedralibus
737 360 792 387 aut
817 353 991 396 collegiatis
1015 363 1071 386 seu
1097 364 1171 385 eon-
1213 360 1248 382 ac
1269 349 1386 389 litium,
1413 361 1493 392 quas
1513 360 1610 393 super
1634 349 1726 383 dictis
1745 350 1967 384 observatione

419 408 620 441 ventualibus
640 408 800 448 ecelesiis,
826 418 885 440 nec
911 406 951 438 ad
976 405 1169 438 monasteria
1213 403 1512 446 ‹.·tinterpretati0ne
1523 403 1967 447 praesentiumposthaccon-

420 461 622 501 monialium,
646 471 750 504 neque
770 461 809 493 ad
826 459 977 494 ecclesias
1001 464 1032 491 et.
1057 469 1169 490 mona-

1215 457 1312 499 tinget
1322 456 1448 490 exoriri.
1464 457 1562 499 idque
1573 455 1722 499 privative
1733 457 1837 499 quoad
1854 468 1967 490 omnes

420 515 515 547 steria
533 516 619 559 apud
639 515 755 548 dictam
777 515 890 547 Sedem
912 513 1072 550 vacantia3
1096 511 1172 555 ipsis
1190 522 1194 537 ¹
1213 510 1290 543 alias
1310 516 1434 542 nostras
1454 509 1703 549 iurisdictiones,
1731 509 1967 554 cuiuscumque

419 574 527 601 autem
542 569 745 602 concordatis
756 574 783 600 et
802 565 987 610 privilegiis,
1003 576 1084 608 quae
1102 564 1171 598 illo·
1213 563 1374 605 dignitatis
1395 570 1423 595 et
1445 563 1643 596 auctoritatis
1670 563 1821 604 existant,
1850 564 1967 607 quibus

418 632 491 654 rum
512 622 619 665 vigore
631 626 877 657 concessasunt,
891 630 954 651 non
975 619 1171 652 intendimus

420 676 464 708 uti
489 687 545 709 seu
578 676 632 708 illa
655 675 773 707 habere
800 675 908 706 locum
937 672 968 704 in
994 672 1168 714 Britannia,

419 740 523 774 neque
544 730 576 762 in
596 729 757 773 provincia
776 726 971 767 Provinciae,
995 726 1051 760 etsi
1068 727 1171 760 dictus

419 783 600 816 Britanniae
621 783 757 815 ducatus
777 781 814 813 sit
832 780 863 812 in
880 785 990 813 nostra
1010 780 1098 823 regia
1115 792 1169 814 co-

419 848 497 870 rona
522 836 648 877 unitus,
680 836 733 868 sed
764 840 889 868 tantum
909 835 942 867 in
959 834 1044 867 dicto
1071 846 1170 878 regno

418 890 570 923 Franciae
597 895 627 923 et
656 890 849 934 Delphinum
879 894 909 922 et
936 888 1007 922 aliis
1032 889 1111 922 locis
1138 889 1170 922 in

418 944 537 977 eisdem
563 944 765 978 concordatis
795 941 985 977 nominatim
1016 942 1172 985 expressis

418 1004 448 1031 ct
463 999 673 1042 specificans,
696 997 884 1031 mandantes
904 997 1022 1030 nostris
1047 996 1172 1029 dilectis

417 1058 447 1085 et
462 1052 612 1085 fidelibus
628 1051 820 1086 consiliariis
836 1057 982 1084 nostrum
1000 1050 1171 1083 consilium

416 1105 574 1149 privatum
586 1105 779 1145 tenentibus,
800 1110 959 1148 quatenus
977 1105 1035 1148 ipsi
1048 1111 1172 1137 nostras

417 1164 601 1202 praesentes
628 1157 860 1191 declarationes
879 1163 910 1190 et
934 1159 1113 1191 voluntates
1123 1169 1171 1191 re-

418 1218 525 1255 ceptas
552 1218 579 1246 et
611 1212 765 1245 admissas
791 1216 1040 1250 manuteneant,
1063 1218 1171 1246 custo-

417 1266 503 1299 diant
525 1271 554 1299 ct
569 1266 748 1305 observent,
771 1277 807 1298 ac
824 1266 1040 1307 manuteneri,
1064 1272 1172 1299 ensto-

418 1319 478 1351 diri
498 1325 529 1352 et
558 1319 736 1360 observari,
762 1330 810 1360 ac,
835 1320 952 1352 vocatis
972 1325 1000 1353 et
1023 1320 1173 1354 adhibitis

417 1373 576 1406 advocatis
597 1379 625 1406 et
646 1374 913 1417 procuratorilnis·
937 1374 1054 1408 nostris
1080 1375 1172 1407 fisca-

419 1427 514 1467 libus,
538 1427 568 1459 in
590 1438 702 1460 eorum
720 1427 911 1461 authenticis
928 1434 958 1461 et
974 1427 1113 1471 publicis
1134 1429 1172 1461 ti-

420 1481 484 1513 bris
505 1486 535 1514 et
550 1480 692 1525 registris
713 1481 809 1514 scribi
834 1481 1020 1514 etannotari
1041 1482 1170 1523 saciant,

419 1534 528 1579 eisque
549 1535 727 1579 praefatum
753 1535 921 1568 dominum
948 1541 1094 1568 nostrum
1115 1537 1173 1569 Pa-

420 1599 492 1631 pam
522 1595 729 1633 sanctamque
755 1589 868 1623 Sedem
890 1589 1107 1633 Apostolicam
1137 1602 1174 1624 ac

421 1643 489 1675 eius
510 1643 701 1683 officiarios,
725 1643 964 1676 commissarios
988 1649 1018 1676 et
1039 1644 1174 1687 deputa-

421 1702 468 1730 tos
488 1698 582 1741 plene
604 1702 631 1730 et
654 1697 787 1741 pacifice
813 1697 952 1740 gaudere
979 1703 1007 1731 et
1033 1698 1079 1731 uti
1100 1710 1174 1743 per-

421 1750 556 1790 mittant,
577 1751 697 1794 absque
718 1762 755 1784 eo
776 1752 863 1794 quod
884 1751 946 1783 illis
966 1751 1106 1795 aliquam
1124 1752 1176 1785 de-

422 1814 519 1847 super
531 1804 721 1845 molestiam,
740 1804 1017 1848 perturlnitionem
1034 1806 1176 1838 ullumve

423 1856 690 1901 impedimentum
713 1858 862 1897 inferant3
890 1863 917 1890 et
951 1858 975 1890 si
997 1869 1079 1902 quac.
1106 1864 1175 1901 post

425 1912 580 1953 praefatas
610 1912 858 1955 approbationes
884 1917 912 1944 et
938 1912 1177 1955 registrationes

423 1970 533 1997 contra
552 1965 726 2008 praemissa
746 1965 827 1998 sacta
850 1966 908 1997 sint
941 1966 988 1998 vel
1009 1966 1138 2005 suerint,
1162 1978 1176 1997 e

422 2018 553 2060 vestigio
575 2023 602 2051 et
625 2019 744 2061 absque
757 2019 908 2052 dilatione
930 2025 1108 2057 amoveant,
1128 2031 1177 2052 ea—

423 2071 560 2115 demque
583 2073 756 2115 praemissa
777 2073 870 2116 plene
892 2078 920 2105 et
941 2073 1064 2116 integre
1085 2084 1178 2117 expe-

423 2125 487 2158 dita
507 2125 538 2157 in
559 2126 729 2169 pristinum
756 2132 785 2159 et
814 2126 957 2159 debitum
984 2131 1100 2159 statum
1126 2137 1176 2160 re-

423 2179 552 2212 stituant
575 2190 629 2211 seu
651 2179 775 2213 restitui
797 2180 929 2219 t'aciant;
948 2186 976 2212 et
990 2191 1103 2223 nequa
1124 2180 1174 2213 fiat

424 2231 594 2265 difficultas
609 2238 660 2265 aut
683 2232 901 2266 contraventio
913 2233 944 2265 in
957 2233 1177 2266 observatione

426 2286 601 2326 praesentis
630 2287 866 2325 declarationis,
894 2292 924 2319 ct
940 2292 972 2319 ut
993 2287 1179 2319 recidantur

426 2337 496 2372 lites
516 2345 546 2371 et
572 2340 820 2380 controversiae,
843 2352 925 2383 quae
946 2341 977 2373 in
990 2341 1177 2373 earumdem

426 2393 644 2425 observatione
676 2399 730 2425 aut,
762 2387 1025 2437 interpretatione
1051 2399 1176 2436 possent

427 2452 608 2485 emergere,
635 2443 672 2474 de
700 2442 898 2485 plenitudine
919 2442 1025 2485 regiae
1051 2448 1178 2475 nostrae

427 2491 589 2533 potestatis
609 2497 703 2534 atquc
725 2491 934 2528 auctoritatis,
957 2491 1179 2523 commisimus

427 2540 1053 2583 etcommittimusperpraesentesdictis
1063 2540 1179 2572 nostris

428 2588 629 2629 consiliariis,
647 2595 792 2622 nostrum
806 2595 965 2622 secretum
978 2595 1005 2622 et
1020 2590 1178 2632 privatum

428 2638 599 2670 consilium
616 2638 817 2677 tenentibus,
836 2638 1054 2680 cognitionem
1074 2637 1178 2671 omni-

1214 628 1272 650 nos
1297 618 1407 650 eadem
1434 617 1539 660 regiae
1573 617 1737 660 potestatis
1768 618 1968 661 plenitudine

1213 670 1436 703 interdiximus
1457 677 1485 703 et
1503 670 1725 704 interdicimus
1746 682 1804 714 per
1814 683 1967 716 praesen-

1214 728 1259 757 tes
1279 735 1407 757 omncm
1430 724 1660 765 cognitionem,
1682 724 1840 758 iudicium
1861 732 1891 760 et
1910 727 1966 760 de-

1214 778 1366 811 cisionem
1389 778 1548 811 dictarum
1568 778 1873 821 controversiarum,
1896 791 1968 824 pro-

1215 836 1249 863 ut
1258 832 1444 871 dictumest,
1455 831 1685 864 movendarum
1698 843 1704 871 ;
1718 832 1762 865 sic
1777 832 1863 865 enim
1873 834 1967 867 nobis

1214 885 1282 917 fieri
1293 885 1407 928 placet:
1424 885 1455 917 in
1474 885 1566 928 cuius
1578 885 1797 920 testimonium
1813 898 1966 931 praesen-

1215 938 1410 971 tibusliteris
1425 944 1571 971 nostrum
1588 939 1730 981 sigillum
1749 941 1888 985 appendi
1900 942 1967 976 ius-

1214 993 1324 1026 simus.
1347 993 1461 1026 Datum
1483 994 1567 1037 apud
1590 993 1741 1026 Sanctum
1759 994 1966 1035 Germanum,

1214 1047 1264 1079 die
1275 1047 1424 1090 vigesima
1436 1058 1520 1080 nona
1529 1046 1649 1081 mensis
1659 1047 1831 1086 iulii‚anno
1840 1050 1966 1084 Domini

1215 1100 1385 1133 millesimo
1412 1101 1670 1144 quingentesimo
1686 1102 1965 1145 quinquagesimo,

1215 1154 1304 1197 regni
1325 1160 1433 1187 autem
1453 1155 1552 1188 nostri
1573 1161 1699 1199 quarto.

1259 1208 1343 1240 Nulli
1364 1219 1441 1251 ergo
1461 1209 1593 1242 omnino
1613 1209 1782 1242 hominum
1803 1215 1859 1243 etc.

1259 1262 1371 1295 Datum
1394 1262 1513 1294 Romae.
1534 1262 1620 1306 apud
1643 1262 1796 1295 Sanctum
1817 1264 1946 1298 Petrum
1956 1287 1966 1305 3,

1215 1326 1300 1348 anno
1330 1315 1563 1348 incarnationis
1591 1316 1771 1349 dominicae
1800 1317 1970 1351 millesimo

1215 1369 1472 1412 quingentesimo
1501 1370 1770 1413 quinquagesimo
1808 1382 1894 1405 nono
1931 1372 1943 1395 1
1963 1399 1969 1412 ‚

1216 1423 1459 1465 quartodecimo
1480 1424 1633 1457 kalendas
1648 1424 1813 1463 februarii,
1840 1425 1970 1469 pontifi-

1217 1482 1306 1509 catus
1330 1477 1430 1510 nostri
1452 1487 1535 1509 anno
1556 1487 1576 1509 1.

1238 1535 1298 1565 [tat.
1321 1536 1368 1566 die
1393 1537 1428 1565 «10
1453 1537 1578 1566 ianuarii
1604 1537 1689 1573 1560,
1713 1537 1815 1576 pontif.
1839 1547 1914 1567 anno
1931 1547 1950 1568 1.

1568 1680 1618 1712 ΠΙ.

1218 1747 1405 1780 Iuri'sdiclio
1418 1747 1597 1779 caminatis
1609 1747 1799 1790 protectoris
1810 1751 1840 1780 et
1856 1747 1973 1780 iudicis

1263 1811 1435 1833 cuasarum
1451 1801 1719 1843 arelii'leospz'tulis
1732 1811 1912 1844 pauperum
1923 1801 1974 1833 in-

1263 1855 1432 1897 firmorum
1455 1855 1686 1887 incurabilium
1709 1855 1746 1886 de
1769 1854 1850 1887 Urbe
1876 1853 1903 1886 2.

1252 1927 1313 1955 Pius
1332 1927 1402 1962 Papa
1420 1927 1461 1958 tv,
1485 1926 1517 1953 ad
1535 1927 1696 1961 perpetuam
1714 1927 1756 1954 rei
1773 1926 1941 1954 memoriam.

1265 1988 1308 2020 ,til
1322 1988 1459 2021 caritatis
1474 1995 1501 2021 et
1515 1989 1754 2022 misericordiae
1766 2000 1864 2033 opera
1881 1987 1972 2023 Chri-

1221 2041 1257 2072 sti
1279 2042 1475 2085 pauperibus
1497 2041 1526 2073 111
1548 2041 1788 2086 archiliospitali
1809 2041 1974 2076 incurabi-

1221 2095 1298 2126 lium
1317 2095 1348 2128 S.
1372 2095 1477 2128 Iarobi
1498 2095 1528 2128 in
1552 2096 1692 2137 Augusta
1713 2095 1750 2127 dc
1770 2095 1867 2136 Urbe,
1891 2106 1973 2139 quae

1221 2148 1357 2180 maxima
1378 2154 1408 2182 et
1428 2148 1579 2182 continua
1596 2154 1681 2188 sunt,
1699 2148 1766 2181 siiie
1782 2148 1973 2182 detrimento

1220 2202 1265 2233 vel
1293 2201 1529 2234 intermissione
1555 2202 1745 2242 exercenda,
1768 2212 1908 2245 aequum
1928 2206 1973 2234 est

1222 2255 1389 2298 prorider(¹
1421 2261 1451 2288 nt
1481 2256 1558 2288 illud
1584 2267 1619 2288 ac
1639 2266 1697 2299 pro
1718 2266 1755 2288 eo
1784 2255 1974 2288 famulantes

1220 2320 1237 2341 a
1259 2309 1360 2349 noxis,
1380 2316 1536 2353 qnantum
1555 2315 1670 2354 potest,
1692 2310 1882 2343 liberentur.

1258 2377 1267 2402 l
1288 2376 1368 2403 Error
1387 2376 1426 2403 hic
1443 2377 1601 2412 typographi
1613 2378 1729 2412 irrepsit.
1741 2376 1788 2403 Die
1799 2385 1913 2412 namque
1925 2385 1973 2404 xiv

1221 2420 1271 2446 liat.
1292 2421 1359 2447 febr.
1378 2423 1437 2447 anni
1454 2430 1538 2449 nntix
1556 2422 1674 2449 nondum
1696 2422 1867 2448 renunciatus
1888 2421 1972 2449 fuerat

1222 2465 1339 2492 Pontifex
1362 2466 1489 2493 Maximus
1507 2467 1648 2494 cardinalis
1674 2466 1804 2493 Medices:
1832 2466 1972 2502 legendum

1222 2511 1310 2545 itaque
1335 2519 1397 2537 ann.
1419 2519 1491 2538 merx
1512 2513 1549 2547 (a.
1571 2517 1621 2547 τι).
1660 2512 1676 2537 ⁶.)
1695 2511 1780 2538 Huius
1808 2511 1973 2550 archihospi·

1222 2556 1278 2582 talis
1307 2556 1498 2584 iustitutionem
1519 2563 1545 2584 et
1565 2557 1699 2592 privilegia
1720 2556 1827 2584 attende
1852 2556 1878 2583 in
1904 2564 1971 2584 con-

1221 2600 1357 2627 stitutione
1374 2609 1421 2627 xv·
1440 2602 1534 2628 Leonis
1550 2602 1586 2633 X,
1604 2603 1757 2633 Snlcaloris,
1780 2604 1843 2628 tom.
1862 2608 1890 2633 v,
1912 2608 1970 2636 pag.

1221 2645 1281 2672 559.

1983 236 2040 268 An:
2051 241 2081 269 C.
2098 241 2165 269 1560

2011 1221 2128 1243 clausulae.

2015 2000 2133 2021 Exordium-
