2237 3100
214 237 266 262 An.
284 237 311 262 C,
330 236 396 262 (568

240 298 355 318 Continuis
363 299 395 320 ile-

213 332 270 354 rogat
279 338 283 352 ;

250 777 392 803 Transumptis

211 810 267 830 credi
283 808 348 829 iubet.

237 2315 368 2336 Prooemium,

454 225 518 259 648

410 288 575 332 quibusvis
600 286 795 330 apostolicis,
823 294 948 317 necnon
978 283 1008 313 in
1029 281 1157 324 provin-

411 341 545 375 cialibus
561 347 587 372 et
613 339 818 383 synodalibus
835 335 979 369 conciliis
996 334 1088 366 editis
1108 345 1159 375 ge-

410 395 574 429 neralibus
594 394 640 426 vel
657 392 851 435 specialibus
876 387 1159 422 constitutionibus

409 455 440 483 et
455 447 726 485 ordinationibus;
755 451 850 487 atque
878 443 1005 476 Ordinis
1025 441 1158 486 praefati

409 509 439 536 et
463 500 627 546 quibusvis
642 499 722 539 aliis,
746 499 841 532 etiani
868 497 1066 534 iuramento,
1085 506 1159 529 con-

409 555 589 589 firmatione
616 552 793 597 apostoliea
809 551 857 584 vel
877 550 988 595 quavis
1009 550 1158 583 firmitate

408 608 579 648 roboratis,
598 607 732 645 statutis,
763 604 1064 640 consuetudinibus,
1089 615 1159 637 cae-

409 662 549 705 terisque
581 659 752 694 contrariis
773 659 1045 703 quibuscumque.

451 715 466 758 ἓ
485 715 516 748 5.
534 715 716 753 Caeterum,
739 713 815 756 quia
832 712 960 745 difficile
973 713 1051 745 soret
1066 723 1157 756 prae-

407 774 513 802 sentes
528 767 650 801 litteras
665 767 704 800 ad
724 767 850 809 singula
869 777 1016 810 quaeque
1031 767 1113 806 loca,
1127 766 1158 798 in

406 822 525 866 quibus
541 821 713 866 expediens
732 821 825 861 soret,
840 820 978 860 deferre,
997 820 1155 861 volumus,

407 881 437 909 et
456 875 603 908 similiter
631 874 807 918 apostoliea
822 873 1013 907 auctoritate
1029 873 1157 917 praedi-

407 935 456 962 cta
467 928 673 961 decernimus
687 928 774 971 quod
788 927 918 960 illarum
936 928 1155 970 transumptis,

406 993 503 1015 manu
528 982 668 1015 alicuius
696 981 813 1014 notarii
836 981 957 1024 publici
993 981 1157 1024 subscrip-

406 1036 456 1077 tis,
475 1048 511 1069 ae.
527 1035 631 1079 sigillo
643 1035 779 1068 alicuius
791 1045 948 1078 personae
960 1034 992 1066 in
1005 1034 1157 1077 dignitate

405 1090 581 1133 apostoliea
622 1089 813 1122 constitutae
854 1087 1003 1128 munitis,
1045 1088 1156 1121 eadem

405 1153 547 1187 prorsus,
569 1143 601 1175 in
623 1142 741 1176 iudicio
761 1148 792 1175 et
811 1148 910 1180 extra,
934 1153 970 1175 ae
988 1142 1065 1175 alias
1086 1142 1156 1174 ubi—

405 1196 481 1229 libet
502 1196 580 1229 fides
600 1196 733 1228 indubia
752 1195 955 1235 adhibeatur,
978 1206 1061 1238 quae
1078 1206 1157 1239 pra*-

404 1250 546 1282 sentibus
574 1249 792 1290 adhiberetur,
815 1249 841 1282 si
861 1249 965 1283 forent
999 1249 1156 1282 exhibitae

405 1304 452 1336 vel
472 1309 628 1336 ostensae.

449 1357 563 1391 Datum
585 1358 705 1390 Romae
729 1358 815 1401 apud
849 1357 879 1390 S.
912 1357 1064 1393 Petrum,
1098 1357 1156 1389 sub

405 1412 526 1444 annulo
569 1411 751 1451 Piscatoris,
795 1410 845 1443 die
887 1415 995 1443 octava
1020 1411 1156 1443 ianuarii

404 1474 556 1505 MDvant,
579 1464 784 1509 pontificatus
804 1464 903 1498 nostri
924 1475 1008 1497 anno
1030 1465 1135 1498 tertio.

434 1523 494 1553 Dat.
511 1524 556 1554 die
569 1525 586 1554 8
601 1524 726 1554 ianuarii
751 1524 834 1560 1568,
851 1524 952 1563 pontis.
974 1534 1050 1554 anno
1078 1534 1117 1555 tlt.

702 1699 858 1732 LXXXIII.

404 1778 586 1810 Declarate'o
605 1787 700 1819 super
726 1776 884 1818 fructibus
900 1780 928 1808 et
957 1776 1100 1808 rensibus
1121 1787 1157 1808 ac

447 1831 522 1863 aliis
543 1831 632 1863 rebus
644 1841 707 1862 non
722 1830 843 1862 erasti&
859 1839 917 1871 per
932 1840 971 1861 eci
983 1830 1157 1862 tesius-tiro<

449 1886 540 1928 reyni
552 1884 761 1927 Neapolitani
773 1888 910 1926 tempore
923 1894 1029 1915 eorum
1043 1884 1156 1919 otu'tns.

450 1943 481 1971 itt
508 1939 690 1971 habeantur
714 1937 798 1969 inter
821 1938 936 1980 spolia,
959 1941 987 1969 el
1005 1938 1158 1969 similiter

449 1993 560 2026 relicta
571 2002 844 2036 perqnoscttmque
855 1992 992 2027 clericos,
1004 1992 1156 2034 beneficia

448 2047 660 2079 ecclesiastica
674 2046 759 2078 ultra
781 2046 919 2078 valorem
936 2046 1072 2088 tristium
1098 2046 1156 2077 stn-

450 2104 595 2133 catonem
616 2100 794 2132 obtinentes
818 2099 840 2130 ¹.

466 2181 527 2210 Pius
541 2182 611 2216 Papa
625 2180 663 2213 V,
682 2180 716 2208 ad
734 2179 863 2208 futuram
882 2180 923 2207 rei
942 2180 1112 2208 memoriam.

451 2253 585 2287 Romani
622 2251 787 2286 Pontificis
817 2262 894 2284 cura
935 2257 963 2283 et
994 2251 1157 2294 diligentia

408 2308 644 2352 circumspecta
686 2307 725 2339 ad
760 2317 796 2339 ea
825 2305 962 2338 libenter
996 2305 1127 2338 intendit
1149 2333 1156 2345 ‚

410 2373 467 2406 per
480 2372 574 2404 quae,
592 2371 668 2394 suae
694 2359 921 2393 declarationis
949 2359 1158 2395 adminiculo,

410 2415 506 2448 dubia
532 2416 570 2448 de
590 2415 696 2448 medio
717 2414 896 2453 tollantur,
920 2413 1079 2456 simulque
1101 2413 1157 2446 Ca-

412 2480 518 2502 merae
538 2468 739 2513 Apostolicae
759 2466 961 2501 indemnitati
977 2472 1159 2509 opportune

412 2523 628 2567 provideatur.

455 2578 470 2621 ἓ
486 2577 517 2610 1.
535 2577 615 2610 Cum
632 2577 752 2620 itaque,
769 2574 1160 2618 sieutaccepimus,saepe

450 2645 459 2671 t
482 2645 521 2672 Ex
538 2643 642 2679 Regest.
661 2644 687 2670 in
707 2643 808 2672 Secret.
827 2642 963 2670 Brevium.

1004 227 1179 252 BI'LLARIUIII
1205 226 1354 250 ROMANUM

1200 279 1366 321 contingat
1387 284 1421 310 nt
1441 278 1589 310 nonnulli
1616 277 1863 322 archiepiscopi,
1881 277 1949 321 epi-

1201 333 1302 375 scopi,
1325 331 1466 369 abbates,
1495 336 1637 363 rectores
1656 336 1686 363 et
1705 331 1758 363 alii
1776 330 1884 364 clerici
1902 342 1950 363 re-

1201 386 1253 427 gui
1289 384 1513 429 Neapolitani,
1547 384 1704 417 beneficia
1737 384 1950 417 ecelesiastica

1201 439 1381 473 obtinentes
1399 466 1406 479 ,
1428 439 1562 478 fruetus,
1586 448 1701 470 census
1724 443 1755 471 et
1781 449 1891 480 grana,
1912 439 1950 471 ab

1201 494 1246 526 eis
1264 505 1321 537 pro
1333 493 1453 525 semine
1474 492 1547 524 data
1566 498 1596 524 et
1616 491 1782 531 sentinata,
1805 497 1950 536 tempore

1201 558 1314 579 eorum
1340 547 1445 579 obitus
1464 546 1669 589 relinquant,
1696 556 1778 588 quae
1805 545 1948 589 quidem,

1202 606 1295 644 prout
1323 605 1447 633 caetera
1468 599 1569 642 spolia
1588 599 1627 632 ad
1648 609 1705 631 nos
1730 604 1757 631 et
1784 597 1950 632 Cameram

1201 653 1398 698 praedietain
1419 659 1562 697 spectare
1596 658 1627 685 et
1646 652 1792 685 devoluta
1809 662 1877 685 esse
1902 652 1950 685 di-

1200 712 1415 750 gnoseiiiitur3
1438 717 1506 747 nos,
1529 717 1569 739 ne
1589 706 1628 739 ab
1648 706 1811 750 aliquibus
1837 706 1899 739 hoe
1919 706 1950 738 in

1201 762 1335 795 dubium
1366 761 1447 794 trahi
1474 759 1591 805 possit,
1615 771 1691 793 neve
1716 760 1784 803 ipsa
1819 759 1951 793 Camera

1201 827 1298 859 super
1325 815 1446 848 iuriam
1481 825 1615 847 suorum
1649 813 1855 858 perceptione
1885 814 1951 847 ullo

1201 875 1294 914 paeto
1314 869 1461 902 laedatur
1491 874 1545 900 aut
1565 867 1675 910 quavis
1698 868 1736 900 de
1766 878 1862 900 causa
1895 868 1950 900 de-

1201 924 1378 963 fraudetur,
1391 929 1612 967 opportunum
1631 921 1811 955 remedium
1827 926 1951 955 mature

1200 977 1353 1009 adhibere
1373 977 1527 1009 volentes.

1243 1032 1257 1073 ,ξ
1277 1030 1306 1062 ι).
1332 1031 1415 1063 Motu
1438 1029 1569 1073 proprio
1600 1034 1630 1062 et
1650 1040 1686 1061 ex
1711 1034 1797 1062 certa
1817 1029 1951 1062 scientitt

1201 1090 1390 1128 inatiu'aijpie
1425 1083 1655 1116 deliberatione
1685 1083 1802 1116 nostris
1821 1110 1828 1123 ,
1864 1083 1950 1126 quod

1200 1139 1307 1172 omnia
1341 1144 1368 1170 et
1392 1138 1516 1181 singula
1530 1140 1665 1177 fructus,
1680 1148 1796 1170 census
1807 1142 1837 1170 et
1852 1136 1951 1179 grana

1200 1204 1257 1236 pro
1269 1192 1389 1224 semiue
1401 1192 1472 1224 data
1484 1203 1521 1224 ac
1530 1191 1685 1225 seminata
1701 1190 1876 1234 praedicta,
1895 1202 1952 1234 per

1199 1257 1430 1290 quoscumque
1463 1246 1741 1289 archiepiscopos,
1769 1244 1949 1288 episcopos,

1206 1300 1346 1339 abbates,
1376 1305 1515 1331 i·i:·‹i·tores
1537 1305 1568 1332 et
1586 1298 1721 1331 elericos
1748 1299 1949 1342 praedictos,

1201 1359 1261 1385 tem
1268 1364 1344 1396 pore
1361 1353 1504 1396 ipsorum
1529 1352 1634 1385 obitus
1650 1352 1893 1395 quomodolibet
1903 1363 1951 1386 re-

1200 1407 1285 1445 licta,
1300 1418 1382 1450 quae
1393 1407 1432 1440 ab
1444 1407 1504 1439 illis
1520 1407 1696 1440 virentibus
1705 1412 1814 1440 exacta
1824 1407 1872 1440 vel
1884 1407 1951 1440 col-

1200 1463 1279 1494 lecta
1300 1467 1355 1494 aut
1375 1462 1406 1494 in
1424 1461 1553 1505 propria
1572 1462 1688 1495 horrea
1707 1461 1866 1494 conducta
1887 1472 1951 1495 non

1199 1516 1328 1555 fuerint,
1345 1527 1404 1560 pro
1416 1522 1482 1549 rata
1499 1516 1631 1549 seminis
1650 1516 1837 1550 huiusmodi
1857 1517 1950 1550 dum-

1200 1575 1283 1603 taxat
1300 1581 1307 1609 3
1330 1576 1359 1602 et
1380 1570 1499 1614 pariter
1518 1571 1621 1610 bona,
1644 1582 1695 1603 res
1715 1576 1746 1603 et
1765 1570 1826 1604 alia
1851 1582 1951 1615 quae—

1200 1635 1339 1668 cumque
1352 1636 1408 1668 per
1419 1625 1542 1658 obitum
1558 1625 1746 1669 quorumvis
1757 1625 1951 1658 elericorum

1199 1678 1341 1711 eiusdem
1364 1679 1452 1721 regni
1473 1679 1629 1712 beneficia
1650 1679 1866 1712 ecclesiastiea
1889 1679 1950 1712 hu-

1200 1732 1350 1773 iusmodi,
1374 1733 1512 1766 ‹jeuiusxis
1537 1744 1681 1766 summae
1713 1739 1741 1766 et
1767 1734 1953 1777 quantitatis

1199 1787 1316 1820 valoris
1332 1787 1510 1825 existentia,
1525 1788 1607 1819 ultra
1618 1787 1745 1830 triginta
1758 1788 1953 1821 ducatorum

1200 1842 1269 1875 auri
1290 1843 1328 1874 (le
1352 1843 1485 1875 Camoni
1506 1842 1722 1875 obtinentium
1748 1841 1889 1879 dimissa,
1914 1843 1953 1875 ad

1202 1903 1296 1929 noset
1320 1897 1616 1930 dictamtlainerain
1639 1896 1787 1939 utspolia
1808 1902 1954 1939 spectare

1200 1956 1227 1982 et
1250 1951 1399 1983 ‹sim-otum
1418 1951 1484 1983 sore
1502 1956 1531 1983 et
1562 1961 1630 1983 esse
1652 1956 1682 1983 et
1701 1950 1785 1983 inter
1806 1961 1843 1983 ea
1863 1961 1953 1984 eom-

1201 2004 1358 2048 prehendi
1394 2004 1537 2041 debere,
1573 2014 1609 2036 ac
1635 2009 1798 2047 tamquam
1829 2004 1953 2048 reliqua

1200 2058 1299 2101 spolia
1325 2069 1382 2101 per
1402 2058 1544 2091 eiusdem
1566 2058 1717 2091 Gamerae
1733 2059 1922 2091 collectores
1936 2070 1953 2091 a

1200 2112 1366 2155 quibusvis
1386 2123 1499 2144 eorum
1534 2112 1755 2145 detentoribus
1795 2117 1826 2145 et
1854 2123 1952 2145 oecu-

1202 2167 1367 2210 patorilnis
1389 2166 1486 2199 libere
1507 2166 1588 2208 exigi
1605 2193 1612 2202 ,
1636 2166 1730 2199 levari
1765 2172 1795 2199 et
1805 2177 1951 2210 recupe-

1202 2221 1277 2252 rari.

1245 2277 1259 2315 ξ
1283 2274 1313 2306 53.
1353 2275 1502 2318 Ipsosque
1534 2275 1723 2307 collectores
1742 2286 1758 2307 a
1784 2274 1950 2318 quopiam,

1201 2339 1408 2371 quocumque
1444 2333 1607 2372 praetextu
1644 2333 1699 2360 aut.
1727 2328 1872 2370 quaesito
1897 2338 1952 2361 co-

1203 2384 1282 2422 lore,
1305 2394 1369 2426 quo
1391 2382 1498 2415 minus
1524 2382 1577 2414 illa
1598 2382 1722 2424 exigere
1752 2382 1877 2414 valeant
1896 2382 1951 2414 de-

1202 2444 1300 2476 super
1344 2432 1491 2476 impediri
1536 2438 1591 2464 aut
1620 2431 1780 2464 molestari
1821 2431 1952 2464 mininie

1204 2493 1307 2525 posse.

1247 2531 1312 2575 ξά.
1346 2531 1462 2574 Sicque
1484 2542 1542 2574 per
1570 2540 1792 2574 quoscumque
1831 2529 1954 2562 iudices

1204 2586 1234 2613 et
1253 2580 1509 2620 commissarios,
1541 2579 1650 2624 quavis
1674 2578 1862 2611 auctoritate
1883 2579 1954 2611 fun-

1204 2636 1326 2673 gentes,
1344 2630 1469 2663 sublata
1486 2629 1530 2663 eis
1554 2635 1584 2664 et
1601 2639 1714 2663 eorum
1735 2627 1866 2662 cuilibet
1877 2639 1954 2671 qua-

1968 221 2016 247 An.
2035 222 2064 247 C.
2082 221 2150 249 ¹568

1987 282 2053 303 Causa
2069 284 2149 304 consti<

1967 315 2060 336 tutionis.

2028 1039 2079 1066 Quae
2094 1041 2149 1061 inter

1966 1071 2034 1096 spotia
2043 1071 2068 1091 ad
2075 1070 2150 1091 came<

1967 1108 2010 1122 ram
2038 1102 2149 1129 Apostoli-

1966 1139 2010 1153 cam
2049 1136 2150 1160 spectan-

1967 1166 1996 1185 tia
2006 1165 2150 1185 enumeranda

1967 1196 2016 1217 sini.

2014 1585 2070 1606 nona
2084 1586 2152 1607 cteri-

1968 1622 2047 1642 eorum,
2063 1617 2098 1645 qui
2113 1617 2152 1638 be-

1967 1649 2043 1669 neticia
2050 1649 2153 1669 eeclesia-

1967 1680 2021 1700 stica
2043 1680 2097 1701 ultra
2113 1681 2153 1700 tri·

1967 1711 2025 1737 ginta
2062 1712 2151 1732 ducatos

1968 1742 2087 1768 obtineant,
2124 1743 2150 1763 ad

1968 1773 2075 1794 Camenam
2091 1774 2150 1800 Apo-

1968 1806 2064 1826 stolia-am
2084 1807 2151 1832 pei-ti—

1969 1837 2058 1858 nebunt.

2020 2290 2153 2312 Collectures

1967 2327 2030 2349 super
2046 2322 2150 2348 praemis—

1967 2354 1996 2373 sis
2033 2353 2151 2373 molestiam

1967 2389 2008 2404 non
2029 2384 2110 2410 possint
2126 2383 2151 2403 ab

1968 2415 2010 2437 uno
2027 2417 2134 2443 recipere.

1995 2537 2115 2558 Clausutae.
