2237 3100
183 217 234 244 An.
250 215 280 244 C.
298 215 368 244 ¹5⁷0
425 207 491 242 840

214 934 309 961 llludque
324 934 364 954 ini-

180 967 253 987 niuzari
289 966 364 992 prohi-

178 996 222 1017 bei.

982 217 1162 241 BULLARIUM
1185 216 1337 241 ROMANUM

381 272 414 305 in
430 272 550 306 eisdem
572 272 716 306 ecelesiis
736 272 863 305 assidue
890 271 1056 304 observata
1075 271 1133 312 sit,
1177 270 1226 304 bis
1247 276 1403 304 statutum
1420 276 1478 312 est,
1500 271 1732 305 celebrandum
1748 277 1932 314 teneantur,

381 337 398 359 a
418 327 549 370 quibus,
571 332 605 359 ut
622 327 795 370 praefatam
813 325 1000 358 celebrandi
1016 325 1135 358 consti-

381 379 538 413 tutionem
559 380 607 413 vel
632 378 899 412 consuetmlinem
929 389 1136 422 nequaquam

382 433 570 471 auferimus,
593 433 639 465 sic
655 432 679 465 si
701 432 828 465 missale
848 432 922 472 hoc,
946 433 1033 476 quod
1049 444 1136 466 nunc

381 485 413 518 in
433 486 540 519 lucem
557 485 607 518 cdi
621 486 815 526 curavimus,
829 485 941 519 iisdem
954 486 1055 529 magis
1070 486 1138 529 pla-

381 544 479 578 ceret,
496 539 533 571 de
546 539 691 582 episcopi
712 540 761 572 vel
777 539 912 582 praelati
938 539 1136 583 capitulique

380 592 519 624 universi
540 602 713 633 consensu,
736 598 783 633 ut,
807 592 972 635 quibusvis
996 604 1061 626 non
1082 594 1136 626 011-

380 640 550 680 stantibus,
572 640 659 673 iuxta
672 641 750 673 illud
762 641 874 673 missas
888 642 1053 674 celebrare
1065 653 1138 685 pos-

380 688 453 728 sint,
478 689 712 731 permittimus;
732 701 769 723 ex
787 690 857 723 aliis
884 702 957 723 vero
986 692 1137 725 omnibus

380 737 524 770 ecclesiis
554 738 704 780 praefatis
734 739 923 772 eorumdem
958 741 1136 774 missalium

379 796 472 817 usum
495 786 652 826 tollendo,
675 787 795 830 illaque
816 788 946 831 penitus
958 794 987 822 et
1003 790 1136 823 omniuo

379 833 568 867 reiieiende.

423 883 437 925 ξ
457 882 488 915 3.
511 884 555 915 Ae
576 883 651 916 lmic
664 884 784 917 missali
802 891 911 919 nostro
928 897 1034 930 nuper
1051 888 1137 921 edito

378 931 459 964 nihil
490 943 645 975 umquam
680 933 878 974 addendum,
901 935 1135 969 detrahendum

378 986 433 1012 aut
462 980 702 1013 immutandum
724 992 791 1015 esse
824 983 1042 1023 decernendo,
1078 986 1137 1018 sub

378 1028 610 1071 indignationis
639 1036 766 1063 nostrae
787 1042 904 1074 poena,
935 1033 995 1066 liae
1029 1040 1137 1068 nostra

378 1083 536 1120 perpetuo
557 1079 694 1112 valitura
715 1080 945 1114 constitutione
966 1083 1137 1116 statuimus

378 1131 406 1158 et
428 1126 630 1160 ordinamus.
654 1128 838 1161 Mandantcs
860 1141 897 1162 ae
927 1130 1047 1163 directe
1066 1143 1136 1164 0111-

377 1174 473 1207 nibus
494 1181 524 1208 et
554 1176 688 1218 siugulis
717 1178 930 1210 eeclesiarum
952 1180 1136 1222 praedicta-

377 1234 450 1256 rum
467 1225 672 1268 patriarchis,
695 1226 1015 1261 administratoribus
1047 1230 1136 1263 aliis-

377 1283 440 1315 que
475 1274 634 1316 personis,
667 1286 874 1319 quacumque
920 1278 1137 1312 ecelesiastica

377 1321 533 1363 dignitate
569 1323 779 1365 fulgentibus
812 1325 907 1357 etiam
948 1326 973 1358 si
1007 1334 1137 1360 sanctae

377 1369 540 1403 Romanae
560 1371 723 1405 Ecclesiae
744 1373 925 1407 cardinales
946 1380 999 1408 aut
1027 1376 1137 1409 cuius-

376 1419 422 1452 vis
442 1421 576 1453 alterius
596 1422 715 1463 gradus
735 1428 765 1455 et
786 1424 1051 1466 praeeminentiae
1070 1426 1137 1459 sue-

378 1468 454 1506 rint,
477 1469 541 1502 illis
574 1470 607 1502 111
627 1470 743 1503 virtute
770 1478 898 1505 sauctae
934 1473 1137 1507 obedientiae

378 1518 614 1561 praecipientes
625 1525 669 1559 ut,
686 1520 802 1553 ceteris
822 1522 974 1555 omnibus
999 1523 1135 1556 rationi-

377 1567 438 1599 bus
458 1573 489 1600 et
517 1568 633 1601 ritibus
654 1580 691 1602 ex
716 1569 788 1602 aliis
809 1570 1005 1612 missalibus,
1029 1583 1135 1616 quan-

377 1616 495 1649 tumvis
519 1618 663 1658 vetustis,
695 1618 854 1652 haetenus
875 1620 1037 1653 observari
1059 1633 1136 1655 0011-

378 1665 489 1705 5110115,
512 1665 545 1697 111
580 1672 745 1709 posterum
778 1667 907 1710 penitus
940 1669 1067 1702 omissis
1101 1682 1138 1705 ae

378 1714 473 1757 plane
502 1715 640 1755 reiectis,
676 1716 807 1748 missam
829 1717 915 1750 iuxta
946 1719 1079 1752 modum
1101 1732 1138 1754 ae

378 1772 539 1803 normam,
561 1775 643 1807 quae
679 1776 737 1808 per
758 1765 885 1799 missale
906 1767 968 1800 hoe
989 1779 1006 1801 a
1044 1769 1137 1803 1101115

378 1822 465 1845 nunc
486 1813 634 1853 traditur,
657 1814 828 1847 decantent
848 1826 883 1847 ae
899 1816 1136 1862 legant,neque

377 1859 410 1892 in
431 1861 547 1894 missae
568 1862 785 1896 celebratione
811 1864 888 1896 alias
916 1868 1137 1901 caeremonias

376 1909 424 1941 vel
445 1920 569 1952 preces,
592 1921 689 1954 quam
711 1922 794 1954 quae
815 1912 875 1945 1100
898 1914 1019 1947 missali
1033 1917 1136 1950 conti-

376 1963 505 1999 nentur,
540 1959 658 1992 addere
678 1960 726 1993 vel
748 1961 883 1994 recitare
913 1972 1133 2005 praesumant.

377 2006 480 2049 Atque
500 2013 534 2040 ut
556 2008 617 2040 hoe
630 2008 735 2051 ipsum
757 2009 895 2050 missale,
913 2011 945 2043 in
967 2013 1063 2046 missa
1080 2015 1136 2048 de-

378 2055 536 2088 cantanda
557 2062 612 2089 aut
632 2057 841 2090 reeitandain
857 2060 1023 2102 quibusvis
1035 2064 1137 2096 eccle-

378 2102 445 2143 siis,
479 2103 600 2147 absque
636 2106 702 2138 ullo
729 2107 945 2141 eonscientiae
980 2113 1136 2154 scrupulo

379 2156 434 2183 aut
464 2152 647 2195 aliquarum
674 2165 867 2197 poenarum,
903 2159 1135 2193 sententiarum

379 2205 410 2232 et
436 2211 648 2235 censurarum
677 2203 824 2245 incursu,
846 2207 981 2249 posthae
1002 2209 1135 2243 omnino

379 2255 568 2292 sequantur,
589 2262 692 2295 eoque
718 2253 820 2286 libere
841 2259 871 2287 et
890 2255 977 2288 licite
998 2257 1043 2289 uti
1065 2269 1137 2301 pos—

378 2297 441 2330 sint
461 2304 492 2332 et
510 2300 646 2341 valeant,
669 2302 861 2335 auctoritate
881 2305 1068 2347 apostolica,
1089 2312 1136 2339 te-

378 2357 457 2379 nore
478 2356 719 2391 praesentium,
741 2351 836 2384 etiam
868 2358 1026 2396 perpetuo
1058 2366 1135 2388 con-

379 2395 523 2429 cedimus
548 2403 576 2430 et
598 2398 815 2442 indulgemus.
842 2400 924 2434 Neve
955 2404 1133 2444 praesules,

378 2443 667 2488 administratores,
703 2448 865 2489 canonici,
896 2451 1078 2493 cappellani
1107 2457 1135 2484 01

379 2492 434 2524 alii
456 2504 664 2538 quocumque
690 2497 822 2530 nomine
842 2499 1023 2542 nuncupati
1044 2510 1134 2543 pres-

378 2539 497 2584 byteri,
534 2544 715 2578 saeculares
747 2552 801 2579 aut
835 2546 976 2580 cuiusvis
1008 2547 1136 2581 Ordinis

379 2590 556 2632 regulares»,
579 2592 619 2626 ad
643 2593 787 2637 missam,
809 2595 904 2629 aliter
923 2606 1021 2640 quain
1041 2607 1060 2630 a
1076 2607 1135 2631 no-

1178 335 1284 368 neque
1317 324 1355 357 ad
1391 324 1519 358 missale
1551 325 1614 358 hoe
1648 325 1887 359 immutandum
1918 337 1936 359 a

1179 377 1323 420 quolibet
1345 377 1416 420 cogi
1437 382 1468 410 et
1487 377 1653 421 compelli.

1224 430 1238 473 ξ
1258 429 1289 462 4.
1309 430 1536 464 Praesentesve
1556 431 1682 464 litterae
1696 431 1762 465 ullo
1778 442 1935 476 umquam

1178 488 1325 526 tempore
1345 484 1489 518 revocari
1516 490 1571 518 aut
1603 485 1765 518 moderari
1797 485 1935 528 possint,

1179 537 1233 569 sed
1260 537 1373 571 firmae
1394 549 1522 582 semper
1542 544 1573 571 et
1588 538 1711 572 validae
1732 538 1765 571 in
1786 549 1844 572 suo
1869 538 1937 572 exi-

1179 595 1263 622 stant
1278 591 1396 624 robore
1417 591 1566 625 similiter
1586 591 1758 625 statuimus
1778 597 1809 625 et
1829 592 1937 625 decla-

1181 653 1301 676 ramus.

1223 697 1238 739 {
1264 697 1295 730 5.
1331 697 1401 731 Non
1435 698 1638 732 obstantibus
1678 697 1865 742 praemissis
1901 708 1939 731 ae

1179 750 1466 784 constitutionibus
1486 756 1517 785 et
1536 752 1797 785 ordinationibus
1812 756 1940 795 aposto-

1179 803 1249 836 licis
1274 814 1323 844 ae,
1347 804 1379 837 in
1400 805 1653 848 provincialibus
1673 810 1704 838 et
1733 804 1939 849 sinodalibus

1180 856 1326 890 conciliis
1347 858 1453 897 editis,
1476 858 1682 901 generalibus
1713 859 1761 892 vel
1789 858 1939 902 speciali-

1180 909 1239 942 bus
1280 911 1564 945 constitutionibus
1598 917 1628 944 et
1658 911 1937 951 ordinationibus;

1179 975 1307 997 necnon
1328 965 1539 998 ecclesiarum
1556 965 1794 1008 praedictarum
1817 965 1849 997 in
1868 975 1938 1005 usu,

1180 1018 1367 1061 longissima
1415 1024 1445 1052 et
1480 1019 1733 1052 immemorabili
1777 1018 1939 1062 praeseri-

1180 1072 1301 1115 ptione,
1324 1082 1390 1105 non
1410 1078 1520 1105 tamen
1541 1083 1638 1116 supra
1659 1073 1817 1105 ducentos
1837 1082 1940 1106 annos

1180 1126 1341 1165 roborata,
1365 1126 1489 1159 statutis
1503 1131 1531 1159 et
1553 1125 1843 1159 consuetudinilms
1863 1136 1939 1159 eon-

1181 1179 1288 1211 trariis
1308 1178 1585 1222 quibuscumque.

1224 1236 1238 1274 ,ξ
1259 1232 1289 1265 6.
1313 1233 1469 1266 Volumus
1489 1238 1596 1266 autem
1618 1238 1648 1266 et
1677 1232 1790 1265 eadem
1825 1237 1938 1266 aueto-

1180 1286 1272 1318 ritate
1294 1286 1499 1319 decernimus
1528 1291 1575 1326 ut,
1602 1290 1673 1329 post
1693 1285 1790 1318 liuius
1810 1290 1940 1319 nostrae

1950 219 2000 247 An.
2017 217 2048 245 C.
2066 217 2137 247 ¹5⁷0

1951 443 2060 463 Clau-ulae
2073 449 2137 470 pru-

1951 480 2081 499 servativa.

1980 699 2092 721 Clausulne
2103 700 2139 721 de-

1955 732 2082 756 rogatui-tae.

1981 1239 2038 1261 llaec
2056 1240 2140 1261 constt-

1954 1272 2006 1292 tutio
2055 1272 2138 1299 quando

1953 1303 2040 1330 incipiat
2057 1302 2133 1329 ligare.

1180 1339 1420 1372 constitutionis
1455 1350 1491 1371 ac.
1512 1338 1650 1372 missalis
1670 1339 1860 1379 editionem,
1883 1339 1939 1382 qui
1963 1384 1967 1386 ἡ

1180 1392 1212 1424 111
1233 1392 1377 1425 Romana
1395 1393 1512 1425 adsunt
1532 1392 1627 1425 Curia
1648 1392 1839 1437 presbyteri,
1868 1397 1941 1436 post.

1180 1456 1336 1486 mensem,
1359 1446 1414 1488 qui
1431 1456 1506 1479 vero
1519 1445 1604 1478 iutra
1618 1451 1755 1486 111011105,
1774 1451 1846 1489 post
1861 1450 1937 1486 tres;

1181 1504 1211 1532 et
1244 1499 1299 1542 qui
1334 1500 1419 1532 ultra
1451 1504 1577 1532 montes
1603 1499 1760 1540 incolunt,
1794 1504 1867 1543 post
1886 1509 1940 1532 sex

1180 1563 1318 1593 meuses,
1355 1557 1409 1585 aut
1441 1563 1514 1585 011111
1546 1552 1688 1596 primum
1716 1552 1780 1585 illis
1812 1551 1939 1585 missale

1181 1607 1241 1639 1100
1261 1607 1372 1640 venale
1392 1606 1594 1650 propositum
1614 1605 1720 1646 fuerit,
1752 1605 1838 1639 iuxta
1857 1605 1940 1639 illud

1181 1659 1310 1692 missam
1331 1659 1503 1692 decantare
1523 1659 1571 1692 vel
1591 1659 1698 1701 legere
1718 1664 1901 1692 teneantur.

1225 1713 1239 1755 ξ
1262 1713 1292 1746 7.
1311 1712 1415 1753 Quod,
1437 1717 1472 1745 ut
1491 1712 1614 1756 ubique
1635 1717 1798 1745 terrarum
1829 1712 1938 1746 incor-

1180 1772 1314 1809 ruptum
1336 1777 1371 1799 ae
1393 1766 1518 1799 mendis
1538 1771 1569 1799 et
1580 1765 1748 1799 erroribus
1761 1771 1937 1809 purgatum

1180 1825 1416 1863 praeservetur,
1429 1819 1623 1852 omnibusin
1635 1824 1745 1852 nostro
1757 1825 1787 1852 et
1798 1819 1829 1852 S.
1846 1819 1884 1852 R.
1898 1819 1934 1853 E.

1180 1872 1324 1906 dominio
1345 1872 1484 1906 mediate
1514 1873 1562 1905 vel
1582 1872 1768 1905 immediate
1793 1872 1940 1906 subiecto

1180 1926 1456 1959 commorantibus
1476 1925 1739 1969 impressoribus,
1762 1925 1821 1958 suh
1841 1925 1939 1959 amis-

1180 1980 1279 2012 sionis
1294 1980 1452 2013 librorum
1471 1986 1646 2013 accentum
1662 1979 1854 2012 ducatorum
1868 1977 1939 2012 auri

1179 2033 1332 2066 Gamerae
1358 2033 1562 2077 Apostolicae
1583 2033 1653 2077 ipso
1666 2034 1750 2066 sacto
1770 2032 1938 2077 applican-

1180 2087 1294 2119 dorum
1302 2099 1309 2127 3
1341 2087 1410 2119 aliis
1430 2097 1506 2120 vero
1535 2087 1567 2119 in
1606 2097 1813 2130 quacumque
1851 2085 1939 2119 orbis

1179 2145 1269 2183 parte
1280 2140 1538 2180 consistentibus,
1552 2140 1611 2173 sub
1628 2139 1937 2173 excommunicatio-

1179 2194 1228 2226 nis
1248 2194 1330 2227 latae
1350 2194 1525 2227 sententiae
1543 2198 1573 2226 et
1593 2193 1664 2226 aliis
1683 2191 1815 2225 arbitrii'
1834 2191 1937 2225 nostri

1179 2246 1304 2290 poeuis,
1322 2258 1374 2287 ne,
1393 2246 1461 2279 sine
1481 2252 1591 2280 nostra
1610 2246 1659 2279 vel
1675 2245 1824 2288 specialis
1843 2244 1884 2277 ad
1903 2244 1938 2277 id

1178 2300 1314 2344 apostol.
1343 2299 1556 2333 commissarii
1577 2299 1609 2331 in
1635 2298 1755 2332 eisdem
1776 2296 1893 2342 partib.
1918 2308 1937 2330 a

1179 2354 1254 2386 nob.
1269 2353 1487 2386 constituendi
1499 2353 1630 2386 licentia
1641 2363 1678 2385 ae
1691 2351 1752 2384 nisi
1773 2362 1831 2394 per
1847 2361 1938 2383 eum-

1178 2403 1251 2435 dem
1266 2403 1430 2436 commiss.
1459 2402 1565 2435 eidem
1586 2399 1773 2445 impressori
1800 2398 1938 2433 missalis

1179 2451 1376 2494 exemplum,
1399 2463 1436 2484 ex
1455 2462 1520 2495 quo
1541 2450 1679 2483 aliorum
1701 2447 1936 2493 imprimendo-

1178 2511 1250 2532 rum
1272 2500 1311 2533 ab
1342 2501 1411 2544 ipso
1445 2500 1641 2544 impressore
1668 2498 1727 2532 erit
1747 2495 1937 2540 accipienda

1178 2559 1304 2590 norma,
1327 2559 1402 2582 eum
1427 2548 1549 2582 missali
1576 2548 1609 2580 in
1637 2547 1722 2581 Urbe
1754 2545 1936 2579 secundum

1178 2608 1329 2641 magnam
1349 2597 1595 2642 impressionem
1611 2596 1768 2641 impresso
1782 2595 1936 2630 collatum

1987 1722 2140 1749 lumi-essere·

1953 1759 1996 1774 non
2019 1754 2141 1781 imprimunt

1952 1785 2038 1806 missale
2058 1785 2138 1813 absque

1953 1816 2049 1838 lieentia.
