2237 3100
19 292 69 320 Αιι.
86 289 115 318 C.
133 289 201 318 1562

44 841 68 862 ΕΙ,
84 841 152 868 cupite
163 841 203 861 ali-

18 875 50 894 ter
72 873 202 892 condamna-

19 906 60 924 tuni
107 904 202 923 deceruit

19 941 60 955 uon
76 935 142 954 audiri
166 940 203 954 ei-

19 969 49 987 tra
64 971 164 986 carceres
180 971 204 986 e-

21 997 70 1016 tium
98 998 115 1016 si
146 998 203 1022 petat

17 1029 164 1049 remissionem
178 1033 202 1048 e(

18 1065 43 1080 eo
60 1061 112 1086 quud
130 1059 203 1079 hauni-

20 1093 61 1111 tum
77 1091 189 1115 oct-iderti,

51 2053 74 2074 Et
89 2053 118 2074 tia
133 2052 209 2073 iudica·

26 2084 43 2106 ri
57 2083 121 2105 iubet,

906 288 974 314 PIUS
997 288 1028 313 tv
1052 288 1100 312 PP.

215 343 341 384 valere,
363 346 586 388 perpetuaque
606 341 732 376 roboris
754 341 903 376 firmitate
932 354 969 376 ac

217 409 292 432 suos
326 398 458 431 effectus
487 398 582 441 plene
602 397 731 438 sortiri,
754 403 785 430 et
804 398 843 430 ab
864 396 968 430 omni-

215 452 293 493 bus,
316 462 397 496 quos
423 451 476 484 illa
497 457 699 484 concernunt
719 457 750 485 et
770 461 968 485 concernere

217 511 370 550 poterunt
391 504 828 549 quomodolibetinfuturum
846 505 968 548 integre

216 559 378 592 observari
406 558 524 591 debere
550 558 768 599 decernimus,
791 569 969 601 omnesque

217 617 248 646 et
263 612 418 656 singulos,
429 617 494 645 tam
507 612 586 646 iuris
601 623 697 655 quam
715 611 788 645 sacti
813 612 966 650 defectus,

217 666 242 700 si
270 666 325 710 qui
354 667 461 699 forsan
488 670 566 698 tunc
600 665 830 699 intervenerint
850 665 883 698 in
912 665 970 697 eis-

217 719 302 760 dem,
323 719 525 763 supplemus.

261 773 276 817 §
295 772 327 806 4.
364 773 402 805 Et
421 772 644 812 nihilominus,
667 778 770 812 motu,
788 771 920 805 scientia
941 777 971 804 et

217 826 407 860 auctoritate
441 826 608 870 praefatis,
636 837 694 870 per
722 827 804 859 hanc
829 830 970 858 nostram

218 879 479 913 constitutionem
494 880 524 912 in
535 885 726 923 perpetuum
736 879 902 911 valituram
912 883 972 911 sta-

219 932 340 966 tuimus
368 938 399 966 et
417 932 605 965 ordinamus
624 933 710 975 quod
731 932 841 964 nullus
856 931 886 963 in
905 941 971 974 poe-

218 996 292 1019 nam
314 985 426 1030 capitis
442 986 687 1025 condemnatus,
707 985 773 1029 qui,
797 984 856 1018 sub
877 994 970 1028 prae-

219 1044 304 1073 textu
325 1039 411 1082 quod
437 1039 504 1083 ipse
528 1039 669 1082 aliquem
699 1038 868 1072 bannitum
889 1037 972 1071 occi—

218 1092 300 1126 derit
329 1098 384 1126 aut
416 1092 494 1126 alias
517 1093 630 1137 quovis
660 1092 755 1125 modo
785 1092 823 1124 ad
859 1102 973 1124 manus

218 1146 332 1180 Curiae
366 1146 532 1191 pervenire
554 1146 682 1186 fecerit,
710 1151 741 1178 et
765 1151 934 1189 propterea
955 1155 972 1177 a

218 1200 301 1235 dicta
338 1211 443 1244 poena
476 1199 609 1243 capitis,
632 1199 662 1231 in
685 1210 780 1243 quam
817 1198 971 1232 condem-

217 1259 311 1288 natus
331 1254 401 1294 fuit,
424 1253 554 1287 liberari
575 1259 606 1286 et
624 1252 744 1286 absolvi
765 1252 894 1292 debere,
917 1258 973 1285 aut

218 1308 315 1341 alium
332 1306 501 1340 bannitum
518 1317 576 1351 per
593 1307 698 1350 ipsum
719 1305 971 1339 condemnatum

217 1361 464 1400 nominandum,
488 1359 573 1393 iuxta
592 1360 728 1393 formam
750 1358 973 1392 bannimento-

218 1425 291 1449 rum
301 1414 442 1458 desuper
452 1420 688 1453 emanatorum‚
701 1412 864 1446 remittere
881 1422 972 1457 posse

218 1467 421 1513 praetendit,
444 1478 501 1511 per
520 1473 785 1511 procuratorem,
808 1471 973 1499 excusato·

219 1531 301 1562 rem,
323 1521 537 1562 defensorem,
560 1521 647 1554 velut
661 1519 840 1564 quemlibet
860 1520 898 1553 de
919 1529 974 1563 po-

220 1575 309 1620 pulo,
329 1574 435 1608 audiri
451 1575 498 1607 vel
514 1574 638 1607 admitti
659 1573 759 1618 possit
775 1578 830 1606 aut
845 1573 971 1613 debeat,

219 1628 279 1662 nisi
301 1628 391 1673 prius
411 1639 486 1662 reus
506 1627 586 1672 ipse,
605 1627 661 1672 qui
678 1627 903 1661 liberationem
920 1631 975 1659 aut

220 1682 455 1721 absolutionem
476 1683 524 1715 vel
541 1681 793 1715 nominationem
815 1687 845 1714 et
866 1680 974 1713 remis-

220 1736 341 1770 sionem
355 1736 542 1770 huiusmodi
555 1735 708 1779 consequi
725 1741 780 1768 aut
796 1734 865 1768 fieri
883 1744 974 1778 posse

220 1791 268 1824 vel
289 1790 406 1824 debere
426 1789 621 1834 praetendit,
645 1788 787 1833 seipsum
810 1789 841 1821 in
864 1798 973 1821 carce-

221 1844 331 1885 ribus,
362 1844 448 1876 iuxta
482 1844 617 1876 formam
645 1843 812 1876 literarum
843 1842 914 1875 Iulii
936 1841 972 1880 11,

221 1897 480 1942 praedecessoris
509 1897 609 1930 nostri
635 1896 844 1937 huiusmodi,
868 1906 976 1939 perso-

221 1946 336 1980 naliter
356 1945 568 1979 constituerit.

265 1995 280 2039 ἓ
300 1996 331 2029 5.
358 1995 514 2038 Quodque
538 1995 637 2027 literis
658 1994 830 2039 praedictis
850 1999 880 2027 et
900 1994 976 2027 huic

222 2050 349 2078 nostrae
368 2044 581 2088 dispositioni,
600 2044 659 2077 nisi
685 2044 723 2076 dc
745 2044 821 2088 ipsis
842 2046 926 2076 clara
948 2050 976 2077 et

223 2104 372 2139 expressa
393 2093 556 2126 mentione
579 2093 659 2125 facta
675 2120 682 2133 ,
706 2098 736 2125 et
758 2103 814 2136 per
835 2098 975 2125 nostram

223 2148 254 2177 et
286 2152 511 2176 successorum
539 2147 726 2175 nostrorum
756 2142 975 2176 Romanorum

222 2191 415 2226 Pontificum
449 2201 563 2224 manus
598 2191 747 2235 propriae
782 2191 976 2233 signaturam

224 2241 372 2284 derogari
393 2251 459 2274 non
480 2240 590 2285 possit.
615 2240 730 2284 Sicque
752 2245 780 2272 et
802 2251 866 2272 non
885 2240 978 2274 aliter

224 2290 257 2324 in
277 2291 428 2324 omnibus
448 2295 478 2323 et
499 2289 633 2332 singulis
649 2289 844 2333 praemissis,
861 2300 897 2322 ac
914 2295 976 2322 tam

224 2340 449 2384 praesentibus
468 2339 481 2367 1
504 2349 600 2383 quam
623 2338 738 2372 suturis
759 2339 862 2371 causis
874 2339 977 2372 etliti-

225 2390 297 2431 bus,
319 2400 378 2434 per
397 2400 622 2433 quoscumque
645 2388 778 2428 iudices,
797 2388 892 2421 ctiam
909 2399 980 2422 san-

226 2444 295 2473 ctae
322 2439 485 2472 Romanae
511 2438 671 2471 Ecclesiae
693 2437 871 2471 cardinales
891 2444 921 2471 et
941 2439 979 2471 de

226 2488 325 2522 latere
345 2489 465 2532 legatos
485 2499 521 2521 ac
542 2487 652 2520 Palatii
673 2487 847 2531 Apostolici
869 2498 980 2521 causa-

228 2549 299 2571 rum
321 2537 495 2578 auditoreS,
519 2537 643 2570 sublata
661 2536 706 2569 eis
726 2540 756 2568 et
776 2547 888 2569 corum
911 2536 979 2569 cui-

227 2586 305 2619 libet
324 2586 416 2620 aliter
436 2585 599 2619 iudicandi
624 2590 654 2618 et
679 2585 912 2628 interpretandi
932 2585 979 2618 sa-

229 2636 346 2669 cultate
366 2641 397 2669 et
417 2635 618 2675 auctoritate,
640 2633 775 2667 iudicari
797 2634 926 2676 debere,
944 2646 980 2668 ac

266 2691 277 2718 l
298 2691 329 2716 Et
349 2691 524 2723 pendentibus
544 2688 618 2716 addit
634 2687 749 2715 Cherub.
773 2687 812 2723 (a.
833 2688 882 2723 τ.).

1654 278 1715 314 187

1007 340 1163 385 quidquid
1176 345 1287 374 contra
1300 340 1519 385 praesentium
1532 347 1675 374 tenorem
1687 353 1763 375 con-

1008 396 1114 439 tigerit
1137 395 1303 436 attentari,
1325 395 1453 428 irritum
1474 401 1504 428 et
1525 396 1618 429 inane
1648 396 1761 430 decer—

1009 450 1126 483 nimus.

1054 505 1067 547 ξ
1088 504 1119 538 6.
1155 504 1223 537 Non
1257 504 1458 537 obstantibus
1478 505 1762 539 constitutionibus
1820 522 1962 549 ommam-

1010 564 1039 591 et
1061 558 1317 592 ordinationibus
1336 559 1520 603 apostolicis
1540 564 1570 593 et
1590 561 1762 603 provincire
1778 554 1964 604 {³¹¹s,¹‡„'{⁰¹'⁰¹'⁵¹⁴¹¹¹‘

1010 618 1137 645 nostrae
1164 612 1321 645 litarohiae
1346 613 1564 646 Anconitanae
1589 615 1713 647 statutis
1734 619 1764 647 et

1012 666 1321 706 consuetudiniluis‚
1340 667 1433 699 etiam
1460 666 1661 709 iuramento,
1684 679 1762 701 con-

1012 720 1194 753 firmatione
1214 721 1390 764 apostolica
1409 721 1456 754 vel
1478 722 1588 765 quavis
1614 722 1763 757 firmitate

1012 773 1073 806 alia
1093 774 1261 814 roboratis,
1284 774 1455 818 privilegiis
1472 786 1613 819 quoque,
1634 776 1765 810 indultis

1012 832 1042 859 et
1063 826 1163 860 literis
1175 829 1369 872 apostolicis,
1388 829 1449 862 illis
1462 829 1653 869 civitatibus,
1672 831 1766 864 terris

1013 886 1043 913 et
1063 881 1142 914 locis
1164 882 1324 925 praefatis,
1348 893 1526 927 eorumque
1544 883 1766 926 gubernatori-

1012 933 1073 967 bus
1093 940 1121 968 et
1143 936 1448 976 communitatibus,
1473 937 1532 970 sub
1552 937 1765 980 quibuscum-

1013 998 1075 1031 que
1095 989 1267 1022 verborum
1290 990 1400 1023 formis
1412 995 1439 1023 et
1456 991 1623 1024 tenoribus
1637 1002 1674 1024 ac
1691 1002 1765 1025 eum

1013 1041 1178 1085 quibusvis
1199 1043 1353 1077 clausulis
1374 1049 1404 1077 et
1423 1043 1573 1085 decretis,
1597 1044 1627 1078 in
1648 1055 1766 1087 genere

1013 1096 1060 1128 vel
1082 1095 1114 1128 in
1136 1096 1255 1140 specie,
1278 1097 1373 1130 etiam
1396 1102 1484 1130 motu
1515 1103 1545 1130 et
1575 1098 1706 1131 scientia
1727 1098 1767 1131 si-

1014 1148 1155 1190 milibus,
1179 1150 1273 1183 etiam
1300 1150 1421 1183 iteratis
1440 1150 1563 1184 vicibus
1582 1151 1768 1195 approbatis

1014 1207 1044 1235 et
1064 1201 1232 1243 innovatis,
1255 1203 1374 1246 quibus
1389 1203 1540 1237 omnibus
1559 1204 1702 1239 (illorum
1720 1210 1767 1238 te-

1014 1265 1121 1296 nores,
1144 1267 1180 1289 ac
1201 1256 1225 1289 si
1251 1257 1289 1290 de
1314 1257 1411 1290 verbo
1432 1256 1471 1290 ad
1491 1257 1623 1290 verbum
1646 1258 1767 1292 insere-

1015 1315 1139 1349 rentur,
1163 1310 1387 1353 praesentibus
1412 1321 1469 1354 pro
1496 1310 1694 1345 sufficienter
1714 1323 1767 1345 ex-

1015 1363 1132 1407 pressis
1153 1363 1318 1403 babentes,
1342 1364 1404 1398 illis
1424 1364 1502 1397 alias
1523 1364 1555 1398 in
1576 1376 1634 1398 suo
1652 1365 1769 1399 robore

1015 1417 1259 1461 permansuris),
1282 1419 1342 1451 hac
1361 1417 1427 1451 vice
1447 1418 1622 1459 dumtaxat,
1645 1419 1767 1463 specia-

1015 1470 1088 1504 liter
1120 1476 1150 1503 et
1178 1481 1326 1515 expresse
1351 1471 1565 1515 derogamus,
1587 1472 1768 1517 ceterisque

1015 1522 1186 1557 contrariis
1205 1524 1479 1569 quibuscumque.

1059 1577 1074 1621 ἓ
1095 1577 1125 1611 7.
1150 1577 1304 1611 Volumus
1323 1584 1430 1612 autem
1448 1579 1535 1624 quod
1549 1579 1767 1624 praesentmm

1015 1631 1227 1675 transumptis
1247 1636 1304 1665 etc.

1059 1683 1174 1718 Datum
1195 1685 1313 1718 Romae
1334 1686 1419 1730 apud
1441 1686 1594 1720 Sanctum
1616 1686 1767 1729 Petrum,

1016 1738 1075 1771 sub
1096 1740 1217 1773 annulo
1236 1740 1416 1779 piscatoris,
1435 1740 1485 1774 die
1506 1741 1629 1775 decima
1646 1741 1767 1785 aprilis,

1017 1792 1187 1826 millesimo
1224 1794 1482 1837 quingentesimo
1521 1795 1771 1839 sexagesimose-

1017 1847 1134 1887 cundo,
1148 1848 1353 1891 pontificatus
1373 1848 1474 1882 nostri
1495 1860 1578 1882 anno
1599 1859 1645 1882 111.

1056 1905 1117 1935 Dat.
1133 1907 1179 1935 die
1201 1907 1574 1946 teupi-ilis1562110111'11'.
1594 1918 1670 1938 aluno
1689 1916 1730 1938 111.

1778 286 1826 314 An.
1845 286 1872 313 C.
1892 286 1957 314 1562

1810 1586 1871 1609 Faus
1895 1592 1968 1609 exem-

1783 1619 1871 1647 plorum.

1017 2007 1169 2052 Sequitur
1193 2010 1368 2043 declaratio
1393 2011 1497 2043 dictae
1517 2011 1770 2044 constitutionis.

1134 2092 1196 2121 Pius
1211 2091 1281 2126 Papa
1300 2091 1341 2124 tv,
1358 2092 1436 2120 motu
1456 2092 1576 2128 proprio,
1602 2093 1656 2121 etc.

1063 2162 1140 2196 Cum
1163 2173 1220 2195 nos
1237 2163 1373 2204 dudum,
1396 2163 1532 2207 vestigiis
1544 2163 1644 2196 felicis
1664 2174 1773 2198 recor·
1815 2182 1896 2204 neimo
1913 2188 1971 2210 pm.

1019 2215 1156 2249 dationis
1177 2217 1247 2250 Iulii
1261 2217 1363 2261 Papae
1384 2217 1428 2256 ΙΙ,
1452 2217 1707 2261 praedecessoris
1720 2228 1775 2251 no·
1789 2215 1973 2268 fffssgsssssswnffl‘*

1020 2270 1086 2311 stri,
1104 2271 1319 2312 inhaerentes,
1340 2271 1463 2304 nullum
1482 2271 1646 2304 homicidii
1669 2283 1773 2313 reum,

1020 2324 1074 2368 qui
1096 2336 1128 2357 se
1150 2324 1188 2357 ab
1214 2325 1280 2365 illo,
1304 2325 1397 2358 etiam
1420 2325 1479 2357 sub
1501 2331 1666 2369 praetextu
1688 2326 1774 2370 quod

1020 2379 1119 2412 alium
1140 2379 1309 2412 bannitum
1332 2379 1485 2412 occiderit
1501 2391 1556 2413 seu
1569 2380 1607 2412 ab
1619 2380 1683 2414 alio
1695 2381 1774 2414 ban-

1021 2433 1077 2466 niti
1098 2433 1260 2473 occisore,
1284 2433 1370 2466 iuxta
1396 2434 1531 2466 formam
1553 2434 1777 2468 bannimento-

1021 2493 1094 2515 rum
1115 2483 1146 2515 id
1168 2483 1437 2527 permittentium,
1461 2484 1645 2517 nominatus
1666 2484 1774 2523 fuerit,

1021 2537 1076 2564 aut
1105 2542 1141 2564 ex
1175 2531 1237 2564 alia
1267 2533 1377 2576 quavis
1401 2544 1497 2566 causa
1518 2533 1636 2566 absolvi
1658 2533 1775 2567 debere

1022 2581 1230 2625 praetendat,
1259 2582 1298 2614 ad
1331 2582 1566 2615 absolutionem
1602 2583 1775 2627 petendum

1023 2641 1080 2673 per
1100 2637 1345 2674 procuratorem
1379 2637 1434 2664 aut
1463 2638 1684 2665 excusatorem
1719 2643 1775 2665 seu

1023 2679 1224 2714 detensorem
1238 2707 1246 2722 ‚
1283 2681 1379 2714 etiam
1403 2682 1489 2715 velut
1523 2681 1700 2726 quemlibet
1737 2680 1776 2715 de
