<?xml version="1.0" encoding="UTF-8"?>
<!DOCTYPE html PUBLIC "-//W3C//DTD XHTML 1.0 Transitional//EN"
    "http://www.w3.org/TR/xhtml1/DTD/xhtml1-transitional.dtd">
<html xmlns="http://www.w3.org/1999/xhtml" xml:lang="en" lang="en">
 <head>
  <title>
</title>
<meta http-equiv="Content-Type" content="text/html;charset=utf-8" />
  <meta name='ocr-system' content='tesseract 3.04.00' />
  <meta name='ocr-capabilities' content='ocr_page ocr_carea ocr_par ocr_line ocrx_word'/>
</head>
<body>
  <div class='ocr_page' id='page_1' title='image "./bullarumdiplomat07cath/bullarumdiplomat07cath_0992.png"; bbox 0 0 2237 3100; ppageno 0'>
   <div class='ocr_carea' id='block_1_1' title="bbox 295 249 473 277">
    <p class='ocr_par' dir='ltr' id='par_1_1' title="bbox 295 249 473 277">
     <span class='ocr_line' id='line_1_1' title="bbox 295 249 473 277; baseline 0.006 -1"><span class='ocrx_word' id='word_1_1' title='bbox 295 249 344 277; x_wconf 79' lang='lat' dir='ltr'>An.</span> <span class='ocrx_word' id='word_1_2' title='bbox 362 249 390 276; x_wconf 93' lang='lat' dir='ltr'>C.</span> <span class='ocrx_word' id='word_1_3' title='bbox 411 250 473 277; x_wconf 78' lang='lat'>¹571</span> 
     </span>
    </p>
   </div>
   <div class='ocr_carea' id='block_1_2' title="bbox 276 1431 460 1486">
    <p class='ocr_par' dir='ltr' id='par_1_2' title="bbox 276 1431 460 1486">
     <span class='ocr_line' id='line_1_2' title="bbox 329 1431 460 1455; baseline 0.015 -2"><span class='ocrx_word' id='word_1_4' title='bbox 329 1431 396 1454; x_wconf 65' lang='lat' dir='ltr'>Causa</span> <span class='ocrx_word' id='word_1_5' title='bbox 411 1439 460 1455; x_wconf 88' lang='lat' dir='ltr'>con-</span> 
     </span>
     <span class='ocr_line' id='line_1_3' title="bbox 276 1466 388 1486; baseline 0.009 -2"><span class='ocrx_word' id='word_1_6' title='bbox 276 1466 388 1486; x_wconf 58' lang='lat' dir='ltr'>contains.</span> 
     </span>
    </p>
   </div>
   <div class='ocr_carea' id='block_1_3' title="bbox 538 239 2234 276">
    <p class='ocr_par' dir='ltr' id='par_1_3' title="bbox 538 239 2234 276">
     <span class='ocr_line' id='line_1_4' title="bbox 538 239 2234 276; baseline 0.001 -2"><span class='ocrx_word' id='word_1_7' title='bbox 538 240 603 274; x_wconf 68' lang='lat'>914</span> <span class='ocrx_word' id='word_1_8' title='bbox 1090 248 1269 272; x_wconf 64' lang='lat' dir='ltr'>BULLARIUM</span> <span class='ocrx_word' id='word_1_9' title='bbox 1289 248 1439 272; x_wconf 68' lang='lat' dir='ltr'>Romnum</span> <span class='ocrx_word' id='word_1_10' title='bbox 1474 239 1481 246; x_wconf 85' lang='lat'><em>‘</em></span> <span class='ocrx_word' id='word_1_11' title='bbox 2053 246 2102 274; x_wconf 81' lang='lat' dir='ltr'>An.</span> <span class='ocrx_word' id='word_1_12' title='bbox 2121 248 2150 274; x_wconf 89' lang='lat' dir='ltr'>c.</span> <span class='ocrx_word' id='word_1_13' title='bbox 2170 244 2234 276; x_wconf 80' lang='lat'>¹571</span> 
     </span>
    </p>
   </div>
   <div class='ocr_carea' id='block_1_4' title="bbox 491 302 1237 538">
    <p class='ocr_par' dir='ltr' id='par_1_4' title="bbox 491 302 1237 538">
     <span class='ocr_line' id='line_1_5' title="bbox 816 302 914 335; baseline -0.01 0"><span class='ocrx_word' id='word_1_14' title='bbox 816 302 914 335; x_wconf 75' lang='lat' dir='ltr'>CXCI.</span> 
     </span>
     <span class='ocr_line' id='line_1_6' title="bbox 625 368 1107 412; baseline 0 -11"><span class='ocrx_word' id='word_1_15' title='bbox 625 368 837 412; x_wconf 69' lang='lat' dir='ltr'>Confirmatio</span> <span class='ocrx_word' id='word_1_16' title='bbox 862 368 1107 412; x_wconf 52' lang='lat' dir='ltr'>prii*[legiferum</span> 
     </span>
     <span class='ocr_line' id='line_1_7' title="bbox 491 421 1237 466; baseline 0.001 -13"><span class='ocrx_word' id='word_1_17' title='bbox 491 422 614 465; x_wconf 68' lang='lat' dir='ltr'>collrgliz&#39;</span> <span class='ocrx_word' id='word_1_18' title='bbox 660 423 902 455; x_wconf 72' lang='lat' dir='ltr'>st‘ert‘tm·e&#39;‹›rttm</span> <span class='ocrx_word' id='word_1_19' title='bbox 942 423 1189 466; x_wconf 73' lang='lat' dir='ltr'>apostolicorum</span> <span class='ocrx_word' id='word_1_20' title='bbox 1212 421 1237 454; x_wconf 78' lang='lat'>¹.</span> 
     </span>
     <span class='ocr_line' id='line_1_8' title="bbox 524 503 1209 538; baseline 0 -7"><span class='ocrx_word' id='word_1_21' title='bbox 524 504 586 532; x_wconf 79' lang='lat' dir='ltr'>Pius</span> <span class='ocrx_word' id='word_1_22' title='bbox 604 503 674 538; x_wconf 81' lang='lat' dir='ltr'>Papa</span> <span class='ocrx_word' id='word_1_23' title='bbox 692 503 721 535; x_wconf 85' lang='lat' dir='ltr'>V.</span> <span class='ocrx_word' id='word_1_24' title='bbox 742 503 775 531; x_wconf 81' lang='lat' dir='ltr'>ad</span> <span class='ocrx_word' id='word_1_25' title='bbox 798 504 960 538; x_wconf 83' lang='lat' dir='ltr'>perpetuam</span> <span class='ocrx_word' id='word_1_26' title='bbox 979 503 1021 531; x_wconf 81' lang='lat' dir='ltr'>rei</span> <span class='ocrx_word' id='word_1_27' title='bbox 1039 503 1209 532; x_wconf 72' lang='lat' dir='ltr'>memoriam.</span> 
     </span>
    </p>
   </div>
   <div class='ocr_carea' id='block_1_5' title="bbox 531 565 1238 609">
    <p class='ocr_par' dir='ltr' id='par_1_5' title="bbox 531 565 1238 609">
     <span class='ocr_line' id='line_1_9' title="bbox 531 565 1238 609; baseline 0 -12"><span class='ocrx_word' id='word_1_28' title='bbox 531 565 666 598; x_wconf 87' lang='lat' dir='ltr'>Romani</span> <span class='ocrx_word' id='word_1_29' title='bbox 696 565 870 605; x_wconf 74' lang='lat' dir='ltr'>Pontiticis,</span> <span class='ocrx_word' id='word_1_30' title='bbox 899 565 931 598; x_wconf 92' lang='lat' dir='ltr'>in</span> <span class='ocrx_word' id='word_1_31' title='bbox 956 576 1020 609; x_wconf 91' lang='lat' dir='ltr'>quo</span> <span class='ocrx_word' id='word_1_32' title='bbox 1045 565 1150 598; x_wconf 76' lang='lat' dir='ltr'>divina</span> <span class='ocrx_word' id='word_1_33' title='bbox 1175 565 1238 598; x_wconf 85' lang='lat' dir='ltr'>dis-</span> 
     </span>
    </p>
   </div>
   <div class='ocr_carea' id='block_1_6' title="bbox 316 619 1235 662">
    <p class='ocr_par' dir='ltr' id='par_1_6' title="bbox 316 619 1235 662">
     <span class='ocr_line' id='line_1_10' title="bbox 316 619 1235 662; baseline 0.003 -13"><span class='ocrx_word' id='word_1_34' title='bbox 316 619 448 642; x_wconf 66' lang='lat' dir='ltr'>1&#39;··00⁸¹¹¹i¹¹¹¹¹-</span> <span class='ocrx_word' id='word_1_35' title='bbox 488 619 643 661; x_wconf 72' lang='lat' dir='ltr'>positione</span> <span class='ocrx_word' id='word_1_36' title='bbox 680 619 843 662; x_wconf 85' lang='lat' dir='ltr'>potestatis</span> <span class='ocrx_word' id='word_1_37' title='bbox 873 619 1038 662; x_wconf 71' lang='lat' dir='ltr'>plenitudo</span> <span class='ocrx_word' id='word_1_38' title='bbox 1073 619 1235 659; x_wconf 82' lang='lat' dir='ltr'>consistit,</span> 
     </span>
    </p>
   </div>
   <div class='ocr_carea' id='block_1_7' title="bbox 467 673 1236 2622">
    <p class='ocr_par' dir='ltr' id='par_1_7' title="bbox 476 673 1236 1364">
     <span class='ocr_line' id='line_1_11' title="bbox 486 673 1236 717; baseline 0.003 -13"><span class='ocrx_word' id='word_1_39' title='bbox 486 673 685 716; x_wconf 85' lang='lat' dir='ltr'>providentia</span> <span class='ocrx_word' id='word_1_40' title='bbox 699 673 935 716; x_wconf 83' lang='lat' dir='ltr'>circumspecta</span> <span class='ocrx_word' id='word_1_41' title='bbox 951 673 989 705; x_wconf 86' lang='lat' dir='ltr'>ad</span> <span class='ocrx_word' id='word_1_42' title='bbox 1003 684 1050 712; x_wconf 84' lang='lat' dir='ltr'>ea,</span> <span class='ocrx_word' id='word_1_43' title='bbox 1064 684 1146 716; x_wconf 91' lang='lat' dir='ltr'>quae</span> <span class='ocrx_word' id='word_1_44' title='bbox 1160 684 1236 717; x_wconf 88' lang='lat' dir='ltr'>pro-</span> 
     </span>
     <span class='ocr_line' id='line_1_12' title="bbox 484 726 1235 770; baseline 0.005 -13"><span class='ocrx_word' id='word_1_45' title='bbox 484 737 579 770; x_wconf 88' lang='lat' dir='ltr'>spero</span> <span class='ocrx_word' id='word_1_46' title='bbox 604 727 698 759; x_wconf 89' lang='lat' dir='ltr'>statui</span> <span class='ocrx_word' id='word_1_47' title='bbox 720 726 911 759; x_wconf 86' lang='lat' dir='ltr'>dilectorum</span> <span class='ocrx_word' id='word_1_48' title='bbox 934 727 1075 759; x_wconf 85' lang='lat' dir='ltr'>tiliorum</span> <span class='ocrx_word' id='word_1_49' title='bbox 1096 733 1235 761; x_wconf 84' lang='lat' dir='ltr'>secreta-.</span> 
     </span>
     <span class='ocr_line' id='line_1_13' title="bbox 484 780 1235 824; baseline 0.001 -12"><span class='ocrx_word' id='word_1_50' title='bbox 484 780 608 813; x_wconf 87' lang='lat' dir='ltr'>riorum</span> <span class='ocrx_word' id='word_1_51' title='bbox 629 786 827 821; x_wconf 88' lang='lat' dir='ltr'>nostrorum,</span> <span class='ocrx_word' id='word_1_52' title='bbox 846 781 901 824; x_wconf 86' lang='lat' dir='ltr'>qui</span> <span class='ocrx_word' id='word_1_53' title='bbox 926 781 1040 813; x_wconf 83' lang='lat' dir='ltr'>Curiae</span> <span class='ocrx_word' id='word_1_54' title='bbox 1074 781 1235 813; x_wconf 81' lang='lat' dir='ltr'>Romanae</span> 
     </span>
     <span class='ocr_line' id='line_1_14' title="bbox 482 834 1235 877; baseline 0.003 -11"><span class='ocrx_word' id='word_1_55' title='bbox 482 834 590 867; x_wconf 82' lang='lat' dir='ltr'>decori</span> <span class='ocrx_word' id='word_1_56' title='bbox 607 841 637 868; x_wconf 88' lang='lat' dir='ltr'>et</span> <span class='ocrx_word' id='word_1_57' title='bbox 654 840 844 868; x_wconf 87' lang='lat' dir='ltr'>ornamento</span> <span class='ocrx_word' id='word_1_58' title='bbox 861 834 1147 877; x_wconf 71' lang='lat' dir='ltr'>commoditatispie</span> <span class='ocrx_word' id='word_1_59' title='bbox 1168 846 1235 868; x_wconf 86' lang='lat' dir='ltr'>esse</span> 
     </span>
     <span class='ocr_line' id='line_1_15' title="bbox 482 888 1234 932; baseline 0.003 -12"><span class='ocrx_word' id='word_1_60' title='bbox 482 888 728 930; x_wconf 68' lang='lat' dir='ltr'>dig-noscuntur,</span> <span class='ocrx_word' id='word_1_61' title='bbox 751 889 920 932; x_wconf 85' lang='lat' dir='ltr'>profutura</span> <span class='ocrx_word' id='word_1_62' title='bbox 933 888 1101 932; x_wconf 77' lang='lat' dir='ltr'>conspicit,</span> <span class='ocrx_word' id='word_1_63' title='bbox 1120 899 1234 932; x_wconf 89' lang='lat' dir='ltr'>opero-</span> 
     </span>
     <span class='ocr_line' id='line_1_16' title="bbox 482 941 1233 985; baseline 0.001 -11"><span class='ocrx_word' id='word_1_64' title='bbox 482 941 524 975; x_wconf 87' lang='lat' dir='ltr'>sis</span> <span class='ocrx_word' id='word_1_65' title='bbox 544 943 658 975; x_wconf 86' lang='lat' dir='ltr'>studiis</span> <span class='ocrx_word' id='word_1_66' title='bbox 674 942 823 983; x_wconf 85' lang='lat' dir='ltr'>intendit,</span> <span class='ocrx_word' id='word_1_67' title='bbox 847 948 877 975; x_wconf 89' lang='lat' dir='ltr'>et</span> <span class='ocrx_word' id='word_1_68' title='bbox 897 942 957 981; x_wconf 82' lang='lat' dir='ltr'>liis,</span> <span class='ocrx_word' id='word_1_69' title='bbox 981 953 1062 985; x_wconf 84' lang='lat' dir='ltr'>quae</span> <span class='ocrx_word' id='word_1_70' title='bbox 1084 953 1141 985; x_wconf 89' lang='lat' dir='ltr'>per</span> <span class='ocrx_word' id='word_1_71' title='bbox 1170 943 1233 975; x_wconf 77' lang='lat' dir='ltr'>no-</span> 
     </span>
     <span class='ocr_line' id='line_1_17' title="bbox 482 996 1233 1040; baseline 0 -12"><span class='ocrx_word' id='word_1_72' title='bbox 482 1007 594 1029; x_wconf 87' lang='lat' dir='ltr'>manos</span> <span class='ocrx_word' id='word_1_73' title='bbox 605 996 776 1029; x_wconf 85' lang='lat' dir='ltr'>Pontifices</span> <span class='ocrx_word' id='word_1_74' title='bbox 793 996 1060 1040; x_wconf 84' lang='lat' dir='ltr'>praedecessores</span> <span class='ocrx_word' id='word_1_75' title='bbox 1080 1007 1155 1029; x_wconf 85' lang='lat' dir='ltr'>suos</span> <span class='ocrx_word' id='word_1_76' title='bbox 1170 996 1233 1029; x_wconf 90' lang='lat' dir='ltr'>illis</span> 
     </span>
     <span class='ocr_line' id='line_1_18' title="bbox 480 1050 1231 1094; baseline 0.003 -13"><span class='ocrx_word' id='word_1_77' title='bbox 480 1050 617 1092; x_wconf 69' lang='lat' dir='ltr'>gratiose</span> <span class='ocrx_word' id='word_1_78' title='bbox 639 1061 791 1083; x_wconf 79' lang='lat' dir='ltr'>concessa</span> <span class='ocrx_word' id='word_1_79' title='bbox 808 1050 1067 1093; x_wconf 73' lang='lat' dir='ltr'>comperiuntur,</span> <span class='ocrx_word' id='word_1_80' title='bbox 1092 1055 1126 1083; x_wconf 90' lang='lat' dir='ltr'>ut</span> <span class='ocrx_word' id='word_1_81' title='bbox 1158 1062 1231 1094; x_wconf 87' lang='lat' dir='ltr'>per-</span> 
     </span>
     <span class='ocr_line' id='line_1_19' title="bbox 479 1103 1232 1146; baseline 0.004 -12"><span class='ocrx_word' id='word_1_82' title='bbox 479 1108 577 1146; x_wconf 84' lang='lat' dir='ltr'>petuo</span> <span class='ocrx_word' id='word_1_83' title='bbox 597 1103 733 1137; x_wconf 89' lang='lat' dir='ltr'>firmiori</span> <span class='ocrx_word' id='word_1_84' title='bbox 750 1104 920 1137; x_wconf 80' lang='lat' dir='ltr'>subsistant</span> <span class='ocrx_word' id='word_1_85' title='bbox 940 1104 1067 1143; x_wconf 85' lang='lat' dir='ltr'>robore,</span> <span class='ocrx_word' id='word_1_86' title='bbox 1090 1115 1184 1137; x_wconf 90' lang='lat' dir='ltr'>suum</span> <span class='ocrx_word' id='word_1_87' title='bbox 1202 1110 1232 1138; x_wconf 89' lang='lat' dir='ltr'>et</span> 
     </span>
     <span class='ocr_line' id='line_1_20' title="bbox 478 1156 1230 1202; baseline 0.001 -12"><span class='ocrx_word' id='word_1_88' title='bbox 478 1156 569 1190; x_wconf 88' lang='lat' dir='ltr'>Sedis</span> <span class='ocrx_word' id='word_1_89' title='bbox 593 1157 793 1201; x_wconf 84' lang='lat' dir='ltr'>Apostolicae</span> <span class='ocrx_word' id='word_1_90' title='bbox 822 1158 988 1191; x_wconf 89' lang='lat' dir='ltr'>munimen</span> <span class='ocrx_word' id='word_1_91' title='bbox 1024 1164 1053 1191; x_wconf 87' lang='lat' dir='ltr'>et</span> <span class='ocrx_word' id='word_1_92' title='bbox 1090 1159 1230 1202; x_wconf 81' lang='lat' dir='ltr'>patroci-</span> 
     </span>
     <span class='ocr_line' id='line_1_21' title="bbox 479 1211 1229 1255; baseline 0.003 -12"><span class='ocrx_word' id='word_1_93' title='bbox 479 1211 569 1244; x_wconf 90' lang='lat' dir='ltr'>nium</span> <span class='ocrx_word' id='word_1_94' title='bbox 591 1211 728 1244; x_wconf 91' lang='lat' dir='ltr'>libenter</span> <span class='ocrx_word' id='word_1_95' title='bbox 747 1212 977 1255; x_wconf 81' lang='lat' dir='ltr'>adiicit,‹=aque</span> <span class='ocrx_word' id='word_1_96' title='bbox 998 1213 1036 1245; x_wconf 88' lang='lat' dir='ltr'>de</span> <span class='ocrx_word' id='word_1_97' title='bbox 1049 1223 1130 1245; x_wconf 77' lang='lat' dir='ltr'>novo</span> <span class='ocrx_word' id='word_1_98' title='bbox 1151 1223 1229 1245; x_wconf 85' lang='lat' dir='ltr'>con-</span> 
     </span>
     <span class='ocr_line' id='line_1_22' title="bbox 477 1264 1230 1309; baseline 0.001 -11"><span class='ocrx_word' id='word_1_99' title='bbox 477 1264 561 1298; x_wconf 88' lang='lat' dir='ltr'>cedit</span> <span class='ocrx_word' id='word_1_100' title='bbox 576 1270 606 1297; x_wconf 91' lang='lat' dir='ltr'>et</span> <span class='ocrx_word' id='word_1_101' title='bbox 626 1265 686 1298; x_wconf 85' lang='lat' dir='ltr'>alia</span> <span class='ocrx_word' id='word_1_102' title='bbox 701 1276 799 1309; x_wconf 90' lang='lat' dir='ltr'>super</span> <span class='ocrx_word' id='word_1_103' title='bbox 814 1266 863 1299; x_wconf 81' lang='lat' dir='ltr'>liis</span> <span class='ocrx_word' id='word_1_104' title='bbox 883 1266 1143 1309; x_wconf 76' lang='lat' dir='ltr'>‹lispouit,prout</span> <span class='ocrx_word' id='word_1_105' title='bbox 1155 1277 1230 1299; x_wconf 88' lang='lat' dir='ltr'>con—</span> 
     </span>
     <span class='ocr_line' id='line_1_23' title="bbox 476 1318 1153 1364; baseline 0.003 -13"><span class='ocrx_word' id='word_1_106' title='bbox 476 1318 571 1362; x_wconf 88' lang='lat' dir='ltr'>spicit</span> <span class='ocrx_word' id='word_1_107' title='bbox 591 1319 622 1351; x_wconf 90' lang='lat' dir='ltr'>in</span> <span class='ocrx_word' id='word_1_108' title='bbox 642 1319 778 1353; x_wconf 88' lang='lat' dir='ltr'>Domino</span> <span class='ocrx_word' id='word_1_109' title='bbox 799 1320 972 1352; x_wconf 89' lang='lat' dir='ltr'>salubriter</span> <span class='ocrx_word' id='word_1_110' title='bbox 991 1320 1153 1364; x_wconf 82' lang='lat' dir='ltr'>expedire.</span> 
     </span>
    </p>

    <p class='ocr_par' dir='ltr' id='par_1_8' title="bbox 467 1373 1228 2622">
     <span class='ocr_line' id='line_1_24' title="bbox 519 1373 1228 1418; baseline 0.004 -13"><span class='ocrx_word' id='word_1_111' title='bbox 519 1373 533 1416; x_wconf 57' lang='lat' dir='ltr'>g</span> <span class='ocrx_word' id='word_1_112' title='bbox 554 1373 567 1405; x_wconf 75' lang='lat' dir='ltr'>‘l</span> <span class='ocrx_word' id='word_1_113' title='bbox 580 1401 585 1406; x_wconf 89' lang='lat'>.</span> <span class='ocrx_word' id='word_1_114' title='bbox 600 1373 775 1413; x_wconf 85' lang='lat' dir='ltr'>Sanecum,</span> <span class='ocrx_word' id='word_1_115' title='bbox 788 1374 867 1407; x_wconf 64' lang='lat' dir='ltr'>sieut</span> <span class='ocrx_word' id='word_1_116' title='bbox 880 1374 1077 1418; x_wconf 85' lang='lat' dir='ltr'>accepimus,</span> <span class='ocrx_word' id='word_1_117' title='bbox 1089 1375 1228 1418; x_wconf 86' lang='lat' dir='ltr'>plurima</span> 
     </span>
     <span class='ocr_line' id='line_1_25' title="bbox 474 1426 1228 1472; baseline 0.003 -13"><span class='ocrx_word' id='word_1_118' title='bbox 474 1426 651 1470; x_wconf 74' lang='lat' dir='ltr'>privilegia,</span> <span class='ocrx_word' id='word_1_119' title='bbox 674 1428 840 1461; x_wconf 85' lang='lat' dir='ltr'>facultates</span> <span class='ocrx_word' id='word_1_120' title='bbox 857 1434 885 1461; x_wconf 90' lang='lat' dir='ltr'>et</span> <span class='ocrx_word' id='word_1_121' title='bbox 908 1428 1029 1460; x_wconf 89' lang='lat' dir='ltr'>indulta</span> <span class='ocrx_word' id='word_1_122' title='bbox 1050 1439 1108 1472; x_wconf 88' lang='lat' dir='ltr'>per</span> <span class='ocrx_word' id='word_1_123' title='bbox 1128 1428 1228 1461; x_wconf 79' lang='lat' dir='ltr'>felicis</span> 
     </span>
     <span class='ocr_line' id='line_1_26' title="bbox 474 1481 1227 1521; baseline 0.003 -8"><span class='ocrx_word' id='word_1_124' title='bbox 474 1481 708 1514; x_wconf 85' lang='lat' dir='ltr'>recordationis</span> <span class='ocrx_word' id='word_1_125' title='bbox 733 1482 958 1515; x_wconf 80' lang='lat' dir='ltr'>Innocentium</span> <span class='ocrx_word' id='word_1_126' title='bbox 984 1482 1068 1521; x_wconf 71' lang='lat' dir='ltr'>Ylll,</span> <span class='ocrx_word' id='word_1_127' title='bbox 1091 1482 1227 1515; x_wconf 82' lang='lat' dir='ltr'>Alexan-</span> 
     </span>
     <span class='ocr_line' id='line_1_27' title="bbox 474 1534 1227 1575; baseline 0.003 -8"><span class='ocrx_word' id='word_1_128' title='bbox 474 1534 569 1567; x_wconf 87' lang='lat' dir='ltr'>drum</span> <span class='ocrx_word' id='word_1_129' title='bbox 590 1535 645 1575; x_wconf 80' lang='lat' dir='ltr'>Vl,</span> <span class='ocrx_word' id='word_1_130' title='bbox 668 1536 805 1568; x_wconf 90' lang='lat' dir='ltr'>Leonem</span> <span class='ocrx_word' id='word_1_131' title='bbox 827 1536 868 1575; x_wconf 80' lang='lat' dir='ltr'>X,</span> <span class='ocrx_word' id='word_1_132' title='bbox 889 1535 1085 1568; x_wconf 84' lang='lat' dir='ltr'>Clementem</span> <span class='ocrx_word' id='word_1_133' title='bbox 1114 1536 1161 1568; x_wconf 66' lang='lat' dir='ltr'>Vll</span> <span class='ocrx_word' id='word_1_134' title='bbox 1191 1548 1227 1569; x_wconf 90' lang='lat' dir='ltr'>ac</span> 
     </span>
     <span class='ocr_line' id='line_1_28' title="bbox 473 1588 1227 1633; baseline 0.003 -12"><span class='ocrx_word' id='word_1_135' title='bbox 473 1588 580 1621; x_wconf 74' lang='lat' dir='ltr'>forsan</span> <span class='ocrx_word' id='word_1_136' title='bbox 605 1589 684 1622; x_wconf 86' lang='lat' dir='ltr'>alios</span> <span class='ocrx_word' id='word_1_137' title='bbox 708 1589 870 1623; x_wconf 86' lang='lat' dir='ltr'>Romanos</span> <span class='ocrx_word' id='word_1_138' title='bbox 896 1590 1068 1622; x_wconf 83' lang='lat' dir='ltr'>Pontifices</span> <span class='ocrx_word' id='word_1_139' title='bbox 1094 1590 1227 1633; x_wconf 86' lang='lat' dir='ltr'>praede-</span> 
     </span>
     <span class='ocr_line' id='line_1_29' title="bbox 473 1643 1227 1683; baseline 0.001 -8"><span class='ocrx_word' id='word_1_140' title='bbox 473 1652 617 1675; x_wconf 85' lang='lat' dir='ltr'>cessores</span> <span class='ocrx_word' id='word_1_141' title='bbox 633 1648 770 1683; x_wconf 85' lang='lat' dir='ltr'>nostros,</span> <span class='ocrx_word' id='word_1_142' title='bbox 788 1643 907 1675; x_wconf 78' lang='lat' dir='ltr'>eisdem</span> <span class='ocrx_word' id='word_1_143' title='bbox 923 1643 1104 1676; x_wconf 70' lang='lat' dir='ltr'>secretariis</span> <span class='ocrx_word' id='word_1_144' title='bbox 1124 1649 1154 1676; x_wconf 85' lang='lat' dir='ltr'>et</span> <span class='ocrx_word' id='word_1_145' title='bbox 1174 1654 1227 1676; x_wconf 88' lang='lat' dir='ltr'>co-</span> 
     </span>
     <span class='ocr_line' id='line_1_30' title="bbox 473 1697 1225 1741; baseline 0.003 -14"><span class='ocrx_word' id='word_1_146' title='bbox 473 1706 545 1727; x_wconf 92' lang='lat' dir='ltr'>rum</span> <span class='ocrx_word' id='word_1_147' title='bbox 562 1697 698 1739; x_wconf 72' lang='lat' dir='ltr'>collegio</span> <span class='ocrx_word' id='word_1_148' title='bbox 719 1697 977 1741; x_wconf 87' lang='lat' dir='ltr'>pereorumdem</span> <span class='ocrx_word' id='word_1_149' title='bbox 1000 1697 1225 1741; x_wconf 85' lang='lat' dir='ltr'>praedecesso-</span> 
     </span>
     <span class='ocr_line' id='line_1_31' title="bbox 472 1750 1225 1795; baseline 0.005 -14"><span class='ocrx_word' id='word_1_150' title='bbox 472 1760 544 1782; x_wconf 88' lang='lat' dir='ltr'>rum</span> <span class='ocrx_word' id='word_1_151' title='bbox 563 1750 684 1783; x_wconf 85' lang='lat' dir='ltr'>litteras</span> <span class='ocrx_word' id='word_1_152' title='bbox 696 1762 847 1784; x_wconf 78' lang='lat' dir='ltr'>concessa</span> <span class='ocrx_word' id='word_1_153' title='bbox 864 1751 993 1784; x_wconf 87' lang='lat' dir='ltr'>fuerint.</span> <span class='ocrx_word' id='word_1_154' title='bbox 1017 1751 1079 1785; x_wconf 80' lang='lat' dir='ltr'>Nos</span> <span class='ocrx_word' id='word_1_155' title='bbox 1095 1763 1225 1795; x_wconf 84' lang='lat' dir='ltr'>quoquc</span> 
     </span>
     <span class='ocr_line' id='line_1_32' title="bbox 472 1803 1223 1849; baseline 0.001 -13"><span class='ocrx_word' id='word_1_156' title='bbox 472 1803 602 1836; x_wconf 89' lang='lat' dir='ltr'>eosdem</span> <span class='ocrx_word' id='word_1_157' title='bbox 629 1805 819 1837; x_wconf 66' lang='lat' dir='ltr'>secretarios</span> <span class='ocrx_word' id='word_1_158' title='bbox 844 1816 1024 1849; x_wconf 87' lang='lat' dir='ltr'>eorumque</span> <span class='ocrx_word' id='word_1_159' title='bbox 1051 1805 1223 1847; x_wconf 67' lang='lat' dir='ltr'>collegium</span> 
     </span>
     <span class='ocr_line' id='line_1_33' title="bbox 471 1857 1225 1902; baseline 0.003 -13"><span class='ocrx_word' id='word_1_160' title='bbox 471 1857 619 1900; x_wconf 89' lang='lat' dir='ltr'>specialis</span> <span class='ocrx_word' id='word_1_161' title='bbox 629 1858 748 1900; x_wconf 67' lang='lat' dir='ltr'>gratiae</span> <span class='ocrx_word' id='word_1_162' title='bbox 763 1858 867 1891; x_wconf 82' lang='lat' dir='ltr'>favore</span> <span class='ocrx_word' id='word_1_163' title='bbox 881 1858 1045 1902; x_wconf 83' lang='lat' dir='ltr'>prosequi,</span> <span class='ocrx_word' id='word_1_164' title='bbox 1069 1864 1096 1891; x_wconf 88' lang='lat' dir='ltr'>et</span> <span class='ocrx_word' id='word_1_165' title='bbox 1119 1864 1154 1891; x_wconf 86' lang='lat' dir='ltr'>ut</span> <span class='ocrx_word' id='word_1_166' title='bbox 1172 1869 1225 1891; x_wconf 92' lang='lat' dir='ltr'>eo-</span> 
     </span>
     <span class='ocr_line' id='line_1_34' title="bbox 472 1911 1223 1954; baseline 0.004 -12"><span class='ocrx_word' id='word_1_167' title='bbox 472 1920 544 1942; x_wconf 88' lang='lat' dir='ltr'>rum</span> <span class='ocrx_word' id='word_1_168' title='bbox 565 1911 742 1954; x_wconf 75' lang='lat' dir='ltr'>privilegia,</span> <span class='ocrx_word' id='word_1_169' title='bbox 770 1912 937 1945; x_wconf 72' lang='lat' dir='ltr'>facultates</span> <span class='ocrx_word' id='word_1_170' title='bbox 966 1919 994 1945; x_wconf 85' lang='lat' dir='ltr'>et</span> <span class='ocrx_word' id='word_1_171' title='bbox 1018 1913 1141 1945; x_wconf 86' lang='lat' dir='ltr'>indulta</span> <span class='ocrx_word' id='word_1_172' title='bbox 1161 1913 1223 1945; x_wconf 83' lang='lat' dir='ltr'>liu—</span> 
     </span>
     <span class='ocr_line' id='line_1_35' title="bbox 471 1963 1223 2011; baseline 0.007 -16"><span class='ocrx_word' id='word_1_173' title='bbox 471 1963 610 1997; x_wconf 88' lang='lat' dir='ltr'>iusmodi</span> <span class='ocrx_word' id='word_1_174' title='bbox 639 1965 783 1998; x_wconf 81' lang='lat' dir='ltr'>firmiora</span> <span class='ocrx_word' id='word_1_175' title='bbox 814 1966 1002 2009; x_wconf 83' lang='lat' dir='ltr'>persistant,</span> <span class='ocrx_word' id='word_1_176' title='bbox 1032 1972 1062 1999; x_wconf 88' lang='lat' dir='ltr'>et</span> <span class='ocrx_word' id='word_1_177' title='bbox 1087 1966 1110 1999; x_wconf 88' lang='lat' dir='ltr'>si</span> <span class='ocrx_word' id='word_1_178' title='bbox 1141 1978 1223 2011; x_wconf 89' lang='lat' dir='ltr'>quae</span> 
     </span>
     <span class='ocr_line' id='line_1_36' title="bbox 470 2018 1220 2062; baseline 0.004 -12"><span class='ocrx_word' id='word_1_179' title='bbox 470 2018 618 2051; x_wconf 88' lang='lat' dir='ltr'>sorsanin</span> <span class='ocrx_word' id='word_1_180' title='bbox 629 2029 762 2051; x_wconf 89' lang='lat' dir='ltr'>usunon</span> <span class='ocrx_word' id='word_1_181' title='bbox 774 2018 835 2052; x_wconf 86' lang='lat' dir='ltr'>siut</span> <span class='ocrx_word' id='word_1_182' title='bbox 851 2026 902 2052; x_wconf 91' lang='lat' dir='ltr'>aut</span> <span class='ocrx_word' id='word_1_183' title='bbox 920 2025 1065 2053; x_wconf 77' lang='lat' dir='ltr'>revocata</span> <span class='ocrx_word' id='word_1_184' title='bbox 1077 2020 1220 2062; x_wconf 87' lang='lat' dir='ltr'>suerunt,</span> 
     </span>
     <span class='ocr_line' id='line_1_37' title="bbox 471 2071 1222 2117; baseline 0.005 -14"><span class='ocrx_word' id='word_1_185' title='bbox 471 2071 502 2104; x_wconf 89' lang='lat' dir='ltr'>in</span> <span class='ocrx_word' id='word_1_186' title='bbox 530 2072 691 2115; x_wconf 66' lang='lat' dir='ltr'>integrum</span> <span class='ocrx_word' id='word_1_187' title='bbox 723 2072 947 2112; x_wconf 72' lang='lat' dir='ltr'>restituamur,</span> <span class='ocrx_word' id='word_1_188' title='bbox 979 2074 1147 2117; x_wconf 73' lang='lat' dir='ltr'>providero</span> <span class='ocrx_word' id='word_1_189' title='bbox 1167 2086 1222 2107; x_wconf 80' lang='lat' dir='ltr'>xo-</span> 
     </span>
     <span class='ocr_line' id='line_1_38' title="bbox 470 2126 1222 2171; baseline 0.004 -14"><span class='ocrx_word' id='word_1_190' title='bbox 470 2126 582 2166; x_wconf 86' lang='lat' dir='ltr'>lentes‚</span> <span class='ocrx_word' id='word_1_191' title='bbox 594 2127 723 2159; x_wconf 85' lang='lat' dir='ltr'>eosdem</span> <span class='ocrx_word' id='word_1_192' title='bbox 737 2126 926 2160; x_wconf 70' lang='lat' dir='ltr'>secretarios</span> <span class='ocrx_word' id='word_1_193' title='bbox 939 2132 966 2159; x_wconf 88' lang='lat' dir='ltr'>et</span> <span class='ocrx_word' id='word_1_194' title='bbox 982 2138 1096 2160; x_wconf 88' lang='lat' dir='ltr'>corum</span> <span class='ocrx_word' id='word_1_195' title='bbox 1111 2139 1222 2171; x_wconf 83' lang='lat' dir='ltr'>quem-</span> 
     </span>
     <span class='ocr_line' id='line_1_39' title="bbox 471 2179 1222 2223; baseline 0.005 -13"><span class='ocrx_word' id='word_1_196' title='bbox 471 2179 544 2211; x_wconf 90' lang='lat' dir='ltr'>libet</span> <span class='ocrx_word' id='word_1_197' title='bbox 557 2190 573 2212; x_wconf 91' lang='lat' dir='ltr'>a</span> <span class='ocrx_word' id='word_1_198' title='bbox 589 2180 755 2223; x_wconf 79' lang='lat' dir='ltr'>quibusvis</span> <span class='ocrx_word' id='word_1_199' title='bbox 772 2181 1129 2219; x_wconf 73' lang='lat' dir='ltr'>excommunicationis,</span> <span class='ocrx_word' id='word_1_200' title='bbox 1152 2193 1222 2215; x_wconf 90' lang='lat' dir='ltr'>sus-</span> 
     </span>
     <span class='ocr_line' id='line_1_40' title="bbox 470 2233 1222 2277; baseline 0.004 -13"><span class='ocrx_word' id='word_1_201' title='bbox 470 2233 632 2276; x_wconf 73' lang='lat' dir='ltr'>pensionis</span> <span class='ocrx_word' id='word_1_202' title='bbox 642 2239 670 2267; x_wconf 88' lang='lat' dir='ltr'>et</span> <span class='ocrx_word' id='word_1_203' title='bbox 681 2233 841 2266; x_wconf 84' lang='lat' dir='ltr'>interdicti</span> <span class='ocrx_word' id='word_1_204' title='bbox 853 2234 987 2277; x_wconf 84' lang='lat' dir='ltr'>aliisque</span> <span class='ocrx_word' id='word_1_205' title='bbox 998 2236 1222 2269; x_wconf 80' lang='lat' dir='ltr'>ecclesiasticis</span> 
     </span>
     <span class='ocr_line' id='line_1_41' title="bbox 469 2283 1220 2327; baseline 0.007 -14"><span class='ocrx_word' id='word_1_206' title='bbox 469 2283 644 2323; x_wconf 76' lang='lat' dir='ltr'>sententiis,</span> <span class='ocrx_word' id='word_1_207' title='bbox 668 2283 813 2316; x_wconf 84' lang='lat' dir='ltr'>censuris</span> <span class='ocrx_word' id='word_1_208' title='bbox 838 2289 868 2316; x_wconf 89' lang='lat' dir='ltr'>et</span> <span class='ocrx_word' id='word_1_209' title='bbox 893 2283 1006 2327; x_wconf 83' lang='lat' dir='ltr'>poenis</span> <span class='ocrx_word' id='word_1_210' title='bbox 1032 2295 1049 2316; x_wconf 87' lang='lat' dir='ltr'>a</span> <span class='ocrx_word' id='word_1_211' title='bbox 1076 2285 1145 2317; x_wconf 79' lang='lat' dir='ltr'>iure</span> <span class='ocrx_word' id='word_1_212' title='bbox 1173 2286 1220 2318; x_wconf 75' lang='lat' dir='ltr'>vel</span> 
     </span>
     <span class='ocr_line' id='line_1_42' title="bbox 467 2331 1218 2376; baseline 0.007 -14"><span class='ocrx_word' id='word_1_213' title='bbox 467 2331 507 2362; x_wconf 87' lang='lat' dir='ltr'>ab</span> <span class='ocrx_word' id='word_1_214' title='bbox 518 2332 662 2371; x_wconf 86' lang='lat' dir='ltr'>homine,</span> <span class='ocrx_word' id='word_1_215' title='bbox 673 2332 959 2376; x_wconf 69' lang='lat' dir='ltr'>‹iplavisoccasitme</span> <span class='ocrx_word' id='word_1_216' title='bbox 969 2334 1121 2366; x_wconf 76' lang='lat' dir='ltr'>xelcausa</span> <span class='ocrx_word' id='word_1_217' title='bbox 1137 2335 1218 2375; x_wconf 86' lang='lat' dir='ltr'>latis,</span> 
     </span>
     <span class='ocr_line' id='line_1_43' title="bbox 467 2379 1217 2424; baseline 0.008 -14"><span class='ocrx_word' id='word_1_218' title='bbox 467 2379 492 2411; x_wconf 89' lang='lat' dir='ltr'>si</span> <span class='ocrx_word' id='word_1_219' title='bbox 508 2380 625 2422; x_wconf 87' lang='lat' dir='ltr'>quibus</span> <span class='ocrx_word' id='word_1_220' title='bbox 643 2381 887 2424; x_wconf 59' lang='lat' dir='ltr'>quoinOt‘lolibet</span> <span class='ocrx_word' id='word_1_221' title='bbox 906 2382 1049 2414; x_wconf 85' lang='lat' dir='ltr'>innodati</span> <span class='ocrx_word' id='word_1_222' title='bbox 1070 2382 1217 2424; x_wconf 82' lang='lat' dir='ltr'>existunt,</span> 
     </span>
     <span class='ocr_line' id='line_1_44' title="bbox 467 2428 1221 2473; baseline 0.007 -13"><span class='ocrx_word' id='word_1_223' title='bbox 467 2428 505 2460; x_wconf 88' lang='lat' dir='ltr'>ad</span> <span class='ocrx_word' id='word_1_224' title='bbox 527 2428 677 2462; x_wconf 81' lang='lat' dir='ltr'>effectum</span> <span class='ocrx_word' id='word_1_225' title='bbox 695 2432 911 2473; x_wconf 83' lang='lat' dir='ltr'>praesentium</span> <span class='ocrx_word' id='word_1_226' title='bbox 927 2431 1090 2464; x_wconf 73' lang='lat' dir='ltr'>dumtaxat</span> <span class='ocrx_word' id='word_1_227' title='bbox 1110 2444 1221 2465; x_wconf 78' lang='lat' dir='ltr'>conse-</span> 
     </span>
     <span class='ocr_line' id='line_1_45' title="bbox 467 2479 1220 2520; baseline 0.008 -11"><span class='ocrx_word' id='word_1_228' title='bbox 467 2479 644 2520; x_wconf 87' lang='lat' dir='ltr'>quendum,</span> <span class='ocrx_word' id='word_1_229' title='bbox 666 2480 781 2512; x_wconf 86' lang='lat' dir='ltr'>harum</span> <span class='ocrx_word' id='word_1_230' title='bbox 804 2481 886 2514; x_wconf 86' lang='lat' dir='ltr'>serie</span> <span class='ocrx_word' id='word_1_231' title='bbox 906 2481 1105 2514; x_wconf 78' lang='lat' dir='ltr'>absolventes</span> <span class='ocrx_word' id='word_1_232' title='bbox 1126 2488 1152 2514; x_wconf 87' lang='lat' dir='ltr'>et</span> <span class='ocrx_word' id='word_1_233' title='bbox 1167 2483 1220 2515; x_wconf 89' lang='lat' dir='ltr'>ab·</span> 
     </span>
     <span class='ocr_line' id='line_1_46' title="bbox 467 2527 1217 2571; baseline 0.007 -12"><span class='ocrx_word' id='word_1_234' title='bbox 467 2527 588 2560; x_wconf 87' lang='lat' dir='ltr'>solutos</span> <span class='ocrx_word' id='word_1_235' title='bbox 604 2529 670 2561; x_wconf 86' lang='lat' dir='ltr'>fore</span> <span class='ocrx_word' id='word_1_236' title='bbox 691 2535 868 2571; x_wconf 87' lang='lat' dir='ltr'>censentes,</span> <span class='ocrx_word' id='word_1_237' title='bbox 892 2541 1017 2563; x_wconf 82' lang='lat' dir='ltr'>necnon</span> <span class='ocrx_word' id='word_1_238' title='bbox 1039 2531 1217 2564; x_wconf 88' lang='lat' dir='ltr'>litterarum</span> 
     </span>
     <span class='ocr_line' id='line_1_47' title="bbox 467 2576 1219 2622; baseline 0.008 -15"><span class='ocrx_word' id='word_1_239' title='bbox 467 2576 702 2617; x_wconf 84' lang='lat' dir='ltr'>praedictarum</span> <span class='ocrx_word' id='word_1_240' title='bbox 720 2584 749 2611; x_wconf 88' lang='lat' dir='ltr'>et</span> <span class='ocrx_word' id='word_1_241' title='bbox 770 2579 1010 2622; x_wconf 66' lang='lat' dir='ltr'>privilegiorum</span> <span class='ocrx_word' id='word_1_242' title='bbox 1029 2580 1059 2612; x_wconf 92' lang='lat' dir='ltr'>in</span> <span class='ocrx_word' id='word_1_243' title='bbox 1081 2579 1125 2613; x_wconf 87' lang='lat' dir='ltr'>eis</span> <span class='ocrx_word' id='word_1_244' title='bbox 1146 2591 1219 2613; x_wconf 88' lang='lat' dir='ltr'>con—</span> 
     </span>
    </p>
   </div>
   <div class='ocr_carea' id='block_1_8' title="bbox 504 2639 964 2675">
    <p class='ocr_par' dir='ltr' id='par_1_9' title="bbox 504 2639 964 2675">
     <span class='ocr_line' id='line_1_48' title="bbox 504 2639 964 2675; baseline 0.009 -9"><span class='ocrx_word' id='word_1_245' title='bbox 504 2639 513 2666; x_wconf 83' lang='lat' dir='ltr'>t</span> <span class='ocrx_word' id='word_1_246' title='bbox 536 2639 576 2666; x_wconf 74' lang='lat' dir='ltr'>Ex</span> <span class='ocrx_word' id='word_1_247' title='bbox 592 2639 688 2675; x_wconf 76' lang='lat' dir='ltr'>Regest</span> <span class='ocrx_word' id='word_1_248' title='bbox 705 2641 729 2668; x_wconf 88' lang='lat' dir='ltr'>in</span> <span class='ocrx_word' id='word_1_249' title='bbox 751 2642 860 2669; x_wconf 81' lang='lat' dir='ltr'>Archiv.</span> <span class='ocrx_word' id='word_1_250' title='bbox 882 2642 964 2670; x_wconf 75' lang='lat' dir='ltr'>Vatic-</span> 
     </span>
    </p>
   </div>
   <div class='ocr_carea' id='block_1_9' title="bbox 1260 300 2234 2675">
    <p class='ocr_par' dir='ltr' id='par_1_10' title="bbox 1284 300 2037 398">
     <span class='ocr_line' id='line_1_49' title="bbox 1285 300 2037 345; baseline 0.005 -13"><span class='ocrx_word' id='word_1_251' title='bbox 1285 303 1604 340; x_wconf 86' lang='lat' dir='ltr'>tentorumtenores,</span> <span class='ocrx_word' id='word_1_252' title='bbox 1626 300 1849 343; x_wconf 86' lang='lat' dir='ltr'>praesentibus</span> <span class='ocrx_word' id='word_1_253' title='bbox 1870 313 1928 345; x_wconf 89' lang='lat' dir='ltr'>pro</span> <span class='ocrx_word' id='word_1_254' title='bbox 1949 303 2037 336; x_wconf 83' lang='lat' dir='ltr'>suffi-</span> 
     </span>
     <span class='ocr_line' id='line_1_50' title="bbox 1284 353 1767 398; baseline 0.002 -11"><span class='ocrx_word' id='word_1_255' title='bbox 1284 354 1407 388; x_wconf 84' lang='lat' dir='ltr'>cienter</span> <span class='ocrx_word' id='word_1_256' title='bbox 1427 353 1584 398; x_wconf 80' lang='lat' dir='ltr'>expressis</span> <span class='ocrx_word' id='word_1_257' title='bbox 1601 354 1767 388; x_wconf 86' lang='lat' dir='ltr'>habentes.</span> 
     </span>
    </p>

    <p class='ocr_par' dir='ltr' id='par_1_11' title="bbox 1266 407 2234 2128">
     <span class='ocr_line' id='line_1_51' title="bbox 1327 407 2234 453; baseline 0.004 -13"><span class='ocrx_word' id='word_1_258' title='bbox 1327 408 1341 451; x_wconf 63' lang='grc' dir='ltr'><strong>ἓ</strong></span> <span class='ocrx_word' id='word_1_259' title='bbox 1362 407 1392 440; x_wconf 75' lang='lat'>⁶2.</span> <span class='ocrx_word' id='word_1_260' title='bbox 1413 408 1498 441; x_wconf 85' lang='lat' dir='ltr'>Motu</span> <span class='ocrx_word' id='word_1_261' title='bbox 1520 407 1665 451; x_wconf 86' lang='lat' dir='ltr'>proprie,</span> <span class='ocrx_word' id='word_1_262' title='bbox 1687 419 1752 441; x_wconf 90' lang='lat' dir='ltr'>non</span> <span class='ocrx_word' id='word_1_263' title='bbox 1766 409 1805 441; x_wconf 89' lang='lat' dir='ltr'>ad</span> <span class='ocrx_word' id='word_1_264' title='bbox 1822 408 1964 453; x_wconf 88' lang='lat' dir='ltr'>ipsorum</span> <span class='ocrx_word' id='word_1_265' title='bbox 1986 422 2033 444; x_wconf 88' lang='lat' dir='ltr'>se·</span> <span class='ocrx_word' id='word_1_266' title='bbox 2099 429 2234 451; x_wconf 48' lang='lat' dir='ltr'>confirmant,</span> 
     </span>
     <span class='ocr_line' id='line_1_52' title="bbox 1283 457 2214 501; baseline 0.004 -11"><span class='ocrx_word' id='word_1_267' title='bbox 1283 458 1496 491; x_wconf 89' lang='lat' dir='ltr'>cretariorum</span> <span class='ocrx_word' id='word_1_268' title='bbox 1517 462 1569 490; x_wconf 88' lang='lat' dir='ltr'>aut</span> <span class='ocrx_word' id='word_1_269' title='bbox 1592 457 1730 491; x_wconf 85' lang='lat' dir='ltr'>alicuius</span> <span class='ocrx_word' id='word_1_270' title='bbox 1745 459 1858 501; x_wconf 86' lang='lat' dir='ltr'>procis</span> <span class='ocrx_word' id='word_1_271' title='bbox 1874 460 1966 492; x_wconf 85' lang='lat' dir='ltr'>nobis</span> <span class='ocrx_word' id='word_1_272' title='bbox 1986 472 2037 493; x_wconf 91' lang='lat' dir='ltr'>su-</span> <span class='ocrx_word' id='word_1_273' title='bbox 2051 461 2214 488; x_wconf 62' lang='lat'>⁹¹⁴³‘&#39;⁵¹⁰¹=&#39;³⁰¹*¹¹¹¹¹·</span> 
     </span>
     <span class='ocr_line' id='line_1_53' title="bbox 1283 512 2036 555; baseline 0.004 -11"><span class='ocrx_word' id='word_1_274' title='bbox 1283 523 1341 555; x_wconf 89' lang='lat' dir='ltr'>per</span> <span class='ocrx_word' id='word_1_275' title='bbox 1360 512 1422 545; x_wconf 85' lang='lat' dir='ltr'>lioc</span> <span class='ocrx_word' id='word_1_276' title='bbox 1443 512 1568 545; x_wconf 90' lang='lat' dir='ltr'>oblatae</span> <span class='ocrx_word' id='word_1_277' title='bbox 1588 512 1960 555; x_wconf 87' lang='lat' dir='ltr'>petitionisinstantiam,</span> <span class='ocrx_word' id='word_1_278' title='bbox 1982 514 2036 547; x_wconf 88' lang='lat' dir='ltr'>sed</span> 
     </span>
     <span class='ocr_line' id='line_1_54' title="bbox 1281 566 2038 601; baseline 0.003 -3"><span class='ocrx_word' id='word_1_279' title='bbox 1281 576 1317 598; x_wconf 86' lang='lat' dir='ltr'>ex</span> <span class='ocrx_word' id='word_1_280' title='bbox 1338 576 1425 599; x_wconf 86' lang='lat' dir='ltr'>mera</span> <span class='ocrx_word' id='word_1_281' title='bbox 1444 566 1675 599; x_wconf 80' lang='lat' dir='ltr'>deliberatione</span> <span class='ocrx_word' id='word_1_282' title='bbox 1691 572 1721 599; x_wconf 84' lang='lat' dir='ltr'>et</span> <span class='ocrx_word' id='word_1_283' title='bbox 1733 571 1818 599; x_wconf 85' lang='lat' dir='ltr'>certa</span> <span class='ocrx_word' id='word_1_284' title='bbox 1835 567 1967 600; x_wconf 80' lang='lat' dir='ltr'>scientia</span> <span class='ocrx_word' id='word_1_285' title='bbox 1981 578 2038 601; x_wconf 85' lang='lat' dir='ltr'>no-</span> 
     </span>
     <span class='ocr_line' id='line_1_55' title="bbox 1281 618 2037 664; baseline 0.003 -13"><span class='ocrx_word' id='word_1_286' title='bbox 1281 618 1364 659; x_wconf 83' lang='lat' dir='ltr'>stris,</span> <span class='ocrx_word' id='word_1_287' title='bbox 1385 619 1489 662; x_wconf 81' lang='lat' dir='ltr'>deque</span> <span class='ocrx_word' id='word_1_288' title='bbox 1505 620 1699 663; x_wconf 87' lang='lat' dir='ltr'>apostolicae</span> <span class='ocrx_word' id='word_1_289' title='bbox 1721 620 1886 663; x_wconf 87' lang='lat' dir='ltr'>potestatis</span> <span class='ocrx_word' id='word_1_290' title='bbox 1900 620 2037 664; x_wconf 87' lang='lat' dir='ltr'>plenitu-</span> 
     </span>
     <span class='ocr_line' id='line_1_56' title="bbox 1280 672 2036 718; baseline 0.005 -14"><span class='ocrx_word' id='word_1_291' title='bbox 1280 672 1365 713; x_wconf 85' lang='lat' dir='ltr'>dine,</span> <span class='ocrx_word' id='word_1_292' title='bbox 1386 673 1528 716; x_wconf 75' lang='lat' dir='ltr'>singulas</span> <span class='ocrx_word' id='word_1_293' title='bbox 1543 674 1732 707; x_wconf 86' lang='lat' dir='ltr'>eorumdem</span> <span class='ocrx_word' id='word_1_294' title='bbox 1748 675 2036 718; x_wconf 84' lang='lat' dir='ltr'>praedecessorum</span> 
     </span>
     <span class='ocr_line' id='line_1_57' title="bbox 1280 726 2032 772; baseline 0.004 -13"><span class='ocrx_word' id='word_1_295' title='bbox 1280 726 1416 767; x_wconf 83' lang='lat' dir='ltr'>litteras,</span> <span class='ocrx_word' id='word_1_296' title='bbox 1445 727 1619 771; x_wconf 80' lang='lat' dir='ltr'>omniaque</span> <span class='ocrx_word' id='word_1_297' title='bbox 1649 734 1678 761; x_wconf 89' lang='lat' dir='ltr'>et</span> <span class='ocrx_word' id='word_1_298' title='bbox 1703 728 1829 772; x_wconf 76' lang='lat' dir='ltr'>singula</span> <span class='ocrx_word' id='word_1_299' title='bbox 1855 728 2032 772; x_wconf 73' lang='lat' dir='ltr'>privilegia,</span> 
     </span>
     <span class='ocr_line' id='line_1_58' title="bbox 1279 780 2034 823; baseline 0.004 -11"><span class='ocrx_word' id='word_1_300' title='bbox 1279 780 1456 821; x_wconf 78' lang='lat' dir='ltr'>facultates,</span> <span class='ocrx_word' id='word_1_301' title='bbox 1477 781 1612 821; x_wconf 89' lang='lat' dir='ltr'>indulta,</span> <span class='ocrx_word' id='word_1_302' title='bbox 1631 782 1760 823; x_wconf 67' lang='lat' dir='ltr'>gratias,</span> <span class='ocrx_word' id='word_1_303' title='bbox 1779 782 1953 822; x_wconf 85' lang='lat' dir='ltr'>libertates,</span> <span class='ocrx_word' id='word_1_304' title='bbox 1974 782 2034 814; x_wconf 89' lang='lat' dir='ltr'>im-</span> 
     </span>
     <span class='ocr_line' id='line_1_59' title="bbox 1279 834 2034 880; baseline 0.005 -15"><span class='ocrx_word' id='word_1_305' title='bbox 1279 834 1462 877; x_wconf 86' lang='lat' dir='ltr'>munitates,</span> <span class='ocrx_word' id='word_1_306' title='bbox 1486 836 1716 880; x_wconf 81' lang='lat' dir='ltr'>exemptiones,</span> <span class='ocrx_word' id='word_1_307' title='bbox 1734 836 1957 877; x_wconf 85' lang='lat' dir='ltr'>antelationes,</span> <span class='ocrx_word' id='word_1_308' title='bbox 1975 836 2034 869; x_wconf 91' lang='lat' dir='ltr'>ho-</span> 
     </span>
     <span class='ocr_line' id='line_1_60' title="bbox 1277 889 2035 933; baseline 0.004 -13"><span class='ocrx_word' id='word_1_309' title='bbox 1277 898 1384 928; x_wconf 83' lang='lat' dir='ltr'>nores,</span> <span class='ocrx_word' id='word_1_310' title='bbox 1408 894 1567 933; x_wconf 82' lang='lat' dir='ltr'>quatenus</span> <span class='ocrx_word' id='word_1_311' title='bbox 1588 889 1717 923; x_wconf 85' lang='lat' dir='ltr'>concilii</span> <span class='ocrx_word' id='word_1_312' title='bbox 1732 889 1909 923; x_wconf 83' lang='lat' dir='ltr'>Tridentini</span> <span class='ocrx_word' id='word_1_313' title='bbox 1925 890 2035 923; x_wconf 85' lang='lat' dir='ltr'>decre-</span> 
     </span>
     <span class='ocr_line' id='line_1_61' title="bbox 1278 941 2033 984; baseline 0.001 -10"><span class='ocrx_word' id='word_1_314' title='bbox 1278 941 1316 974; x_wconf 82' lang='lat' dir='ltr'>tis</span> <span class='ocrx_word' id='word_1_315' title='bbox 1336 953 1401 975; x_wconf 91' lang='lat' dir='ltr'>non</span> <span class='ocrx_word' id='word_1_316' title='bbox 1426 943 1647 984; x_wconf 77' lang='lat' dir='ltr'>adversentur,</span> <span class='ocrx_word' id='word_1_317' title='bbox 1671 943 1796 976; x_wconf 88' lang='lat' dir='ltr'>etiamsi</span> <span class='ocrx_word' id='word_1_318' title='bbox 1826 943 1880 976; x_wconf 88' lang='lat' dir='ltr'>illa</span> <span class='ocrx_word' id='word_1_319' title='bbox 1911 943 1942 976; x_wconf 91' lang='lat' dir='ltr'>in</span> <span class='ocrx_word' id='word_1_320' title='bbox 1972 954 2033 977; x_wconf 89' lang='lat' dir='ltr'>usu</span> 
     </span>
     <span class='ocr_line' id='line_1_62' title="bbox 1276 996 2033 1041; baseline 0.004 -15"><span class='ocrx_word' id='word_1_321' title='bbox 1276 1005 1339 1027; x_wconf 90' lang='lat' dir='ltr'>non</span> <span class='ocrx_word' id='word_1_322' title='bbox 1363 996 1437 1035; x_wconf 87' lang='lat' dir='ltr'>sint,</span> <span class='ocrx_word' id='word_1_323' title='bbox 1460 1008 1496 1029; x_wconf 87' lang='lat' dir='ltr'>ac</span> <span class='ocrx_word' id='word_1_324' title='bbox 1517 998 1624 1030; x_wconf 82' lang='lat' dir='ltr'>forsan</span> <span class='ocrx_word' id='word_1_325' title='bbox 1644 1008 1702 1041; x_wconf 90' lang='lat' dir='ltr'>per</span> <span class='ocrx_word' id='word_1_326' title='bbox 1719 1007 1777 1030; x_wconf 89' lang='lat' dir='ltr'>nos</span> <span class='ocrx_word' id='word_1_327' title='bbox 1797 1002 1852 1030; x_wconf 84' lang='lat' dir='ltr'>aut</span> <span class='ocrx_word' id='word_1_328' title='bbox 1871 997 2033 1030; x_wconf 82' lang='lat' dir='ltr'>Romanos</span> 
     </span>
     <span class='ocr_line' id='line_1_63' title="bbox 1274 1049 2032 1094; baseline 0.003 -13"><span class='ocrx_word' id='word_1_329' title='bbox 1274 1049 1446 1083; x_wconf 84' lang='lat' dir='ltr'>Pontifices</span> <span class='ocrx_word' id='word_1_330' title='bbox 1462 1051 1728 1094; x_wconf 84' lang='lat' dir='ltr'>praedecessores</span> <span class='ocrx_word' id='word_1_331' title='bbox 1744 1056 1871 1084; x_wconf 86' lang='lat' dir='ltr'>nostros</span> <span class='ocrx_word' id='word_1_332' title='bbox 1886 1056 2032 1084; x_wconf 84' lang='lat' dir='ltr'>revocata</span> 
     </span>
     <span class='ocr_line' id='line_1_64' title="bbox 1274 1103 2032 1143; baseline 0.003 -8"><span class='ocrx_word' id='word_1_333' title='bbox 1274 1103 1405 1143; x_wconf 84' lang='lat' dir='ltr'>suerint,</span> <span class='ocrx_word' id='word_1_334' title='bbox 1422 1115 1480 1137; x_wconf 87' lang='lat' dir='ltr'>nec</span> <span class='ocrx_word' id='word_1_335' title='bbox 1501 1115 1565 1137; x_wconf 87' lang='lat' dir='ltr'>non</span> <span class='ocrx_word' id='word_1_336' title='bbox 1586 1104 1701 1137; x_wconf 84' lang='lat' dir='ltr'>salaria</span> <span class='ocrx_word' id='word_1_337' title='bbox 1713 1115 1749 1137; x_wconf 90' lang='lat' dir='ltr'>ac</span> <span class='ocrx_word' id='word_1_338' title='bbox 1767 1105 1987 1137; x_wconf 85' lang='lat' dir='ltr'>emolumenta</span> <span class='ocrx_word' id='word_1_339' title='bbox 2002 1109 2032 1137; x_wconf 87' lang='lat' dir='ltr'>et</span> 
     </span>
     <span class='ocr_line' id='line_1_65' title="bbox 1273 1156 2032 1201; baseline 0.004 -13"><span class='ocrx_word' id='word_1_340' title='bbox 1273 1156 1335 1189; x_wconf 87' lang='lat' dir='ltr'>alia</span> <span class='ocrx_word' id='word_1_341' title='bbox 1360 1168 1587 1201; x_wconf 84' lang='lat' dir='ltr'>quaecumque</span> <span class='ocrx_word' id='word_1_342' title='bbox 1620 1159 1740 1191; x_wconf 87' lang='lat' dir='ltr'>eisdem</span> <span class='ocrx_word' id='word_1_343' title='bbox 1764 1157 1944 1191; x_wconf 81' lang='lat' dir='ltr'>secretariis</span> <span class='ocrx_word' id='word_1_344' title='bbox 1974 1169 2032 1201; x_wconf 88' lang='lat' dir='ltr'>per</span> 
     </span>
     <span class='ocr_line' id='line_1_66' title="bbox 1273 1209 2029 1255; baseline 0.005 -14"><span class='ocrx_word' id='word_1_345' title='bbox 1273 1209 1374 1243; x_wconf 85' lang='lat' dir='ltr'>dictos</span> <span class='ocrx_word' id='word_1_346' title='bbox 1386 1212 1650 1254; x_wconf 82' lang='lat' dir='ltr'>praedecessores</span> <span class='ocrx_word' id='word_1_347' title='bbox 1660 1223 1813 1245; x_wconf 82' lang='lat' dir='ltr'>concessa</span> <span class='ocrx_word' id='word_1_348' title='bbox 1820 1212 2029 1255; x_wconf 81' lang='lat' dir='ltr'>etassignata,</span> 
     </span>
     <span class='ocr_line' id='line_1_67' title="bbox 1272 1264 2027 1309; baseline 0.004 -14"><span class='ocrx_word' id='word_1_349' title='bbox 1272 1264 1447 1307; x_wconf 82' lang='lat' dir='ltr'>apostoliea</span> <span class='ocrx_word' id='word_1_350' title='bbox 1459 1265 1662 1305; x_wconf 83' lang='lat' dir='ltr'>auctoritate,</span> <span class='ocrx_word' id='word_1_351' title='bbox 1680 1271 1792 1299; x_wconf 87' lang='lat' dir='ltr'>tenore</span> <span class='ocrx_word' id='word_1_352' title='bbox 1808 1265 2027 1309; x_wconf 81' lang='lat' dir='ltr'>praesentium,</span> 
     </span>
     <span class='ocr_line' id='line_1_68' title="bbox 1272 1319 2026 1363; baseline 0.005 -15"><span class='ocrx_word' id='word_1_353' title='bbox 1272 1323 1429 1361; x_wconf 87' lang='lat' dir='ltr'>perpetuo</span> <span class='ocrx_word' id='word_1_354' title='bbox 1460 1319 1693 1352; x_wconf 80' lang='lat' dir='ltr'>confirmamus</span> <span class='ocrx_word' id='word_1_355' title='bbox 1727 1324 1756 1352; x_wconf 88' lang='lat' dir='ltr'>et</span> <span class='ocrx_word' id='word_1_356' title='bbox 1789 1319 2026 1363; x_wconf 86' lang='lat' dir='ltr'>approbamus,</span> 
     </span>
     <span class='ocr_line' id='line_1_69' title="bbox 1271 1372 2028 1417; baseline 0.004 -15"><span class='ocrx_word' id='word_1_357' title='bbox 1271 1381 1330 1403; x_wconf 90' lang='lat' dir='ltr'>nec</span> <span class='ocrx_word' id='word_1_358' title='bbox 1346 1382 1411 1404; x_wconf 89' lang='lat' dir='ltr'>non</span> <span class='ocrx_word' id='word_1_359' title='bbox 1426 1372 1487 1405; x_wconf 86' lang='lat' dir='ltr'>illis</span> <span class='ocrx_word' id='word_1_360' title='bbox 1500 1374 1651 1406; x_wconf 88' lang='lat' dir='ltr'>omnibus</span> <span class='ocrx_word' id='word_1_361' title='bbox 1665 1378 1840 1417; x_wconf 80' lang='lat' dir='ltr'>perpetuae</span> <span class='ocrx_word' id='word_1_362' title='bbox 1855 1378 1886 1406; x_wconf 87' lang='lat' dir='ltr'>ct</span> <span class='ocrx_word' id='word_1_363' title='bbox 1898 1373 2028 1406; x_wconf 76' lang='lat' dir='ltr'>inviola-</span> 
     </span>
     <span class='ocr_line' id='line_1_70' title="bbox 1270 1424 2027 1468; baseline 0.005 -12"><span class='ocrx_word' id='word_1_364' title='bbox 1270 1424 1342 1457; x_wconf 87' lang='lat' dir='ltr'>bilis</span> <span class='ocrx_word' id='word_1_365' title='bbox 1357 1426 1518 1459; x_wconf 83' lang='lat' dir='ltr'>firmitatis</span> <span class='ocrx_word' id='word_1_366' title='bbox 1539 1428 1639 1460; x_wconf 89' lang='lat' dir='ltr'>robur</span> <span class='ocrx_word' id='word_1_367' title='bbox 1664 1427 1851 1467; x_wconf 73' lang='lat' dir='ltr'>adiicimus3</span> <span class='ocrx_word' id='word_1_368' title='bbox 1874 1427 2027 1468; x_wconf 86' lang='lat' dir='ltr'>desectus,</span> 
     </span>
     <span class='ocr_line' id='line_1_71' title="bbox 1270 1478 2026 1522; baseline 0.005 -12"><span class='ocrx_word' id='word_1_369' title='bbox 1270 1478 1294 1510; x_wconf 92' lang='lat' dir='ltr'>si</span> <span class='ocrx_word' id='word_1_370' title='bbox 1315 1479 1370 1521; x_wconf 87' lang='lat' dir='ltr'>qui</span> <span class='ocrx_word' id='word_1_371' title='bbox 1388 1480 1507 1513; x_wconf 89' lang='lat' dir='ltr'>fuerint</span> <span class='ocrx_word' id='word_1_372' title='bbox 1527 1487 1582 1514; x_wconf 86' lang='lat' dir='ltr'>aut</span> <span class='ocrx_word' id='word_1_373' title='bbox 1602 1481 1833 1514; x_wconf 81' lang='lat' dir='ltr'>intervenerint</span> <span class='ocrx_word' id='word_1_374' title='bbox 1848 1481 1880 1513; x_wconf 86' lang='lat' dir='ltr'>in</span> <span class='ocrx_word' id='word_1_375' title='bbox 1893 1481 2026 1522; x_wconf 88' lang='lat' dir='ltr'>eisdem,</span> 
     </span>
     <span class='ocr_line' id='line_1_72' title="bbox 1270 1531 2026 1579; baseline 0.004 -15"><span class='ocrx_word' id='word_1_376' title='bbox 1270 1531 1331 1565; x_wconf 81' lang='lat' dir='ltr'>sive</span> <span class='ocrx_word' id='word_1_377' title='bbox 1358 1544 1394 1566; x_wconf 82' lang='lat' dir='ltr'>ex</span> <span class='ocrx_word' id='word_1_378' title='bbox 1426 1533 1495 1568; x_wconf 90' lang='lat' dir='ltr'>iure</span> <span class='ocrx_word' id='word_1_379' title='bbox 1530 1535 1594 1568; x_wconf 79' lang='lat' dir='ltr'>sive</span> <span class='ocrx_word' id='word_1_380' title='bbox 1622 1546 1659 1568; x_wconf 87' lang='lat' dir='ltr'>ex</span> <span class='ocrx_word' id='word_1_381' title='bbox 1686 1535 1769 1568; x_wconf 89' lang='lat' dir='ltr'>facto</span> <span class='ocrx_word' id='word_1_382' title='bbox 1798 1535 2026 1579; x_wconf 82' lang='lat' dir='ltr'>processerint,</span> 
     </span>
     <span class='ocr_line' id='line_1_73' title="bbox 1270 1587 2027 1633; baseline 0.005 -15"><span class='ocrx_word' id='word_1_383' title='bbox 1270 1587 1472 1630; x_wconf 79' lang='lat' dir='ltr'>supplentes3</span> <span class='ocrx_word' id='word_1_384' title='bbox 1502 1594 1533 1621; x_wconf 89' lang='lat' dir='ltr'>et</span> <span class='ocrx_word' id='word_1_385' title='bbox 1566 1600 1624 1633; x_wconf 87' lang='lat' dir='ltr'>pro</span> <span class='ocrx_word' id='word_1_386' title='bbox 1646 1588 1763 1632; x_wconf 88' lang='lat' dir='ltr'>potiori</span> <span class='ocrx_word' id='word_1_387' title='bbox 1792 1590 1930 1629; x_wconf 86' lang='lat' dir='ltr'>cautela,</span> <span class='ocrx_word' id='word_1_388' title='bbox 1960 1589 2027 1632; x_wconf 89' lang='lat' dir='ltr'>pri-</span> 
     </span>
     <span class='ocr_line' id='line_1_74' title="bbox 1268 1639 2026 1685; baseline 0.005 -14"><span class='ocrx_word' id='word_1_389' title='bbox 1268 1639 1380 1683; x_wconf 78' lang='lat' dir='ltr'>vilegia</span> <span class='ocrx_word' id='word_1_390' title='bbox 1396 1668 1403 1682; x_wconf 88' lang='lat'>,</span> <span class='ocrx_word' id='word_1_391' title='bbox 1442 1643 1609 1675; x_wconf 81' lang='lat' dir='ltr'>facultates</span> <span class='ocrx_word' id='word_1_392' title='bbox 1625 1670 1632 1683; x_wconf 94' lang='lat'>,</span> <span class='ocrx_word' id='word_1_393' title='bbox 1667 1643 1803 1683; x_wconf 88' lang='lat' dir='ltr'>indulta,</span> <span class='ocrx_word' id='word_1_394' title='bbox 1830 1642 1966 1685; x_wconf 80' lang='lat' dir='ltr'>gratias,</span> <span class='ocrx_word' id='word_1_395' title='bbox 1988 1643 2026 1675; x_wconf 89' lang='lat' dir='ltr'>li-</span> 
     </span>
     <span class='ocr_line' id='line_1_75' title="bbox 1268 1692 2028 1739; baseline 0.007 -15"><span class='ocrx_word' id='word_1_396' title='bbox 1268 1692 1426 1735; x_wconf 83' lang='lat' dir='ltr'>bertates,</span> <span class='ocrx_word' id='word_1_397' title='bbox 1448 1695 1687 1736; x_wconf 87' lang='lat' dir='ltr'>immunitates,</span> <span class='ocrx_word' id='word_1_398' title='bbox 1711 1696 1950 1739; x_wconf 78' lang='lat' dir='ltr'>exemptiones,</span> <span class='ocrx_word' id='word_1_399' title='bbox 1973 1707 2028 1729; x_wconf 85' lang='lat' dir='ltr'>an-</span> 
     </span>
     <span class='ocr_line' id='line_1_76' title="bbox 1268 1748 2027 1791; baseline 0.005 -12"><span class='ocrx_word' id='word_1_400' title='bbox 1268 1748 1446 1790; x_wconf 86' lang='lat' dir='ltr'>telationes,</span> <span class='ocrx_word' id='word_1_401' title='bbox 1466 1750 1618 1791; x_wconf 86' lang='lat' dir='ltr'>honores,</span> <span class='ocrx_word' id='word_1_402' title='bbox 1639 1751 1754 1783; x_wconf 87' lang='lat' dir='ltr'>salaria</span> <span class='ocrx_word' id='word_1_403' title='bbox 1767 1751 2027 1783; x_wconf 85' lang='lat' dir='ltr'>etemolumenta</span> 
     </span>
     <span class='ocr_line' id='line_1_77' title="bbox 1267 1797 2025 1843; baseline 0.004 -14"><span class='ocrx_word' id='word_1_404' title='bbox 1267 1797 1455 1831; x_wconf 87' lang='lat' dir='ltr'>huiusmodi</span> <span class='ocrx_word' id='word_1_405' title='bbox 1478 1799 1592 1832; x_wconf 86' lang='lat' dir='ltr'>iisdem</span> <span class='ocrx_word' id='word_1_406' title='bbox 1614 1799 1710 1832; x_wconf 91' lang='lat' dir='ltr'>modo</span> <span class='ocrx_word' id='word_1_407' title='bbox 1732 1805 1761 1832; x_wconf 90' lang='lat' dir='ltr'>et</span> <span class='ocrx_word' id='word_1_408' title='bbox 1776 1799 1893 1840; x_wconf 83' lang='lat' dir='ltr'>fornia,</span> <span class='ocrx_word' id='word_1_409' title='bbox 1907 1799 2025 1843; x_wconf 85' lang='lat' dir='ltr'>quibus</span> 
     </span>
     <span class='ocr_line' id='line_1_78' title="bbox 1267 1849 2024 1893; baseline 0.003 -13"><span class='ocrx_word' id='word_1_410' title='bbox 1267 1858 1325 1891; x_wconf 88' lang='lat' dir='ltr'>per</span> <span class='ocrx_word' id='word_1_411' title='bbox 1344 1849 1529 1892; x_wconf 85' lang='lat' dir='ltr'>praedictos</span> <span class='ocrx_word' id='word_1_412' title='bbox 1549 1849 1814 1893; x_wconf 86' lang='lat' dir='ltr'>praedecessores</span> <span class='ocrx_word' id='word_1_413' title='bbox 1834 1849 1956 1882; x_wconf 84' lang='lat' dir='ltr'>eisdem</span> <span class='ocrx_word' id='word_1_414' title='bbox 1974 1859 2024 1882; x_wconf 89' lang='lat' dir='ltr'>se-·</span> 
     </span>
     <span class='ocr_line' id='line_1_79' title="bbox 1267 1898 2024 1941; baseline 0.001 -11"><span class='ocrx_word' id='word_1_415' title='bbox 1267 1898 1412 1930; x_wconf 83' lang='lat' dir='ltr'>cretariis</span> <span class='ocrx_word' id='word_1_416' title='bbox 1433 1904 1463 1931; x_wconf 84' lang='lat' dir='ltr'>et</span> <span class='ocrx_word' id='word_1_417' title='bbox 1483 1909 1596 1931; x_wconf 89' lang='lat' dir='ltr'>eorum</span> <span class='ocrx_word' id='word_1_418' title='bbox 1618 1899 1754 1941; x_wconf 80' lang='lat' dir='ltr'>collegio</span> <span class='ocrx_word' id='word_1_419' title='bbox 1783 1909 1934 1932; x_wconf 87' lang='lat' dir='ltr'>concessa</span> <span class='ocrx_word' id='word_1_420' title='bbox 1954 1899 2024 1932; x_wconf 89' lang='lat' dir='ltr'>sue-</span> 
     </span>
     <span class='ocr_line' id='line_1_80' title="bbox 1268 1948 2026 1992; baseline 0.001 -13"><span class='ocrx_word' id='word_1_421' title='bbox 1268 1952 1352 1987; x_wconf 88' lang='lat' dir='ltr'>runt,</span> <span class='ocrx_word' id='word_1_422' title='bbox 1384 1953 1486 1987; x_wconf 87' lang='lat' dir='ltr'>motu,</span> <span class='ocrx_word' id='word_1_423' title='bbox 1510 1948 1643 1981; x_wconf 88' lang='lat' dir='ltr'>scientia</span> <span class='ocrx_word' id='word_1_424' title='bbox 1669 1953 1699 1981; x_wconf 86' lang='lat' dir='ltr'>et</span> <span class='ocrx_word' id='word_1_425' title='bbox 1731 1948 1896 1992; x_wconf 81' lang='lat' dir='ltr'>potestatis</span> <span class='ocrx_word' id='word_1_426' title='bbox 1924 1948 2026 1991; x_wconf 91' lang='lat' dir='ltr'>pleni—</span> 
     </span>
     <span class='ocr_line' id='line_1_81' title="bbox 1266 1997 2024 2039; baseline 0.003 -11"><span class='ocrx_word' id='word_1_427' title='bbox 1266 1997 1377 2029; x_wconf 87' lang='lat' dir='ltr'>tudine</span> <span class='ocrx_word' id='word_1_428' title='bbox 1405 1997 1586 2039; x_wconf 85' lang='lat' dir='ltr'>similibus,</span> <span class='ocrx_word' id='word_1_429' title='bbox 1616 1998 1806 2031; x_wconf 84' lang='lat' dir='ltr'>auctoritate</span> <span class='ocrx_word' id='word_1_430' title='bbox 1844 2003 1874 2031; x_wconf 90' lang='lat' dir='ltr'>et</span> <span class='ocrx_word' id='word_1_431' title='bbox 1913 2002 2024 2031; x_wconf 88' lang='lat' dir='ltr'>tenore</span> 
     </span>
     <span class='ocr_line' id='line_1_82' title="bbox 1267 2046 2023 2090; baseline 0.003 -13"><span class='ocrx_word' id='word_1_432' title='bbox 1267 2047 1441 2089; x_wconf 86' lang='lat' dir='ltr'>praedictis</span> <span class='ocrx_word' id='word_1_433' title='bbox 1458 2047 1496 2080; x_wconf 85' lang='lat' dir='ltr'>dc</span> <span class='ocrx_word' id='word_1_434' title='bbox 1512 2058 1594 2081; x_wconf 89' lang='lat' dir='ltr'>novo</span> <span class='ocrx_word' id='word_1_435' title='bbox 1611 2048 1822 2081; x_wconf 78' lang='lat' dir='ltr'>concedimus</span> <span class='ocrx_word' id='word_1_436' title='bbox 1839 2046 2023 2090; x_wconf 79' lang='lat' dir='ltr'>ctassigna-</span> 
     </span>
     <span class='ocr_line' id='line_1_83' title="bbox 1266 2105 1350 2128; baseline 0.024 -2"><span class='ocrx_word' id='word_1_437' title='bbox 1266 2105 1350 2128; x_wconf 87' lang='lat' dir='ltr'>mus.</span> 
     </span>
    </p>

    <p class='ocr_par' dir='ltr' id='par_1_12' title="bbox 1260 2144 2221 2675">
     <span class='ocr_line' id='line_1_84' title="bbox 1309 2144 2220 2187; baseline 0.003 -11"><span class='ocrx_word' id='word_1_438' title='bbox 1309 2145 1323 2187; x_wconf 63' lang='grc' dir='ltr'>ξ</span> <span class='ocrx_word' id='word_1_439' title='bbox 1344 2144 1376 2178; x_wconf 77' lang='lat'>3.</span> <span class='ocrx_word' id='word_1_440' title='bbox 1395 2145 1542 2178; x_wconf 70' lang='lat' dir='ltr'>Voleutes</span> <span class='ocrx_word' id='word_1_441' title='bbox 1556 2152 1585 2178; x_wconf 88' lang='lat' dir='ltr'>et</span> <span class='ocrx_word' id='word_1_442' title='bbox 1603 2151 1778 2179; x_wconf 78' lang='lat' dir='ltr'>statuentes</span> <span class='ocrx_word' id='word_1_443' title='bbox 1795 2146 1848 2179; x_wconf 82' lang='lat' dir='ltr'>illa</span> <span class='ocrx_word' id='word_1_444' title='bbox 1864 2146 1931 2180; x_wconf 84' lang='lat' dir='ltr'>ullo</span> <span class='ocrx_word' id='word_1_445' title='bbox 1949 2156 2021 2178; x_wconf 88' lang='lat' dir='ltr'>um-</span> <span class='ocrx_word' id='word_1_446' title='bbox 2098 2163 2220 2186; x_wconf 51' lang='lat' dir='ltr'>„niumm</span> 
     </span>
     <span class='ocr_line' id='line_1_85' title="bbox 1264 2196 2221 2248; baseline 0.005 -23"><span class='ocrx_word' id='word_1_447' title='bbox 1264 2204 1361 2236; x_wconf 89' lang='lat' dir='ltr'>quam</span> <span class='ocrx_word' id='word_1_448' title='bbox 1384 2200 1528 2239; x_wconf 86' lang='lat' dir='ltr'>tempore</span> <span class='ocrx_word' id='word_1_449' title='bbox 1549 2207 1607 2239; x_wconf 82' lang='lat' dir='ltr'>per</span> <span class='ocrx_word' id='word_1_450' title='bbox 1627 2207 1685 2229; x_wconf 83' lang='lat' dir='ltr'>nos</span> <span class='ocrx_word' id='word_1_451' title='bbox 1705 2202 1760 2229; x_wconf 83' lang='lat' dir='ltr'>aut</span> <span class='ocrx_word' id='word_1_452' title='bbox 1773 2196 2022 2230; x_wconf 82' lang='lat' dir='ltr'>RomanosPon-</span> <span class='ocrx_word' id='word_1_453' title='bbox 2036 2196 2153 2247; x_wconf 44' lang='lat' dir='ltr'>ffissjjffiffi&#39;</span> <span class='ocrx_word' id='word_1_454' title='bbox 2184 2196 2221 2248; x_wconf 53' lang='lat'>³0¹2]</span> 
     </span>
     <span class='ocr_line' id='line_1_86' title="bbox 1264 2234 2219 2288; baseline 0.005 -14"><span class='ocrx_word' id='word_1_455' title='bbox 1264 2243 1366 2277; x_wconf 86' lang='lat' dir='ltr'>titices</span> <span class='ocrx_word' id='word_1_456' title='bbox 1392 2256 1451 2288; x_wconf 90' lang='lat' dir='ltr'>pro</span> <span class='ocrx_word' id='word_1_457' title='bbox 1479 2250 1623 2288; x_wconf 83' lang='lat' dir='ltr'>tempore</span> <span class='ocrx_word' id='word_1_458' title='bbox 1653 2245 1824 2279; x_wconf 84' lang='lat' dir='ltr'>existentes</span> <span class='ocrx_word' id='word_1_459' title='bbox 1857 2245 2018 2286; x_wconf 79' lang='lat' dir='ltr'>revocari,</span> <span class='ocrx_word' id='word_1_460' title='bbox 2035 2242 2091 2284; x_wconf 58' lang='lat' dir='ltr'>suni,</span> <span class='ocrx_word' id='word_1_461' title='bbox 2114 2259 2154 2279; x_wconf 80' lang='lat' dir='ltr'>nist</span> <span class='ocrx_word' id='word_1_462' title='bbox 2169 2234 2219 2279; x_wconf 63' lang='lat' dir='ltr'>pra-</span> 
     </span>
     <span class='ocr_line' id='line_1_87' title="bbox 1264 2290 2219 2346; baseline 0.005 -22"><span class='ocrx_word' id='word_1_463' title='bbox 1264 2293 1387 2333; x_wconf 84' lang='lat' dir='ltr'>reduci,</span> <span class='ocrx_word' id='word_1_464' title='bbox 1408 2294 1537 2327; x_wconf 86' lang='lat' dir='ltr'>alterari</span> <span class='ocrx_word' id='word_1_465' title='bbox 1558 2300 1612 2327; x_wconf 88' lang='lat' dir='ltr'>aut</span> <span class='ocrx_word' id='word_1_466' title='bbox 1636 2294 1809 2335; x_wconf 87' lang='lat' dir='ltr'>moderari,</span> <span class='ocrx_word' id='word_1_467' title='bbox 1837 2305 1893 2327; x_wconf 86' lang='lat' dir='ltr'>seu</span> <span class='ocrx_word' id='word_1_468' title='bbox 1921 2295 2019 2329; x_wconf 88' lang='lat' dir='ltr'>colle-</span> <span class='ocrx_word' id='word_1_469' title='bbox 2035 2290 2123 2346; x_wconf 54' lang='lat' dir='ltr'>{fflffis</span> <span class='ocrx_word' id='word_1_470' title='bbox 2143 2291 2219 2342; x_wconf 53' lang='lat'>,5325</span> 
     </span>
     <span class='ocr_line' id='line_1_88' title="bbox 1263 2342 2216 2388; baseline 0.005 -14"><span class='ocrx_word' id='word_1_471' title='bbox 1263 2342 1351 2384; x_wconf 73' lang='lat' dir='ltr'>gium</span> <span class='ocrx_word' id='word_1_472' title='bbox 1374 2344 1493 2387; x_wconf 85' lang='lat' dir='ltr'>ipsum,</span> <span class='ocrx_word' id='word_1_473' title='bbox 1516 2345 1563 2377; x_wconf 69' lang='lat' dir='ltr'>vel</span> <span class='ocrx_word' id='word_1_474' title='bbox 1584 2344 1725 2387; x_wconf 74' lang='lat' dir='ltr'>extingui</span> <span class='ocrx_word' id='word_1_475' title='bbox 1747 2355 1811 2376; x_wconf 90' lang='lat' dir='ltr'>non</span> <span class='ocrx_word' id='word_1_476' title='bbox 1827 2355 1932 2388; x_wconf 86' lang='lat' dir='ltr'>posse,</span> <span class='ocrx_word' id='word_1_477' title='bbox 1955 2344 2015 2377; x_wconf 89' lang='lat' dir='ltr'>nisi</span> <span class='ocrx_word' id='word_1_478' title='bbox 2035 2353 2094 2373; x_wconf 61' lang='lat' dir='ltr'>iuriis</span> <span class='ocrx_word' id='word_1_479' title='bbox 2119 2353 2216 2379; x_wconf 69' lang='lat' dir='ltr'>pecunia-</span> 
     </span>
     <span class='ocr_line' id='line_1_89' title="bbox 1264 2392 2020 2437; baseline 0.004 -14"><span class='ocrx_word' id='word_1_480' title='bbox 1264 2392 1418 2425; x_wconf 82' lang='lat' dir='ltr'>restitutis</span> <span class='ocrx_word' id='word_1_481' title='bbox 1439 2394 1529 2437; x_wconf 89' lang='lat' dir='ltr'>prius</span> <span class='ocrx_word' id='word_1_482' title='bbox 1550 2394 1719 2427; x_wconf 83' lang='lat' dir='ltr'>realiteret</span> <span class='ocrx_word' id='word_1_483' title='bbox 1735 2404 1809 2426; x_wconf 75' lang='lat' dir='ltr'>cum</span> <span class='ocrx_word' id='word_1_484' title='bbox 1826 2394 1942 2427; x_wconf 78' lang='lat' dir='ltr'>effectu</span> <span class='ocrx_word' id='word_1_485' title='bbox 1959 2393 2020 2426; x_wconf 90' lang='lat' dir='ltr'>sin-</span> 
     </span>
     <span class='ocr_line' id='line_1_90' title="bbox 1263 2441 2020 2485; baseline 0.004 -12"><span class='ocrx_word' id='word_1_486' title='bbox 1263 2441 1346 2482; x_wconf 64' lang='lat' dir='ltr'>gulis</span> <span class='ocrx_word' id='word_1_487' title='bbox 1366 2443 1546 2475; x_wconf 83' lang='lat' dir='ltr'>secretariis</span> <span class='ocrx_word' id='word_1_488' title='bbox 1566 2443 1974 2485; x_wconf 79' lang='lat' dir='ltr'>tuncviventibus‚integre</span> <span class='ocrx_word' id='word_1_489' title='bbox 1990 2448 2020 2476; x_wconf 81' lang='lat' dir='ltr'>et</span> 
     </span>
     <span class='ocr_line' id='line_1_91' title="bbox 1262 2491 2018 2536; baseline 0.004 -14"><span class='ocrx_word' id='word_1_490' title='bbox 1262 2491 1383 2534; x_wconf 77' lang='lat' dir='ltr'>absque</span> <span class='ocrx_word' id='word_1_491' title='bbox 1417 2493 1482 2525; x_wconf 87' lang='lat' dir='ltr'>ulla</span> <span class='ocrx_word' id='word_1_492' title='bbox 1509 2493 1734 2533; x_wconf 85' lang='lat' dir='ltr'>diminutione,</span> <span class='ocrx_word' id='word_1_493' title='bbox 1768 2492 1926 2536; x_wconf 79' lang='lat' dir='ltr'>pecuniis,</span> <span class='ocrx_word' id='word_1_494' title='bbox 1959 2503 2018 2536; x_wconf 87' lang='lat' dir='ltr'>pro</span> 
     </span>
     <span class='ocr_line' id='line_1_92' title="bbox 1262 2540 2016 2582; baseline 0.004 -11"><span class='ocrx_word' id='word_1_495' title='bbox 1262 2540 1381 2582; x_wconf 87' lang='lat' dir='ltr'>quibus</span> <span class='ocrx_word' id='word_1_496' title='bbox 1397 2542 1564 2575; x_wconf 83' lang='lat' dir='ltr'>eosostieia</span> <span class='ocrx_word' id='word_1_497' title='bbox 1577 2543 1690 2575; x_wconf 89' lang='lat' dir='ltr'>emisse</span> <span class='ocrx_word' id='word_1_498' title='bbox 1702 2548 1759 2575; x_wconf 86' lang='lat' dir='ltr'>ant</span> <span class='ocrx_word' id='word_1_499' title='bbox 1772 2541 1922 2574; x_wconf 85' lang='lat' dir='ltr'>babuisse</span> <span class='ocrx_word' id='word_1_500' title='bbox 1938 2552 2016 2574; x_wconf 86' lang='lat' dir='ltr'>con—</span> 
     </span>
     <span class='ocr_line' id='line_1_93' title="bbox 1262 2589 2015 2634; baseline 0.004 -13"><span class='ocrx_word' id='word_1_501' title='bbox 1262 2589 1388 2630; x_wconf 90' lang='lat' dir='ltr'>stiterit,</span> <span class='ocrx_word' id='word_1_502' title='bbox 1412 2591 1521 2634; x_wconf 86' lang='lat' dir='ltr'>sicque</span> <span class='ocrx_word' id='word_1_503' title='bbox 1533 2597 1660 2625; x_wconf 85' lang='lat' dir='ltr'>nostrae</span> <span class='ocrx_word' id='word_1_504' title='bbox 1672 2590 1945 2625; x_wconf 83' lang='lat' dir='ltr'>incommutabilis</span> <span class='ocrx_word' id='word_1_505' title='bbox 1961 2601 2015 2624; x_wconf 73' lang='lat' dir='ltr'>vo-</span> 
     </span>
     <span class='ocr_line' id='line_1_94' title="bbox 1260 2639 1833 2675; baseline 0.005 -4"><span class='ocrx_word' id='word_1_506' title='bbox 1260 2639 1393 2674; x_wconf 89' lang='lat' dir='ltr'>luntatis</span> <span class='ocrx_word' id='word_1_507' title='bbox 1406 2640 1502 2675; x_wconf 85' lang='lat' dir='ltr'>fuisse</span> <span class='ocrx_word' id='word_1_508' title='bbox 1516 2646 1547 2674; x_wconf 89' lang='lat' dir='ltr'>et</span> <span class='ocrx_word' id='word_1_509' title='bbox 1563 2652 1630 2675; x_wconf 88' lang='lat' dir='ltr'>esse</span> <span class='ocrx_word' id='word_1_510' title='bbox 1639 2646 1833 2675; x_wconf 68' lang='lat' dir='ltr'>attestantes</span> 
     </span>
    </p>
   </div>
  </div>
 </body>
</html>
