2237 3100
64 274 115 301 An.
131 273 162 302 C.
181 273 249 302 ¹566

84 1027 177 1049 nuti-aria
188 1026 250 1048 tottii.

954 273 1021 298 PIUS
1045 273 1062 296 V
1087 273 1133 296 PP.

263 326 309 358 les
329 330 360 358 et
379 325 602 359 inobedientes
631 337 688 370 per
722 327 907 367 sententias,
940 335 1016 359 cen-

263 388 355 412 suras
379 383 409 411 et
437 388 558 422 poenas
587 379 829 419 ecclesiasticas,
855 390 891 413 ac
922 379 1017 412 etiam

262 431 477 474 pecuniarias,
493 431 627 466 arbitrio
639 443 697 466 suo
708 433 932 477 imponendas,
951 443 1019 465 mo-

264 484 422 518 derandas
442 490 473 518 et
492 485 717 528 applicandas,
749 486 876 529 aliaque
897 496 1018 529 oppor-

264 543 342 570 tuna
362 537 442 571 iuris
466 543 497 571 et
526 538 599 571 facti
629 539 784 579 remedia,
811 550 1018 583 quacumque

263 591 480 635 appellatione
500 592 689 635 postposita,
712 593 961 636 compescendo·y
983 604 1019 626 ac

264 644 415 688 legitimis
434 655 533 688 super
551 645 602 678 his
617 645 773 678 habendis
793 646 924 679 servatis
944 656 1019 689 pro-

265 697 420 738 cessitius,
447 698 520 731 illos
540 699 668 731 easdem
694 698 884 739 sententias,
904 710 1019 732 censu—

265 761 317 784 ras
328 755 359 784 et
373 761 494 795 poenas
506 751 681 785 incurrisse
698 752 904 793 declarando,
928 757 958 785 ct
969 763 1022 785 eas

265 804 361 838 etiam
381 804 504 838 iteratis
522 804 646 838 vicibus
665 806 867 848 aggravando
888 811 916 838 et
934 816 1022 848 reag-

265 857 439 900 gravando,
458 858 605 892 invocato
626 858 720 891 etiam
742 859 870 899 adhoc,
895 859 919 891 si
940 869 1022 902 opus

266 911 375 952 suerit,
402 911 521 944 auxilio
540 911 666 944 brachii
687 912 871 945 saecularis.

312 965 327 1009 §
347 964 378 998 8.
400 965 471 998 Non
491 965 692 998 obstantibus
712 965 896 1008 praemissis
910 971 940 998 et
955 965 1024 1008 qui-

266 1018 374 1052 busvis
398 1018 683 1052 constitutionibus
707 1024 738 1050 et
767 1018 1024 1051 ordinationibus

267 1072 466 1117 apostolicis,
495 1082 624 1105 necnon
645 1071 797 1104 Gamerae
822 1071 1023 1115 praedictae,

268 1126 365 1160 etiam
390 1126 586 1166 iuramento,
619 1125 866 1158 confirmatione
896 1130 1024 1168 aposto-

268 1180 331 1214 lica
358 1181 407 1213 vel
441 1179 552 1223 quavis
584 1178 735 1212 firmitate
765 1178 827 1211 alia
853 1179 1023 1219 roboratis,

269 1233 406 1274 statutis,
438 1233 517 1277 stylo
543 1238 573 1266 et
603 1231 904 1271 consuetudinibus,
929 1232 1025 1275 privi-

268 1286 361 1330 legiis
380 1297 524 1330 quoque,
547 1284 680 1318 indultis
704 1289 735 1318 et
754 1285 856 1317 literis
872 1286 1026 1328 apostoli-

270 1340 328 1380 cis,
354 1340 414 1373 sub
434 1339 698 1383 quibuscumque
718 1339 887 1371 tenoribus
907 1344 935 1371 et
962 1340 1027 1371 t'or-

270 1393 343 1434 mis,
365 1403 402 1426 ac
429 1403 503 1426 cum
525 1391 702 1436 quibusvis
734 1391 830 1425 etiam
856 1392 1027 1435 derogato-

270 1447 394 1480 riarum
424 1445 647 1489 derogatoriis,
678 1444 814 1489 aliisque
842 1445 1029 1478 efficaciori-

270 1500 332 1534 bus
351 1505 383 1534 et
401 1499 540 1533 insolitis
559 1498 723 1539 clausulis,
760 1499 1028 1541 irritantibusque

272 1559 304 1588 et
331 1553 402 1587 aliis
430 1553 587 1593 decretis,
626 1552 721 1586 etiam
759 1551 881 1585 iteratis
907 1552 1030 1585 vicibus

272 1606 518 1652 quomodolibet
532 1606 705 1646 concessis,
727 1605 914 1649 approbatis
934 1611 965 1638 et.
985 1605 1030 1637 in-

272 1660 407 1702 novatis,
429 1660 548 1704 quibus
565 1659 728 1699 omnibus,
748 1658 881 1699 etiamsi,
898 1669 956 1702 pro
968 1660 1031 1691 sus-

273 1714 395 1748 ficienti
416 1713 547 1747 illorum
573 1713 793 1756 derogatione,
824 1712 862 1745 de
884 1712 946 1744 illis
974 1723 1030 1745 eo-

274 1778 414 1812 rumque
439 1767 513 1801 totis
539 1766 708 1800 tenoribus
733 1766 892 1810 specialis,
927 1765 1031 1809 speci-

274 1822 345 1862 fica,
379 1831 528 1865 expressa
553 1826 583 1854 et
617 1820 792 1859 individua,
829 1829 894 1851 non
924 1824 1031 1851 autem

274 1886 334 1921 per
349 1875 511 1909 clausulas
530 1874 697 1918 generales
712 1874 797 1906 idem
811 1873 1031 1916 importantes,

277 1928 397 1962 mentio
414 1939 471 1961 seu
491 1928 622 1971 quaevis
636 1927 698 1960 alia
710 1926 872 1971 expressio
884 1926 1031 1958 habenda

276 1987 332 2016 aut
364 1982 473 2025 aliqua
502 1981 565 2014 alia
595 1980 751 2024 exquisita
780 1980 882 2012 forma
911 1979 1031 2011 adhoc

277 2035 432 2070 servanda
451 2035 546 2075 soret,
575 2040 704 2067 tenores
728 2032 927 2072 huiusmodi,
951 2043 987 2065 ac
1008 2032 1032 2064 si

278 2090 317 2123 de
331 2088 430 2122 verbo
451 2088 491 2121 ad
506 2088 651 2128 verbum,
672 2087 752 2120 nihil
764 2086 892 2130 penitus
904 2086 1033 2123 omisso,

278 2148 309 2178 et
328 2143 433 2176 forma
448 2142 482 2175 in
496 2141 561 2174 illis
575 2141 692 2174 tradita
719 2140 896 2180 observata,
924 2140 1035 2172 inserti

278 2197 400 2237 forent,
429 2194 654 2240 praesentibus
677 2204 736 2238 pro
765 2192 961 2226 sufficienter
982 2204 1035 2226 ex-

278 2249 397 2295 pressis
417 2254 449 2283 et
468 2248 595 2282 insertis
622 2247 790 2288 habentes,
822 2246 885 2279 illis
905 2245 983 2279 alias
1004 2246 1035 2279 in

280 2314 338 2338 suo
359 2304 477 2338 robore
500 2301 739 2346 permansuris,
770 2301 830 2333 hac
854 2299 921 2333 vice
941 2299 1037 2332 durn-

279 2362 376 2399 taxat,
406 2357 447 2391 ad
466 2356 618 2390 effectum
647 2353 888 2399 praesentium,
920 2353 1036 2385 harum

281 2411 364 2446 serie
393 2409 576 2455 specialiter
605 2414 636 2442 et
660 2417 807 2451 expresse
833 2406 903 2450 pari
934 2413 1036 2446 motu,

281 2465 313 2494 et
332 2459 372 2493 de
389 2457 553 2503 potestatis
569 2456 769 2501 plenitudine
787 2455 926 2489 totaliter
945 2455 1040 2488 dero-

282 2508 407 2553 gamus,
435 2507 615 2551 ceterisque
636 2504 805 2539 contrariis
825 2503 1039 2547 quibuscum-

282 2567 360 2602 que;
374 2561 430 2590 aut
449 2556 475 2589 si
495 2555 669 2600 aliquibus,
690 2553 908 2588 communiter
926 2552 975 2585 vel
991 2551 1039 2584 di-

284 2606 389 2647 visim,
425 2605 465 2639 ab
485 2603 669 2649 Apostolica
699 2603 738 2636 sit
766 2602 847 2636 Sede
877 2601 1038 2634 indultum

283 2655 372 2700 quod
391 2654 552 2695 interdici,
574 2653 728 2697 suspendi
747 2652 795 2686 vel
817 2648 1040 2686 excommuni-

1706 262 1769 296 447

1059 324 1124 357 cari
1154 334 1218 357 non
1249 325 1369 367 possint
1400 334 1457 367 per
1486 324 1595 356 literas
1624 323 1817 366 apostolicas

1060 387 1124 410 non
1146 377 1297 410 facientes
1314 377 1442 420 plenam
1459 382 1487 409 et
1512 387 1696 420 expressam
1716 387 1753 409 ac
1778 378 1817 410 de

1060 431 1158 463 verbo
1178 430 1216 463 ad
1247 430 1380 463 verbum
1407 430 1445 463 de
1476 430 1600 463 indulto
1629 430 1816 463 huiusmodi

1061 484 1272 517 mentionem.

1104 538 1218 570 Datum
1246 537 1367 570 Romae
1398 537 1484 580 apud
1518 538 1550 571 S.
1578 537 1722 577 Petrum,
1759 537 1819 570 sub

1061 591 1182 623 annulo
1199 590 1383 630 Piscatoris,
1401 591 1451 623 die
1467 590 1592 623 decima
1603 595 1710 624 octava
1728 590 1817 631 maii,

1062 644 1234 677 millesimo
1245 644 1504 687 quingentesimo
1514 644 1711 687 sexagesimo
1721 648 1820 682 sexto,

1063 697 1270 738 pontificatus
1289 697 1391 730 nostri
1415 707 1500 730 anno
1520 707 1541 730 1.

1126 754 1185 784 Dat.
1204 755 1250 784 die
1268 756 1303 785 18
1323 756 1391 784 maii
1408 755 1498 792 1565,
1519 755 1621 794 pontit.
1638 763 1714 785 anno
1730 763 1748 784 1.

1403 906 1480 939 XIII.

1065 973 1110 1005 De
1130 974 1279 1005 cltmsnra
1299 978 1327 1006 el
1348 984 1481 1006 ¹numero
1500 975 1699 1007 monialium
1721 975 1824 1007 cm'us-

1111 1037 1242 1069 cumque
1261 1026 1407 1066 Ordinis,
1428 1031 1456 1059 e!
1484 1027 1595 1069 poenis
1623 1029 1821 1068 eurumdem,

1111 1080 1226 1122 absque
1250 1080 1383 1112 licentia
1412 1081 1615 1123 superiorum
1654 1081 1707 1123 (eat
1727 1092 1824 1113 causa

1111 1134 1225 1176 mamad
1244 1134 1391 1166 {recensete}
1413 1134 1458 1166 vel
1482 1134 1692 1176 infirmitatis
1719 1135 1826 1177 leprae

1111 1187 1159 1219 vel
1181 1186 1358 1229 epidemiue
1390 1187 1614 1219 tcmtunmzodo
1642 1188 1686 1220 eis
1715 1198 1824 1220 conce-

1112 1241 1250 1278 denda),
1281 1251 1296 1272 e
1320 1241 1529 1272 monasteriis
1566 1241 1822 1283 eyrecle'entimn,

1113 1294 1464 1336 concomitaretitumque.
1502 1297 1530 1326 cl
1566 1295 1799 1337 recepccmtz'um
1816 1305 1826 1333 ,-

1115 1358 1150 1379 ccc
1169 1347 1372 1389 superiorum
1392 1347 1489 1379 aliter
1508 1347 1552 1379 eis
1568 1347 1736 1380 &scentiam
1752 1358 1826 1380 con-

1115 1401 1293 1433 cedentium
1308 1412 1316 1436 ,·
1345 1410 1469 1432 necnon
1489 1401 1526 1432 dc
1545 1400 1751 1443 eleemosynis
1768 1411 1828 1444 pro

1114 1455 1262 1496 ipsura-m
1296 1454 1491 1486 monialimn
1523 1454 1738 1487 'subventione
1765 1454 1826 1487 col-

1116 1508 1255 1550 liyendis
1278 1508 1304 1539 ¹.

1163 1588 1225 1617 Pius
1245 1589 1385 1624 episcopus
1406 1596 1501 1617 servus
1519 1595 1660 1618 servorum
1676 1588 1732 1621 Dei,

1222 1643 1255 1670 ad
1273 1643 1434 1678 perpetuam
1453 1642 1495 1671 rei
1513 1642 1682 1671 memoriam.

1117 1714 1208 1747 Circa
1236 1715 1404 1757 pastoralis
1438 1715 1536 1747 oflicii
1565 1714 1670 1753 nobis,
1707 1714 1831 1748 meritis

1074 1768 1147 1801 licet
1164 1767 1354 1811 imparibus,
1368 1768 1509 1812 desuper
1524 1767 1687 1801 commissi
1702 1778 1828 1807 curam,

1075 1826 1232 1866 quantum
1254 1821 1346 1854 nobis
1367 1832 1403 1854 ex
1427 1822 1491 1854 alto
1519 1821 1728 1864 permittitur,
1752 1820 1831 1854 invi-

1075 1875 1221 1918 gilantes,
1245 1874 1371 1908 assidue
1384 1874 1423 1907 ad
1444 1885 1492 1915 ea,
1515 1885 1574 1918 per
1593 1885 1676 1918 quae
1698 1874 1831 1917 singulis

1076 1928 1241 1961 erroribus
1261 1934 1291 1961 et
1311 1927 1494 1961 excessibus
1515 1928 1670 1968 obviatur,
1700 1938 1736 1960 ac
1758 1938 1832 1971 per—

1077 1982 1163 2014 sonis
1200 1981 1417 2025 quibuslibet,
1455 1981 1644 2024 praesertim
1680 1980 1831 2014 foeminei

1077 2045 1170 2067 sexus
1191 2034 1403 2078 virginitatem
1428 2044 1518 2067 suam
1539 2034 1701 2067 Altissimo
1720 2044 1834 2068 voven-

1077 2088 1175 2128 tibus,
1192 2088 1251 2121 sub
1260 2087 1437 2131 Religionis
1452 2088 1527 2130 iugo
1543 2087 1667 2121 Christo
1680 2087 1833 2121 Salvatori

1078 2142 1110 2174 in
1131 2142 1282 2175 castitatis
1297 2142 1488 2174 holocausto
1509 2141 1659 2174 famulari
1679 2141 1833 2174 affectan-

1078 2195 1174 2236 tibus,
1202 2196 1315 2229 semita
1334 2194 1473 2228 iustitiae
1494 2200 1525 2228 et
1544 2195 1719 2228 honestatis
1738 2194 1836 2228 decli-

1079 2249 1241 2289 nantibus,
1272 2260 1313 2282 ne
1337 2249 1513 2292 quicquam
1535 2248 1568 2281 in
1589 2248 1634 2282 eis
1653 2248 1836 2292 reperiatur

1080 2303 1310 2346 incongruum,
1332 2302 1419 2346 quod
1436 2302 1467 2335 in
1484 2302 1642 2345 regularis
1662 2307 1761 2346 ponat
1775 2301 1834 2335 ho-

1080 2356 1212 2390 nestatis
1220 2355 1323 2399 gloria
1334 2356 1507 2395 maculam,
1522 2360 1552 2388 et
1567 2354 1707 2388 divinam
1720 2354 1835 2388 merito

1081 2409 1204 2453 possint
1223 2409 1388 2443 offendere
1408 2408 1620 2448 maiestatem,
1651 2413 1836 2453 opportune

1081 2463 1295 2503 succurritur,
1331 2462 1469 2495 libenter
1493 2460 1707 2501 intendimus,
1738 2471 1776 2495 ac
1804 2461 1837 2493 in

1081 2517 1131 2550 his
1150 2521 1279 2550 nostrae
1303 2514 1484 2559 vigilantiae
1509 2520 1616 2558 partes
1642 2514 1838 2560 propensius

1119 2581 1129 2606 t
1154 2579 1247 2613 Quoad
1268 2579 1432 2610 clausuram,
1454 2577 1515 2605 vide
1540 2578 1645 2604 constit.
1667 2577 1753 2604 Bonis.
1775 2576 1836 2603 vltt

1082 2620 1107 2646 in
1128 2620 1168 2646 tit.
1190 2621 1228 2646 De
1242 2620 1310 2646 Stat.
1332 2620 1394 2651 Rea.
1422 2619 1447 2645 in
1469 2619 1496 2650 6,
1517 2617 1710 2652 decretumque
1733 2617 1835 2644 Concit.

1082 2658 1156 2686 Trid.
1177 2666 1242 2686 seSS.
1259 2666 1330 2692 xxv,
1347 2660 1384 2685 De
1401 2659 1539 2691 Regulam,
1556 2665 1614 2693 cap,
1637 2665 1662 2683 v,

1830 274 1880 300 An.
1898 274 1928 301 C.
1948 274 2016 300 1566

1878 1725 1997 1746 Exordium.
