2237 3100
68 265 116 292 An.
137 264 166 293 c.
182 245 249 291 isse

90 483 176 504 Sanctio
192 486 244 508 poe-

64 515 125 535 natis.

88 1802 155 1827 nivini
172 1801 234 1827 officii

53 1837 120 1859 forma
135 1844 147 1858 a
168 1837 235 1858 Gela-

52 1871 83 1890 sio
107 1868 115 1889 l
135 1872 156 1890 et
178 1868 234 1891 Gre-

51 1901 109 1926 gorio
120 1899 127 1920 l
138 1901 234 1921 instituta

51 1935 72 1952 et
81 1930 184 1958 Gregorio
195 1931 232 1952 Vll

50 1962 171 1991 retutelam
196 1964 233 1985 sed

51 1999 126 2022 postea
162 1996 233 2017 multis

51 2027 233 2048 modisimmuuua

944 260 1012 286 PIUS
1031 261 1051 285 V
1069 260 1119 287 PP.

263 318 361 354 extra,
378 313 579 355 adhibeatur,
594 325 677 358 quae
693 314 915 359 praesentibus
928 315 1016 348 adhi-

261 368 404 409 beretur,
428 368 452 401 si
479 369 583 402 forent
604 368 761 402 exhibitae
782 370 830 402 vel
855 374 1011 402 ostensae.

305 422 320 465 ἓ
339 421 370 454 4.
394 421 479 455 Nulli
495 433 572 466 ergo
583 423 715 456 omnino
732 423 902 456 hominum
921 423 1015 456 liceat

261 476 345 509 hanc
374 477 524 519 paginam
545 482 673 510 nostrae
694 477 890 516 abolitionis,
923 484 1014 510 revo-

261 529 409 570 cationis,
438 530 558 571 statuti,
581 531 757 574 praecepti,
788 530 1011 570 ordinationis,

260 584 393 626 decreti,
415 584 641 618 declarationis
659 589 689 618 et
708 584 878 617 voluntatis
898 584 1013 616 infrin-

259 649 346 681 gere,
369 639 417 671 vel
437 638 465 671 ei
486 649 567 672 ausu
590 639 762 672 temerario
783 638 956 672 contraire.

303 692 335 724 Si
356 691 429 734 quis
444 697 552 724 autem
574 697 631 725 etc.

301 745 415 778 Datum
436 745 555 778 Romae
579 746 666 790 apud
690 745 721 779 S.
752 746 901 785 Petrum,
928 757 1013 780 anno

257 798 491 832 Incarnationis
515 799 697 833 dominicae
720 800 893 833 millesimo
915 801 1011 843 quin-

256 852 434 896 gentesimo
452 854 648 897 sexagesimo
669 860 796 895 octavo,
815 859 925 887 octavo
942 854 1013 887 idus

257 906 340 947 iulii,
367 908 576 951 pontificatus
597 907 698 941 nostri
718 918 802 941 anno
824 908 929 941 tertio.

310 964 372 995 Dat.
395 965 442 996 die
465 966 481 996 8
500 966 566 996 iulii
591 966 677 1005 1568,
697 967 801 1006 pontis.
821 976 897 996 anno
916 975 956 996 111.

602 1109 648 1144 CI.

255 1177 423 1210 Breviariz‘
445 1177 588 1210 Romam?
612 1178 655 1211 ad
683 1178 887 1220 psallendum
913 1178 1010 1212 horas

300 1232 485 1272 canonicas,
507 1242 545 1264 ea:
564 1232 686 1265 decreto
703 1231 796 1265 Sacri
814 1237 843 1265 et
865 1232 1009 1266 OEcume-

298 1286 368 1318 πίστ’
379 1285 518 1319 Concilii
530 1286 715 1319 Tridentini
728 1288 881 1323 restituti,
897 1298 1009 1331 appro-

300 1339 404 1380 batio,
426 1350 497 1372 cum
520 1340 742 1382 prohibitione
764 1352 840 1374 usus
867 1342 1007 1374 aliorum

298 1393 556 1435 Brevioriorum,
568 1399 796 1438 praeterquam
808 1406 827 1428 α
836 1396 1007 1438 primaeva

299 1447 504 1481 institutione
521 1447 652 1482 Ordinis
672 1460 692 1481 a
717 1448 796 1482 Sede
824 1449 1007 1493 Apostole'ca

297 1501 345 1534 vel
365 1513 385 1535 α
404 1503 632 1536 consuetudine
649 1513 744 1547 supra
765 1515 869 1537 (unios
889 1505 1005 1538 ducen-

299 1559 366 1589 tum
387 1556 649 1600 approbatorum.

347 1628 409 1657 Pius
422 1629 562 1665 episcopus
582 1636 678 1659 servus
694 1636 837 1659 servorum
849 1630 906 1664 Dei,

398 1684 432 1713 ad
451 1685 614 1720 perpetuam
633 1686 674 1714 rei
692 1686 859 1714 memoriam.

295 1746 387 1786 Quod
407 1757 424 1780 a
444 1745 537 1780 nohis
561 1749 703 1791 postulat
732 1749 814 1782 ratio
836 1749 1004 1792 pastoralis

251 1799 361 1841 officii,
383 1800 416 1833 in
436 1811 549 1834 curam
564 1801 796 1838 ‚incumbimus
816 1808 851 1836 ut
877 1813 1000 1842 omnes,

250 1859 421 1897 quantum,
433 1855 497 1889 Deo
518 1855 674 1898 adiutore,
686 1856 756 1890 fieri
768 1857 897 1901 poterit,
921 1857 1002 1890 sacri

250 1908 427 1941 Tridentini
443 1909 572 1943 concilii
588 1910 715 1944 decreta
732 1917 943 1955 exequantur,
967 1922 1002 1945 ac

250 1962 352 1996 multo
372 1962 403 1996 id
423 1964 518 1996 etiam
544 1964 722 2009 impensius
747 1965 930 1998 faciendum
953 1966 1001 1998 in-

249 2017 435 2060 telligimus,
458 2029 532 2051 cum
554 2029 602 2059 ea,
624 2029 706 2062 quae
728 2019 760 2052 in
781 2030 886 2053 mores
911 2020 1002 2053 indu-

248 2071 349 2105 cenda
364 2077 450 2113 sunt,
473 2073 609 2106 maxime
635 2073 689 2106 Dei
709 2073 845 2117 gloriam
882 2085 918 2107 ac
946 2074 1001 2108 de-

247 2123 351 2158 bitum
386 2126 675 2160 ecclesiasticarum
709 2138 922 2172 personarum
957 2129 1002 2161 of-

1698 250 1762 286 685

1057 325 1139 358 quae
1159 313 1198 347 ad
1226 313 1393 358 pristinam
1419 313 1532 348 orandi
1557 315 1703 358 regulam
1729 325 1806 348 con-

1058 370 1191 402 formata
1203 373 1419 402 revocaretur.
1436 368 1494 401 Alii
1508 368 1591 402 enim
1606 369 1806 411 praeclaram

1055 423 1170 456 veteris
1206 423 1357 456 Breviarii
1396 423 1658 456 constitutionem
1698 422 1807 456 multis

1056 476 1134 509 locis
1159 477 1351 517 mutilatam,
1378 477 1453 510 alibi
1479 477 1608 511 incertis
1629 482 1659 509 et
1679 476 1807 509 advenis

1055 530 1248 572 quibusdam
1295 536 1524 564 commutatam
1569 531 1802 564 deformarunt.

1055 584 1202 625 Plurimi,
1214 585 1319 628 specie
1332 585 1428 618 efficii
1446 584 1674 618 commodioris
1690 585 1805 624 allecti,

1055 638 1094 670 ad
1119 637 1306 671 brevitatem
1328 639 1398 671 novi
1421 639 1573 672 Breviarii
1594 649 1611 671 a
1636 638 1806 671 Francisco

1054 690 1235 733 Quignonio
1261 692 1343 726 tituli
1364 693 1395 726 S
1418 692 1530 726 Crucis
1550 692 1581 724 in
1606 692 1806 726 Hierusalem

1054 745 1240 788 presbytero
1267 746 1421 780 cardinali
1446 746 1627 791 compositi,
1651 748 1806 791 confuge-

1054 804 1141 831 runt.
1169 799 1252 838 Quin
1277 800 1371 833 etiam
1395 801 1425 833 in
1447 801 1628 844 provincias
1652 801 1806 844 paulatim

1054 852 1228 895 irrepserat
1248 864 1343 897 prava
1364 855 1416 886 illa
1438 854 1651 895 consuetudo,
1677 860 1711 888 ut
1737 855 1804 900 epi-

1053 906 1141 949 scopi
1162 906 1194 939 in
1215 908 1372 947 ecclesiis,
1388 919 1470 952 quae
1490 909 1529 941 ab
1547 908 1637 942 initio
1658 920 1804 942 commu-

1053 959 1137 992 niter
1165 971 1240 993 cum
1266 961 1392 1002 ceteris,
1415 962 1512 995 veteri
1533 962 1678 996 Romano
1700 974 1803 1005 more,

1052 1014 1149 1047 horas
1168 1015 1341 1049 canonicas
1365 1016 1473 1050 dicere
1507 1027 1543 1050 ac
1569 1018 1706 1060 psallere
1727 1029 1804 1051 con-

1052 1067 1238 1109 suevissent,
1260 1069 1419 1113 privatum
1440 1070 1498 1103 sibi
1519 1070 1655 1114 quisque
1678 1071 1804 1106 Brevia-

1052 1121 1136 1154 rium
1162 1123 1372 1163 conficerent,
1390 1129 1420 1157 et
1440 1124 1526 1157 illam
1542 1125 1804 1160 communionem

1051 1175 1106 1207 uni
1132 1176 1196 1209 Deo
1232 1188 1296 1210 una
1322 1183 1351 1210 et
1376 1178 1487 1211 eadem
1513 1179 1653 1212 formula
1692 1190 1804 1223 preces

1050 1229 1208 1274 erlaudes
1223 1231 1411 1273 adhibendi,
1434 1232 1650 1266 dissimillimo
1668 1234 1751 1267 inter
1770 1245 1803 1268 se

1050 1294 1086 1316 ac
1114 1295 1196 1327 pene
1228 1286 1386 1330 cuiusque
1421 1287 1627 1331 episcopatus
1669 1289 1803 1332 proprio

1049 1336 1170 1378 officio,
1189 1339 1420 1383 discerperent.
1437 1341 1517 1374 Hinc
1532 1341 1587 1374 illa
1607 1347 1669 1374 tan]
1692 1342 1802 1375 multis

1048 1391 1080 1423 in
1115 1392 1195 1426 locis
1228 1393 1324 1426 divini
1355 1395 1461 1428 cultus
1489 1396 1702 1438 perturbatio,
1725 1396 1801 1430 hinc

1048 1456 1173 1479 summa
1191 1447 1222 1480 in
1238 1448 1325 1481 clero
1343 1448 1500 1492 ignoratio
1522 1449 1800 1483 caeremoniarum

1048 1510 1085 1531 ac
1105 1500 1227 1533 rituum
1252 1502 1559 1544 ecclesiasticorum,
1583 1503 1629 1536 uti
1650 1503 1799 1537 innume-

1047 1554 1164 1588 rabiles
1176 1556 1385 1590 ecclesiarum
1398 1557 1534 1591 ministri
1546 1558 1579 1590 in
1592 1569 1650 1591 suo
1666 1569 1800 1592 munere

1047 1608 1209 1651 indecore,
1233 1621 1298 1644 non
1319 1611 1386 1645 sine
1407 1623 1522 1655 magna
1542 1612 1671 1657 piorum
1697 1613 1799 1646 offen-

1045 1662 1151 1703 sione,
1173 1670 1388 1699 versarentur.

1089 1719 1104 1760 g*
1132 1717 1159 1750 l.
1189 1718 1275 1752 Hanc
1297 1719 1452 1753 nimirum
1473 1721 1586 1754 orandi
1611 1721 1798 1755 varietatem

1044 1772 1229 1815 gravissime
1267 1774 1372 1807 serens
1417 1775 1520 1807 felicis
1566 1775 1799 1809 recordationis

1044 1826 1163 1859 Paulus
1187 1827 1272 1871 Papa
1296 1827 1345 1868 IV,
1373 1829 1545 1862 emendare
1572 1829 1795 1871 constituerat,

1044 1880 1164 1923 itaque,
1186 1881 1369 1924 provisione
1391 1882 1533 1915 adhibita
1554 1893 1593 1916 ne
1613 1884 1680 1916 ulla
1696 1884 1728 1916 in
1743 1894 1797 1927 po-

1044 1940 1165 1967 sterum
1185 1934 1257 1967 novi
1278 1935 1428 1968 Breviarii
1449 1935 1577 1970 licentia
1596 1938 1798 1981 permittere-

1044 1992 1107 2029 tur,
1122 1993 1221 2021 totam
1237 1988 1320 2022 hanc
1336 1989 1493 2023 rationem
1514 1990 1642 2023 dicendi
1661 2002 1697 2024 ac
1716 1992 1797 2035 psal-

1043 2041 1129 2075 lendi
1150 2041 1246 2076 horas
1278 2043 1450 2077 canonicas
1470 2044 1509 2077 ad
1529 2044 1700 2088 pristinum
1729 2056 1797 2079 mo-

1042 2106 1111 2128 rem
1131 2102 1162 2129 et
1186 2096 1367 2130 institutum
1392 2098 1601 2141 redigendam
1626 2099 1778 2143 suscepit.

1823 259 1871 285 An.
1890 258 1918 285 C.
1940 257 2006 287 1568

1855 1732 1904 1755 ideo
1920 1733 1997 1754 Paulus

1814 1764 1841 1785 Π
1858 1766 1877 1786 id
1894 1766 1996 1786 emenda-

1813 1802 1836 1817 re
1853 1798 1949 1821 tentavit,
1960 1797 1997 1816 sed

1813 1831 1880 1848 morte
1901 1833 1995 1852 praeven-

1813 1864 1845 1881 tus
1875 1866 1916 1881 non
1945 1866 1995 1887 per-

1812 1892 1869 1913 fecit.

1086 2150 1101 2193 g
1127 2149 1157 2182 ΞΣ.
1186 2149 1246 2183 Sed
1271 2162 1308 2184 eo
1334 2157 1455 2195 postea,
1479 2152 1623 2185 nondum
1645 2152 1694 2193 iis,
1713 2163 1795 2196 quae
1837 2164 1928 2201 musii·
1944 2171 1993 2193 per-

1042 2203 1168 2247 egregie
1184 2203 1399 2246 inchoaverat,
1421 2206 1585 2249 perfectis,
1605 2206 1643 2239 de
1664 2206 1727 2239 vita
1742 2207 1794 2240 de·
1809 2196 1924 2254 ξξξιζῖζξξξ
1937 2197 1993 2248 6ξῖᾆῖ

1041 2258 1187 2300 cedente,
1211 2270 1285 2292 cum
1305 2270 1322 2292 a
1342 2260 1413 2304 piae
1440 2259 1615 2293 memoriae
1635 2260 1690 2294 Pio
1710 2261 1794 2306 Papa
1809 2259 1992 2312 ssssgc‘lmpfr'i‘g'gffj'

1041 2312 1077 2344 lv
1116 2313 1339 2347 Tridentinum
1364 2314 1558 2355 concilium,
1591 2321 1684 2348 antea
1708 2315 1794 2348 varie
1809 2322 1853 2342 flui-

248 2177 359 2212 ficium
376 2180 650 2225 complectuntur.
670 2181 738 2220 Quo
751 2182 784 2214 in
803 2192 921 2225 genere
939 2182 1001 2215 exi-

249 2232 416 2267 stimamus
426 2234 458 2267 in
470 2235 808 2278 primisnumerandas
817 2246 885 2269 esse
895 2246 1001 2269 sacras

247 2295 372 2330 preces,
386 2288 498 2322 laudes
513 2294 544 2322 et
558 2289 675 2332 gratias
686 2289 751 2322 Deo
764 2290 999 2333 persolvendas,

247 2351 329 2382 quae
342 2339 486 2376 Romano
502 2342 666 2376 Breviario
688 2343 905 2376 continentur.
923 2344 1000 2383 Quae

247 2394 344 2428 divini
358 2396 455 2429 officii
472 2397 622 2438 formula,
640 2397 692 2441 pie
713 2396 789 2430 olim
813 2408 850 2430 ac
876 2398 1001 2440 sapien-

247 2450 296 2481 ter
326 2460 344 2482 a
377 2449 519 2483 Summis
556 2451 783 2491 Pontificibus,
809 2452 998 2495 praesertim

247 2501 371 2536 Gelasio
391 2514 428 2537 ac
453 2505 606 2548 Gregorio
627 2504 751 2548 primis,
774 2505 958 2547 constituta,
982 2517 1000 2539 a

246 2553 401 2599 Gregorio
421 2564 529 2592 autem
553 2559 690 2602 septimo
716 2558 900 2601 reformata,
924 2570 998 2592 cum

246 2609 458 2646 diuturnitate
481 2612 637 2656 temporis
656 2612 695 2645 ab
715 2612 846 2656 antiqua
872 2612 998 2646 institu-

246 2663 333 2699 tione
359 2666 548 2709 dessexisset,
576 2667 757 2701 necessaria
781 2667 845 2700 visa
866 2678 918 2701 res
937 2672 996 2709 est,

1041 2365 1272 2411 intermissum,
1300 2374 1484 2402 revocatum
1505 2374 1597 2410 esset,
1620 2374 1738 2413 patres,
1762 2369 1794 2402 in

1041 2419 1095 2454 illa
1115 2421 1246 2454 salutari
1272 2422 1501 2456 reformatione
1521 2423 1635 2456 eodem
1656 2423 1793 2457 concilio

1041 2470 1224 2512 constituta,
1237 2472 1433 2505 Breviarium
1443 2483 1478 2505 ex
1490 2472 1590 2516 ipsius
1601 2473 1691 2506 Pauli
1701 2474 1793 2517 Papae

1040 2520 1163 2553 ratione
1178 2520 1348 2554 restituere
1363 2521 1555 2564 cogitarunt.
1576 2522 1684 2566 ltaque
1700 2523 1792 2567 quic-

1039 2569 1116 2613 quid
1136 2570 1176 2603 ab
1196 2582 1234 2604 eo
1254 2570 1286 2603 in
1303 2581 1393 2604 sacro
1412 2582 1509 2615 opere
1530 2572 1699 2605 collectum
1730 2573 1792 2606 ela-

1040 2619 1255 2664 boratumque
1276 2620 1379 2653 suerat
1412 2620 1546 2654 Concilii
1564 2621 1708 2664 patribus
1725 2622 1791 2655 Tri-

1039 2669 1161 2702 dentini
1174 2680 1191 2702 a
1204 2669 1369 2714 praedicto
1386 2669 1442 2703 Pio
1462 2670 1546 2714 Papa
1572 2670 1705 2704 missum
1731 2677 1787 2704 est,
