2237 3100
235 257 285 295 ain.
301 254 330 282 c.
349 254 417 283 1567

263 796 298 814 Cui
313 794 367 814 malo
383 799 419 820 op-

236 828 325 852 portune
344 829 420 845 consu-

343 855 419 876 volens

235 887 297 908 Pius⁴

273 1863 422 1890 Quascumque

238 1896 344 1916 commiss.
354 1895 424 1915 huius-

238 1926 291 1947 modi
334 1926 425 1951 deputa-

239 1960 309 1978 tiones
322 1958 346 1978 de
362 1962 424 1984 praa-

240 1990 304 2010 1erito
319 1988 387 2009 {actas
398 1989 425 2008 ir-

240 2021 288 2040 ritat
308 2023 328 2040 e!
345 2022 422 2041 cassat,

433 308 568 352 aliisque
588 308 734 352 personis
754 305 897 349 quotidie
917 304 1029 337 inferri
1049 302 1184 336 audian-

433 368 498 401 tur;
530 371 709 404 eorumque
744 358 991 403 provincialium
1021 363 1051 390 et
1075 357 1184 390 subdi-

433 420 539 447 torum
555 425 591 447 ac
607 414 743 446 aliarum
758 421 972 456 personarum
983 410 1183 451 huiusmodi,

434 467 525 501 oneri
549 472 645 510 atque.
673 465 777 498 labori
811 464 1115 503 succumbentium,
1147 465 1185 497 ad

434 531 492 554 nos
512 520 558 553 uti
582 520 671 563 pium
692 523 816 562 patrem
837 517 962 551 assidue
983 517 1094 550 dietim
1120 518 1185 551 cla-

434 573 591 606 mantium
613 577 643 605 et
662 571 903 604 recurrentium
918 581 1025 610 voces,
1045 571 1186 614 querelae

435 625 552 659 nostris
572 625 605 658 in
620 625 687 658 dies
706 624 841 657 auribus
860 634 1013 658 resonare
1033 634 1099 657 non
1120 635 1188 658 ces-

435 684 516 712 sent.

478 730 539 774 33.
561 731 636 773 Nos,
654 731 995 776 quorumintentionis
1015 742 1051 765 ac
1072 732 1188 766 mentis

435 794 564 829 semper
589 785 649 818 fuit
682 791 713 818 et
741 790 799 825 est,
831 791 864 818 ut
895 785 990 828 probi
1016 790 1045 818 et
1069 785 1187 819 sinceri

434 837 555 882 quique
588 843 619 871 et
657 839 826 871 timoratae
861 838 1068 882 illibataeque
1110 849 1187 872 con-

435 890 586 924 scientiae
603 890 751 924 homines
771 891 810 923 ad
828 891 1014 924 huiusmodi
1035 892 1188 924 commis—

434 943 612 977 sariatuum
646 944 751 977 officia
777 945 1017 977 destinarentur
1041 950 1070 977 et
1091 945 1188 978 desti-

434 1003 565 1038 nentur;
588 998 715 1042 ipsique
742 998 956 1031 commissarii
974 997 1118 1031 subditos
1133 1009 1189 1031 no-

435 1057 516 1084 stros
535 1057 564 1084 et
590 1061 817 1095 quoscumque
843 1051 924 1084 alios
949 1062 1024 1084 cum
1044 1062 1094 1091 ea,
1125 1063 1189 1096 qua

434 1103 506 1138 fieri
530 1109 644 1148 potest,
672 1103 815 1142 lenitate,
838 1104 1022 1144 clementia,
1044 1104 1190 1148 benigni-

434 1162 496 1190 tate
517 1163 548 1190 et
565 1157 788 1190 benevolentia
821 1162 957 1190 tractent
988 1163 1082 1200 atque
1114 1169 1188 1201 pro-

435 1215 624 1254 sequantur,
647 1215 677 1243 et
697 1210 777 1242 nihil
797 1210 836 1243 ab
857 1210 912 1249 eis,
927 1216 1055 1253 praeter
1068 1211 1147 1244 iuris
1160 1218 1189 1245 et

435 1263 606 1307 aequitatis
644 1263 788 1296 debitum
831 1264 955 1307 exigant
1001 1264 1049 1297 vel
1084 1270 1189 1298 extor-

435 1321 566 1361 queant,
589 1322 620 1349 et
640 1322 768 1350 sanctae
789 1316 927 1361 piaeque
949 1317 1059 1350 matris
1078 1317 1188 1351 Eccle-

436 1369 500 1403 siae
524 1369 636 1414 iugum
666 1380 762 1403 suave
782 1376 813 1404 et
838 1381 920 1403 onus
940 1371 1008 1403 leve
1038 1371 1188 1412 sentiant,

435 1434 597 1457 memores
617 1433 748 1468 quoque
773 1424 859 1468 quod
881 1424 1048 1468 improbos
1073 1425 1191 1459 officia-

435 1478 481 1511 les
506 1477 659 1522 princeps
684 1478 920 1522 quantumlibet
946 1478 1052 1512 bonus
1081 1484 1111 1512 et
1140 1479 1189 1512 in-

434 1536 525 1575 teger
561 1532 645 1565 male
679 1532 791 1565 audire
829 1532 1010 1571 consuet-in
1050 1533 1191 1566 volentes

435 1583 595 1629 probitate
611 1591 642 1619 et
662 1585 843 1629 integritate
859 1585 1023 1630 praeditos
1042 1585 1128 1619 viros
1151 1586 1191 1619 ad

434 1638 623 1672 huiusmodi
649 1649 787 1673 munera
807 1639 960 1684 deinceps
984 1639 1141 1683 deputare
1162 1645 1192 1672 et

436 1697 608 1736 propterea
629 1692 662 1726 in
683 1693 878 1736 praemissis,
889 1703 948 1737 pro
963 1693 1065 1726 nostri
1086 1698 1191 1736 pasto-

436 1745 511 1778 ralis
531 1745 628 1778 officii
650 1745 770 1785 debito,
789 1752 973 1791 opportune
994 1746 1166 1790 provideri.

482 1799 496 1842 g
516 1798 546 1831 4.
580 1799 667 1833 Motu
696 1799 809 1840 simili,
845 1805 873 1833 et
895 1810 932 1833 ex
952 1806 1039 1833 certa
1059 1800 1192 1834 scientia

438 1857 631 1897 maturaque
651 1853 751 1886 animi
771 1853 873 1886 nostri
893 1853 1138 1894 deliberatione,
1155 1864 1191 1887 ac

438 1907 477 1940 de
493 1907 689 1951 apostolieae
710 1906 876 1951 potestatis
901 1908 1115 1951 plenitudine,
1142 1913 1190 1940 te-

438 1971 516 1993 nore
532 1960 766 2005 praesentium,
794 1971 905 1994 omnes
933 1967 962 1993 et
988 1961 1131 2005 singulos
1157 1972 1191 1995 ac

437 2025 662 2058 quoscumque
674 2015 925 2056 commissarios,
940 2015 1052 2059 quovis
1061 2016 1192 2049 nomine

437 2074 654 2112 nuncupatos,
686 2073 749 2101 tam
776 2079 874 2112 super
894 2068 1027 2101 subsidii
1048 2068 1191 2102 trienna-

437 2122 487 2162 lis,
510 2122 658 2166 quatreni
680 2122 799 2161 carnis,
821 2128 851 2156 et
872 2123 1051 2166 spoliorum
1068 2134 1104 2156 ae
1117 2134 1191 2157 con-

438 2174 643 2209 fiscationum
664 2181 693 2209 et
719 2176 858 2209 aliorum
879 2175 1031 2209 Gamerae
1054 2178 1191 2220 Aposto-

438 2229 517 2262 licae
539 2229 678 2269 iurium,
705 2239 813 2262 nenon
842 2229 940 2262 etiam
969 2229 1188 2272 gabellarum,

438 2282 654 2326 vectigalium,
691 2283 852 2317 detiorum
883 2287 912 2316 et
940 2283 1078 2316 aliorum
1113 2295 1192 2327 quo-

439 2347 656 2381 rumcumque
681 2337 720 2370 ab
749 2337 862 2371 eadem
887 2336 1019 2371 Camera
1050 2339 1192 2372 endicta

440 2389 519 2423 Sede
540 2390 734 2433 Apostolum,
758 2402 814 2424 seu
834 2390 912 2424 alias
927 2390 1057 2424 illarum
1074 2391 1191 2425 intuitu

438 2448 526 2471 nunc
555 2444 583 2472 et
604 2450 662 2483 pro
687 2445 834 2483 tempore
859 2439 1085 2484 impositorum
1113 2451 1191 2474 one-

439 2497 513 2521 rum
534 2488 766 2529 exactionibus;
792 2499 891 2532 quam
907 2488 1004 2522 etiam
1022 2490 1192 2533 superi-ia-

438 2547 524 2577 rum,
557 2537 724 2581 pontium,
759 2543 942 2582 portarum,
975 2537 1189 2579 transituum,

439 2587 674 2630 passagiorum,
693 2587 958 2631 aquaeductuum
974 2592 1003 2620 et
1020 2597 1190 2620 murorum

438 2635 643 2679 reparatione
655 2641 686 2669 et
701 2635 957 2676 manutentione3
968 2646 1004 2669 ac
1018 2635 1191 2676 civitatum,
1210 2651 1218 2700 Ι

1027 248 1209 275 BL‘LLARIUM
1231 248 1383 274 Romnum

1226 307 1400 343 terrarum,
1433 301 1646 346 oppidorum,
1680 302 1825 343 arcium,
1862 308 1980 336 castro-

1229 367 1301 389 rum
1323 361 1353 389 et
1373 355 1563 399 quorumvis
1588 355 1728 388 aliorum
1748 356 1895 389 locorum
1922 366 1980 389 no-
2007 390 2010 392 ,

1228 409 1284 442 stri
1305 409 1413 442 Status
1432 408 1649 442 Ecclesiastici
1673 408 1795 442 fabrica
1819 415 1849 443 et
1868 409 1982 443 fortifi-

1229 462 1366 498 catione:
1393 472 1522 495 necnon
1539 472 1637 505 super
1658 461 1825 496 fraudibus
1844 473 1981 497 annonae

1229 521 1257 549 et
1279 515 1428 549 usuraria
1445 514 1612 559 pravitate,
1635 514 1770 558 aliisque
1790 515 1941 550 omnibus
1952 523 1981 550 et

1230 569 1374 612 singulis,
1390 579 1427 601 ac
1443 568 1708 612 quibuscumque
1724 568 1823 601 rebus
1837 575 1868 602 et
1882 579 1982 612 nego-

1229 622 1281 655 tiis
1296 621 1447 666 publicis,
1470 626 1525 654 aut
1541 620 1618 660 alias
1633 620 1801 654 Cameram
1817 627 1847 655 et
1867 621 1982 656 Sedem

1229 675 1410 720 praedictas
1442 675 1491 708 vel
1521 674 1655 718 aliquod
1687 685 1799 708 earum
1829 674 1983 709 interesse

1230 728 1476 772 quomodolibet
1495 727 1702 770 tangentibus
1716 728 1764 760 vel
1781 738 1982 762 concernen—

1230 782 1316 815 tibus
1349 780 1509 824 (exceptis
1542 786 1650 814 tamen
1690 781 1921 815 commissariis
1944 781 1984 815 ad

1230 835 1433 868 reddendum
1454 834 1504 867 ius
1531 839 1561 867 et
1585 834 1624 866 ad
1653 833 1793 867 iustitiae
1823 834 1984 878 cognitio-

1231 898 1305 921 nem
1333 893 1364 921 et
1392 887 1615 920 executionem
1641 887 1811 931 deputatis.
1849 888 1906 932 qui
1934 893 1983 922 ta-

1231 953 1306 975 men
1326 952 1391 974 non
1412 940 1533 985 possint
1555 951 1612 974 nec
1634 940 1768 974 debeant
1794 942 1856 974 nt>i
1880 952 1984 976 unum

1232 1002 1359 1028 scutum
1375 995 1415 1027 ad
1435 995 1509 1038 plus
1522 1005 1580 1038 pro
1597 994 1742 1038 quolibet
1752 995 1803 1028 die
1814 995 1986 1039 recipere),

1232 1055 1295 1082 tam
1315 1060 1332 1081 a
1357 1048 1619 1092 quibuscumque
1643 1047 1796 1081 Romanis
1820 1048 1985 1082 Pontifici-

1231 1103 1292 1136 bus
1316 1102 1620 1146 praedecessoribus
1648 1101 1766 1135 nostris
1790 1112 1889 1145 quam
1908 1102 1987 1136 alias

1232 1167 1249 1189 a
1274 1156 1355 1189 Sede
1384 1160 1413 1188 et
1434 1154 1567 1188 Camera
1597 1154 1784 1198 praedictis,
1819 1155 1986 1199 ipsiusque

1232 1209 1333 1249 Sedis,
1347 1208 1443 1241 etiam
1463 1208 1502 1241 de
1518 1208 1630 1247 latere,
1642 1208 1767 1251 legatis,
1789 1207 1986 1251 gubernato-

1232 1262 1337 1301 ribus,
1363 1261 1541 1294 camerario
1554 1287 1561 1301 ,
1586 1261 1805 1304 Cameraeque
1824 1260 1986 1305 Apostoli-

1233 1326 1288 1348 cae
1305 1314 1563 1359 praesidentibus
1575 1319 1605 1347 et
1616 1314 1755 1355 clericis,
1771 1314 1986 1355 thesaurario,

1233 1368 1405 1402 collectore
1431 1368 1624 1411 spoliorum,
1651 1372 1682 1400 et
1699 1367 1822 1401 iurium
1842 1367 1986 1402 eiusdem

1233 1422 1384 1456 Gamerae
1405 1420 1611 1465 depositario,
1634 1420 1796 1465 praefecto
1825 1431 1985 1461 annonae,

1233 1474 1487 1508 conductoribus
1508 1480 1539 1507 et
1562 1473 1818 1518 appaltatoribus
1837 1473 1989 1518 praefatis

1233 1539 1269 1562 ac
1299 1528 1563 1572 quibuscumque
1589 1527 1659 1560 aliis
1692 1527 1852 1571 personis,
1877 1526 1988 1571 quavis

1233 1581 1386 1624 dignitate
1414 1581 1612 1624 fulgentibus
1632 1586 1662 1614 et
1685 1580 1905 1624 fungentibus,
1927 1591 1987 1615 no-

1234 1635 1320 1668 mine
1340 1634 1430 1668 Sedis
1449 1634 1497 1667 vel
1521 1634 1676 1667 Gamerae
1694 1633 1938 1678 praedictarum
1957 1639 1989 1668 et

1234 1687 1312 1720 alias
1349 1687 1594 1731 quomodolibet
1626 1687 1660 1720 in
1692 1687 1842 1721 universo
1875 1693 1987 1721 nostro

1234 1742 1323 1775 Statu
1347 1740 1570 1775 Ecclesiastico
1591 1741 1734 1785 praefato
1761 1751 1798 1774 ac
1819 1740 1892 1774 alibi
1918 1741 1989 1775 ubi-

1235 1796 1323 1835 libet,
1350 1801 1415 1829 tam
1436 1795 1475 1828 ad
1495 1795 1603 1836 vitam,
1627 1806 1724 1838 quam
1742 1795 1782 1828 ad
1801 1795 1990 1840 beneplaci-

1213 1883 1215 1886 ,
1234 1856 1316 1890 tum,
1340 1856 1371 1884 et
1389 1851 1524 1895 quodvis
1553 1851 1653 1891 aliud,
1672 1850 1767 1884 etiam
1783 1856 1990 1894 perpetuum,

1234 1910 1372 1949 tempus,
1389 1915 1515 1938 necnon
1526 1911 1591 1938 tam
1605 1915 1664 1948 per
1674 1904 1880 1949 apostolicas,
1895 1903 1990 1937 etiam

1235 1960 1267 1993 in
1287 1960 1391 1993 forma
1405 1960 1510 1993 brevis
1534 1964 1588 1992 aut
1613 1959 1673 1992 sub
1703 1959 1838 2003 plumbo
1863 1957 1992 2003 expedi-

1235 2021 1293 2050 tas,
1320 2024 1417 2058 quam
1443 2018 1588 2057 patentes
1614 2019 1643 2046 et
1668 2013 1764 2046 etiam
1792 2013 1988 2053 camerales,

1235 2079 1271 2101 ac
1308 2068 1390 2101 sacri
1424 2067 1659 2101 venerabilium
1688 2067 1825 2099 fratrum
1861 2071 1988 2100 nostro—

1235 2132 1307 2155 rum
1329 2127 1456 2155 sanctae
1472 2121 1636 2154 Romanae
1657 2119 1820 2153 Ecclesiae
1839 2119 1989 2153 cardina-

1234 2176 1314 2208 lium
1336 2175 1475 2218 collegii,
1498 2180 1527 2207 et
1548 2183 1772 2218 quascumque
1788 2172 1867 2206 alias
1880 2173 1990 2207 literas

1234 2228 1282 2262 vel
1303 2229 1399 2262 etiam
1419 2239 1478 2273 per
1497 2228 1628 2272 publica
1647 2227 1874 2266 instrumenta,
1896 2237 1934 2260 ac
1954 2237 1989 2259 a·

1234 2283 1292 2316 lias
1312 2283 1621 2326 quomodocumque
1651 2287 1681 2314 et
1706 2280 1989 2324 qualitercumque

1235 2337 1392 2370 hactenus
1416 2336 1597 2380 deputatos,
1632 2334 1808 2368 destinatos
1831 2338 1863 2366 et
1891 2333 1987 2367 etiam

1236 2390 1450 2430 transmissos,
1472 2400 1509 2422 ac
1529 2389 1662 2422 illorum
1682 2387 1908 2433 deputauones
1926 2391 1984 2420 etc.

1235 2439 1432 2480 huiusmodi,
1448 2439 1506 2472 sub
1532 2438 1795 2482 quibuscumque
1813 2436 1988 2470 verborum

1235 2489 1347 2522 formis
1371 2494 1400 2521 et
1425 2488 1605 2528 tenoribus,
1637 2498 1673 2521 ac
1704 2497 1779 2520 cum
1808 2485 1985 2529 quibusvis,

1234 2538 1330 2571 etiam
1355 2536 1634 2580 derogatoriarum
1662 2533 1875 2578 derogatoriis
1905 2532 1988 2567 aliis-

1235 2598 1297 2630 que
1312 2586 1548 2620 efficacioribus
1563 2591 1594 2619 et
1606 2584 1756 2625 insolitis,
1772 2583 1938 2624 clausulis,
1951 2593 1989 2618 ac

1234 2636 1435 2670 irritantibus
1455 2641 1486 2669 et
1505 2635 1587 2675 aliis,
1605 2634 1701 2669 etiam
1721 2633 1784 2667 vim
1796 2633 1940 2678 stipulati
1957 2639 1988 2668 et

1996 251 2047 277 An.
2061 248 2091 276 C.
2111 248 2178 277 ¹567
