2237 3100
856 260 953 284 INDEX
968 258 1170 283 RUBRICARUM

347 322 433 349 trum
468 315 499 349 S.
536 312 718 353 Dominici,
748 313 773 345 si
805 318 934 352 extant3
965 312 1014 345 sin

346 374 468 409 autem,
502 369 541 401 de
569 367 700 400 licentia
730 366 848 409 prioris
868 366 1014 398 eiusdem

346 422 490 462 Ordinis,
518 421 551 454 in
571 420 641 453 aliis
670 419 816 453 ecclesiis
846 418 1036 453 institam-I

393 486 401 493 ³
446 475 495 508 922
516 501 522 507 .

258 475 572 558 CXCliiiIIJ'eclaiiatio
582 522 669 566 quod
680 522 804 564 Religio
814 520 1015 554 Clericorum

349 577 561 620 Regularium
582 575 750 610 Societatis
773 575 845 608 Iesu
876 579 924 607 est
942 584 1016 608 vere
1035 601 1037 609 s

349 631 389 664 de
409 630 588 664 Ordinibus
603 628 861 662 Mendicantibus
886 638 1017 661 eorum-

349 695 412 728 que
440 684 550 726 gratiis
578 689 608 716 et
640 682 818 727 privilegiis
846 687 912 714 tam
937 691 1016 714 con-

351 738 448 770 cessis
468 748 567 782 quam
590 735 805 770 concedendis
821 734 1013 779 perfruitur,

350 790 427 824 923.

259 844 398 878 CXCVII.
422 842 537 886 Oppidi
556 842 657 886 Ripae
677 842 863 874 Transonae
886 840 920 873 in
940 851 1017 884 pro-

348 897 452 929 vincia
466 896 583 929 Picena
599 896 630 928 in
642 895 802 928 civitatem
820 894 1016 934 sublimatio,

350 950 486 993 eiusque
510 949 706 993 parochialis
729 947 886 982 ecclesiae
910 947 1017 981 Sancti

350 1003 485 1046 Benigni
506 1003 539 1035 in
560 1002 779 1036 cathedralem
804 1007 834 1035 et
849 1001 1018 1045 episcopa-

352 1057 417 1090 lem
443 1057 576 1096 erectio,
603 1055 680 1089 926.

262 1109 414 1144 CXCVIII.
454 1110 602 1144 Facultas
635 1109 856 1152 praelatorum
891 1108 1041 1143 Ordinis*>

351 1163 488 1196 fratrum
508 1163 774 1195 Praedicatorum
802 1162 834 1195 S.
856 1162 1018 1195 Dominici

351 1217 538 1250 absolvendi
563 1227 638 1250 suos
662 1217 778 1249 fratres
799 1222 829 1249 et
849 1216 1017 1258 moniales,

352 1275 383 1303 et
412 1280 487 1303 cum
521 1269 567 1302 cis
600 1269 821 1313 dispensandi,
844 1268 929 1302 sieut
949 1269 1019 1312 epi—

352 1324 441 1367 scopi
456 1334 530 1357 enm
552 1324 690 1364 clericis,
714 1323 885 1356 interdicto
897 1323 943 1356 eis
958 1334 1020 1356 usu

353 1377 516 1410 cruciatae
549 1377 597 1409 vel
632 1376 766 1409 alterius
799 1375 959 1420 privilegii
980 1376 1019 1409 ad

352 1430 517 1473 eligendos
547 1431 750 1463 consessores
774 1435 805 1463 et
830 1429 1020 1463 obtinendas

354 1484 512 1517 eiusmodi
529 1483 751 1517 absolutiones
764 1489 793 1516 et
807 1483 1020 1527 dispensatio-

352 1548 422 1576 nes,
450 1537 527 1570 931.

264 1590 391 1624 CXCIX.
405 1589 586 1623 Declaratio
603 1590 820 1633 quarumdam
837 1590 1021 1623 litterarum

353 1655 452 1687 super
471 1643 689 1676 reservatione
705 1643 943 1676 beneficiorum
964 1654 1023 1687 per

353 1697 477 1730 crimen
502 1696 646 1730 haeresis
671 1696 867 1737 vacantium,
900 1708 984 1740 quae
1005 1709 1023 1730 a

353 1752 422 1784 solo
438 1751 583 1784 Romano
598 1750 756 1783 Pontifice
772 1750 914 1783 conferri
928 1761 1022 1794 posse

354 1804 475 1844 statuit,
491 1815 557 1836 non
570 1803 717 1837 obstante
730 1814 939 1847 quocumque
953 1804 1022 1848 pri-

353 1857 470 1900 vilegio
491 1868 548 1890 seu
570 1857 654 1897 iure,
676 1856 752 1890 933.

352 1910 502 1944 Facultas
527 1910 688 1954 episcopis
720 1910 887 1943 Indiarum
912 1910 1024 1944 utendi

354 1964 388 1996 in
409 1963 611 1996 confectione
631 1963 714 1996 sacri
735 1963 918 1997 chrismatis
935 1970 1023 1998 certo

353 2017 482 2061 liquore
502 2027 559 2050 seu
585 2027 682 2049 succo
698 2016 857 2050 inlocum
876 2017 1023 2058 balsami,

355 2070 432 2104 934.

266 2123 338 2158 CCI.
371 2124 442 2157 Alia
473 2123 594 2157 eisdem
632 2123 839 2167 praesulibus
871 2135 1024 2158 concessa

356 2178 494 2210 facultas
514 2177 699 2210 absolvendi
714 2178 753 2210 ab
769 2177 1022 2221 Irregularitate,

267 2283 353 2318 CCII.
380 2283 469 2316 Bona
488 2283 761 2316 monasteriorum
782 2283 910 2317 Ordinis
933 2285 1026 2318 Prae-

357 2336 538 2370 dicatorum
570 2336 765 2369 monialibus
795 2337 1024 2371 destitutorum

356 2395 502 2433 spectant
522 2390 562 2422 ad
583 2390 697 2422 fratres
713 2390 858 2423 eiusdem
881 2390 1023 2432 Ordinis,

356 2449 499 2481 quorum
511 2449 609 2471 curae
626 2439 818 2473 commissae
830 2446 933 2480 erant,
947 2440 1024 2474 936.

269 2487 369 2521 CCIII.
405 2488 581 2531 Regulares
607 2489 844 2533 cuiuscumque
874 2489 1025 2531 Ordinis,

359 2536 457 2569 etiam
486 2537 721 2579 Mendicantes,
749 2539 887 2572 lectores
912 2545 967 2573 aut
994 2539 1028 2572 in

358 2585 522 2628 theologia
547 2586 708 2629 graduati,
736 2597 801 2619 non
823 2588 946 2631 possint
961 2598 1029 2621 sae-

359 2635 522 2669 cularium
552 2636 771 2670 confessiones
795 2637 933 2678 audire,
966 2637 1029 2671 nisi

266 1911 325 1945 CC.

1683 247 1765 282 1051

1145 310 1267 344 fuerint
1280 310 1322 343 ob
1339 309 1525 350 ordinariis,
1543 311 1672 353 praevio
1691 311 1813 344 exami-

1146 374 1198 404 ne,
1223 363 1405 408 approbati‚
1431 362 1507 397 938.

1056 416 1154 451 CCIV.
1177 416 1349 450 Revocatio
1374 427 1594 459 regressuum,
1622 428 1812 451 accessuum

1145 475 1175 503 et
1196 469 1472 503 coadiutoriarum
1495 470 1758 515 quibuscumque
1773 473 1814 505 ad

1145 523 1304 556 beneficia
1329 523 1547 557 ecclesiastica
1571 535 1811 567 concessarum,

1058 627 1141 662 CCV.
1164 629 1332 668 Quomodo
1349 630 1395 664 rei
1416 630 1450 663 in
1470 631 1709 665 contumaciam
1735 644 1815 667 con-

1147 683 1303 724 demnati,
1331 689 1361 717 et
1385 684 1469 717 infra
1489 695 1611 717 annum
1636 686 1733 729 capti,
1756 687 1814 719 ad-

1149 736 1299 770 mittendi
1320 739 1369 771 vel
1393 748 1459 771 non
1484 738 1673 772 admittendi
1693 739 1757 773 sint
1775 740 1816 774 ad

1148 789 1365 831 defensiones,
1393 791 1469 825 940.

1059 841 1155 875 CCVI.
1179 842 1298 876 Contra
1317 844 1473 877 habentes
1492 844 1690 879 beneficium
1711 847 1816 881 eccle-

1148 895 1313 929 siasticum
1334 907 1400 929 non
1420 897 1592 932 recitantes
1611 900 1708 934 horas
1723 911 1817 935 eano-

1149 949 1252 989 nicas,
1269 950 1346 983 94⁶2.

1059 1000 1170 1035 CCVII.
1198 1002 1384 1036 Iurisdictio
1410 1004 1638 1048 episcoporum
1667 1006 1818 1041 visitandi

1149 1055 1353 1098 parochiales
1362 1057 1514 1090 ecclesias
1524 1058 1661 1091 fratrum
1675 1060 1817 1094 militum

1149 1107 1258 1141 Sancti
1269 1109 1397 1142 Ioannis
1405 1110 1699 1155 Hierosolymitani,
1707 1114 1817 1156 quoad

1149 1161 1334 1194 animarum
1366 1173 1478 1195 curam
1503 1169 1533 1196 et
1563 1165 1818 1200 administratio-

1150 1225 1225 1248 nem
1244 1222 1533 1257 sacramentorum,
1554 1217 1629 1251 943.

1061 1267 1186 1302 CCVIII.
1220 1269 1322 1302 Iussio
1352 1269 1542 1302 instituendi
1578 1271 1617 1303 ab
1645 1272 1820 1307 ordinariis

1150 1322 1301 1355 locorum
1335 1322 1614 1357 confraternitates
1645 1325 1819 1360 Doctrinae

1151 1375 1341 1409 Christianoe
1358 1377 1397 1408 ad
1410 1388 1530 1420 pueros
1544 1378 1689 1421 aliosque
1704 1379 1818 1413 divissze

1151 1429 1231 1472 legis
1262 1434 1408 1473 expertes
1438 1430 1532 1463 bonis
1552 1431 1699 1465 moribus
1728 1443 1820 1465 sana-

1152 1492 1216 1525 que
1232 1482 1379 1515 doctrina
1399 1482 1637 1523 instruendum;
1660 1491 1691 1518 et
1709 1485 1818 1519 indul-

1151 1536 1334 1579 gentiarum
1347 1542 1411 1568 tam
1421 1548 1479 1580 pro
1492 1538 1710 1572 confratribus
1722 1550 1820 1582 quam

1151 1599 1211 1632 per
1236 1599 1291 1622 eos
1327 1589 1525 1623 instruendis
1549 1591 1713 1633 elargitio,
1742 1592 1818 1626 945.

1063 1642 1162 1677 CCIX.
1198 1643 1462 1686 Appellationum
1485 1654 1616 1677 caussae
1645 1645 1676 1676 in
1703 1645 1822 1689 quibus

1154 1695 1201 1729 rei
1221 1696 1260 1728 ad
1281 1696 1422 1728 savorem
1444 1696 1513 1729 fisci
1528 1697 1564 1729 R.
1584 1697 1616 1730 C.
1639 1698 1674 1730 A.
1699 1698 1732 1730 in
1753 1710 1838 1742 poe-v

1153 1760 1229 1782 nam
1270 1749 1493 1792 pecuniariam
1535 1751 1820 1792 e01nlij=111na1itui·,

1154 1803 1239 1835 infra
1256 1813 1309 1835 sex
1324 1814 1451 1836 menses
1467 1803 1611 1847 expediri
1633 1805 1750 1838 debent
1766 1816 1824 1849 per

1156 1857 1399 1901 appellantem,
1427 1857 1571 1900 alioquin
1597 1858 1692 1891 iudex
1717 1869 1735 1891 a
1759 1870 1824 1902 quo

1155 1909 1346 1943 sententiam
1369 1910 1483 1953 exequi
1504 1916 1642 1951 tenetur,
1665 1911 1741 1945 94ss.

1065 1962 1150 1997 CCX.
1178 1962 1341 1997 Institutio
1363 1963 1515 1996 undecim
1541 1963 1734 1997 vicariarum
1751 1976 1825 2008 per-

1155 2022 1329 2060 petuarum
1365 2017 1397 2048 in
1439 2016 1572 2048 totidem
1616 2017 1760 2051 basilicis
1793 2024 1824 2051 et

1155 2069 1302 2103 ecclesiis
1326 2070 1429 2102 almae
1450 2069 1555 2109 Urbis,
1579 2081 1652 2102 cum
1679 2071 1823 2114 assigna-

1155 2124 1243 2157 tione
1264 2123 1451 2167 portionum
1473 2129 1502 2156 et
1519 2124 1750 2157 obventionum
1762 2135 1823 2168 pro

1155 2177 1291 2220 singulis
1312 2187 1434 2216 earum,
1460 2176 1536 2209 9227.

1067 2231 1168 2265 CCXI.
1187 2230 1303 2264 Contra
1324 2229 1501 2262 ambientes
1515 2230 1686 2272 dignitates
1702 2237 1732 2264 et
1752 2232 1825 2265 ossi-

1157 2284 1207 2317 cia
1240 2283 1473 2316 iurisdictionis
1513 2283 1825 2318 administrationem

1152 2337 1323 2375 habentia,
1351 2346 1454 2378 eaque
1481 2336 1587 2379 pretio
1612 2347 1668 2369 seu
1690 2338 1828 2381 promis-

1158 2391 1248 2423 sione
1281 2396 1494 2434 procurantes
1519 2389 1567 2421 vel
1602 2397 1824 2433 assequentes,

1159 2445 1215 2472 aut
1239 2444 1382 2471 assecuta
1407 2444 1653 2471 manutenentes
1678 2439 1711 2472 in
1736 2440 1827 2474 Statu

1159 2487 1398 2527 Ecclesiastico,
1422 2486 1500 2520 949.

1203 2537 1394 2570 Extenditur
1428 2536 1615 2570 constitutio
1654 2537 1750 2570 etiam
1788 2539 1828 2571 ad

1160 2586 1356 2629 recipientes
1381 2585 1536 2629 pecunias
1557 2591 1587 2618 et
1609 2586 1826 2628 mediatores,

1160 2635 1237 2669 952.
