2237 3100
854 263 951 288 INDEX
973 262 1176 289 RUBRICARUM

330 317 546 358 dinariorum,
563 317 649 351 circa
670 327 707 350 ea
733 327 816 361 quae
846 317 900 350 Dei
931 317 1001 350 cul-

332 377 414 412 tum,
437 376 715 404 sacramentorum
747 371 1001 404 administratio-

333 436 421 466 nem,
443 425 693 468 animarumque
714 425 849 458 salutem
875 430 902 458 et
925 425 1002 458 hae-

331 489 441 512 resum
482 478 729 523 extirpationem
775 484 999 519 concernunt,

334 531 411 565 271.

244 585 320 619 XCI.
349 584 474 618 Decisio
506 585 539 617 in
567 586 709 618 favorem
743 585 1003 628 congregationis

332 639 555 672 Lateranensis
562 639 793 672 canonicorum
803 639 1002 682 regularium

333 692 461 726 Ordinis
477 692 509 726 S.
525 692 708 735 Augustini,
720 692 893 735 superlite,
904 702 1003 735 quam

331 746 370 779 dc
391 745 620 790 praecedentia
639 746 802 779 habebant
830 756 904 778 cum
927 756 1004 778 con-

331 799 519 843 gregatione
539 798 733 839 Cassinensi,
755 799 833 832 alias
853 799 884 832 S.
908 799 1002 832 Iusti-

331 864 404 893 nae,
428 853 666 886 monachorum
698 852 825 886 Ordinis
845 852 876 885 S.
901 853 1003 886 Bene-

333 907 423 947 dicti,
445 906 522 940 273.

243 960 331 995 XCII.
350 960 520 994 Ilevocatio
549 970 836 1003 quorumcumque
860 959 1003 993 indulto-

332 1025 418 1055 rum,
438 1013 739 1052 confessionalium‚
758 1013 861 1045 Maris
876 1013 1001 1056 Magynz',

333 1068 540 1111 aliorumque
551 1067 781 1111 privilegiorm,
795 1066 1005 1110 quibuscum-

332 1131 406 1165 que,
421 1120 517 1153 etiam
529 1120 746 1163 regularibus,
762 1131 1004 1161 concessorum,

333 1174 366 1207 in
386 1173 448 1213 his,
471 1185 554 1218 quae
580 1173 719 1207 concilio
739 1174 927 1207 Tridentino
948 1174 1004 1207 ad·
1024 1178 1027 1195 2'

333 1234 516 1268 versantur,
539 1227 616 1261 277.

244 1282 347 1317 XCIII.
364 1281 534 1316 Revocatio
544 1281 751 1314 licentiarum
762 1281 922 1321 omnium,
935 1281 1006 1324 qui-

332 1336 539 1379 buscumque
559 1334 714 1378 (exceptis
730 1334 961 1368 commissariis
977 1341 1007 1368 et

334 1389 582 1433 inquisitoribus
611 1387 793 1421 haereticae
823 1389 1006 1432 pravitatis)

336 1453 579 1483 concessarum,
602 1442 732 1475 tenendi
752 1442 800 1475 vel
825 1443 953 1485 legendi
970 1442 1007 1475 li-
1027 1474 1029 1484 ,

334 1497 411 1530 bros
429 1496 631 1530 Lutheranos
655 1500 711 1529 aut
741 1495 779 1528 de
806 1495 932 1529 haeresi
952 1507 1006 1529 su-

334 1555 474 1593 spectos,
494 1554 525 1583 et
546 1548 726 1594 prohibitio
743 1549 816 1582 illos
837 1549 876 1582 de
898 1555 1006 1583 cetero

336 1603 477 1637 habendi
496 1604 545 1636 vel
570 1603 709 1646 legendi,
733 1602 809 1636 ⁶279.

247 1658 346 1692 XCIV.
371 1656 568 1701 Approbatio
581 1656 698 1690 indicis
714 1656 874 1690 librorum
896 1657 1008 1701 prohi-

335 1711 501 1751 bitorum,
525 1720 599 1743 cum
631 1709 753 1753 regulis
785 1710 921 1743 firmatis
950 1715 1030 1755 pert

337 1770 446 1809 patres
475 1775 493 1797 a
524 1774 615 1797 sacro
648 1764 788 1797 concilio
820 1764 1008 1798 Tridentino

334 1818 527 1862 deputatos3
549 1822 581 1850 et
604 1817 782 1861 prohibitio
803 1818 875 1851 illos
896 1818 934 1851 de
955 1829 1008 1852 ce-

335 1877 404 1905 tero
420 1871 560 1905 habendi
581 1877 612 1904 et
632 1871 772 1914 legendi,
796 1871 871 1905 0281.

247 1925 333 1960 XCV.
356 1925 554 1970 Approbatio
575 1924 846 1958 confraternitatis
875 1925 935 1958 sub
962 1926 1009 1958 in-

336 1979 504 2013 vocatione
534 1979 733 2012 Sanctissimi
762 1978 908 2012 Nominis
928 1980 1006 2020 Dei,

337 2034 377 2067 ad
389 2033 568 2067 cavendum
579 2032 808 2077 blasphemias,
820 2033 963 2077 periuria
974 2034 1010 2066 il-

338 2087 491 2131 licitaque
521 2086 703 2120 iuramenta
728 2087 911 2128 institutae,
934 2098 1008 2120 cum

337 2140 615 2183 indulgentiarum
655 2146 686 2174 et
719 2140 856 2174 aliarum
890 2141 1009 2184 gratia-

339 2205 412 2228 rum
433 2193 655 2235 concessione,
683 2193 761 2227 ⁶282.

249 2248 349 2283 XCVI.
372 2248 581 2282 Cancellariae
607 2248 793 2282 criminales
819 2249 926 2282 Status
951 2249 1009 2282 Ec-

339 2302 508 2336 clesiastici
521 2314 558 2336 ex
570 2313 683 2336 caussa
695 2313 769 2336 vere
786 2312 923 2336 onerosa
939 2303 1010 2335 aliis

339 2367 405 2389 non
425 2367 609 2397 concessae,
630 2356 836 2389 Reverendae
857 2356 1010 2390 Gamerae

340 2410 544 2453 Apostolicae
576 2410 690 2443 iterato
724 2410 932 2454 applicantur
945 2437 952 2451 ,
981 2417 1012 2444 et

340 2464 457 2492 statuta
468 2470 528 2504 pro
540 2460 742 2493 cancellariis
758 2459 1009 2503 praefiniuntur,

340 2519 415 2541 cum
445 2507 689 2551 privilegiorum
726 2508 951 2548 concessione;
975 2520 1011 2542 ac

342 2557 536 2590 thesaurarii
549 2563 579 2590 et
591 2557 749 2591 auditoris
760 2558 903 2591 Camerae
914 2569 1013 2601 super

342 2606 405 2639 illis
426 2611 456 2639 et
476 2616 589 2639 eorum
603 2606 724 2640 caussis
737 2607 962 2640 iurisdictione
982 2612 1013 2640 et

343 2654 547 2696 auctoritate,
565 2655 641 2690 285.

1027 1651 1030 1677 1

1669 253 1757 289 1037

1180 316 1334 360 Sequitur
1345 316 1478 349 facultas
1489 316 1682 349 thesaurarii
1698 317 1803 360 Papae

1133 370 1260 403 locandi
1273 375 1301 403 et
1316 369 1508 413 disponendi
1520 370 1558 402 de
1569 369 1663 403 dictis
1674 371 1802 403 cancel-

1134 424 1234 464 lariis,
1258 424 1334 457 2915.

1045 478 1157 511 XCVII.
1177 478 1267 517 Quod
1281 477 1383 510 maior
1404 488 1478 521 pars
1499 476 1715 510 cardinalium
1728 488 1802 510 san-

1135 532 1293 565 ctissimae
1305 531 1526 574 Inquisitionis
1539 531 1695 571 decernit,
1708 542 1725 564 a
1738 536 1803 564 tota

1134 586 1385 628 congregatione
1397 585 1499 618 valide
1515 589 1670 618 statutum
1687 595 1800 618 cense-

1136 643 1200 677 tur,
1223 638 1300 671 ⁹298.

1045 691 1172 725 XCVIII.
1187 691 1365 724 Declaratio
1378 691 1465 735 quod
1483 690 1613 724 concilii
1624 690 1804 724 Tridentini

1134 746 1263 778 decreta
1291 746 1378 779 circa
1406 745 1672 778 reformationem
1702 745 1804 778 etius

1135 799 1308 843 positivum
1342 799 1568 833 tantummodo
1599 799 1697 843 ligare
1728 809 1804 832 coe-

1134 859 1254 896 perunt
1273 853 1447 886 alx-alendis
1468 852 1543 885 maii
1571 862 1702 893 iianv,
1725 852 1801 886 ⁶299.

1046 905 1147 940 XCIX.
1176 906 1335 939 Institutio
1363 905 1623 949 congregationis
1647 905 1679 939 S.
1702 906 1738 939 R.
1766 906 1802 938 E.

1136 960 1351 993 cardinalium
1369 971 1468 1004 super
1484 960 1674 993 executione
1695 965 1725 993 ct
1746 959 1804 993 ob-

1134 1013 1293 1047 servantia
1313 1013 1395 1047 sacri
1422 1013 1551 1046 concilii
1575 1013 1754 1046 Tridentini
1775 1019 1806 1047 et

1134 1067 1272 1100 aliarum
1293 1067 1562 1100 resormationum
1579 1066 1677 1100 huius
1692 1067 1803 1100 Ponti-

1137 1120 1217 1161 licis,
1240 1120 1317 1154 300.

1047 1175 1080 1209 C.
1103 1174 1252 1207 Facultas
1272 1174 1304 1208 S.
1326 1174 1363 1207 R.
1387 1173 1422 1207 E.
1442 1174 1656 1207 cardinalium
1669 1185 1804 1218 congre-

1135 1228 1274 1272 gationis
1291 1238 1389 1272 super
1400 1227 1610 1271 inquisitione
1622 1228 1804 1262 haereticae

1136 1281 1300 1326 pravitatis
1329 1281 1460 1315 tenendi
1488 1286 1517 1314 et
1546 1281 1675 1325 legendi
1703 1282 1804 1315 libros

1135 1335 1317 1368 haereticos
1325 1340 1381 1368 aut
1394 1334 1471 1367 alias
1482 1335 1675 1379 prohibitos,
1687 1340 1717 1368 et
1728 1346 1805 1368 con-

1138 1388 1273 1421 cedendi
1286 1388 1531 1422 aliislicentiam
1546 1399 1600 1422 eos
1615 1388 1755 1421 habendi
1769 1399 1806 1421 ac

1137 1442 1278 1485 legendi,
1301 1441 1377 1475 301.

1048 1496 1096 1530 CI.
1109 1495 1329 1539 Reintegratio
1339 1495 1583 1539 privilegiorum
1593 1505 1629 1528 ac
1646 1495 1806 1529 facultatis

1137 1548 1316 1593 quaerendi
1336 1550 1555 1593 eleemosynas
1575 1559 1633 1592 pro
1650 1549 1805 1582 archilio-

1138 1603 1246 1647 spitali
1272 1602 1380 1636 Sancti
1411 1602 1551 1646 Spiritus
1581 1602 1614 1635 in
1640 1601 1733 1635 Saxia
1766 1602 1806 1635 de

1139 1657 1236 1696 Urbe,
1251 1656 1328 1690 303.

1050 1711 1111 1745 CII.
1134 1710 1312 1744 Prohibitio
1339 1710 1611 1744 confidentiarum
1629 1709 1805 1743 beneficia-

1138 1765 1219 1797 lium
1236 1770 1267 1798 et
1289 1765 1463 1798 reservatio
1482 1764 1687 1808 dispositioni
1715 1763 1807 1797 Sedis

1139 1819 1343 1863 Apostolicae
1371 1828 1658 1862 quorumcumque
1683 1817 1806 1850 beneti-

1139 1872 1267 1905 ciorum
1288 1873 1321 1905 in
1337 1872 1569 1905 confidentiam
1582 1877 1804 1914 receptorum,

1141 1936 1215 1959 cum
1237 1936 1418 1968 poenarum
1448 1924 1623 1958 inflictione
1645 1924 1677 1957 in
1695 1923 1806 1958 huius-

1141 1980 1227 2013 modi
1241 1979 1386 2013 criminis
1407 1990 1489 2019 reos,
1505 1978 1581 2013 305.

1142 2034 1185 2067 De
1197 2033 1410 2067 electionibus
1423 2032 1462 2065 ad
1476 2031 1633 2075 regimina
1643 2035 1807 2064 monaste-

1140 2088 1278 2127 riorum,
1301 2087 1602 2131 praepositurarum
1619 2091 1650 2119 et
1669 2085 1806 2118 aliarum

1141 2141 1333 2184 dignitatum
1350 2139 1624 2179 conventualium,
1640 2138 1715 2172 308.

1143 2195 1212 2228 Alia
1228 2201 1256 2228 et
1274 2194 1417 2228 secunda
1433 2193 1620 2227 reformatio
1636 2191 1808 2225 tribunalis

1140 2248 1345 2282 Reverendac
1355 2248 1507 2281 Gamerae
1516 2246 1718 2291 Apostolicae
1727 2250 1757 2279 et
1765 2244 1809 2279 of-

1143 2302 1297 2335 licialium
1315 2301 1396 2341 eius,
1419 2300 1495 2333 310.

1145 2356 1261 2389 Forma
1293 2354 1502 2399 professionis
1528 2352 1601 2386 fidei
1629 2351 1808 2385 catholicae

1141 2410 1339 2442 observanda
1349 2420 1366 2441 a
1376 2407 1639 2451 quibuscumque
1654 2405 1810 2450 promotis

1143 2465 1173 2491 et
1184 2457 1415 2503 promovendis
1425 2457 1462 2489 ad
1474 2457 1614 2499 aliquam
1625 2454 1810 2489 liberalium

1143 2508 1261 2540 artium
1283 2507 1481 2546 facultatem,
1505 2504 1683 2548 electisque
1704 2509 1735 2537 et
1754 2503 1812 2537 eli-

1143 2557 1256 2599 gendis
1276 2557 1316 2589 ad
1337 2555 1525 2595 cathedras,
1547 2555 1690 2587 lecturas
1710 2559 1741 2587 et
1761 2564 1811 2586 re-

1142 2606 1250 2649 gimen
1294 2604 1503 2649 publicorum
1541 2603 1785 2648 gymnasiorum
1801 2628 1809 2643 ,

1143 2654 1163 2687 3
1168 2655 1219 2687 23.

1051 2034 1125 2068 CIII.

1052 2195 1124 2229 CIV.

1053 2356 1112 2390 CV.
