2237 3100
15 256 65 283 ⁴An.
83 256 112 282 C.
132 254 194 282 ¹571

21 1725 193 1752 Appellationum

9 1762 84 1779 causae
108 1757 128 1777 in
151 1756 193 1776 cri-

10 1789 122 1810 minalibus
139 1787 193 1808 intra

9 1826 46 1841 sex
62 1825 147 1841 menses
158 1825 193 1839 ex-

9 1852 75 1880 pediri
92 1852 178 1872 delient.

887 251 961 276 ,PIUS
985 250 1004 274 V
1028 249 1075 274 1²1³.

211 305 321 338 vinciis
341 304 470 338 ditionis
489 303 651 338 Ecclesiae
672 303 703 335 in
727 303 837 347 poenis
863 315 962 347 pecu-

210 358 321 391 niariis
341 358 609 397 condemnantur,
638 357 748 400 clypeo
774 357 963 400 appellatio-

211 423 288 444 num
310 412 471 451 sutl‘ultos,
503 411 541 443 ab
572 410 641 443 aliis
661 410 824 443 iudicibus
845 410 963 443 inbibi—

210 466 314 499 tiones
334 466 490 498 obtinere.
514 464 659 508 Cumque
681 470 743 496 tam
755 464 964 497 dictiiudices

209 519 478 564 appellationum,
508 529 604 561 quam
625 517 680 560 qui
701 528 809 550 coram
831 517 875 549 eis
895 518 964 550 iura

209 573 276 606 sisci
297 578 328 606 et
342 573 495 606 Gamerae
515 577 589 604 sunt
604 570 798 615 promoturi,
816 571 855 603 de
872 571 916 603 rei
934 576 961 603 01

210 638 324 660 causae
345 626 497 670 qualitate
514 624 798 669 minusinformati
819 624 963 665 existant,

208 692 245 714 ac
255 680 314 724 ipsi
325 680 524 724 appellantes
535 689 600 711 non
611 679 705 711 modo
713 677 962 722 appellationem

208 744 299 767 suam
311 732 463 777 prosequi
476 742 539 764 non
553 736 677 769 curant,
687 730 868 775 quinimmo
878 730 964 764 illius

207 786 443 831 expeditionem
457 785 528 819 totis
550 785 671 817 viribus
691 790 837 827 satagunt
861 790 962 817 retar-

207 842 365 884 dare,quo
377 840 413 872 fit
424 845 457 883 ut
469 839 564 872 modo
574 837 762 872 officialium
771 838 960 879 mutatione,

207 905 290 939 quae
307 894 434 927 interim
453 892 622 935 contingit,
646 892 741 925 modo
763 892 826 925 alio
852 892 963 936 quovis

208 952 385 991 praetextu,
399 946 626 980 condemnatio
638 945 790 979 oblivioni
804 946 960 986 tradatur,

207 1008 236 1036 et
251 1001 296 1035 sic
309 1001 463 1035 delictum
480 1000 716 1045 impunitatem,
735 1006 767 1034 et
785 999 897 1043 exinde.
915 1000 963 1033 di-

207 1056 302 1090 tionis
310 1061 437 1089 nostrae
451 1054 664 1098 tranquillitas
675 1054 962 1099 perturbationem,

207 1122 244 1144 ac
279 1111 347 1154 ipsa
377 1109 472 1142 etiam
509 1108 641 1142 Camera
683 1109 741 1152 Ap.
787 1108 962 1142 detrimen-

207 1170 275 1198 tum
297 1174 362 1196 non
392 1163 556 1196 modicum
585 1168 813 1205 consequatur.
842 1162 964 1201 Quibus

207 1218 300 1251 malis
319 1216 486 1261 providere
502 1216 664 1256 volentes,
688 1226 761 1248 cum
782 1216 962 1249 remedium

205 1266 433 1312 appellationis
458 1272 571 1299 contra
595 1265 739 1297 iudicum
768 1265 919 1297 iniuriam
947 1276 964 1297 a

206 1316 331 1360 legibus
344 1315 566 1349 introductum
584 1315 716 1348 minime
735 1315 846 1347 tollere
863 1315 964 1347 inten-

206 1366 332 1407 damus,
358 1366 483 1405 saltem,
504 1375 577 1397 cum
596 1375 633 1397 eo
650 1364 797 1397 homines
818 1363 918 1403 abuti,
935 1369 963 1396 et

206 1414 286 1448 illud
302 1414 334 1447 in
351 1415 546 1448 calumniam
570 1424 696 1446 versum
715 1413 962 1457 prospiciamus,

206 1463 644 1508 illiustempuslimitandum
657 1468 686 1495 et
703 1462 964 1504 restringendum

206 1513 373 1553 duximus,
397 1519 429 1546 ut
457 1523 494 1546 eo
516 1512 617 1555 magis
643 1511 815 1544 hominum
837 1511 965 1544 malitiis

206 1568 409 1603 occurratur,
422 1562 543 1595 etbene
558 1561 662 1594 vivere
673 1561 847 1594 volentium
865 1553 964 1603 quieti

207 1618 238 1646 et
257 1612 420 1646 securitati
442 1612 643 1645 consulatur.

251 1662 266 1705 ξ
285 1660 317 1694 ⁹2.
340 1661 406 1695 Hae
426 1661 525 1704 igitur
546 1665 704 1704 perpetuo
724 1658 859 1692 valitura
886 1669 964 1691 cou-

208 1711 373 1744 stitutione
399 1710 605 1751 decernimus
633 1714 685 1750 ut,
712 1709 775 1742 lata
803 1708 835 1740 in
861 1708 966 1741 causis

208 1760 431 1794 criminalibus
461 1759 617 1793 sententia
635 1758 819 1792 continente
849 1769 964 1802 penam

208 1809 428 1854 pecuniariam
441 1809 518 1843 fisco
533 1814 642 1842 nostro
657 1808 897 1852 applicandam,
912 1820 966 1852 ap-

207 1860 363 1903 pellantes
382 1859 421 1892 ab
442 1870 479 1892 ea
498 1859 550 1902 <in
571 1857 698 1891 casibus
719 1863 825 1890 tamen
847 1857 965 1901 quibus

207 1908 285 1942 alias
314 1909 353 1942 de
379 1909 449 1942 iure
469 1908 636 1942 communi
658 1906 814 1950 permissa
839 1913 884 1939 est
907 1917 964 1950 ap-

206 1958 337 2003 pellatio
360 1985 367 1999 ,
396 1966 427 1991 et
454 1957 583 1991 servatis
606 1958 663 1998 iis,
682 1968 764 2000 quac
796 1968 833 1989 ex
863 1957 965 1989 forma

207 2007 475 2041 constitutionum
491 2004 743 2051 apostolicarum
761 2006 846 2038 circa
864 2005 963 2049 depo-

207 2058 303 2091 situm
319 2056 503 2090 faciendum
526 2067 582 2090 seu
603 2055 776 2089 cautionen
798 2060 964 2098 praestan-

207 2108 280 2142 dam
305 2112 379 2140 sunt
399 2106 572 2149 servanda)
601 2110 773 2138 teneantur
798 2104 881 2137 infra
912 2115 965 2137 sex

208 2168 334 2190 menses
354 2167 370 2189 a
391 2156 442 2189 die
462 2155 563 2199 ipsius
588 2154 797 2198 interpositae
822 2154 964 2197 appella-

207 2206 304 2240 tionis
329 2205 575 2249 computandos‚
597 2205 639 2238 ita
660 2215 769 2237 coram
786 2203 891 2237 iudice
908 2215 964 2248 ap-

209 2255 390 2302 pellationis
401 2266 530 2288 causam
545 2266 636 2288 suam
647 2253 810 2298 prosequi,
822 2259 857 2286 ut
870 2253 965 2286 etiam

209 2306 444 2351 expeditionem
471 2309 654 2348 reportent;
686 2303 804 2347 quibus
829 2303 962 2347 elapsis,

209 2362 240 2390 et
259 2355 462 2399 expeditione
487 2365 595 2387 eoram
627 2353 735 2387 iudice
764 2364 781 2385 a
807 2363 872 2396 quo
901 2363 964 2386 non

209 2405 423 2450 reproducta‚
457 2410 606 2437 teneatur
634 2403 798 2448 praefatus
829 2402 924 2435 iudex
949 2413 965 2436 a

210 2465 296 2499 quo,
323 2454 362 2486 ad
387 2463 628 2497 quamcumque
662 2452 730 2485 fisci
762 2451 962 2493 instantiam,

211 2504 306 2538 etiam
336 2503 361 2536 si
390 2508 460 2536 acta
486 2502 605 2535 fuerint
634 2506 868 2544 transportata,
896 2511 966 2533 sen-

210 2554 343 2587 tentiam
352 2552 527 2597 praefatam
540 2551 663 2584 debitae
672 2549 864 2590 executioni,
879 2550 965 2583 omni

211 2614 303 2637 mora
323 2601 511 2647 postposita,
538 2600 744 2639 demandare,
768 2599 810 2632 ita
830 2604 865 2633 ut
888 2599 964 2633 effe-

212 2652 326 2689 ctualis
345 2649 555 2685 incameratio
575 2649 802 2693 subsequatur.

1649 237 1711 270 047
1776 245 1827 272 An.
1845 246 1873 273 c.
1892 247 1955 274 11171

1051 304 1066 344 ,ξ
1085 301 1117 335 3.
1139 302 1270 342 Verum,
1299 310 1339 333 ne
1364 300 1485 332 malitia
1508 299 1624 333 iudicis
1644 300 1693 333 ius
1723 300 1759 332 li-
1800 307 1883 328 humes
1904 310 1957 328 imit

1007 351 1179 393 ligatorum
1201 350 1358 383 efficiatur
1380 349 1521 382 deterius
1540 376 1546 389 ,
1582 349 1613 381 in
1643 349 1758 382 virtute
1773 339 1958 397 ssffsfffssssflfififfffp‘

1006 406 1133 433 sanctae
1155 399 1368 439 obedientiae,
1391 410 1426 432 ac
1448 399 1506 431 sub
1529 398 1759 441 indignationis

1006 455 1132 482 nostrae
1158 461 1195 483 ac
1219 448 1405 493 privationis
1433 448 1633 487 officiorum,
1664 447 1759 480 etiam

1006 499 1031 531 si
1045 498 1097 532 illa
1115 511 1151 532 ex
1168 510 1263 532 causa
1283 509 1419 531 onerosa
1439 497 1622 537 obtineant,
1653 508 1689 529 ac
1712 508 1760 530 re-

1007 548 1153 581 fectionis
1173 548 1318 581 omnium
1339 547 1533 579 damnorum
1546 551 1575 578 et
1592 545 1758 587 interesse,

1006 597 1267 641 quibuscumque
1280 596 1441 629 iudicibus
1455 595 1552 628 totius
1573 595 1679 629 Status
1700 606 1760 628 no-

1006 646 1061 678 stri
1083 646 1309 685 Ecclesiastici,
1332 654 1541 688 quacumque
1561 644 1714 687 dignitate
1728 650 1763 691 et

1004 696 1250 737 praeminentia
1270 694 1480 737 fulgentibus,
1494 694 1590 726 etiam
1607 694 1632 726 si
1651 694 1757 736 legati,

1005 743 1169 788 vicelegati
1191 756 1227 777 ae
1256 742 1496 787 provinciarum
1527 743 1761 785 gubernatores

1006 793 1151 833 existant,
1181 792 1414 827 committimus
1445 798 1472 824 et
1508 792 1699 833 mandamus
1727 797 1763 825 ut

1005 843 1255 885 appellantibus,
1278 843 1345 875 sine
1362 851 1464 882 mora,
1488 846 1557 873 acta
1579 847 1607 873 et
1630 852 1760 884 proces-

1005 901 1058 923 sus
1078 902 1301 935 quoscumque
1322 889 1535 923 effectualiter
1550 890 1631 923 tradi
1648 897 1763 924 curent

1006 945 1033 971 ct
1056 940 1184 974 faciant.

1049 989 1064 1031 ἓ
1083 989 1115 1023 4.
1139 991 1175 1023 Ε1.
1192 990 1252 1034 ipsi
1266 989 1402 1029 iudices,
1416 989 1455 1021 ad
1471 999 1552 1032 quos
1568 989 1757 1032 respective,
1828 997 1911 1018 ludices
1934 999 1958 1019 aa

1005 1037 1089 1071 bona
1109 1039 1184 1080 fide,
1213 1046 1240 1073 et
1269 1039 1356 1072 omni
1389 1037 1527 1071 versutia
1552 1044 1686 1077 remota,
1721 1038 1760 1071 ad
1775 1035 1839 1081 [ξ’],ζζς
1860 1029 1958 1081 Ἧξὲζζ

1006 1099 1177 1122 causarum
1195 1089 1370 1133 legitimam
1387 1087 1622 1131 expeditionem
1646 1098 1759 1130 proce·
1775 1092 1896 1118 0¹v⁰di1=¹=h

1005 1137 1092 1178 dant,
1115 1139 1225 1172 scituri
1244 1149 1302 1171 nos
1313 1137 1429 1170 acriter
1441 1137 1657 1170 vindicaturos
1668 1136 1761 1180 siper

1006 1196 1118 1220 eorum
1137 1187 1322 1232 quempiam
1340 1187 1371 1219 in
1393 1185 1574 1230 praemissis
1590 1185 1684 1218 suerit
1706 1196 1761 1229 ap-

1007 1237 1204 1278 pellantibus
1218 1237 1294 1281 ipsis
1305 1235 1541 1280 praeiudicium
1555 1241 1756 1278 generatum.

1049 1285 1063 1327 §
1088 1285 1120 1318 5.
1143 1286 1211 1318 Non
1237 1285 1437 1319 obstantibus
1475 1284 1760 1317 constitutionibus
1800 1304 1957 1326 mammem,

1006 1339 1036 1366 et
1057 1335 1316 1368 ordinationibus
1336 1334 1531 1378 apostolicis,
1545 1345 1580 1365 ar
1596 1333 1760 1376 quibusvis
1775 1337 1902 1361 ‘⁰:⁹³101m·

1006 1383 1132 1425 legibus
1159 1390 1187 1417 et
1209 1384 1351 1425 statutis,
1369 1383 1548 1426 ceterisque
1570 1382 1600 1414 in
1632 1388 1759 1415 contra-

1007 1432 1090 1465 rium
1104 1433 1295 1466 facientibus
1308 1432 1580 1477 quibuscumque.

1147 1483 1266 1516 Placet.
1289 1483 1374 1515 Motu
1396 1480 1542 1526 proprio,
1564 1480 1603 1513 M.

1034 1532 1142 1574 ,Auno
1168 1543 1184 1564 a
1214 1532 1376 1565 nativitate
1401 1530 1528 1564 Domini
1558 1530 1658 1563 nostri
1689 1530 1759 1564 Iesu

1007 1579 1125 1614 Christi
1146 1591 1277 1623 noun,
1304 1581 1417 1613 indict.
1444 1590 1508 1621 xiv,
1537 1580 1588 1613 die
1614 1590 1689 1612 vero
1709 1590 1760 1613 xvi

1008 1631 1128 1663 mensis
1153 1631 1308 1670 octobris,
1332 1630 1540 1674 pontificatus
1565 1623 1788 1662 sanctissimis

1007 1679 1039 1711 in
1064 1679 1189 1713 Christo
1217 1680 1318 1724 patris
1338 1685 1369 1713 et
1398 1680 1433 1712 D.
1456 1679 1493 1712 N.
1515 1679 1550 1711 D.
1578 1678 1622 1710 Pii
1654 1677 1759 1710 divina

1008 1729 1208 1772 providentia
1220 1731 1325 1773 Papae
1346 1729 1452 1773 quinti
1472 1738 1557 1760 anno
1577 1732 1683 1767 sexto,
1706 1738 1759 1760 su-

1006 1779 1206 1823 prascriptae
1217 1779 1343 1812 litterae
1360 1778 1470 1811 affixae
1490 1778 1622 1810 suerunt
1639 1776 1677 1808 ad
1693 1776 1758 1808 val-

1006 1839 1058 1861 vas
1087 1828 1304 1862 Cancellariae
1336 1827 1539 1872 Apostolicae
1569 1831 1599 1858 et
1633 1826 1664 1858 in
1690 1825 1758 1858 acie

1007 1876 1117 1921 Campi
1135 1877 1259 1918 Florae,
1281 1888 1339 1921 per
1359 1888 1409 1910 me
1430 1877 1583 1910 Ioannem
1604 1875 1642 1908 de
1663 1874 1754 1919 Soya,

1008 1937 1185 1960 cursorem.

1050 1977 1209 2009 Antonius
1223 1975 1351 2016 Clerici,
1367 1975 1518 2018 magister
1529 1983 1711 2006 cursorum.

1061 2030 1134 2060 Pub.
1155 2031 1201 2060 die
1221 2030 1257 2074 16
1273 2034 1331 2060 oct.
1344 2030 1432 2066 1571,
1452 2027 1556 2069 pontis.
1573 2036 1650 2057 anno
1666 2035 1704 2056 vi.

1334 2152 1424 2192 CCX.

1008 2227 1177 2261 Institutio
1192 2227 1341 2260 teudecim
1370 2225 1569 2259 vicariarmn
1586 2228 1758 2268 perpetua-

1051 2288 1123 2310 rum
1140 2278 1175 2309 in
1193 2277 1323 2310 totidem
1341 2275 1483 2308 basilicis
1503 2279 1531 2307 et
1557 2274 1695 2307 ecclesiis
1710 2274 1758 2307 al-

1052 2336 1122 2358 mae
1140 2325 1244 2365 Urbis,
1261 2336 1329 2357 cum
1343 2323 1759 2368 assignationeportionum

1051 2380 1079 2409 el
1095 2376 1321 2409 obventionum«
1337 2384 1396 2418 pro
1419 2373 1556 2416 sinyulis
1571 2383 1681 2406 earum
1701 2372 1727 2405 ¹.

1133 2443 1193 2472 Pius
1202 2449 1284 2482 papa
1296 2442 1326 2475 V,
1341 2442 1420 2470 motu
1433 2440 1555 2476 proprio.
1571 2441 1626 2469 etc.

1051 2502 1116 2536 Etsi
1152 2501 1304 2535 omnibus
1330 2499 1470 2533 universi
1499 2499 1586 2532 orbis
1615 2498 1759 2532 ecclesiis
1801 2505 1921 2527 Exordium.

1045 2567 1054 2592 1
1078 2565 1116 2592 Ad
1137 2565 1187 2592 hoc
1207 2564 1315 2591 omuino
1335 2562 1396 2590 vide
1423 2562 1500 2589 aliam
1527 2561 1605 2588 huius
1624 2560 1760 2589 Pontificis

1007 2611 1221 2637 constitutionem
1243 2615 1328 2641 Lxxn,
1349 2610 1389 2635 Ad
1414 2609 1593 2642 exequendum
1609 2627 1616 2639 ‚
1633 2615 1692 2642 pag.
1708 2606 1759 2634 698

1007 2656 1086 2683 huius
1102 2655 1174 2683 tomi.
