2237 3100
6 282 52 309 An.
70 281 98 307 C.
119 277 182 306 ¹57¹

2 348 32 365 ιο
40 341 187 368 nuncupando,

6 380 46 396 nna
55 379 101 394 cnm
117 373 188 393 arctit-

5 406 114 427 ‹tt-conatu
124 419 129 428 ,
158 411 189 424 ar-

7 435 188 462 ohtprestqterntu

6 469 27 488 et
77 466 187 486 duodecim

7 496 173 519 ennontcanbus.

882 277 949 302 PIUS
975 278 993 301 V
1017 278 1065 301 PP.

204 330 313 362 missio
334 330 423 362 fieret
445 330 483 362 ad
509 335 635 373 partes,
662 330 783 363 vocatis
816 340 956 374 quorum

203 383 380 419 interessct.
404 383 510 416 habita
536 394 634 427 super
654 383 703 415 liis
725 394 800 416 cum
824 394 957 416 venera-

203 437 322 469 bilibus
348 436 500 469 fratrilms
524 438 640 469 nostris
666 438 695 470 S.
724 437 760 470 R.
788 437 822 469 E.
852 437 957 469 cardi-

202 489 330 521 nalibus
348 496 473 523 matura
494 490 737 530 deliberatione,
761 491 799 523 dc
827 491 957 522 illorum

204 543 339 576 consilio
360 549 388 575 et
409 554 550 581 assensu,
572 554 608 576 ac
629 543 667 576 de
688 544 883 587 apostolicae
906 554 959 586 po-

204 597 324 629 testatis
343 597 559 640 plenitudine,
591 597 748 640 oppidum
778 596 959 639 pradatum

204 661 277 682 cnm
308 655 373 682 toto
400 649 487 683 illius
518 650 704 689 territorio7
746 649 891 682 ccelesiis
931 654 961 681 et

204 703 363 746 personis,
386 708 449 735 tam
481 703 702 736 saecularibus
722 714 819 746 qnam
855 703 959 735 ecclc-

205 757 352 796 siasticis,
385 768 401 789 a
427 756 566 789 dioecesi
598 757 765 793 Firmana,
795 767 922 789 necnon
944 768 961 789 a

204 809 428 843 iurisdictione
462 815 489 841 vt
534 809 760 853 superioritate
794 809 958 847 Firmani,

205 862 353 906 Aprutini
376 868 406 895 ct
430 863 581 896 Asculani
612 863 854 907 episcoporum,
885 874 961 895 ncc-

204 927 268 949 non
286 916 411 949 abbatis
426 917 473 949 vel
490 916 756 949 cmnmcndatarii
774 916 961 949 monasterii

205 970 457 1013 Campisettonis,
480 970 607 1003 Ordinis
637 969 742 1002 Sancti
777 969 961 1007 Benedicti,

205 1023 329 1056 nullius
362 1023 530 1063 dioecesis,
566 1035 625 1067 pro
647 1030 793 1067 temporo
823 1023 963 1055 existen-

206 1077 299 1118 tium,
322 1078 370 1110 vel
395 1078 528 1110 alterius
566 1077 720 1121 episcopi,
743 1077 888 1121 capituli.
912 1077 965 1109 ab·

205 1130 289 1163 batis
309 1136 339 1163 et
359 1131 557 1170 monasterii,
580 1130 699 1174 quibus
727 1130 758 1162 in
785 1135 886 1163 totum
917 1129 964 1162 vel

207 1184 240 1217 in
274 1190 363 1228 parte
397 1184 528 1217 subesse
562 1185 776 1227 dignoscitur,
806 1188 965 1227 perpetuo

207 1247 424 1281 segregamus,
447 1238 720 1271 (lismcmbramus
734 1265 741 1274 ,
777 1248 967 1280 separamus

166 1323 169 1326 .
208 1296 238 1324 et
258 1292 441 1331 eximimus3
478 1292 650 1335 ipsumque
676 1292 833 1335 oppidum
856 1291 886 1323 in
920 1290 966 1323 ci-

207 1345 346 1385 vitatem,
365 1345 463 1389 Ripae
483 1346 666 1378 Transonac
691 1345 965 1387 nuncupamlam,

209 1410 284 1432 cum
304 1399 442 1439 iuribus,
460 1399 642 1432 honoribus
665 1404 693 1431 et
715 1397 969 1442 pra=eniinentiis

209 1452 327 1497 quibus
338 1452 420 1486 aliae
440 1453 582 1486 civitates
599 1458 626 1485 et
645 1464 756 1485 earum
774 1452 857 1485 cives
873 1457 970 1484 utun-

211 1511 274 1546 tur,
296 1507 468 1549 potiuntur
493 1512 520 1539 ct
543 1506 694 1549 gaudent,
717 1517 752 1539 ac
778 1506 837 1545 uti,
874 1504 969 1549 potiri

210 1565 241 1593 et
264 1560 408 1603 gaudere.
429 1565 583 1603 poterunt
603 1560 847 1603 quomodolibet
866 1559 898 1591 in
920 1558 970 1591 fu-

212 1619 335 1653 turum,
353 1619 383 1645 ct
399 1613 566 1646 ecclesiam
589 1613 697 1646 Sancti
709 1613 842 1656 Benigni
858 1613 971 1646 liuius-

213 1667 300 1700 modi
326 1666 358 1699 in
389 1668 608 1700 cathedralem
629 1666 704 1700 Sedi
725 1668 887 1711 praefatae
911 1667 972 1699 im-

215 1721 353 1754 mediate
387 1721 584 1761 subiectam,
616 1721 675 1754 sul]
711 1721 824 1753 eadem
847 1721 973 1753 invoca-

214 1774 302 1807 tione
323 1774 431 1807 Sancti
452 1775 598 1817 Benigni,
620 1780 651 1808 et
673 1774 705 1807 in
724 1785 761 1808 ea
777 1775 887 1807 sedem
904 1774 974 1817 cpi-

217 1828 394 1872 scopalffln,
408 1839 468 1872 pro
489 1839 555 1861 uno
576 1828 975 1873 episcopo,Ripanonun-

218 1882 383 1925 cupando‚
422 1882 479 1924 qui
508 1882 611 1915 eidem
642 1882 798 1915 ecclesiae
823 1881 977 1925 illiusque

220 1935 339 1968 civitati
367 1940 397 1967 ct
421 1935 560 1968 dioecesi
595 1935 722 1978 praesit,
762 1935 915 1979 illamque
945 1935 977 1968 in

220 1989 395 2032 perfectam
427 1989 619 2022 cathedralis
651 1989 807 2022 ecclesiae
840 1990 976 2022 formam

222 2042 349 2076 ordinet
369 2048 399 2075 et
420 2043 552 2086 redigat,
586 2044 731 2083 abbates,
766 2044 926 2087 praelatos
949 2048 979 2077 et

223 2099 303 2133 alios
322 2098 361 2131 ad
395 2098 553 2142 synodum
581 2103 745 2137 convocet,
776 2097 900 2136 evellat,
923 2098 979 2130 de-

224 2157 337 2191 struat,
356 2151 513 2191 aedificet,
527 2151 658 2194 plantet,
682 2161 718 2183 ac
735 2151 843 2183 omnia
868 2156 898 2183 et
918 2151 981 2183 sin-

225 2206 300 2248 gula
321 2205 425 2238 officia
439 2210 468 2238 et
494 2205 565 2237 iura
591 2204 786 2248 episcopalia
806 2204 919 2237 habeat
951 2210 982 2237 ct

227 2259 391 2298 exercitet,
410 2270 484 2292 cum
510 2258 576 2292 suis
597 2258 739 2302 capitulo
760 2258 936 2302 episcopali
952 2263 982 2291 et

228 2313 398 2357 capitulari
420 2323 529 2346 mensa
555 2313 736 2355 ceterisque
757 2312 908 2345 omnibus
932 2323 983 2345 ca-

228 2366 428 2399 thedralibus
439 2373 466 2399 et
478 2366 719 2410 pontificalibus
735 2366 893 2409 insigniis,
906 2376 982 2399 ncc-

228 2430 293 2452 non
311 2419 446 2459 iuribus,
468 2419 756 2460 iurisdictionilnts,
769 2419 983 2458 facultatibus,

229 2469 470 2512 praerogativis,
486 2468 672 2513 privilegiis,
694 2468 886 2508 honoribus,
915 2478 986 2510 gra-

229 2519 293 2560 tiis,
315 2518 478 2552 favoribus
501 2524 532 2551 et
552 2517 695 2557 indultis,
730 2517 883 2556 reatibus,
914 2528 987 2560 pcr-

231 2568 396 2602 sonalibus
416 2573 446 2601 ct
474 2567 579 2601 mixtis
595 2593 602 2607 ,
624 2567 743 2611 quibus
771 2566 853 2599 aliae
877 2567 986 2598 cattie-

233 2618 338 2651 drales
357 2618 524 2657 ecclesiae,
536 2626 715 2660 earumque
733 2615 916 2659 praesules,
939 2625 989 2648 ca-

233 2668 335 2714 pitula
355 2673 386 2702 et
400 2677 558 2712 personae
577 2664 823 2710 quomodolibet
842 2670 989 2705 utuntur,

1640 263 1703 298 927

1000 329 1170 373 potiuntur
1198 335 1228 362 et
1257 328 1418 372 gaudent,
1441 338 1478 360 ac
1512 327 1576 369 uti,
1607 327 1704 372 potiri
1725 332 1756 360 et

1000 382 1139 425 gaudere.
1161 387 1313 426 poterunt
1333 381 1364 413 in
1385 381 1545 419 suturum;
1563 391 1704 420 necnon,
1722 385 1758 412 ut

1002 436 1069 479 ipsa
1090 435 1282 469 cathedralis
1302 435 1439 479 ecclesia
1468 435 1592 478 Ripana
1612 445 1649 466 cx
1668 433 1757 466 omni

1002 495 1091 533 parte
1113 489 1267 521 reddatur
1286 489 1439 532 perfecta,
1468 488 1499 520 in
1520 487 1575 520 itta
1595 487 1674 520 duas
1708 486 1758 519 di-

1002 541 1150 585 gnitates,
1171 541 1320 575 videlicet
1335 552 1437 574 unum
1458 540 1758 584 archipresbytera-

1002 601 1083 636 tum,
1107 595 1295 638 dignitatem
1321 595 1400 627 inibi
1434 600 1505 638 post
1538 593 1759 637 pontificalem

1004 649 1173 688 maiorem,
1200 659 1258 692 pro
1279 659 1345 681 uno
1373 647 1667 692 archipresbytero,
1704 646 1760 690 qui

1004 713 1115 735 curam
1145 702 1327 735 animarum
1353 702 1628 746 parochianorum
1659 701 1763 733 cccle-

1004 755 1068 788 siae
1088 756 1196 791 Sancti
1213 755 1344 798 Benigni
1362 756 1394 788 in
1411 755 1629 788 cathedralem
1646 759 1762 787 erectae

1005 809 1190 842 huiusmodi
1211 814 1369 849 exerceat,
1393 815 1421 842 ct
1438 819 1541 842 unum
1564 807 1764 841 archidiaco-

1005 869 1116 895 natum
1137 889 1144 902 ,
1168 873 1226 906 pro
1248 873 1312 895 nno
1342 862 1575 895 archidiacono
1590 889 1597 901 ,
1633 871 1762 894 necnon

1005 916 1179 949 duodecim
1197 912 1418 955 canonicatus,
1431 926 1505 949 cum
1523 915 1654 948 totidem
1672 925 1765 958 prae-

1005 971 1120 1003 bendis
1137 981 1194 1013 per
1213 969 1385 1003 duodecim
1398 969 1574 1009 canonicis,
1587 969 1642 1011 qui
1659 968 1763 1001 eidem

1006 1023 1161 1056 ecclesiae
1182 1023 1214 1056 iu
1239 1023 1353 1056 divinis
1369 1022 1559 1063 deserviant,
1583 1027 1613 1055 et
1632 1021 1765 1054 insimul

1007 1088 1109 1110 unum
1149 1076 1329 1119 capitulum
1364 1075 1579 1115 constituant,
1601 1074 1762 1113 moderni,

1008 1131 1115 1175 quoad
1137 1130 1306 1163 ecclesiam
1340 1129 1448 1163 Sancti
1468 1129 1604 1173 Benigui
1634 1128 1764 1172 praedi-

1009 1190 1105 1224 ctam,
1120 1184 1208 1216 illius
1221 1183 1356 1217 rectoris
1372 1183 1410 1216 ad
1428 1183 1490 1216 hoc
1500 1182 1673 1216 accedente
1687 1192 1765 1214 con-

1009 1248 1131 1278 sensu,
1164 1238 1202 1270 ad
1231 1237 1464 1281 omnipotentis
1497 1235 1552 1269 Dei
1586 1235 1716 1269 laudem
1737 1240 1768 1267 et

1010 1291 1146 1334 gloriam
1173 1302 1210 1324 ac
1230 1291 1301 1323 eius
1321 1289 1572 1333 gloriosissimae
1597 1288 1769 1322 Genitricis

1012 1345 1148 1388 Virginis
1168 1345 1284 1378 Mariae
1304 1344 1467 1387 totiusque
1489 1343 1598 1377 euriae
1624 1342 1769 1376 caelestis

1011 1400 1168 1432 honorem
1187 1404 1218 1431 ct
1241 1398 1316 1431 fidei
1337 1397 1515 1431 catholicae
1532 1396 1768 1435 exaltationem,

1013 1458 1170 1497 perpetuo
1190 1452 1345 1495 erigimus
1365 1457 1393 1485 et
1416 1450 1624 1484 instituimus.

1057 1506 1118 1549 §le
1147 1505 1377 1550 Oppidumque
1397 1504 1600 1550 praedictum
1621 1503 1769 1542 civitatis,

1014 1560 1165 1604 ipsosque
1198 1560 1321 1593 incolas
1350 1559 1488 1597 civium,
1510 1567 1639 1591 necnon
1665 1557 1768 1590 eccle-

1015 1613 1094 1646 siam
1115 1613 1223 1646 Sancti
1243 1611 1590 1656 Bcnignipraedictam
1605 1610 1772 1643 cathedra-

1015 1667 1053 1699 lis
1084 1666 1240 1700 eeclesiae
1261 1667 1406 1707 honore,
1439 1665 1590 1705 nomine,
1618 1664 1713 1697 titulo
1743 1668 1773 1697 et

1016 1720 1163 1763 insigniis
1182 1720 1398 1759 decoramus3
1428 1730 1465 1752 ac
1492 1719 1597 1751 dictae
1617 1717 1774 1751 ecclesiae

1017 1774 1161 1820 Ripanae
1181 1780 1212 1807 et
1231 1773 1318 1807 illius
1343 1783 1473 1806 mensae
1503 1771 1692 1816 episcopali,
1716 1781 1774 1814 pro

1018 1829 1105 1867 dote,
1128 1827 1211 1861 dicta
1231 1827 1296 1860 duo
1318 1826 1403 1871 petia
1422 1831 1584 1860 terrarum
1598 1853 1605 1867 ‚
1625 1831 1661 1859 ut
1680 1835 1775 1869 prae-

1019 1882 1132 1921 fertur,
1155 1880 1433 1924 consignatarum,
1455 1890 1583 1913 necnon
1612 1879 1778 1924 archipre-

1019 1935 1196 1979 sbyteratui
1230 1933 1385 1968 ecclesiae
1410 1933 1555 1977 Ripanae
1588 1931 1776 1966 huiusmodi

1020 2000 1083 2029 res,
1111 1989 1208 2029 hona,
1235 1988 1371 2027 fructus,
1401 1986 1558 2025 redditus,
1592 1991 1777 2029 proventus,

1022 2043 1105 2083 iura,
1129 2041 1339 2076 obventiones
1365 2046 1396 2074 et
1430 2040 1651 2073 emolumenta
1680 2049 1779 2083 quae-

1022 2107 1163 2140 cumque
1196 2094 1351 2128 ecclesiae
1389 2092 1496 2128 Sancti
1524 2092 1658 2136 Benigni
1684 2103 1778 2136 prae-

1023 2151 1105 2183 fatae
1125 2154 1284 2193 perpctuo
1309 2147 1512 2191 applicamus
1532 2151 1562 2179 et
1586 2145 1778 2189 appropria-

1023 2215 1108 2243 mus;
1135 2201 1420 2236 Archidiaconatui
1439 2211 1513 2234 vero
1533 2200 1646 2245 Beatae
1662 2199 1778 2232 Mariae

1024 2256 1292 2290 Annunciationis
1312 2256 1351 2288 de
1375 2254 1503 2297 Agello,
1526 2264 1601 2286 cum
1628 2252 1695 2286 suis
1723 2263 1779 2286 ru-

1024 2311 1158 2350 ralibus,
1185 2314 1216 2343 ct
1236 2309 1291 2342 uni
1312 2315 1342 2342 et
1366 2318 1450 2341 unae
1484 2307 1530 2341 Ss.
1553 2306 1688 2347 Nicolai‚
1713 2306 1780 2339 Ru-

1025 2363 1096 2397 stici
1109 2369 1137 2397 et
1148 2362 1326 2396 Eleutherii
1340 2360 1519 2405 plebaniae,
1533 2370 1570 2394 ac
1581 2359 1643 2393 alia
1657 2364 1688 2393 et
1700 2359 1781 2393 aliae

1026 2418 1135 2452 Sancti
1164 2416 1277 2459 Angeli
1306 2415 1344 2448 de
1369 2415 1467 2455 Colle,
1495 2419 1526 2447 et
1558 2413 1622 2447 alio
1647 2418 1678 2446 et
1700 2412 1782 2446 aliae

1027 2467 1161 2500 Sanctae
1183 2465 1298 2498 Mariae
1323 2464 1361 2497 de
1380 2464 1480 2505 Valle,
1508 2469 1539 2497 et
1563 2463 1626 2496 alio
1647 2468 1678 2496 et
1701 2463 1783 2496 aliae

1028 2515 1076 2553 Ss.
1098 2514 1270 2549 Salvatoris
1289 2518 1319 2546 et
1333 2512 1497 2553 Antonini,
1520 2517 1551 2546 et
1569 2512 1633 2545 alio
1649 2517 1680 2545 et
1701 2511 1784 2544 aliae

1029 2564 1136 2598 Sancti
1162 2565 1304 2597 Thomae
1325 2563 1356 2596 in
1376 2562 1484 2603 Cletis,
1515 2566 1547 2595 et
1565 2562 1627 2595 alio
1653 2566 1684 2595 et
1702 2561 1784 2594 aliae

1031 2614 1138 2647 Sancti
1167 2613 1262 2646 Blasii
1298 2612 1337 2645 de
1368 2612 1488 2652 Platea,
1516 2616 1547 2644 et
1571 2611 1634 2645 alio
1654 2616 1685 2645 et
1704 2610 1785 2644 aliae

1031 2663 1140 2698 Sancti
1155 2662 1319 2707 Hippolyti
1331 2660 1523 2703 etCassiani,
1539 2660 1646 2695 etalio
1659 2666 1691 2694 et
1704 2659 1786 2694 aliae

1769 276 1819 302 An.
1838 275 1867 301 C.
1887 269 1950 301 ttstt

1811 1507 1932 1532 Austgnnio
1945 1511 1970 1528 e,-

1793 1539 1969 1559 molumentorum

1785 1573 1806 1591 ct
1820 1572 1968 1597 proventuum.
