2237 3100
212 235 261 261 Αη.
279 233 308 260 C.
326 233 394 260 1569

323 1000 391 1020 conti-

456 221 519 256 762

700 284 851 317 cxxxiv.

410 367 620 409 Confirmatio
650 370 679 398 ct
705 364 880 398 declaratio
912 363 1158 406 prim'lcqz'orwm

453 425 480 453 et
503 420 687 463 ‘clausarum
723 418 846 461 colleqii
877 418 1070 460 scriptorum
1103 427 1157 450 ar-

452 474 553 507 chivii
573 472 690 506 Curiae
709 471 876 505 Romanae
896 470 922 503 1.

498 558 560 586 Pius
578 557 718 594 episcopus
738 564 833 586 servus
850 563 990 586 servorum
1006 556 1062 590 Dei.

555 612 588 640 ad
606 612 766 648 perpetuam
784 611 827 640 rei
843 611 1011 640 memoriam.

451 687 577 720 Pridem
594 698 652 720 nos
661 687 755 720 anxio
771 687 972 731 sollicitoque
984 686 1091 720 animo
1103 696 1156 720 co-

260 750 393 785 ‹zenam-iio
407 741 553 784 gitantes,
576 746 632 774 etc.
652 740 778 784 collegii
799 741 995 775 erectionem
1016 751 1033 773 a
1058 739 1158 773 felicis

214 784 392 833 iiiii'2⁵ii¹¹¹‡'1if.'t¹.‡0
407 795 639 829 reeordationis
658 796 738 829 Iulio
767 795 853 840 Papa
872 795 910 836 ll,
932 794 1075 828 kalendis
1108 806 1157 828 se-

211 843 393 895 :fritrvltzssa

213 905 287 925 'Arne
302 905 317 925 Χ
333 911 393 932 Pm-
407 913 534 936 necnon
554 904 663 937 onmia
683 909 713 937 et
732 914 958 948 quaecumque
980 902 1156 946 privilegia,

209 940 392 1017 {illillssfffiiss'ss-'Ll
407 957 572 990 facultates
595 985 602 998 ,
634 957 852 1002 exemptiones
870 984 877 997 ,
901 957 1156 1001 praerogativas,

218 1004 281 1019 ovans

209 1031 287 1050 utentis,

406 849 574 893 ptembris,
596 850 803 894 pontific-atus
815 849 960 883 suianno
980 859 1010 889 v,
1029 850 1156 888 saetam,

405 1009 661 1054 dispensationes
679 1038 686 1052 ,
708 1011 825 1054 gratias
844 1016 875 1043 et.
894 1010 1017 1043 indulta
1038 1010 1076 1042 ab
1105 1020 1158 1042 eo-

405 1064 478 1097 dem
499 1064 584 1098 dicta
603 1065 654 1098 die
688 1070 718 1098 et
737 1065 844 1098 idibus
873 1064 1053 1098 decembris
1082 1064 1159 1096 dicti

406 1118 503 1159 anni;
534 1129 663 1152 necnon
681 1129 699 1151 a
720 1119 824 1152 Leone
854 1119 890 1159 X,
923 1118 1025 1162 pridie
1059 1128 1159 1150 nonas

406 1172 560 1213 octobris,
582 1172 789 1216 pontificatus
799 1172 942 1205 suianno
964 1172 1082 1216 primo,
1105 1176 1159 1204 aut

406 1226 469 1259 alio
490 1227 605 1259 veriori
622 1232 778 1270 tempore3
791 1237 918 1259 necnon
938 1226 1076 1259 aliorum
1092 1236 1159 1259 om-

406 1280 496 1313 nium
517 1280 592 1314 inde
607 1291 709 1323 usque
730 1280 950 1314 Romanorum
965 1280 1159 1313 Pontificum

407 1334 614 1368 concessione
635 1335 739 1368 eidem
769 1335 905 1378 collegio
932 1339 962 1368 et
986 1334 1133 1378 personis
1150 1361 1157 1374 ,

407 1388 439 1421 in
459 1399 577 1432 genere
602 1395 630 1422 et
651 1389 684 1422 in
715 1389 823 1433 specie
842 1417 849 1431 ,
872 1395 937 1422 tam
958 1388 1160 1422 coniunctim

407 1453 504 1485 quam
524 1442 661 1483 divisim,
684 1443 777 1483 facta,
805 1448 835 1476 et.
855 1453 953 1487 super
976 1442 1026 1475 his
1054 1442 1159 1475 omni-

407 1496 507 1529 busct
516 1496 650 1539 singulis
663 1497 824 1530 confectas
838 1497 969 1537 litteras,
986 1496 1162 1540 scripturas

409 1555 439 1582 et
458 1549 682 1591 instrumenta,
705 1562 743 1584 ac
763 1551 836 1583 inde
858 1556 967 1583 secuta
986 1561 1161 1593 quaecum-

408 1614 483 1646 que,
496 1615 570 1637 cum
580 1604 810 1649 prohibitionis
822 1604 977 1638 clausulis
989 1603 1162 1637 etdecretis

409 1656 441 1689 in
467 1658 512 1690 eis
533 1658 691 1692 contentis
710 1686 716 1700 ,
748 1669 831 1702 quae
857 1658 966 1692 onmia
986 1663 1017 1691 et
1036 1659 1160 1701 singula

410 1721 512 1754 aeque
532 1717 628 1755 atque
653 1712 692 1745 ad
711 1712 845 1745 verbum
867 1712 1091 1756 praesentibus
1112 1712 1161 1744 in-

411 1770 507 1806 serta,
539 1776 688 1809 expressa
708 1771 738 1799 et
763 1766 900 1810 repetita
921 1766 1090 1806 habemus,
1114 1766 1161 1799 lit-

413 1818 552 1862 terisque
577 1830 675 1863 super
703 1820 925 1863 praesentibus
954 1820 1163 1853 conficiendis

412 1872 445 1905 in
465 1878 568 1906 totum
587 1874 635 1906 vel
655 1874 687 1906 in
709 1880 832 1917 partem
849 1874 997 1918 exprimi,
1015 1879 1161 1918 totosque
1196 1888 1198 1892 ,

412 1931 540 1960 tenores
560 1927 762 1970 singulorum
782 1928 879 1961 inseri
891 1939 983 1971 posse
1000 1929 1160 1968 volumus,

413 1980 508 2013 etiam
529 1980 554 2014 si
574 1981 649 2013 talia
669 1987 699 2014 et
719 1982 819 2014 multa
839 1981 901 2015 sint
927 1993 1010 2026 quae
1032 1981 1161 2025 speciali

413 2034 616 2078 expressione
637 2034 799 2078 indigeant
818 2061 824 2075 ,
851 2042 960 2075 motu,
982 2035 1114 2069 scientia
1134 2041 1160 2068 et

413 2088 785 2132 potestatisplenitudine
794 2088 1162 2129 similibusrenovamus,

413 2142 631 2186 approbamus
643 2148 669 2175 et
692 2142 934 2184 confirmamus,
948 2143 1163 2187 effectumque

415 2196 595 2239 plenarium
617 2201 645 2229 et
662 2195 823 2239 integrum
844 2207 978 2240 prorsus
996 2196 1101 2229 sortiri
1113 2207 1164 2230 vo-

414 2250 534 2291 lumus,
547 2261 583 2283 ac
603 2261 715 2284 omnes
735 2256 765 2284 et
785 2250 928 2293 singulos
948 2250 1028 2283 iuris
1048 2250 1164 2284 ett'acti

416 2303 570 2344 defectus,
592 2304 618 2336 si
637 2304 693 2348 qui
712 2304 943 2337 intervenerint
963 2304 995 2336 in
1020 2304 1140 2337 eisdem
1155 2330 1162 2344 ,

416 2358 615 2399 supplemus.
638 2357 851 2391 Decernentes
876 2357 930 2390 illa
958 2357 1066 2390 omnia
1091 2368 1165 2401 per-

418 2415 551 2451 petuum
572 2416 602 2443 et
622 2410 804 2444 inviolabile
826 2411 926 2444 robur
946 2409 1107 2451 obtiner03
1129 2422 1165 2444 ac

420 2462 546 2496 irritum
571 2468 627 2497 etc.
651 2465 812 2498 attentari.

457 2549 467 2574 1
488 2549 572 2575 Huius
590 2549 690 2584 collegii
714 2551 906 2578 institutionem
931 2549 1042 2585 eiusque
1067 2553 1165 2576 statum

419 2593 481 2620 vide
502 2602 582 2629 supra
607 2594 631 2620 in
649 2594 706 2621 tulii
731 2596 753 2622 lt
771 2595 960 2623 constitutione
977 2593 1056 2628 x‘vui,
1076 2597 1165 2627 Sicut,

421 2641 483 2665 tom.
505 2646 531 2671 v,
549 2646 607 2673 pag,
629 2639 688 2666 45-8.

981 228 1158 252 BULLARIUM
1182 227 1333 251 ROMANUM

1962 222 2012 249 An.
2029 222 2057 249 C.
2078 217 2146 249 ¹569

1244 280 1258 321 ,Q
1278 279 1310 311 Ἰ.
1327 278 1410 317 Quin
1430 277 1526 311 etiarn
1545 277 1578 310 in
1597 282 1792 321 perpetuum
1808 275 1948 320 applica·
1963 314 2017 341 quod
2028 282 2147 340 2⁰33&ss

1200 343 1271 366 mus
1279 337 1309 365 et
1319 331 1567 376 appropriamus
1577 341 1614 363 ac
1624 329 1720 363 etiam
1731 329 1945 369 annectimus,
1962 345 2052 366 unitiva
2060 343 2081 364 c.
2089 343 2148 365 nom.

1199 386 1330 419 unimus
1357 390 1388 419 et
1416 385 1664 429 incorporamus
1697 383 1782 417 dicto
1812 382 1948 426 collegio
1962 375 2150 427 ξᾞζζιῠῑξξζζζζξ,

1199 440 1376 484 scripturas
1402 440 1560 483 praefatas
1588 449 1625 471 ac
1652 437 1761 471 omnia
1789 442 1821 471 et
1847 447 1947 481 quae·
1964 437 2152 489 gssgssssggfflgng

1200 504 1340 537 cumque
1373 493 1445 526 iura
1463 519 1470 533 ,
1492 492 1616 525 fructus
1645 496 1676 524 et
1703 490 1922 524 emolumenta
1939 516 1947 531 ,
1965 499 1998 520 rii.

1200 547 1323 580 ratione
1356 546 1540 580 officiorum
1578 545 1799 578 notariatuum
1836 553 1950 577 eorum

1199 600 1345 634 omnium
1365 600 1511 634 iudicum
1536 598 1776 632 ordinariorum
1803 602 1834 631 et
1861 607 1951 631 com-

1200 653 1423 687 missariorum
1443 653 1557 687 Curiae
1577 657 1608 686 et
1626 652 1722 686 Urbis
1749 651 1782 684 in
1810 650 1953 695 praefata

1200 707 1400 741 institutione
1424 717 1677 752 expressorum,
1712 705 1831 749 quihus
1855 704 1952 738 etiam

1200 766 1327 795 sanctae
1347 762 1509 795 Romanae
1532 761 1694 794 Ecclesiae
1705 759 1885 792 cardinales
1899 759 1953 792 ad-

1200 815 1365 859 iungimus
1379 842 1386 856 ‚
1414 820 1445 849 et
1465 815 1606 855 similes,
1637 814 1733 847 etiam
1753 813 1778 846 si
1798 811 1953 846 ordinarii

1200 869 1360 910 dicantur,
1376 868 1608 913 comprehendi
1629 868 1787 901 volumus.
1805 867 1844 900 Ut
1862 877 1950 907 vero,

1200 923 1232 955 in
1252 923 1401 956 habendo
1421 923 1599 967 proborum
1624 922 1873 966 peritorumque
1891 930 1951 953 no-

1200 977 1357 1010 tariorum
1378 977 1527 1017 delectu,
1555 977 1670 1010 melior
1695 975 1847 1019 deinceps
1871 974 1952 1017 ratio

1201 1032 1359 1075 capiatur,
1387 1030 1559 1064 statuimus
1578 1035 1614 1064 ut
1633 1030 1780 1073 posthac,
1801 1029 1835 1061 in
1850 1027 1952 1062 omni-

1199 1085 1261 1118 bus
1280 1090 1310 1118 et.
1329 1085 1589 1128 quilmscumque
1601 1083 1707 1117 causis
1727 1093 1837 1117 coram
1857 1092 1952 1126 prae-

1200 1139 1271 1173 fatis
1290 1139 1470 1180 iudicibus,
1492 1139 1587 1172 etiam
1608 1137 1826 1171 cardinalibus
1843 1163 1850 1177 ‚
1873 1146 1967 1180 quos

1201 1193 1441 1237 modocumque
1461 1192 1619 1226 habendis
1638 1197 1669 1225 et
1687 1190 1846 1235 agitandis
1861 1216 1868 1231 ,
1885 1189 1952 1223 col-

1202 1246 1321 1290 legium
1346 1247 1453 1291 ipsum
1478 1245 1621 1280 notarios
1654 1245 1787 1278 idoneos
1804 1270 1812 1285 ,
1838 1243 1894 1288 qui
1919 1242 1952 1275 in

1202 1301 1361 1334 eiusmodi
1381 1300 1486 1334 causis
1506 1299 1659 1341 scribant,
1688 1298 1885 1333 constituere
1901 1297 1955 1330 de-

1201 1355 1285 1388 beat.
1307 1355 1459 1399 Nullique
1479 1354 1611 1388 omnino
1631 1354 1777 1398 ipsorum
1797 1351 1953 1392 iudicum,

1202 1409 1297 1443 etiam
1318 1409 1530 1443 cardinalium
1544 1436 1551 1450 ,
1575 1409 1654 1442 alios
1673 1407 1815 1441 notarios
1827 1433 1835 1448 ,
1857 1405 1954 1440 etiam

1202 1464 1277 1497 dicti
1298 1463 1429 1497 archivii
1446 1463 1632 1507 scriptores,
1655 1462 1688 1495 in
1704 1461 1810 1495 causis
1838 1460 1954 1494 huius-

1204 1518 1289 1552 modi
1309 1529 1368 1562 pro
1388 1517 1521 1551 arbitrio
1542 1516 1739 1550 constituere
1749 1514 1885 1560 possint,
1899 1513 1954 1547 sed

1203 1584 1257 1606 eos
1292 1572 1458 1605 dumtaxat
1485 1581 1650 1605 assumere
1678 1574 1849 1604 teneantur
1874 1577 1956 1612 quos

1204 1627 1375 1669 collegium
1409 1626 1589 1670 praefatum
1610 1635 1668 1658 suo
1693 1635 1730 1657 ex
1748 1622 1895 1667 gremio,
1921 1621 1955 1654 in

1203 1691 1319 1723 genere
1348 1680 1395 1713 vel
1421 1680 1453 1712 in
1478 1678 1584 1723 specie
1617 1677 1744 1711 duxerit
1776 1676 1952 1720 eligendos.

1203 1735 1417 1768 Decernentes
1443 1733 1522 1766 alias
1548 1741 1772 1776 quase-umque
1797 1729 1954 1763 constitu-

1204 1788 1318 1828 tiones,
1342 1787 1561 1821 ordinationes
1589 1791 1620 1819 et
1643 1784 1881 1829 assumptiones
1899 1780 1958 1817 rio-

1204 1841 1372 1882 tarioruin‚
1395 1841 1489 1875 etiam
1510 1841 1549 1874 de
1569 1839 1645 1873 dicti
1674 1838 1799 1881 collegii
1819 1837 1956 1882 scripto-

1205 1895 1305 1935 ribus,
1318 1895 1380 1928 sive
1393 1895 1425 1927 in
1436 1905 1552 1937 genere
1569 1893 1677 1927 sivein
1688 1892 1807 1937 specie,
1821 1896 1887 1924 tam
1898 1901 1958 1936 per

1206 1949 1347 1990 iudices,
1379 1949 1475 1981 etiam
1502 1948 1704 1989 cardinales,
1732 1956 1830 1990 quam
1859 1944 1956 1978 etiam

1205 2002 1319 2035 Sedent
1348 2001 1565 2045 Apostolicam
1583 2027 1591 2040 ,
1627 2012 1664 2034 ex
1692 2000 1956 2044 quibuscumque

1206 2056 1335 2096 causis,
1363 2056 1457 2089 etiam
1487 2061 1576 2088 motu
1605 2053 1704 2087 simili
1737 2058 1768 2086 et
1793 2052 1956 2097 potestatis

1207 2110 1407 2154 plenitudine
1427 2109 1585 2142 similibus
1599 2136 1606 2149 ‚
1629 2118 1757 2141 necnon
1785 2117 1956 2151 processus

1206 2170 1236 2197 et
1255 2163 1318 2196 alia
1338 2173 1576 2206 quaecumque,
1596 2172 1705 2196 coram
1731 2161 1850 2195 eisdem
1875 2160 1957 2194 iudi-

1207 2217 1310 2257 cibus,
1332 2217 1427 2249 etiam
1448 2216 1680 2256 cardinalibus,
1695 2215 1789 2248 aliter
1798 2214 1955 2255 facienda,

1208 2271 1296 2304 irrita
1316 2276 1347 2303 et
1366 2270 1474 2303 inania
1494 2281 1574 2310 esse,
1596 2269 1782 2312 viribusque
1798 2273 1829 2301 et
1839 2267 1955 2301 effectu

1207 2335 1317 2357 carere
1333 2351 1340 2365 ,
1362 2323 1569 2367 notariosque
1598 2328 1764 2366 tamquam
1793 2321 1863 2354 falsi
1884 2331 1956 2354 reos

1207 2377 1316 2422 puniri
1335 2378 1464 2411 debere.
1487 2377 1648 2417 Ceterum,
1671 2375 1843 2419 collegium
1862 2384 1956 2419 prae-

1207 2432 1307 2464 t'atum
1327 2430 1467 2464 rationes
1486 2437 1516 2464 et
1535 2441 1629 2464 curas
1644 2439 1757 2463 ornnes
1769 2427 1956 2461 huiusmodi

1155 2522 1158 2527 Ι
1209 2492 1432 2525 processuum,
1455 2481 1689 2524 scripturarum
1710 2483 1741 2512 et
1759 2478 1956 2512 instrumen-

1208 2535 1326 2571 torum,
1338 2530 1434 2565 etiam
1445 2529 1704 2574 praeteritorum,
1714 2527 1957 2571 omnitempore

1208 2580 1335 2619 habeam
1346 2579 1453 2612 onmia
1463 2585 1494 2612 et
1502 2588 1717 2623 qiuecumque
1728 2576 1957 2616 emolumenta,

1209 2629 1371 2663 ordinaria
1392 2634 1423 2662 et
1439 2628 1703 2668 extraordinaria,
1725 2627 1800 2660 inde
1820 2635 1957 2669 quomo-
