<?xml version="1.0" encoding="UTF-8"?>
<!DOCTYPE html PUBLIC "-//W3C//DTD XHTML 1.0 Transitional//EN"
    "http://www.w3.org/TR/xhtml1/DTD/xhtml1-transitional.dtd">
<html xmlns="http://www.w3.org/1999/xhtml" xml:lang="en" lang="en">
 <head>
  <title>
</title>
<meta http-equiv="Content-Type" content="text/html;charset=utf-8" />
  <meta name='ocr-system' content='tesseract 3.04.00' />
  <meta name='ocr-capabilities' content='ocr_page ocr_carea ocr_par ocr_line ocrx_word'/>
</head>
<body>
  <div class='ocr_page' id='page_1' title='image "./bullarumdiplomat07cath_0896.png"; bbox 0 0 2237 3100; ppageno 0'>
   <div class='ocr_carea' id='block_1_1' title="bbox 237 205 425 240">
    <p class='ocr_par' dir='ltr' id='par_1_1' title="bbox 237 205 425 240">
     <span class='ocr_line' id='line_1_1' title="bbox 237 205 425 240; baseline -0.027 0"><span class='ocrx_word' id='word_1_1' title='bbox 237 210 287 240; x_wconf 74' lang='lat' dir='ltr'>An.</span> <span class='ocrx_word' id='word_1_2' title='bbox 304 205 335 237; x_wconf 89' lang='lat' dir='ltr'>C.</span> <span class='ocrx_word' id='word_1_3' title='bbox 354 205 425 239; x_wconf 67' lang='lat'>¹5⁷0</span> 
     </span>
    </p>
   </div>
   <div class='ocr_carea' id='block_1_2' title="bbox 239 1827 426 1919">
    <p class='ocr_par' dir='ltr' id='par_1_2' title="bbox 239 1827 426 1919">
     <span class='ocr_line' id='line_1_2' title="bbox 271 1827 426 1856; baseline 0.006 -7"><span class='ocrx_word' id='word_1_4' title='bbox 271 1827 396 1856; x_wconf 56' lang='lat' dir='ltr'>Poenaque</span> <span class='ocrx_word' id='word_1_5' title='bbox 405 1834 426 1849; x_wconf 71' lang='lat' dir='ltr'>a·</span> 
     </span>
     <span class='ocr_line' id='line_1_3' title="bbox 239 1860 426 1888; baseline 0 -7"><span class='ocrx_word' id='word_1_6' title='bbox 239 1860 304 1888; x_wconf 83' lang='lat' dir='ltr'>liquid</span> <span class='ocrx_word' id='word_1_7' title='bbox 319 1861 426 1888; x_wconf 73' lang='lat' dir='ltr'>reeipien-</span> 
     </span>
     <span class='ocr_line' id='line_1_4' title="bbox 239 1892 407 1919; baseline 0.006 -7"><span class='ocrx_word' id='word_1_8' title='bbox 239 1892 294 1912; x_wconf 76' lang='lat' dir='ltr'>tibus</span> <span class='ocrx_word' id='word_1_9' title='bbox 311 1893 407 1919; x_wconf 77' lang='lat' dir='ltr'>tmponit.</span> 
     </span>
    </p>
   </div>
   <div class='ocr_carea' id='block_1_3' title="bbox 484 195 548 231">
    <p class='ocr_par' dir='ltr' id='par_1_3' title="bbox 484 195 548 231">
     <span class='ocr_line' id='line_1_5' title="bbox 484 195 548 231; baseline -0.016 0"><span class='ocrx_word' id='word_1_10' title='bbox 484 195 548 231; x_wconf 68' lang='lat'>828</span> 
     </span>
    </p>
   </div>
   <div class='ocr_carea' id='block_1_4' title="bbox 436 257 1194 2651">
    <p class='ocr_par' dir='ltr' id='par_1_4' title="bbox 436 257 1194 1743">
     <span class='ocr_line' id='line_1_6' title="bbox 437 257 1193 304; baseline -0.004 -11"><span class='ocrx_word' id='word_1_11' title='bbox 437 259 647 304; x_wconf 80' lang='lat' dir='ltr'>praebendis,</span> <span class='ocrx_word' id='word_1_12' title='bbox 688 257 890 303; x_wconf 73' lang='lat' dir='ltr'>portionibus</span> <span class='ocrx_word' id='word_1_13' title='bbox 905 283 916 297; x_wconf 88' lang='lat'><em>‚</em></span> <span class='ocrx_word' id='word_1_14' title='bbox 954 257 1121 291; x_wconf 87' lang='lat' dir='ltr'>beneficiis</span> <span class='ocrx_word' id='word_1_15' title='bbox 1163 262 1193 290; x_wconf 88' lang='lat' dir='ltr'>et</span> 
     </span>
     <span class='ocr_line' id='line_1_7' title="bbox 437 310 1192 354; baseline -0.004 -8"><span class='ocrx_word' id='word_1_16' title='bbox 437 313 565 353; x_wconf 81' lang='lat' dir='ltr'>officiis,</span> <span class='ocrx_word' id='word_1_17' title='bbox 587 313 710 345; x_wconf 85' lang='lat' dir='ltr'>fructus</span> <span class='ocrx_word' id='word_1_18' title='bbox 735 323 771 345; x_wconf 87' lang='lat' dir='ltr'>ac</span> <span class='ocrx_word' id='word_1_19' title='bbox 792 311 887 344; x_wconf 88' lang='lat' dir='ltr'>etiam</span> <span class='ocrx_word' id='word_1_20' title='bbox 904 310 1110 354; x_wconf 75' lang='lat' dir='ltr'>quotidianae</span> <span class='ocrx_word' id='word_1_21' title='bbox 1127 310 1192 343; x_wconf 88' lang='lat' dir='ltr'>dis-</span> 
     </span>
     <span class='ocr_line' id='line_1_8' title="bbox 437 364 1191 408; baseline -0.001 -9"><span class='ocrx_word' id='word_1_22' title='bbox 437 366 639 406; x_wconf 77' lang='lat' dir='ltr'>tributiones,</span> <span class='ocrx_word' id='word_1_23' title='bbox 667 376 705 398; x_wconf 79' lang='lat' dir='ltr'>ex</span> <span class='ocrx_word' id='word_1_24' title='bbox 729 365 775 397; x_wconf 82' lang='lat' dir='ltr'>cis</span> <span class='ocrx_word' id='word_1_25' title='bbox 795 364 900 408; x_wconf 86' lang='lat' dir='ltr'>primo</span> <span class='ocrx_word' id='word_1_26' title='bbox 931 364 970 396; x_wconf 90' lang='lat' dir='ltr'>ab</span> <span class='ocrx_word' id='word_1_27' title='bbox 1005 364 1074 408; x_wconf 87' lang='lat' dir='ltr'>ipsa</span> <span class='ocrx_word' id='word_1_28' title='bbox 1098 375 1191 398; x_wconf 83' lang='lat' dir='ltr'>vaca-</span> 
     </span>
     <span class='ocr_line' id='line_1_9' title="bbox 437 417 1191 460; baseline -0.003 -7"><span class='ocrx_word' id='word_1_29' title='bbox 437 420 524 454; x_wconf 88' lang='lat' dir='ltr'>tione</span> <span class='ocrx_word' id='word_1_30' title='bbox 545 430 628 452; x_wconf 93' lang='lat' dir='ltr'>anno</span> <span class='ocrx_word' id='word_1_31' title='bbox 665 424 720 451; x_wconf 83' lang='lat' dir='ltr'>aut</span> <span class='ocrx_word' id='word_1_32' title='bbox 754 417 899 460; x_wconf 76' lang='lat' dir='ltr'>longiore</span> <span class='ocrx_word' id='word_1_33' title='bbox 918 418 967 450; x_wconf 82' lang='lat' dir='ltr'>vel</span> <span class='ocrx_word' id='word_1_34' title='bbox 988 417 1082 450; x_wconf 89' lang='lat' dir='ltr'>etiam</span> <span class='ocrx_word' id='word_1_35' title='bbox 1117 418 1191 451; x_wconf 88' lang='lat' dir='ltr'>bre-</span> 
     </span>
     <span class='ocr_line' id='line_1_10' title="bbox 437 471 1192 515; baseline -0.003 -8"><span class='ocrx_word' id='word_1_36' title='bbox 437 474 524 507; x_wconf 77' lang='lat' dir='ltr'>viore</span> <span class='ocrx_word' id='word_1_37' title='bbox 546 479 690 515; x_wconf 86' lang='lat' dir='ltr'>tempore</span> <span class='ocrx_word' id='word_1_38' title='bbox 711 471 910 515; x_wconf 73' lang='lat' dir='ltr'>proventuri,</span> <span class='ocrx_word' id='word_1_39' title='bbox 925 482 1054 505; x_wconf 79' lang='lat' dir='ltr'>mensae</span> <span class='ocrx_word' id='word_1_40' title='bbox 1068 473 1192 515; x_wconf 88' lang='lat' dir='ltr'>episco-</span> 
     </span>
     <span class='ocr_line' id='line_1_11' title="bbox 438 525 1192 571; baseline 0 -12"><span class='ocrx_word' id='word_1_41' title='bbox 438 527 502 571; x_wconf 90' lang='lat' dir='ltr'>pali</span> <span class='ocrx_word' id='word_1_42' title='bbox 523 537 579 559; x_wconf 89' lang='lat' dir='ltr'>seu</span> <span class='ocrx_word' id='word_1_43' title='bbox 600 525 769 569; x_wconf 88' lang='lat' dir='ltr'>capitulari</span> <span class='ocrx_word' id='word_1_44' title='bbox 790 525 891 558; x_wconf 75' lang='lat' dir='ltr'>aliove</span> <span class='ocrx_word' id='word_1_45' title='bbox 912 526 983 559; x_wconf 92' lang='grc'>1000</span> <span class='ocrx_word' id='word_1_46' title='bbox 1004 525 1128 569; x_wconf 73' lang='lat' dir='ltr'>integre</span> <span class='ocrx_word' id='word_1_47' title='bbox 1144 527 1192 559; x_wconf 85' lang='lat' dir='ltr'>vel</span> 
     </span>
     <span class='ocr_line' id='line_1_12' title="bbox 437 580 1193 624; baseline -0.004 -11"><span class='ocrx_word' id='word_1_48' title='bbox 437 580 554 624; x_wconf 89' lang='lat' dir='ltr'>partim</span> <span class='ocrx_word' id='word_1_49' title='bbox 580 584 768 612; x_wconf 75' lang='lat' dir='ltr'>remaneant</span> <span class='ocrx_word' id='word_1_50' title='bbox 792 590 848 612; x_wconf 84' lang='lat' dir='ltr'>seu</span> <span class='ocrx_word' id='word_1_51' title='bbox 882 580 1106 623; x_wconf 81' lang='lat' dir='ltr'>applicentur,</span> <span class='ocrx_word' id='word_1_52' title='bbox 1138 586 1193 614; x_wconf 86' lang='lat' dir='ltr'>aut</span> 
     </span>
     <span class='ocr_line' id='line_1_13' title="bbox 438 633 1193 673; baseline 0.003 -8"><span class='ocrx_word' id='word_1_53' title='bbox 438 633 469 665; x_wconf 92' lang='lat' dir='ltr'>in</span> <span class='ocrx_word' id='word_1_54' title='bbox 496 643 686 666; x_wconf 89' lang='lat' dir='ltr'>communes</span> <span class='ocrx_word' id='word_1_55' title='bbox 701 643 779 665; x_wconf 90' lang='lat' dir='ltr'>usus</span> <span class='ocrx_word' id='word_1_56' title='bbox 791 633 919 673; x_wconf 80' lang='lat' dir='ltr'>cedant,</span> <span class='ocrx_word' id='word_1_57' title='bbox 941 644 997 666; x_wconf 89' lang='lat' dir='ltr'>seu</span> <span class='ocrx_word' id='word_1_58' title='bbox 1019 633 1102 667; x_wconf 90' lang='lat' dir='ltr'>inter</span> <span class='ocrx_word' id='word_1_59' title='bbox 1113 634 1193 667; x_wconf 89' lang='lat' dir='ltr'>alios</span> 
     </span>
     <span class='ocr_line' id='line_1_14' title="bbox 438 685 1192 731; baseline 0 -11"><span class='ocrx_word' id='word_1_60' title='bbox 438 685 612 720; x_wconf 87' lang='lat' dir='ltr'>canonicos</span> <span class='ocrx_word' id='word_1_61' title='bbox 631 691 661 719; x_wconf 90' lang='lat' dir='ltr'>et</span> <span class='ocrx_word' id='word_1_62' title='bbox 686 697 840 730; x_wconf 78' lang='lat' dir='ltr'>personas</span> <span class='ocrx_word' id='word_1_63' title='bbox 861 687 1015 720; x_wconf 88' lang='lat' dir='ltr'>ccclesiae</span> <span class='ocrx_word' id='word_1_64' title='bbox 1036 698 1092 720; x_wconf 91' lang='lat' dir='ltr'>seu</span> <span class='ocrx_word' id='word_1_65' title='bbox 1106 688 1192 731; x_wconf 87' lang='lat' dir='ltr'>capi-</span> 
     </span>
     <span class='ocr_line' id='line_1_15' title="bbox 437 739 1192 784; baseline 0.001 -11"><span class='ocrx_word' id='word_1_66' title='bbox 437 739 496 773; x_wconf 87' lang='lat' dir='ltr'>tuli</span> <span class='ocrx_word' id='word_1_67' title='bbox 521 739 714 772; x_wconf 77' lang='lat' dir='ltr'>dividantur.</span> <span class='ocrx_word' id='word_1_68' title='bbox 742 740 899 784; x_wconf 82' lang='lat' dir='ltr'>Quodque</span> <span class='ocrx_word' id='word_1_69' title='bbox 938 741 1067 781; x_wconf 86' lang='lat' dir='ltr'>nullus,</span> <span class='ocrx_word' id='word_1_70' title='bbox 1096 742 1192 775; x_wconf 86' lang='lat' dir='ltr'>etiam</span> 
     </span>
     <span class='ocr_line' id='line_1_16' title="bbox 437 793 1192 838; baseline 0.005 -12"><span class='ocrx_word' id='word_1_71' title='bbox 437 793 615 838; x_wconf 86' lang='lat' dir='ltr'>apostolica</span> <span class='ocrx_word' id='word_1_72' title='bbox 635 794 825 827; x_wconf 86' lang='lat' dir='ltr'>auctoritate</span> <span class='ocrx_word' id='word_1_73' title='bbox 858 794 1018 838; x_wconf 83' lang='lat' dir='ltr'>provisus,</span> <span class='ocrx_word' id='word_1_74' title='bbox 1041 795 1073 828; x_wconf 90' lang='lat' dir='ltr'>in</span> <span class='ocrx_word' id='word_1_75' title='bbox 1094 807 1192 830; x_wconf 91' lang='lat' dir='ltr'>cano-</span> 
     </span>
     <span class='ocr_line' id='line_1_17' title="bbox 437 847 1194 894; baseline 0.003 -13"><span class='ocrx_word' id='word_1_76' title='bbox 437 847 546 881; x_wconf 88' lang='lat' dir='ltr'>nicum</span> <span class='ocrx_word' id='word_1_77' title='bbox 573 848 686 891; x_wconf 77' lang='lat' dir='ltr'>recipi,</span> <span class='ocrx_word' id='word_1_78' title='bbox 701 854 752 881; x_wconf 88' lang='lat' dir='ltr'>aut</span> <span class='ocrx_word' id='word_1_79' title='bbox 771 849 810 881; x_wconf 89' lang='lat' dir='ltr'>ad</span> <span class='ocrx_word' id='word_1_80' title='bbox 831 848 1018 891; x_wconf 77' lang='lat' dir='ltr'>dignitatem</span> <span class='ocrx_word' id='word_1_81' title='bbox 1049 861 1106 883; x_wconf 88' lang='lat' dir='ltr'>seu</span> <span class='ocrx_word' id='word_1_82' title='bbox 1120 862 1194 894; x_wconf 88' lang='lat' dir='ltr'>por-</span> 
     </span>
     <span class='ocr_line' id='line_1_18' title="bbox 436 901 1189 945; baseline 0.004 -11"><span class='ocrx_word' id='word_1_83' title='bbox 436 901 571 942; x_wconf 85' lang='lat' dir='ltr'>tionem,</span> <span class='ocrx_word' id='word_1_84' title='bbox 598 901 794 935; x_wconf 84' lang='lat' dir='ltr'>beneficium</span> <span class='ocrx_word' id='word_1_85' title='bbox 819 903 866 935; x_wconf 79' lang='lat' dir='ltr'>vel</span> <span class='ocrx_word' id='word_1_86' title='bbox 888 902 1031 936; x_wconf 82' lang='lat' dir='ltr'>officium</span> <span class='ocrx_word' id='word_1_87' title='bbox 1052 904 1189 945; x_wconf 79' lang='lat' dir='ltr'>admitti,</span> 
     </span>
     <span class='ocr_line' id='line_1_19' title="bbox 436 955 1192 999; baseline 0.004 -12"><span class='ocrx_word' id='word_1_88' title='bbox 436 955 486 988; x_wconf 87' lang='lat' dir='ltr'>vel</span> <span class='ocrx_word' id='word_1_89' title='bbox 523 955 601 988; x_wconf 89' lang='lat' dir='ltr'>alias</span> <span class='ocrx_word' id='word_1_90' title='bbox 639 955 672 988; x_wconf 89' lang='lat' dir='ltr'>in</span> <span class='ocrx_word' id='word_1_91' title='bbox 710 955 779 989; x_wconf 89' lang='lat' dir='ltr'>eius</span> <span class='ocrx_word' id='word_1_92' title='bbox 822 956 1057 999; x_wconf 89' lang='lat' dir='ltr'>possessiouem</span> <span class='ocrx_word' id='word_1_93' title='bbox 1082 957 1192 991; x_wconf 90' lang='lat' dir='ltr'>induci</span> 
     </span>
     <span class='ocr_line' id='line_1_20' title="bbox 437 1009 1191 1053; baseline 0.007 -13"><span class='ocrx_word' id='word_1_94' title='bbox 437 1009 550 1053; x_wconf 89' lang='lat' dir='ltr'>possit,</span> <span class='ocrx_word' id='word_1_95' title='bbox 583 1009 644 1042; x_wconf 83' lang='lat' dir='ltr'>nisi</span> <span class='ocrx_word' id='word_1_96' title='bbox 678 1009 770 1053; x_wconf 89' lang='lat' dir='ltr'>prius</span> <span class='ocrx_word' id='word_1_97' title='bbox 795 1010 833 1043; x_wconf 86' lang='lat' dir='ltr'>de</span> <span class='ocrx_word' id='word_1_98' title='bbox 854 1011 1061 1044; x_wconf 75' lang='lat' dir='ltr'>observandis</span> <span class='ocrx_word' id='word_1_99' title='bbox 1080 1011 1191 1045; x_wconf 86' lang='lat' dir='ltr'>huius—</span> 
     </span>
     <span class='ocr_line' id='line_1_21' title="bbox 438 1062 1191 1106; baseline 0.007 -12"><span class='ocrx_word' id='word_1_100' title='bbox 438 1062 526 1095; x_wconf 91' lang='lat' dir='ltr'>modi</span> <span class='ocrx_word' id='word_1_101' title='bbox 546 1063 731 1106; x_wconf 75' lang='lat' dir='ltr'>privilegiis,</span> <span class='ocrx_word' id='word_1_102' title='bbox 762 1065 1053 1098; x_wconf 79' lang='lat' dir='ltr'>consuetudinilms</span> <span class='ocrx_word' id='word_1_103' title='bbox 1074 1071 1103 1098; x_wconf 88' lang='lat' dir='ltr'>et</span> <span class='ocrx_word' id='word_1_104' title='bbox 1129 1071 1191 1099; x_wconf 82' lang='lat' dir='ltr'>sta-</span> 
     </span>
     <span class='ocr_line' id='line_1_22' title="bbox 438 1115 1192 1162; baseline 0.007 -14"><span class='ocrx_word' id='word_1_105' title='bbox 438 1117 515 1149; x_wconf 88' lang='lat' dir='ltr'>tutis</span> <span class='ocrx_word' id='word_1_106' title='bbox 531 1115 749 1150; x_wconf 87' lang='lat' dir='ltr'>iuramentum</span> <span class='ocrx_word' id='word_1_107' title='bbox 771 1118 979 1162; x_wconf 84' lang='lat' dir='ltr'>praestiterit,</span> <span class='ocrx_word' id='word_1_108' title='bbox 997 1124 1027 1151; x_wconf 85' lang='lat' dir='ltr'>et</span> <span class='ocrx_word' id='word_1_109' title='bbox 1043 1120 1192 1153; x_wconf 78' lang='lat' dir='ltr'>obtentae</span> 
     </span>
     <span class='ocr_line' id='line_1_23' title="bbox 436 1169 1191 1214; baseline 0.007 -12"><span class='ocrx_word' id='word_1_110' title='bbox 436 1169 568 1202; x_wconf 89' lang='lat' dir='ltr'>illorum</span> <span class='ocrx_word' id='word_1_111' title='bbox 589 1170 789 1214; x_wconf 73' lang='lat' dir='ltr'>derogationi</span> <span class='ocrx_word' id='word_1_112' title='bbox 815 1182 852 1204; x_wconf 88' lang='lat' dir='ltr'>ac</span> <span class='ocrx_word' id='word_1_113' title='bbox 886 1173 1051 1205; x_wconf 78' lang='lat' dir='ltr'>fructuum</span> <span class='ocrx_word' id='word_1_114' title='bbox 1073 1180 1103 1207; x_wconf 84' lang='lat' dir='ltr'>ct</span> <span class='ocrx_word' id='word_1_115' title='bbox 1127 1175 1191 1207; x_wconf 86' lang='lat' dir='ltr'>dis-</span> 
     </span>
     <span class='ocr_line' id='line_1_24' title="bbox 437 1223 1190 1270; baseline 0.008 -14"><span class='ocrx_word' id='word_1_116' title='bbox 437 1223 651 1257; x_wconf 89' lang='lat' dir='ltr'>tributionum</span> <span class='ocrx_word' id='word_1_117' title='bbox 695 1226 897 1270; x_wconf 79' lang='lat' dir='ltr'>perceptioni</span> <span class='ocrx_word' id='word_1_118' title='bbox 940 1228 1190 1269; x_wconf 74' lang='lat' dir='ltr'>renunciaverit,</span> 
     </span>
     <span class='ocr_line' id='line_1_25' title="bbox 437 1278 1191 1324; baseline 0.008 -14"><span class='ocrx_word' id='word_1_119' title='bbox 437 1288 494 1311; x_wconf 88' lang='lat' dir='ltr'>seu</span> <span class='ocrx_word' id='word_1_120' title='bbox 519 1278 661 1321; x_wconf 86' lang='lat' dir='ltr'>capitulo</span> <span class='ocrx_word' id='word_1_121' title='bbox 687 1284 717 1312; x_wconf 87' lang='lat' dir='ltr'>et</span> <span class='ocrx_word' id='word_1_122' title='bbox 742 1279 888 1323; x_wconf 86' lang='lat' dir='ltr'>personis</span> <span class='ocrx_word' id='word_1_123' title='bbox 918 1281 1091 1324; x_wconf 81' lang='lat' dir='ltr'>praedictis</span> <span class='ocrx_word' id='word_1_124' title='bbox 1122 1294 1191 1316; x_wconf 84' lang='lat' dir='ltr'>ces-</span> 
     </span>
     <span class='ocr_line' id='line_1_26' title="bbox 437 1331 1191 1380; baseline 0.008 -16"><span class='ocrx_word' id='word_1_125' title='bbox 437 1331 526 1372; x_wconf 87' lang='lat' dir='ltr'>serit,</span> <span class='ocrx_word' id='word_1_126' title='bbox 545 1343 601 1365; x_wconf 88' lang='lat' dir='ltr'>seu</span> <span class='ocrx_word' id='word_1_127' title='bbox 616 1333 665 1376; x_wconf 87' lang='lat' dir='ltr'>(ut</span> <span class='ocrx_word' id='word_1_128' title='bbox 679 1334 857 1377; x_wconf 87' lang='lat' dir='ltr'>appellant)</span> <span class='ocrx_word' id='word_1_129' title='bbox 873 1334 1030 1368; x_wconf 82' lang='lat' dir='ltr'>dulciaria</span> <span class='ocrx_word' id='word_1_130' title='bbox 1046 1341 1099 1369; x_wconf 84' lang='lat' dir='ltr'>aut</span> <span class='ocrx_word' id='word_1_131' title='bbox 1115 1337 1191 1380; x_wconf 86' lang='lat' dir='ltr'>quid</span> 
     </span>
     <span class='ocr_line' id='line_1_27' title="bbox 439 1385 1192 1431; baseline 0.008 -13"><span class='ocrx_word' id='word_1_132' title='bbox 439 1385 528 1419; x_wconf 91' lang='lat' dir='ltr'>aliud</span> <span class='ocrx_word' id='word_1_133' title='bbox 547 1387 755 1430; x_wconf 71' lang='lat' dir='ltr'>praestiterit,</span> <span class='ocrx_word' id='word_1_134' title='bbox 773 1399 914 1431; x_wconf 89' lang='lat' dir='ltr'>quorum</span> <span class='ocrx_word' id='word_1_135' title='bbox 936 1389 1082 1423; x_wconf 88' lang='lat' dir='ltr'>omnium</span> <span class='ocrx_word' id='word_1_136' title='bbox 1105 1396 1192 1425; x_wconf 75' lang='lat' dir='ltr'>teno-</span> 
     </span>
     <span class='ocr_line' id='line_1_28' title="bbox 438 1441 1191 1488; baseline 0.008 -16"><span class='ocrx_word' id='word_1_137' title='bbox 438 1450 501 1480; x_wconf 88' lang='lat' dir='ltr'>res,</span> <span class='ocrx_word' id='word_1_138' title='bbox 524 1450 637 1473; x_wconf 85' lang='lat' dir='ltr'>causas</span> <span class='ocrx_word' id='word_1_139' title='bbox 653 1446 683 1474; x_wconf 87' lang='lat' dir='ltr'>ct</span> <span class='ocrx_word' id='word_1_140' title='bbox 708 1441 841 1475; x_wconf 81' lang='lat' dir='ltr'>effectus</span> <span class='ocrx_word' id='word_1_141' title='bbox 861 1443 1019 1476; x_wconf 85' lang='lat' dir='ltr'>babemus</span> <span class='ocrx_word' id='word_1_142' title='bbox 1039 1455 1191 1488; x_wconf 84' lang='lat' dir='ltr'>praesen-</span> 
     </span>
     <span class='ocr_line' id='line_1_29' title="bbox 438 1493 1193 1541; baseline 0.009 -16"><span class='ocrx_word' id='word_1_143' title='bbox 438 1493 524 1527; x_wconf 90' lang='lat' dir='ltr'>tibus</span> <span class='ocrx_word' id='word_1_144' title='bbox 557 1505 616 1538; x_wconf 88' lang='lat' dir='ltr'>pro</span> <span class='ocrx_word' id='word_1_145' title='bbox 651 1495 827 1539; x_wconf 81' lang='lat' dir='ltr'>expressis,</span> <span class='ocrx_word' id='word_1_146' title='bbox 850 1497 1113 1541; x_wconf 87' lang='lat' dir='ltr'>quibuscumque</span> <span class='ocrx_word' id='word_1_147' title='bbox 1138 1499 1193 1532; x_wconf 84' lang='lat' dir='ltr'>illa</span> 
     </span>
     <span class='ocr_line' id='line_1_30' title="bbox 439 1548 1192 1592; baseline 0.009 -13"><span class='ocrx_word' id='word_1_148' title='bbox 439 1552 597 1592; x_wconf 89' lang='lat' dir='ltr'>concepta</span> <span class='ocrx_word' id='word_1_149' title='bbox 607 1548 666 1581; x_wconf 88' lang='lat' dir='ltr'>sint</span> <span class='ocrx_word' id='word_1_150' title='bbox 682 1549 841 1591; x_wconf 84' lang='lat' dir='ltr'>formulis,</span> <span class='ocrx_word' id='word_1_151' title='bbox 853 1561 981 1584; x_wconf 81' lang='lat' dir='ltr'>necnon</span> <span class='ocrx_word' id='word_1_152' title='bbox 991 1551 1192 1586; x_wconf 86' lang='lat' dir='ltr'>irritantibus</span> 
     </span>
     <span class='ocr_line' id='line_1_31' title="bbox 438 1600 1192 1641; baseline 0.011 -8"><span class='ocrx_word' id='word_1_153' title='bbox 438 1605 469 1634; x_wconf 88' lang='lat' dir='ltr'>et</span> <span class='ocrx_word' id='word_1_154' title='bbox 498 1600 568 1634; x_wconf 85' lang='lat' dir='ltr'>aliis</span> <span class='ocrx_word' id='word_1_155' title='bbox 602 1602 738 1635; x_wconf 87' lang='lat' dir='ltr'>decretis</span> <span class='ocrx_word' id='word_1_156' title='bbox 772 1604 932 1637; x_wconf 87' lang='lat' dir='ltr'>roborata.</span> <span class='ocrx_word' id='word_1_157' title='bbox 969 1605 1117 1640; x_wconf 81' lang='lat' dir='ltr'>Volentcs</span> <span class='ocrx_word' id='word_1_158' title='bbox 1156 1618 1192 1641; x_wconf 88' lang='lat' dir='ltr'>ca</span> 
     </span>
     <span class='ocr_line' id='line_1_32' title="bbox 438 1654 1192 1695; baseline 0.011 -8"><span class='ocrx_word' id='word_1_159' title='bbox 438 1654 547 1688; x_wconf 89' lang='lat' dir='ltr'>omnia</span> <span class='ocrx_word' id='word_1_160' title='bbox 566 1655 648 1689; x_wconf 74' lang='lat' dir='ltr'>vires</span> <span class='ocrx_word' id='word_1_161' title='bbox 677 1662 707 1690; x_wconf 93' lang='lat' dir='ltr'>et</span> <span class='ocrx_word' id='word_1_162' title='bbox 736 1658 887 1691; x_wconf 79' lang='lat' dir='ltr'>effectum</span> <span class='ocrx_word' id='word_1_163' title='bbox 921 1659 960 1692; x_wconf 86' lang='lat' dir='ltr'>dc</span> <span class='ocrx_word' id='word_1_164' title='bbox 994 1667 1101 1694; x_wconf 88' lang='lat' dir='ltr'>cetero</span> <span class='ocrx_word' id='word_1_165' title='bbox 1127 1672 1192 1695; x_wconf 88' lang='lat' dir='ltr'>non</span> 
     </span>
     <span class='ocr_line' id='line_1_33' title="bbox 437 1707 569 1743; baseline 0.023 -3"><span class='ocrx_word' id='word_1_166' title='bbox 437 1707 569 1743; x_wconf 88' lang='lat' dir='ltr'>habere.</span> 
     </span>
    </p>

    <p class='ocr_par' dir='ltr' id='par_1_5' title="bbox 437 1763 1193 2651">
     <span class='ocr_line' id='line_1_34' title="bbox 482 1763 1192 1809; baseline 0.01 -13"><span class='ocrx_word' id='word_1_167' title='bbox 482 1763 544 1807; x_wconf 59' lang='lat'>33.</span> <span class='ocrx_word' id='word_1_168' title='bbox 567 1764 789 1809; x_wconf 88' lang='lat' dir='ltr'>Praecipimus</span> <span class='ocrx_word' id='word_1_169' title='bbox 810 1766 945 1809; x_wconf 61' lang='lat' dir='ltr'>igituret</span> <span class='ocrx_word' id='word_1_170' title='bbox 968 1767 1192 1803; x_wconf 81' lang='lat' dir='ltr'>interdicimus</span> 
     </span>
     <span class='ocr_line' id='line_1_35' title="bbox 439 1817 1192 1866; baseline 0.008 -16"><span class='ocrx_word' id='word_1_171' title='bbox 439 1817 591 1851; x_wconf 86' lang='lat' dir='ltr'>omnibus</span> <span class='ocrx_word' id='word_1_172' title='bbox 611 1819 781 1863; x_wconf 86' lang='lat' dir='ltr'>episcopis,</span> <span class='ocrx_word' id='word_1_173' title='bbox 808 1820 969 1864; x_wconf 85' lang='lat' dir='ltr'>capitulis,</span> <span class='ocrx_word' id='word_1_174' title='bbox 993 1823 1137 1866; x_wconf 70' lang='lat' dir='ltr'>collegiis</span> <span class='ocrx_word' id='word_1_175' title='bbox 1162 1829 1192 1857; x_wconf 90' lang='lat' dir='ltr'>et</span> 
     </span>
     <span class='ocr_line' id='line_1_36' title="bbox 438 1872 1192 1920; baseline 0.009 -17"><span class='ocrx_word' id='word_1_176' title='bbox 438 1872 597 1915; x_wconf 85' lang='lat' dir='ltr'>personis,</span> <span class='ocrx_word' id='word_1_177' title='bbox 618 1873 657 1905; x_wconf 88' lang='lat' dir='ltr'>ad</span> <span class='ocrx_word' id='word_1_178' title='bbox 677 1884 757 1917; x_wconf 82' lang='lat' dir='ltr'>quos</span> <span class='ocrx_word' id='word_1_179' title='bbox 778 1873 807 1905; x_wconf 90' lang='lat' dir='ltr'>id</span> <span class='ocrx_word' id='word_1_180' title='bbox 826 1874 974 1917; x_wconf 85' lang='lat' dir='ltr'>pertinet,</span> <span class='ocrx_word' id='word_1_181' title='bbox 997 1886 1037 1908; x_wconf 90' lang='lat' dir='ltr'>ne</span> <span class='ocrx_word' id='word_1_182' title='bbox 1058 1878 1192 1920; x_wconf 87' lang='lat' dir='ltr'>posthac</span> 
     </span>
     <span class='ocr_line' id='line_1_37' title="bbox 437 1925 1189 1972; baseline 0.008 -14"><span class='ocrx_word' id='word_1_183' title='bbox 437 1925 563 1959; x_wconf 82' lang='lat' dir='ltr'>fructus</span> <span class='ocrx_word' id='word_1_184' title='bbox 596 1932 652 1960; x_wconf 86' lang='lat' dir='ltr'>aut</span> <span class='ocrx_word' id='word_1_185' title='bbox 691 1927 935 1962; x_wconf 83' lang='lat' dir='ltr'>distributiones</span> <span class='ocrx_word' id='word_1_186' title='bbox 978 1929 1163 1963; x_wconf 86' lang='lat' dir='ltr'>huiusmodi</span> <span class='ocrx_word' id='word_1_187' title='bbox 1182 1958 1189 1972; x_wconf 87' lang='lat'>,</span> 
     </span>
     <span class='ocr_line' id='line_1_38' title="bbox 438 1981 1191 2027; baseline 0.007 -15"><span class='ocrx_word' id='word_1_188' title='bbox 438 1989 498 2012; x_wconf 89' lang='lat' dir='ltr'>nec</span> <span class='ocrx_word' id='word_1_189' title='bbox 523 1990 656 2023; x_wconf 87' lang='lat' dir='ltr'>prorsus</span> <span class='ocrx_word' id='word_1_190' title='bbox 682 1981 781 2013; x_wconf 89' lang='lat' dir='ltr'>ullam</span> <span class='ocrx_word' id='word_1_191' title='bbox 807 1992 920 2015; x_wconf 90' lang='lat' dir='ltr'>corum</span> <span class='ocrx_word' id='word_1_192' title='bbox 955 1989 1079 2027; x_wconf 82' lang='lat' dir='ltr'>partem</span> <span class='ocrx_word' id='word_1_193' title='bbox 1115 1985 1191 2017; x_wconf 88' lang='lat' dir='ltr'>reti-</span> 
     </span>
     <span class='ocr_line' id='line_1_39' title="bbox 439 2034 1190 2078; baseline 0.008 -12"><span class='ocrx_word' id='word_1_194' title='bbox 439 2040 548 2074; x_wconf 86' lang='lat' dir='ltr'>neant,</span> <span class='ocrx_word' id='word_1_195' title='bbox 571 2045 649 2067; x_wconf 85' lang='lat' dir='ltr'>neve</span> <span class='ocrx_word' id='word_1_196' title='bbox 670 2034 816 2078; x_wconf 90' lang='lat' dir='ltr'>ipsorum</span> <span class='ocrx_word' id='word_1_197' title='bbox 848 2036 1026 2069; x_wconf 84' lang='lat' dir='ltr'>cessionem</span> <span class='ocrx_word' id='word_1_198' title='bbox 1057 2039 1106 2071; x_wconf 77' lang='lat' dir='ltr'>vel</span> <span class='ocrx_word' id='word_1_199' title='bbox 1140 2050 1190 2072; x_wconf 91' lang='lat' dir='ltr'>re-</span> 
     </span>
     <span class='ocr_line' id='line_1_40' title="bbox 439 2088 1192 2136; baseline 0.007 -16"><span class='ocrx_word' id='word_1_200' title='bbox 439 2088 683 2122; x_wconf 88' lang='lat' dir='ltr'>nunciationem</span> <span class='ocrx_word' id='word_1_201' title='bbox 704 2094 759 2121; x_wconf 87' lang='lat' dir='ltr'>aut</span> <span class='ocrx_word' id='word_1_202' title='bbox 779 2088 934 2122; x_wconf 85' lang='lat' dir='ltr'>dulciaria</span> <span class='ocrx_word' id='word_1_203' title='bbox 960 2091 1007 2123; x_wconf 79' lang='lat' dir='ltr'>vel</span> <span class='ocrx_word' id='word_1_204' title='bbox 1028 2092 1091 2124; x_wconf 90' lang='lat' dir='ltr'>alia</span> <span class='ocrx_word' id='word_1_205' title='bbox 1112 2104 1192 2136; x_wconf 89' lang='lat' dir='ltr'>quo-</span> 
     </span>
     <span class='ocr_line' id='line_1_41' title="bbox 438 2142 1193 2189; baseline 0.007 -14"><span class='ocrx_word' id='word_1_206' title='bbox 438 2142 679 2186; x_wconf 87' lang='lat' dir='ltr'>modocumque</span> <span class='ocrx_word' id='word_1_207' title='bbox 690 2148 798 2186; x_wconf 89' lang='lat' dir='ltr'>petant</span> <span class='ocrx_word' id='word_1_208' title='bbox 808 2144 857 2176; x_wconf 74' lang='lat' dir='ltr'>vel</span> <span class='ocrx_word' id='word_1_209' title='bbox 867 2144 1004 2186; x_wconf 75' lang='lat' dir='ltr'>exigant,</span> <span class='ocrx_word' id='word_1_210' title='bbox 1016 2151 1071 2178; x_wconf 87' lang='lat' dir='ltr'>aut</span> <span class='ocrx_word' id='word_1_211' title='bbox 1081 2157 1193 2189; x_wconf 85' lang='lat' dir='ltr'>quem-</span> 
     </span>
     <span class='ocr_line' id='line_1_42' title="bbox 439 2196 1190 2242; baseline 0.007 -14"><span class='ocrx_word' id='word_1_212' title='bbox 439 2206 549 2239; x_wconf 82' lang='lat' dir='ltr'>quam,</span> <span class='ocrx_word' id='word_1_213' title='bbox 566 2197 629 2230; x_wconf 86' lang='lat' dir='ltr'>sive</span> <span class='ocrx_word' id='word_1_214' title='bbox 645 2196 809 2230; x_wconf 88' lang='lat' dir='ltr'>ordinaria</span> <span class='ocrx_word' id='word_1_215' title='bbox 821 2197 883 2230; x_wconf 86' lang='lat' dir='ltr'>sive</span> <span class='ocrx_word' id='word_1_216' title='bbox 895 2199 1190 2242; x_wconf 84' lang='lat' dir='ltr'>apostolicaaucto-</span> 
     </span>
     <span class='ocr_line' id='line_1_43' title="bbox 439 2249 1191 2294; baseline 0.008 -12"><span class='ocrx_word' id='word_1_217' title='bbox 439 2249 530 2283; x_wconf 84' lang='lat' dir='ltr'>ritate</span> <span class='ocrx_word' id='word_1_218' title='bbox 539 2251 712 2294; x_wconf 74' lang='lat' dir='ltr'>provisum,</span> <span class='ocrx_word' id='word_1_219' title='bbox 721 2251 759 2283; x_wconf 91' lang='lat' dir='ltr'>ad</span> <span class='ocrx_word' id='word_1_220' title='bbox 768 2252 995 2294; x_wconf 83' lang='lat' dir='ltr'>praestandum</span> <span class='ocrx_word' id='word_1_221' title='bbox 1005 2254 1191 2288; x_wconf 88' lang='lat' dir='ltr'>huiusmodi</span> 
     </span>
     <span class='ocr_line' id='line_1_44' title="bbox 440 2303 1191 2350; baseline 0.008 -14"><span class='ocrx_word' id='word_1_222' title='bbox 440 2303 659 2337; x_wconf 83' lang='lat' dir='ltr'>iuramentum</span> <span class='ocrx_word' id='word_1_223' title='bbox 684 2304 855 2345; x_wconf 88' lang='lat' dir='ltr'>inducant,</span> <span class='ocrx_word' id='word_1_224' title='bbox 887 2311 943 2338; x_wconf 86' lang='lat' dir='ltr'>aut</span> <span class='ocrx_word' id='word_1_225' title='bbox 962 2306 1007 2338; x_wconf 87' lang='lat' dir='ltr'>illi</span> <span class='ocrx_word' id='word_1_226' title='bbox 1030 2308 1191 2350; x_wconf 87' lang='lat' dir='ltr'>praedicta</span> 
     </span>
     <span class='ocr_line' id='line_1_45' title="bbox 439 2357 1191 2403; baseline 0.005 -13"><span class='ocrx_word' id='word_1_227' title='bbox 439 2367 505 2390; x_wconf 88' lang='lat' dir='ltr'>non</span> <span class='ocrx_word' id='word_1_228' title='bbox 525 2357 652 2391; x_wconf 81' lang='lat' dir='ltr'>facienti</span> <span class='ocrx_word' id='word_1_229' title='bbox 687 2358 922 2402; x_wconf 84' lang='lat' dir='ltr'>possessionem</span> <span class='ocrx_word' id='word_1_230' title='bbox 943 2359 1120 2403; x_wconf 85' lang='lat' dir='ltr'>impediant</span> <span class='ocrx_word' id='word_1_231' title='bbox 1143 2364 1191 2395; x_wconf 72' lang='lat' dir='ltr'>vel</span> 
     </span>
     <span class='ocr_line' id='line_1_46' title="bbox 440 2408 1191 2452; baseline 0.005 -13"><span class='ocrx_word' id='word_1_232' title='bbox 440 2412 655 2440; x_wconf 88' lang='lat' dir='ltr'>remorentur.</span> <span class='ocrx_word' id='word_1_233' title='bbox 672 2408 873 2452; x_wconf 85' lang='lat' dir='ltr'>Quicumque</span> <span class='ocrx_word' id='word_1_234' title='bbox 895 2410 1151 2449; x_wconf 71' lang='lat' dir='ltr'>contral&#39;ecerint,</span> <span class='ocrx_word' id='word_1_235' title='bbox 1167 2412 1191 2444; x_wconf 79' lang='lat' dir='ltr'>si</span> 
     </span>
     <span class='ocr_line' id='line_1_47' title="bbox 440 2456 1190 2502; baseline 0.005 -14"><span class='ocrx_word' id='word_1_236' title='bbox 440 2456 651 2489; x_wconf 87' lang='lat' dir='ltr'>ecclesiarum</span> <span class='ocrx_word' id='word_1_237' title='bbox 671 2456 838 2498; x_wconf 86' lang='lat' dir='ltr'>antistites,</span> <span class='ocrx_word' id='word_1_238' title='bbox 874 2458 998 2491; x_wconf 86' lang='lat' dir='ltr'>tamdiu</span> <span class='ocrx_word' id='word_1_239' title='bbox 1023 2470 1039 2491; x_wconf 91' lang='lat' dir='ltr'>a</span> <span class='ocrx_word' id='word_1_240' title='bbox 1060 2460 1190 2502; x_wconf 85' lang='lat' dir='ltr'>pontiti-</span> 
     </span>
     <span class='ocr_line' id='line_1_48' title="bbox 441 2504 1188 2551; baseline 0.009 -15"><span class='ocrx_word' id='word_1_241' title='bbox 441 2504 518 2537; x_wconf 88' lang='lat' dir='ltr'>calis</span> <span class='ocrx_word' id='word_1_242' title='bbox 538 2505 636 2538; x_wconf 83' lang='lat' dir='ltr'>officii</span> <span class='ocrx_word' id='word_1_243' title='bbox 656 2506 807 2539; x_wconf 79' lang='lat' dir='ltr'>exercitio</span> <span class='ocrx_word' id='word_1_244' title='bbox 819 2506 881 2540; x_wconf 87' lang='lat' dir='ltr'>sint</span> <span class='ocrx_word' id='word_1_245' title='bbox 896 2507 1054 2551; x_wconf 83' lang='lat' dir='ltr'>suspensi,</span> <span class='ocrx_word' id='word_1_246' title='bbox 1074 2509 1188 2546; x_wconf 78' lang='lat' dir='ltr'>donee,</span> 
     </span>
     <span class='ocr_line' id='line_1_49' title="bbox 441 2553 1192 2601; baseline 0.007 -15"><span class='ocrx_word' id='word_1_247' title='bbox 441 2553 655 2587; x_wconf 85' lang='lat' dir='ltr'>satisfactione</span> <span class='ocrx_word' id='word_1_248' title='bbox 672 2556 812 2599; x_wconf 72' lang='lat' dir='ltr'>praevia,</span> <span class='ocrx_word' id='word_1_249' title='bbox 830 2555 894 2589; x_wconf 90' lang='lat' dir='ltr'>illis</span> <span class='ocrx_word' id='word_1_250' title='bbox 910 2557 1093 2600; x_wconf 85' lang='lat' dir='ltr'>perSedem</span> <span class='ocrx_word' id='word_1_251' title='bbox 1109 2559 1192 2601; x_wconf 86' lang='lat' dir='ltr'>Apo-</span> 
     </span>
     <span class='ocr_line' id='line_1_50' title="bbox 441 2602 1191 2651; baseline 0.005 -15"><span class='ocrx_word' id='word_1_252' title='bbox 441 2602 587 2636; x_wconf 87' lang='lat' dir='ltr'>stolicam</span> <span class='ocrx_word' id='word_1_253' title='bbox 620 2605 788 2649; x_wconf 87' lang='lat' dir='ltr'>suspensio</span> <span class='ocrx_word' id='word_1_254' title='bbox 822 2606 1010 2647; x_wconf 78' lang='lat' dir='ltr'>relaxetur,</span> <span class='ocrx_word' id='word_1_255' title='bbox 1051 2606 1191 2651; x_wconf 87' lang='lat' dir='ltr'>capitula</span> 
     </span>
    </p>
   </div>
   <div class='ocr_carea' id='block_1_5' title="bbox 1037 204 1393 230">
    <p class='ocr_par' dir='ltr' id='par_1_6' title="bbox 1037 204 1393 230">
     <span class='ocr_line' id='line_1_51' title="bbox 1037 204 1393 230; baseline 0.006 -2"><span class='ocrx_word' id='word_1_256' title='bbox 1037 204 1218 229; x_wconf 78' lang='lat' dir='ltr'>BULLARIUM</span> <span class='ocrx_word' id='word_1_257' title='bbox 1241 205 1393 230; x_wconf 73' lang='lat' dir='ltr'><strong>ROMANUM</strong></span> 
     </span>
    </p>
   </div>
   <div class='ocr_carea' id='block_1_6' title="bbox 1233 259 1991 2242">
    <p class='ocr_par' dir='ltr' id='par_1_7' title="bbox 1233 259 1991 935">
     <span class='ocr_line' id='line_1_52' title="bbox 1233 259 1991 304; baseline 0.008 -14"><span class='ocrx_word' id='word_1_258' title='bbox 1233 268 1309 291; x_wconf 78' lang='lat' dir='ltr'>vero</span> <span class='ocrx_word' id='word_1_259' title='bbox 1330 263 1360 291; x_wconf 89' lang='lat' dir='ltr'>et</span> <span class='ocrx_word' id='word_1_260' title='bbox 1376 259 1511 301; x_wconf 77' lang='lat' dir='ltr'>collegia</span> <span class='ocrx_word' id='word_1_261' title='bbox 1527 269 1752 304; x_wconf 86' lang='lat' dir='ltr'>quaecumque</span> <span class='ocrx_word' id='word_1_262' title='bbox 1768 261 1991 297; x_wconf 87' lang='lat' dir='ltr'>ecclesiastico</span> 
     </span>
     <span class='ocr_line' id='line_1_53' title="bbox 1235 311 1989 360; baseline 0.008 -16"><span class='ocrx_word' id='word_1_263' title='bbox 1235 311 1422 346; x_wconf 87' lang='lat' dir='ltr'>subiaceant</span> <span class='ocrx_word' id='word_1_264' title='bbox 1441 313 1623 354; x_wconf 88' lang='lat' dir='ltr'>interdicto,</span> <span class='ocrx_word' id='word_1_265' title='bbox 1645 324 1682 347; x_wconf 84' lang='lat' dir='ltr'>ac</span> <span class='ocrx_word' id='word_1_266' title='bbox 1702 314 1881 358; x_wconf 82' lang='lat' dir='ltr'>singulares</span> <span class='ocrx_word' id='word_1_267' title='bbox 1914 327 1989 360; x_wconf 90' lang='lat' dir='ltr'>per-</span> 
     </span>
     <span class='ocr_line' id='line_1_54' title="bbox 1235 366 1989 404; baseline 0.008 -6"><span class='ocrx_word' id='word_1_268' title='bbox 1235 376 1331 399; x_wconf 87' lang='lat' dir='ltr'>sonae</span> <span class='ocrx_word' id='word_1_269' title='bbox 1357 366 1390 399; x_wconf 92' lang='lat' dir='ltr'>in</span> <span class='ocrx_word' id='word_1_270' title='bbox 1419 367 1765 401; x_wconf 81' lang='lat' dir='ltr'>excommunicationis</span> <span class='ocrx_word' id='word_1_271' title='bbox 1798 371 1989 404; x_wconf 86' lang='lat' dir='ltr'>sententiam</span> 
     </span>
     <span class='ocr_line' id='line_1_55' title="bbox 1234 418 1989 464; baseline 0.009 -13"><span class='ocrx_word' id='word_1_272' title='bbox 1234 418 1414 460; x_wconf 88' lang='lat' dir='ltr'>incurrant,</span> <span class='ocrx_word' id='word_1_273' title='bbox 1437 431 1454 453; x_wconf 88' lang='lat' dir='ltr'>a</span> <span class='ocrx_word' id='word_1_274' title='bbox 1479 431 1554 464; x_wconf 87' lang='lat' dir='ltr'>qua,</span> <span class='ocrx_word' id='word_1_275' title='bbox 1578 420 1638 453; x_wconf 92' lang='lat' dir='ltr'>nisi</span> <span class='ocrx_word' id='word_1_276' title='bbox 1659 420 1691 454; x_wconf 90' lang='lat' dir='ltr'>in</span> <span class='ocrx_word' id='word_1_277' title='bbox 1712 423 1825 456; x_wconf 88' lang='lat' dir='ltr'>mortis</span> <span class='ocrx_word' id='word_1_278' title='bbox 1851 423 1989 459; x_wconf 90' lang='lat' dir='ltr'>articulo</span> 
     </span>
     <span class='ocr_line' id='line_1_56' title="bbox 1235 473 1990 518; baseline 0.008 -13"><span class='ocrx_word' id='word_1_279' title='bbox 1235 473 1411 514; x_wconf 85' lang='lat' dir='ltr'>constituti,</span> <span class='ocrx_word' id='word_1_280' title='bbox 1427 474 1467 506; x_wconf 91' lang='lat' dir='ltr'>ab</span> <span class='ocrx_word' id='word_1_281' title='bbox 1487 474 1550 507; x_wconf 84' lang='lat' dir='ltr'>alio</span> <span class='ocrx_word' id='word_1_282' title='bbox 1568 485 1665 518; x_wconf 91' lang='lat' dir='ltr'>quam</span> <span class='ocrx_word' id='word_1_283' title='bbox 1683 485 1701 507; x_wconf 86' lang='lat' dir='ltr'>a</span> <span class='ocrx_word' id='word_1_284' title='bbox 1717 475 1863 509; x_wconf 87' lang='lat' dir='ltr'>Romano</span> <span class='ocrx_word' id='word_1_285' title='bbox 1882 477 1990 511; x_wconf 89' lang='lat' dir='ltr'>Ponti-</span> 
     </span>
     <span class='ocr_line' id='line_1_57' title="bbox 1235 525 1988 573; baseline 0.008 -15"><span class='ocrx_word' id='word_1_286' title='bbox 1235 525 1294 559; x_wconf 87' lang='lat' dir='ltr'>fiee</span> <span class='ocrx_word' id='word_1_287' title='bbox 1314 526 1527 561; x_wconf 82' lang='lat' dir='ltr'>absolutionis</span> <span class='ocrx_word' id='word_1_288' title='bbox 1538 527 1733 561; x_wconf 88' lang='lat' dir='ltr'>beneficium</span> <span class='ocrx_word' id='word_1_289' title='bbox 1753 535 1915 573; x_wconf 87' lang='lat' dir='ltr'>nequeant</span> <span class='ocrx_word' id='word_1_290' title='bbox 1930 531 1988 564; x_wconf 93' lang='lat' dir='ltr'>ob-</span> 
     </span>
     <span class='ocr_line' id='line_1_58' title="bbox 1236 578 1989 626; baseline 0.009 -15"><span class='ocrx_word' id='word_1_291' title='bbox 1236 578 1348 612; x_wconf 87' lang='lat' dir='ltr'>tinere.</span> <span class='ocrx_word' id='word_1_292' title='bbox 1375 580 1592 614; x_wconf 88' lang='lat' dir='ltr'>Decernentes</span> <span class='ocrx_word' id='word_1_293' title='bbox 1617 581 1804 615; x_wconf 88' lang='lat' dir='ltr'>huiusmodi</span> <span class='ocrx_word' id='word_1_294' title='bbox 1838 584 1989 626; x_wconf 86' lang='lat' dir='ltr'>praestita</span> 
     </span>
     <span class='ocr_line' id='line_1_59' title="bbox 1234 631 1988 680; baseline 0.009 -16"><span class='ocrx_word' id='word_1_295' title='bbox 1234 631 1416 667; x_wconf 89' lang='lat' dir='ltr'>iuramenta</span> <span class='ocrx_word' id='word_1_296' title='bbox 1453 645 1518 668; x_wconf 92' lang='lat' dir='ltr'>non</span> <span class='ocrx_word' id='word_1_297' title='bbox 1556 640 1678 676; x_wconf 88' lang='lat' dir='ltr'>tenere,</span> <span class='ocrx_word' id='word_1_298' title='bbox 1706 646 1765 669; x_wconf 90' lang='lat' dir='ltr'>nec</span> <span class='ocrx_word' id='word_1_299' title='bbox 1791 647 1988 680; x_wconf 88' lang='lat' dir='ltr'>quemquam</span> 
     </span>
     <span class='ocr_line' id='line_1_60' title="bbox 1235 686 1989 732; baseline 0.008 -14"><span class='ocrx_word' id='word_1_300' title='bbox 1235 686 1298 719; x_wconf 91' lang='lat' dir='ltr'>illis</span> <span class='ocrx_word' id='word_1_301' title='bbox 1315 687 1464 731; x_wconf 71' lang='lat' dir='ltr'>obligari,</span> <span class='ocrx_word' id='word_1_302' title='bbox 1479 688 1661 732; x_wconf 87' lang='lat' dir='ltr'>quinimmo</span> <span class='ocrx_word' id='word_1_303' title='bbox 1678 689 1822 723; x_wconf 87' lang='lat' dir='ltr'>iurantes</span> <span class='ocrx_word' id='word_1_304' title='bbox 1834 690 1867 723; x_wconf 92' lang='lat' dir='ltr'>in</span> <span class='ocrx_word' id='word_1_305' title='bbox 1876 691 1989 725; x_wconf 91' lang='lat' dir='ltr'>huius-</span> 
     </span>
     <span class='ocr_line' id='line_1_61' title="bbox 1235 739 1989 783; baseline 0.009 -12"><span class='ocrx_word' id='word_1_306' title='bbox 1235 739 1322 771; x_wconf 90' lang='lat' dir='ltr'>modi</span> <span class='ocrx_word' id='word_1_307' title='bbox 1348 751 1518 774; x_wconf 81' lang='lat' dir='ltr'>censuram</span> <span class='ocrx_word' id='word_1_308' title='bbox 1540 742 1696 783; x_wconf 86' lang='lat' dir='ltr'>incidere;</span> <span class='ocrx_word' id='word_1_309' title='bbox 1717 753 1846 776; x_wconf 89' lang='lat' dir='ltr'>necnon</span> <span class='ocrx_word' id='word_1_310' title='bbox 1861 743 1989 778; x_wconf 86' lang='lat' dir='ltr'>irritum</span> 
     </span>
     <span class='ocr_line' id='line_1_62' title="bbox 1235 792 1990 842; baseline 0.009 -17"><span class='ocrx_word' id='word_1_311' title='bbox 1235 798 1266 826; x_wconf 88' lang='lat' dir='ltr'>et</span> <span class='ocrx_word' id='word_1_312' title='bbox 1276 792 1371 827; x_wconf 89' lang='lat' dir='ltr'>inane</span> <span class='ocrx_word' id='word_1_313' title='bbox 1384 795 1538 839; x_wconf 84' lang='lat' dir='ltr'>quiequid</span> <span class='ocrx_word' id='word_1_314' title='bbox 1550 807 1642 829; x_wconf 87' lang='lat' dir='ltr'>secus</span> <span class='ocrx_word' id='word_1_315' title='bbox 1654 808 1752 841; x_wconf 90' lang='lat' dir='ltr'>super</span> <span class='ocrx_word' id='word_1_316' title='bbox 1766 797 1817 830; x_wconf 91' lang='lat' dir='ltr'>his</span> <span class='ocrx_word' id='word_1_317' title='bbox 1828 808 1886 842; x_wconf 87' lang='lat' dir='ltr'>per</span> <span class='ocrx_word' id='word_1_318' title='bbox 1896 809 1990 842; x_wconf 86' lang='lat' dir='ltr'>quos-</span> 
     </span>
     <span class='ocr_line' id='line_1_63' title="bbox 1236 849 1990 896; baseline 0.009 -17"><span class='ocrx_word' id='word_1_319' title='bbox 1236 858 1389 891; x_wconf 86' lang='lat' dir='ltr'>cumque,</span> <span class='ocrx_word' id='word_1_320' title='bbox 1413 849 1552 883; x_wconf 83' lang='lat' dir='ltr'>scienter</span> <span class='ocrx_word' id='word_1_321' title='bbox 1570 851 1617 883; x_wconf 89' lang='lat' dir='ltr'>vel</span> <span class='ocrx_word' id='word_1_322' title='bbox 1637 851 1835 894; x_wconf 82' lang='lat' dir='ltr'>ignoranter,</span> <span class='ocrx_word' id='word_1_323' title='bbox 1850 852 1990 896; x_wconf 82' lang='lat' dir='ltr'>contige-</span> 
     </span>
     <span class='ocr_line' id='line_1_64' title="bbox 1235 900 1456 935; baseline 0.014 -3"><span class='ocrx_word' id='word_1_324' title='bbox 1235 900 1275 933; x_wconf 85' lang='lat' dir='ltr'>rit</span> <span class='ocrx_word' id='word_1_325' title='bbox 1295 902 1456 935; x_wconf 86' lang='lat' dir='ltr'>attentari.</span> 
     </span>
    </p>

    <p class='ocr_par' dir='ltr' id='par_1_8' title="bbox 1234 955 1991 1431">
     <span class='ocr_line' id='line_1_65' title="bbox 1280 955 1989 998; baseline 0.006 -10"><span class='ocrx_word' id='word_1_326' title='bbox 1280 955 1294 998; x_wconf 72' lang='lat'>§</span> <span class='ocrx_word' id='word_1_327' title='bbox 1314 955 1345 988; x_wconf 70' lang='lat'>4.</span> <span class='ocrx_word' id='word_1_328' title='bbox 1374 956 1411 989; x_wconf 90' lang='lat' dir='ltr'>Et</span> <span class='ocrx_word' id='word_1_329' title='bbox 1431 957 1643 991; x_wconf 86' lang='lat' dir='ltr'>nihilominus</span> <span class='ocrx_word' id='word_1_330' title='bbox 1667 958 1838 991; x_wconf 85' lang='lat' dir='ltr'>statuimus</span> <span class='ocrx_word' id='word_1_331' title='bbox 1856 963 1893 992; x_wconf 89' lang='lat' dir='ltr'>ut</span> <span class='ocrx_word' id='word_1_332' title='bbox 1915 959 1989 992; x_wconf 88' lang='lat' dir='ltr'>ubi-</span> 
     </span>
     <span class='ocr_line' id='line_1_66' title="bbox 1235 1010 1991 1053; baseline 0.007 -12"><span class='ocrx_word' id='word_1_333' title='bbox 1235 1020 1375 1053; x_wconf 88' lang='lat' dir='ltr'>cumque</span> <span class='ocrx_word' id='word_1_334' title='bbox 1392 1010 1579 1044; x_wconf 82' lang='lat' dir='ltr'>huiusmodi</span> <span class='ocrx_word' id='word_1_335' title='bbox 1600 1011 1724 1044; x_wconf 81' lang='lat' dir='ltr'>fructus</span> <span class='ocrx_word' id='word_1_336' title='bbox 1744 1017 1774 1045; x_wconf 89' lang='lat' dir='ltr'>et</span> <span class='ocrx_word' id='word_1_337' title='bbox 1795 1012 1991 1046; x_wconf 87' lang='lat' dir='ltr'>distributio—</span> 
     </span>
     <span class='ocr_line' id='line_1_67' title="bbox 1235 1064 1991 1101; baseline 0.008 -6"><span class='ocrx_word' id='word_1_338' title='bbox 1235 1074 1291 1096; x_wconf 85' lang='lat' dir='ltr'>nes</span> <span class='ocrx_word' id='word_1_339' title='bbox 1315 1064 1457 1097; x_wconf 80' lang='lat' dir='ltr'>fabricae</span> <span class='ocrx_word' id='word_1_340' title='bbox 1488 1065 1535 1098; x_wconf 87' lang='lat' dir='ltr'>vel</span> <span class='ocrx_word' id='word_1_341' title='bbox 1571 1065 1732 1099; x_wconf 86' lang='lat' dir='ltr'>sacristiae</span> <span class='ocrx_word' id='word_1_342' title='bbox 1767 1071 1823 1099; x_wconf 89' lang='lat' dir='ltr'>aut</span> <span class='ocrx_word' id='word_1_343' title='bbox 1857 1067 1991 1101; x_wconf 86' lang='lat' dir='ltr'>alterius</span> 
     </span>
     <span class='ocr_line' id='line_1_68' title="bbox 1235 1117 1989 1165; baseline 0.007 -16"><span class='ocrx_word' id='word_1_344' title='bbox 1235 1117 1278 1161; x_wconf 90' lang='lat' dir='ltr'>pii</span> <span class='ocrx_word' id='word_1_345' title='bbox 1299 1118 1361 1151; x_wconf 81' lang='lat' dir='ltr'>loci</span> <span class='ocrx_word' id='word_1_346' title='bbox 1383 1118 1494 1152; x_wconf 85' lang='lat' dir='ltr'>usibus</span> <span class='ocrx_word' id='word_1_347' title='bbox 1519 1119 1603 1152; x_wconf 89' lang='lat' dir='ltr'>ultra</span> <span class='ocrx_word' id='word_1_348' title='bbox 1623 1125 1776 1153; x_wconf 86' lang='lat' dir='ltr'>semestre</span> <span class='ocrx_word' id='word_1_349' title='bbox 1793 1125 1922 1165; x_wconf 87' lang='lat' dir='ltr'>tempus</span> <span class='ocrx_word' id='word_1_350' title='bbox 1939 1132 1989 1154; x_wconf 87' lang='lat' dir='ltr'>re-</span> 
     </span>
     <span class='ocr_line' id='line_1_69' title="bbox 1236 1171 1989 1214; baseline 0.005 -11"><span class='ocrx_word' id='word_1_351' title='bbox 1236 1171 1408 1214; x_wconf 85' lang='lat' dir='ltr'>periuntur</span> <span class='ocrx_word' id='word_1_352' title='bbox 1428 1173 1591 1214; x_wconf 86' lang='lat' dir='ltr'>concessi,</span> <span class='ocrx_word' id='word_1_353' title='bbox 1614 1174 1732 1206; x_wconf 88' lang='lat' dir='ltr'>horum</span> <span class='ocrx_word' id='word_1_354' title='bbox 1752 1173 1918 1207; x_wconf 85' lang='lat' dir='ltr'>dumtaxat</span> <span class='ocrx_word' id='word_1_355' title='bbox 1941 1174 1989 1208; x_wconf 90' lang='lat' dir='ltr'>di-</span> 
     </span>
     <span class='ocr_line' id='line_1_70' title="bbox 1236 1225 1989 1270; baseline 0.005 -13"><span class='ocrx_word' id='word_1_356' title='bbox 1236 1225 1334 1258; x_wconf 86' lang='lat' dir='ltr'>midia</span> <span class='ocrx_word' id='word_1_357' title='bbox 1370 1236 1443 1268; x_wconf 85' lang='lat' dir='ltr'>pars</span> <span class='ocrx_word' id='word_1_358' title='bbox 1471 1226 1532 1270; x_wconf 88' lang='lat' dir='ltr'>ipsi</span> <span class='ocrx_word' id='word_1_359' title='bbox 1566 1226 1730 1260; x_wconf 86' lang='lat' dir='ltr'>sacristiae</span> <span class='ocrx_word' id='word_1_360' title='bbox 1763 1227 1813 1261; x_wconf 90' lang='lat' dir='ltr'>vel</span> <span class='ocrx_word' id='word_1_361' title='bbox 1847 1227 1989 1262; x_wconf 83' lang='lat' dir='ltr'>fabricae</span> 
     </span>
     <span class='ocr_line' id='line_1_71' title="bbox 1234 1279 1988 1324; baseline 0.005 -13"><span class='ocrx_word' id='word_1_362' title='bbox 1234 1284 1287 1311; x_wconf 91' lang='lat' dir='ltr'>aut</span> <span class='ocrx_word' id='word_1_363' title='bbox 1322 1279 1376 1323; x_wconf 86' lang='lat' dir='ltr'>pio</span> <span class='ocrx_word' id='word_1_364' title='bbox 1411 1280 1482 1313; x_wconf 91' lang='lat' dir='ltr'>loco</span> <span class='ocrx_word' id='word_1_365' title='bbox 1507 1280 1661 1324; x_wconf 89' lang='lat' dir='ltr'>deinceps</span> <span class='ocrx_word' id='word_1_366' title='bbox 1693 1280 1869 1323; x_wconf 88' lang='lat' dir='ltr'>tribuatur,</span> <span class='ocrx_word' id='word_1_367' title='bbox 1909 1282 1988 1315; x_wconf 86' lang='lat' dir='ltr'>alte-</span> 
     </span>
     <span class='ocr_line' id='line_1_72' title="bbox 1234 1333 1988 1380; baseline 0.004 -15"><span class='ocrx_word' id='word_1_368' title='bbox 1234 1344 1304 1365; x_wconf 90' lang='lat' dir='ltr'>ram</span> <span class='ocrx_word' id='word_1_369' title='bbox 1324 1344 1397 1367; x_wconf 81' lang='lat' dir='ltr'>vcro</span> <span class='ocrx_word' id='word_1_370' title='bbox 1418 1333 1601 1368; x_wconf 86' lang='lat' dir='ltr'>beneficiati</span> <span class='ocrx_word' id='word_1_371' title='bbox 1613 1334 1769 1379; x_wconf 86' lang='lat' dir='ltr'>praedicti</span> <span class='ocrx_word' id='word_1_372' title='bbox 1780 1335 1904 1379; x_wconf 83' lang='lat' dir='ltr'>integre</span> <span class='ocrx_word' id='word_1_373' title='bbox 1915 1346 1988 1380; x_wconf 87' lang='lat' dir='ltr'>per-</span> 
     </span>
     <span class='ocr_line' id='line_1_73' title="bbox 1235 1386 1367 1431; baseline 0.008 -11"><span class='ocrx_word' id='word_1_374' title='bbox 1235 1386 1367 1431; x_wconf 87' lang='lat' dir='ltr'>cipiant.</span> 
     </span>
    </p>

    <p class='ocr_par' dir='ltr' id='par_1_9' title="bbox 1234 1441 1991 2185">
     <span class='ocr_line' id='line_1_74' title="bbox 1278 1441 1990 1484; baseline 0.006 -11"><span class='ocrx_word' id='word_1_375' title='bbox 1278 1442 1292 1484; x_wconf 61' lang='grc' dir='ltr'>ξ</span> <span class='ocrx_word' id='word_1_376' title='bbox 1321 1441 1351 1474; x_wconf 76' lang='lat'>5.</span> <span class='ocrx_word' id='word_1_377' title='bbox 1375 1441 1445 1474; x_wconf 82' lang='lat' dir='ltr'>Non</span> <span class='ocrx_word' id='word_1_378' title='bbox 1469 1442 1672 1476; x_wconf 90' lang='lat' dir='ltr'>obstantibus</span> <span class='ocrx_word' id='word_1_379' title='bbox 1706 1442 1990 1477; x_wconf 84' lang='lat' dir='ltr'>constitutionibus</span> 
     </span>
     <span class='ocr_line' id='line_1_75' title="bbox 1235 1495 1990 1542; baseline 0.005 -15"><span class='ocrx_word' id='word_1_380' title='bbox 1235 1501 1265 1527; x_wconf 89' lang='lat' dir='ltr'>et</span> <span class='ocrx_word' id='word_1_381' title='bbox 1301 1495 1558 1529; x_wconf 78' lang='lat' dir='ltr'>ordinationilnis</span> <span class='ocrx_word' id='word_1_382' title='bbox 1595 1496 1780 1540; x_wconf 86' lang='lat' dir='ltr'>apostolicis</span> <span class='ocrx_word' id='word_1_383' title='bbox 1810 1497 1990 1542; x_wconf 90' lang='lat' dir='ltr'>ceterisque</span> 
     </span>
     <span class='ocr_line' id='line_1_76' title="bbox 1235 1550 1990 1595; baseline 0.004 -12"><span class='ocrx_word' id='word_1_384' title='bbox 1235 1550 1404 1583; x_wconf 84' lang='lat' dir='ltr'>contrariis</span> <span class='ocrx_word' id='word_1_385' title='bbox 1419 1550 1692 1594; x_wconf 85' lang='lat' dir='ltr'>quibuscumque;</span> <span class='ocrx_word' id='word_1_386' title='bbox 1711 1555 1767 1583; x_wconf 84' lang='lat' dir='ltr'>aut</span> <span class='ocrx_word' id='word_1_387' title='bbox 1781 1551 1807 1583; x_wconf 91' lang='lat' dir='ltr'>si</span> <span class='ocrx_word' id='word_1_388' title='bbox 1817 1551 1990 1595; x_wconf 85' lang='lat' dir='ltr'>aliquibus,</span> 
     </span>
     <span class='ocr_line' id='line_1_77' title="bbox 1235 1603 1991 1648; baseline 0.005 -13"><span class='ocrx_word' id='word_1_389' title='bbox 1235 1603 1452 1636; x_wconf 90' lang='lat' dir='ltr'>communiter</span> <span class='ocrx_word' id='word_1_390' title='bbox 1470 1604 1519 1636; x_wconf 81' lang='lat' dir='ltr'>vel</span> <span class='ocrx_word' id='word_1_391' title='bbox 1538 1603 1672 1644; x_wconf 76' lang='lat' dir='ltr'>divisim,</span> <span class='ocrx_word' id='word_1_392' title='bbox 1683 1604 1722 1636; x_wconf 89' lang='lat' dir='ltr'>ab</span> <span class='ocrx_word' id='word_1_393' title='bbox 1742 1604 1927 1648; x_wconf 89' lang='lat' dir='ltr'>Apostolica</span> <span class='ocrx_word' id='word_1_394' title='bbox 1951 1605 1991 1639; x_wconf 87' lang='lat' dir='ltr'>sit</span> 
     </span>
     <span class='ocr_line' id='line_1_78' title="bbox 1234 1656 1990 1703; baseline 0.005 -14"><span class='ocrx_word' id='word_1_395' title='bbox 1234 1656 1315 1690; x_wconf 85' lang='lat' dir='ltr'>Sede</span> <span class='ocrx_word' id='word_1_396' title='bbox 1336 1657 1497 1690; x_wconf 88' lang='lat' dir='ltr'>indultum</span> <span class='ocrx_word' id='word_1_397' title='bbox 1532 1658 1619 1700; x_wconf 90' lang='lat' dir='ltr'>quod</span> <span class='ocrx_word' id='word_1_398' title='bbox 1653 1658 1816 1700; x_wconf 88' lang='lat' dir='ltr'>interdici,</span> <span class='ocrx_word' id='word_1_399' title='bbox 1836 1659 1990 1703; x_wconf 84' lang='lat' dir='ltr'>suspendi</span> 
     </span>
     <span class='ocr_line' id='line_1_79' title="bbox 1234 1711 1988 1756; baseline 0.005 -13"><span class='ocrx_word' id='word_1_400' title='bbox 1234 1711 1282 1744; x_wconf 72' lang='lat' dir='ltr'>vel</span> <span class='ocrx_word' id='word_1_401' title='bbox 1303 1711 1576 1745; x_wconf 79' lang='lat' dir='ltr'>exconnnunicari</span> <span class='ocrx_word' id='word_1_402' title='bbox 1601 1722 1666 1745; x_wconf 92' lang='lat' dir='ltr'>non</span> <span class='ocrx_word' id='word_1_403' title='bbox 1686 1712 1811 1756; x_wconf 87' lang='lat' dir='ltr'>possint</span> <span class='ocrx_word' id='word_1_404' title='bbox 1830 1723 1889 1756; x_wconf 88' lang='lat' dir='ltr'>per</span> <span class='ocrx_word' id='word_1_405' title='bbox 1904 1713 1988 1748; x_wconf 88' lang='lat' dir='ltr'>litte-</span> 
     </span>
     <span class='ocr_line' id='line_1_80' title="bbox 1235 1765 1990 1810; baseline 0.003 -11"><span class='ocrx_word' id='word_1_406' title='bbox 1235 1776 1285 1799; x_wconf 87' lang='lat' dir='ltr'>ras</span> <span class='ocrx_word' id='word_1_407' title='bbox 1306 1765 1497 1809; x_wconf 83' lang='lat' dir='ltr'>apestolicas</span> <span class='ocrx_word' id='word_1_408' title='bbox 1528 1776 1594 1798; x_wconf 90' lang='lat' dir='ltr'>non</span> <span class='ocrx_word' id='word_1_409' title='bbox 1618 1765 1770 1799; x_wconf 79' lang='lat' dir='ltr'>facientes</span> <span class='ocrx_word' id='word_1_410' title='bbox 1803 1766 1934 1810; x_wconf 88' lang='lat' dir='ltr'>plenam</span> <span class='ocrx_word' id='word_1_411' title='bbox 1959 1773 1990 1801; x_wconf 88' lang='lat' dir='ltr'>et</span> 
     </span>
     <span class='ocr_line' id='line_1_81' title="bbox 1235 1819 1989 1864; baseline 0.003 -11"><span class='ocrx_word' id='word_1_412' title='bbox 1235 1830 1417 1864; x_wconf 78' lang='lat' dir='ltr'>expressam</span> <span class='ocrx_word' id='word_1_413' title='bbox 1443 1830 1480 1853; x_wconf 89' lang='lat' dir='ltr'>ac</span> <span class='ocrx_word' id='word_1_414' title='bbox 1501 1819 1539 1853; x_wconf 92' lang='lat' dir='ltr'>de</span> <span class='ocrx_word' id='word_1_415' title='bbox 1556 1819 1653 1853; x_wconf 80' lang='lat' dir='ltr'>verbo</span> <span class='ocrx_word' id='word_1_416' title='bbox 1674 1820 1713 1852; x_wconf 90' lang='lat' dir='ltr'>ad</span> <span class='ocrx_word' id='word_1_417' title='bbox 1728 1819 1863 1853; x_wconf 83' lang='lat' dir='ltr'>verbum</span> <span class='ocrx_word' id='word_1_418' title='bbox 1887 1821 1926 1854; x_wconf 92' lang='lat' dir='ltr'>de</span> <span class='ocrx_word' id='word_1_419' title='bbox 1941 1821 1989 1855; x_wconf 90' lang='lat' dir='ltr'>in-</span> 
     </span>
     <span class='ocr_line' id='line_1_82' title="bbox 1235 1873 1991 1920; baseline 0.004 -14"><span class='ocrx_word' id='word_1_420' title='bbox 1235 1874 1324 1907; x_wconf 90' lang='lat' dir='ltr'>dulto</span> <span class='ocrx_word' id='word_1_421' title='bbox 1338 1874 1523 1907; x_wconf 85' lang='lat' dir='ltr'>huiusmodi</span> <span class='ocrx_word' id='word_1_422' title='bbox 1535 1874 1745 1914; x_wconf 69' lang='lat' dir='ltr'>mentionem,</span> <span class='ocrx_word' id='word_1_423' title='bbox 1756 1873 1886 1908; x_wconf 83' lang='lat' dir='ltr'>decreto</span> <span class='ocrx_word' id='word_1_424' title='bbox 1897 1886 1991 1920; x_wconf 87' lang='lat' dir='ltr'>prae-</span> 
     </span>
     <span class='ocr_line' id='line_1_83' title="bbox 1235 1927 1990 1972; baseline 0.003 -11"><span class='ocrx_word' id='word_1_425' title='bbox 1235 1928 1337 1961; x_wconf 88' lang='lat' dir='ltr'>dictae</span> <span class='ocrx_word' id='word_1_426' title='bbox 1359 1927 1471 1972; x_wconf 57' lang='lat' dir='ltr'>synodi</span> <span class='ocrx_word' id='word_1_427' title='bbox 1501 1938 1538 1960; x_wconf 91' lang='lat' dir='ltr'>ac</span> <span class='ocrx_word' id='word_1_428' title='bbox 1556 1927 1785 1961; x_wconf 86' lang='lat' dir='ltr'>constitutione</span> <span class='ocrx_word' id='word_1_429' title='bbox 1805 1927 1907 1962; x_wconf 82' lang='lat' dir='ltr'>felicis</span> <span class='ocrx_word' id='word_1_430' title='bbox 1939 1940 1990 1963; x_wconf 87' lang='lat' dir='ltr'>re-</span> 
     </span>
     <span class='ocr_line' id='line_1_84' title="bbox 1236 1981 1988 2026; baseline 0.001 -11"><span class='ocrx_word' id='word_1_431' title='bbox 1236 1982 1432 2016; x_wconf 84' lang='lat' dir='ltr'>cordationis</span> <span class='ocrx_word' id='word_1_432' title='bbox 1452 1981 1578 2015; x_wconf 88' lang='lat' dir='ltr'>Ioannis</span> <span class='ocrx_word' id='word_1_433' title='bbox 1599 1982 1703 2026; x_wconf 89' lang='lat' dir='ltr'>Papae</span> <span class='ocrx_word' id='word_1_434' title='bbox 1722 1982 1816 2024; x_wconf 78' lang='lat' dir='ltr'>XXII,</span> <span class='ocrx_word' id='word_1_435' title='bbox 1839 1993 1923 2026; x_wconf 82' lang='lat' dir='ltr'>quae</span> <span class='ocrx_word' id='word_1_436' title='bbox 1939 1983 1988 2016; x_wconf 90' lang='lat' dir='ltr'>in-</span> 
     </span>
     <span class='ocr_line' id='line_1_85' title="bbox 1235 2035 1988 2081; baseline 0.001 -12"><span class='ocrx_word' id='word_1_437' title='bbox 1235 2036 1313 2081; x_wconf 84' lang='lat' dir='ltr'>cipit</span> <span class='ocrx_word' id='word_1_438' title='bbox 1331 2036 1487 2080; x_wconf 74' lang='lat' dir='ltr'>Susoepti,</span> <span class='ocrx_word' id='word_1_439' title='bbox 1511 2041 1541 2069; x_wconf 89' lang='lat' dir='ltr'>et</span> <span class='ocrx_word' id='word_1_440' title='bbox 1560 2035 1631 2069; x_wconf 89' lang='lat' dir='ltr'>aliis</span> <span class='ocrx_word' id='word_1_441' title='bbox 1654 2035 1781 2069; x_wconf 90' lang='lat' dir='ltr'>iuribus</span> <span class='ocrx_word' id='word_1_442' title='bbox 1805 2037 1866 2069; x_wconf 87' lang='lat' dir='ltr'>hac</span> <span class='ocrx_word' id='word_1_443' title='bbox 1889 2037 1928 2070; x_wconf 90' lang='lat' dir='ltr'>de</span> <span class='ocrx_word' id='word_1_444' title='bbox 1953 2048 1988 2070; x_wconf 89' lang='lat' dir='ltr'>re</span> 
     </span>
     <span class='ocr_line' id='line_1_86' title="bbox 1235 2089 1988 2134; baseline 0.001 -11"><span class='ocrx_word' id='word_1_445' title='bbox 1235 2090 1481 2134; x_wconf 86' lang='lat' dir='ltr'>disponentibus</span> <span class='ocrx_word' id='word_1_446' title='bbox 1497 2089 1709 2122; x_wconf 87' lang='lat' dir='ltr'>nihilominus</span> <span class='ocrx_word' id='word_1_447' title='bbox 1723 2089 1802 2123; x_wconf 88' lang='lat' dir='ltr'>alias</span> <span class='ocrx_word' id='word_1_448' title='bbox 1812 2089 1845 2124; x_wconf 88' lang='lat' dir='ltr'>in</span> <span class='ocrx_word' id='word_1_449' title='bbox 1863 2100 1922 2124; x_wconf 91' lang='lat' dir='ltr'>suo</span> <span class='ocrx_word' id='word_1_450' title='bbox 1933 2101 1988 2124; x_wconf 91' lang='lat' dir='ltr'>ro-</span> 
     </span>
     <span class='ocr_line' id='line_1_87' title="bbox 1234 2142 1819 2185; baseline -0.009 -7"><span class='ocrx_word' id='word_1_451' title='bbox 1234 2145 1312 2178; x_wconf 85' lang='lat' dir='ltr'>bore</span> <span class='ocrx_word' id='word_1_452' title='bbox 1333 2142 1507 2176; x_wconf 84' lang='lat' dir='ltr'>duraturis.</span> <span class='ocrx_word' id='word_1_453' title='bbox 1813 2182 1819 2185; x_wconf 27' lang='grc' dir='ltr'>ι</span> 
     </span>
    </p>

    <p class='ocr_par' dir='ltr' id='par_1_10' title="bbox 1277 2196 1988 2242">
     <span class='ocr_line' id='line_1_88' title="bbox 1277 2196 1988 2242; baseline 0 -11"><span class='ocrx_word' id='word_1_454' title='bbox 1277 2199 1292 2242; x_wconf 64' lang='grc' dir='ltr'>ἓ</span> <span class='ocrx_word' id='word_1_455' title='bbox 1310 2197 1341 2231; x_wconf 82' lang='grc'>6.</span> <span class='ocrx_word' id='word_1_456' title='bbox 1365 2197 1513 2230; x_wconf 87' lang='lat' dir='ltr'>Ceterum</span> <span class='ocrx_word' id='word_1_457' title='bbox 1535 2207 1593 2241; x_wconf 90' lang='lat' dir='ltr'>per</span> <span class='ocrx_word' id='word_1_458' title='bbox 1609 2196 1773 2240; x_wconf 87' lang='lat' dir='ltr'>praedicta</span> <span class='ocrx_word' id='word_1_459' title='bbox 1793 2207 1858 2230; x_wconf 92' lang='lat' dir='ltr'>non</span> <span class='ocrx_word' id='word_1_460' title='bbox 1885 2197 1988 2231; x_wconf 90' lang='lat' dir='ltr'>inten-</span> 
     </span>
    </p>
   </div>
   <div class='ocr_carea' id='block_1_7' title="bbox 1234 2314 1988 2652">
    <p class='ocr_par' dir='ltr' id='par_1_11' title="bbox 1234 2314 1988 2652">
     <span class='ocr_line' id='line_1_89' title="bbox 1234 2314 1988 2358; baseline 0.001 -10"><span class='ocrx_word' id='word_1_461' title='bbox 1234 2315 1324 2358; x_wconf 72' lang='lat' dir='ltr'>legiis</span> <span class='ocrx_word' id='word_1_462' title='bbox 1342 2341 1349 2355; x_wconf 91' lang='lat'><em>‚</em></span> <span class='ocrx_word' id='word_1_463' title='bbox 1378 2314 1496 2347; x_wconf 89' lang='lat' dir='ltr'>mensis</span> <span class='ocrx_word' id='word_1_464' title='bbox 1520 2319 1575 2347; x_wconf 86' lang='lat' dir='ltr'>aut</span> <span class='ocrx_word' id='word_1_465' title='bbox 1606 2314 1769 2358; x_wconf 88' lang='lat' dir='ltr'>personis,</span> <span class='ocrx_word' id='word_1_466' title='bbox 1802 2314 1928 2348; x_wconf 82' lang='lat' dir='ltr'>fructus</span> <span class='ocrx_word' id='word_1_467' title='bbox 1956 2320 1988 2349; x_wconf 89' lang='lat' dir='ltr'>et</span> 
     </span>
     <span class='ocr_line' id='line_1_90' title="bbox 1234 2372 1986 2413; baseline 0.003 -8"><span class='ocrx_word' id='word_1_468' title='bbox 1234 2372 1488 2413; x_wconf 51' lang='lat' dir='ltr'>distributiones</span> <span class='ocrx_word' id='word_1_469' title='bbox 1505 2372 1589 2405; x_wconf 85' lang='lat' dir='ltr'>inter</span> <span class='ocrx_word' id='word_1_470' title='bbox 1601 2372 1800 2406; x_wconf 76' lang='lat' dir='ltr'>vacationem</span> <span class='ocrx_word' id='word_1_471' title='bbox 1811 2373 1986 2408; x_wconf 86' lang='lat' dir='ltr'>beneficio-</span> 
     </span>
     <span class='ocr_line' id='line_1_91' title="bbox 1234 2431 1987 2475; baseline 0 -10"><span class='ocrx_word' id='word_1_472' title='bbox 1234 2443 1306 2465; x_wconf 89' lang='lat' dir='ltr'>rum</span> <span class='ocrx_word' id='word_1_473' title='bbox 1328 2437 1357 2464; x_wconf 88' lang='lat' dir='ltr'>et</span> <span class='ocrx_word' id='word_1_474' title='bbox 1378 2442 1489 2465; x_wconf 88' lang='lat' dir='ltr'>eorum</span> <span class='ocrx_word' id='word_1_475' title='bbox 1507 2431 1711 2465; x_wconf 88' lang='lat' dir='ltr'>collationem</span> <span class='ocrx_word' id='word_1_476' title='bbox 1731 2431 1794 2464; x_wconf 84' lang='lat' dir='ltr'>sive</span> <span class='ocrx_word' id='word_1_477' title='bbox 1814 2431 1987 2475; x_wconf 89' lang='lat' dir='ltr'>possessio-</span> 
     </span>
     <span class='ocr_line' id='line_1_92' title="bbox 1234 2489 1986 2534; baseline 0 -11"><span class='ocrx_word' id='word_1_478' title='bbox 1234 2490 1282 2523; x_wconf 87' lang='lat' dir='ltr'>nis</span> <span class='ocrx_word' id='word_1_479' title='bbox 1302 2490 1607 2534; x_wconf 87' lang='lat' dir='ltr'>apprehensionem,</span> <span class='ocrx_word' id='word_1_480' title='bbox 1629 2489 1854 2534; x_wconf 83' lang='lat' dir='ltr'>provenientes</span> <span class='ocrx_word' id='word_1_481' title='bbox 1870 2500 1907 2523; x_wconf 86' lang='lat' dir='ltr'>ex</span> <span class='ocrx_word' id='word_1_482' title='bbox 1924 2495 1986 2523; x_wconf 85' lang='lat' dir='ltr'>sta-</span> 
     </span>
     <span class='ocr_line' id='line_1_93' title="bbox 1234 2548 1984 2593; baseline 0.001 -13"><span class='ocrx_word' id='word_1_483' title='bbox 1234 2554 1315 2589; x_wconf 90' lang='lat' dir='ltr'>tuto,</span> <span class='ocrx_word' id='word_1_484' title='bbox 1353 2548 1587 2582; x_wconf 88' lang='lat' dir='ltr'>consuetudine</span> <span class='ocrx_word' id='word_1_485' title='bbox 1607 2549 1656 2582; x_wconf 83' lang='lat' dir='ltr'>vel</span> <span class='ocrx_word' id='word_1_486' title='bbox 1680 2548 1845 2593; x_wconf 82' lang='lat' dir='ltr'>privilegio</span> <span class='ocrx_word' id='word_1_487' title='bbox 1869 2548 1984 2581; x_wconf 90' lang='lat' dir='ltr'>huius-</span> 
     </span>
     <span class='ocr_line' id='line_1_94' title="bbox 1234 2607 1983 2652; baseline 0.003 -12"><span class='ocrx_word' id='word_1_488' title='bbox 1234 2607 1320 2641; x_wconf 89' lang='lat' dir='ltr'>modi</span> <span class='ocrx_word' id='word_1_489' title='bbox 1340 2607 1594 2652; x_wconf 88' lang='lat' dir='ltr'>percipientibus</span> <span class='ocrx_word' id='word_1_490' title='bbox 1609 2608 1659 2642; x_wconf 81' lang='lat' dir='ltr'>vel</span> <span class='ocrx_word' id='word_1_491' title='bbox 1678 2607 1902 2649; x_wconf 87' lang='lat' dir='ltr'>retinentibus,</span> <span class='ocrx_word' id='word_1_492' title='bbox 1919 2618 1983 2652; x_wconf 89' lang='lat' dir='ltr'>quo</span> 
     </span>
    </p>
   </div>
   <div class='ocr_carea' id='block_1_8' title="bbox 2001 207 2189 239">
    <p class='ocr_par' dir='ltr' id='par_1_12' title="bbox 2001 207 2189 239">
     <span class='ocr_line' id='line_1_95' title="bbox 2001 207 2189 239; baseline 0.005 -2"><span class='ocrx_word' id='word_1_493' title='bbox 2001 208 2055 238; x_wconf 76' lang='lat' dir='ltr'>An.</span> <span class='ocrx_word' id='word_1_494' title='bbox 2070 208 2099 238; x_wconf 89' lang='lat' dir='ltr'>C.</span> <span class='ocrx_word' id='word_1_495' title='bbox 2118 207 2189 239; x_wconf 68' lang='lat'>¹⁸⁷0</span> 
     </span>
    </p>
   </div>
   <div class='ocr_carea' id='block_1_9' title="bbox 2004 970 2188 1029">
    <p class='ocr_par' dir='ltr' id='par_1_13' title="bbox 2004 970 2188 1029">
     <span class='ocr_line' id='line_1_96' title="bbox 2065 970 2188 993; baseline 0 -1"><span class='ocrx_word' id='word_1_496' title='bbox 2065 970 2188 993; x_wconf 73' lang='lat' dir='ltr'>Dochi-atto</span> 
     </span>
     <span class='ocr_line' id='line_1_97' title="bbox 2004 1002 2167 1029; baseline 0.006 -7"><span class='ocrx_word' id='word_1_497' title='bbox 2004 1002 2167 1029; x_wconf 70' lang='lat' dir='ltr'>praedictorum.</span> 
     </span>
    </p>
   </div>
   <div class='ocr_carea' id='block_1_10' title="bbox 2006 1456 2190 1511">
    <p class='ocr_par' dir='ltr' id='par_1_14' title="bbox 2006 1456 2190 1511">
     <span class='ocr_line' id='line_1_98' title="bbox 2076 1456 2190 1484; baseline 0.009 -6"><span class='ocrx_word' id='word_1_498' title='bbox 2076 1456 2190 1484; x_wconf 71' lang='lat' dir='ltr'>Derogatln</span> 
     </span>
     <span class='ocr_line' id='line_1_99' title="bbox 2006 1489 2168 1511; baseline 0 -1"><span class='ocrx_word' id='word_1_499' title='bbox 2006 1489 2168 1511; x_wconf 76' lang='lat' dir='ltr'>contrariorum.</span> 
     </span>
    </p>
   </div>
   <div class='ocr_carea' id='block_1_11' title="bbox 1234 2211 2187 2299">
    <p class='ocr_par' dir='ltr' id='par_1_15' title="bbox 1234 2211 2187 2299">
     <span class='ocr_line' id='line_1_100' title="bbox 2013 2211 2187 2249; baseline 0 -15"><span class='ocrx_word' id='word_1_500' title='bbox 2013 2244 2017 2249; x_wconf 35' lang='grc' dir='ltr'>ι</span> <span class='ocrx_word' id='word_1_501' title='bbox 2030 2211 2077 2234; x_wconf 76' lang='lat' dir='ltr'>Atia</span> <span class='ocrx_word' id='word_1_502' title='bbox 2089 2212 2187 2234; x_wconf 75' lang='lat' dir='ltr'>deotm-</span> 
     </span>
     <span class='ocr_line' id='line_1_101' title="bbox 1234 2255 2041 2299; baseline 0 -9"><span class='ocrx_word' id='word_1_503' title='bbox 1234 2257 1340 2290; x_wconf 88' lang='lat' dir='ltr'>dimus</span> <span class='ocrx_word' id='word_1_504' title='bbox 1373 2256 1435 2288; x_wconf 91' lang='lat' dir='ltr'>illis</span> <span class='ocrx_word' id='word_1_505' title='bbox 1459 2255 1684 2299; x_wconf 87' lang='lat' dir='ltr'>praeiudicare</span> <span class='ocrx_word' id='word_1_506' title='bbox 1719 2255 1886 2299; x_wconf 87' lang='lat' dir='ltr'>capitulis,</span> <span class='ocrx_word' id='word_1_507' title='bbox 1919 2257 1987 2290; x_wconf 86' lang='lat' dir='ltr'>col·</span> <span class='ocrx_word' id='word_1_508' title='bbox 2035 2258 2041 2266; x_wconf 93' lang='grc'><strong>”</strong></span> 
     </span>
    </p>
   </div>
  </div>
 </body>
</html>
