2237 3100
64 291 114 317 An.
131 290 161 318 C.
179 290 245 317 ¹567

303 340 318 383 ξ
338 340 369 372 1.
391 338 585 383 Accepimus
611 349 687 372 sane
718 349 833 383 nuper,
858 348 922 371 non
944 338 1011 371 sine

89 403 245 439 causacomu-
260 393 358 426 animi
377 393 478 426 nostri
491 393 649 434 molestia,
663 393 750 436 quod
762 393 874 426 fratres
885 392 1011 426 Ordinis

63 436 154 486 ‹i'ssf'm
179 434 246 454 ⁰⁶⁹⁰*
260 447 291 480 S.
325 446 487 480 Francisci
507 447 739 481 Conventuales
766 447 956 490 nuncupati,
979 447 1011 479 in

260 500 392 533 diversis
411 501 625 544 Portugalliae
657 512 692 534 ac
714 501 938 544 Algarbiorum
959 512 1010 533 re-

260 564 399 597 gnorum
426 554 600 598 provinciis
625 554 759 598 aliisque
781 554 958 587 charissimi
980 554 1010 587 in

260 607 385 641 Christo
406 608 462 641 filii
482 609 584 642 nostri
596 608 772 642 Sebastiani
795 608 1011 651 Portugalliae

261 666 292 694 et
307 662 534 705 Algarbiorum
569 663 653 705 regis
674 663 807 695 illustris
838 662 988 695 dominiis
1003 689 1010 703 ,

261 715 355 748 terris
368 721 398 749 et
415 716 494 749 locis
510 716 686 757 constituti,
707 727 724 749 a
740 716 905 749 nonnullis
920 715 1012 749 annis

261 769 339 802 citra
358 796 365 809 ‚
393 781 469 803 suae
490 770 696 814 professionis
714 797 720 809 ,
746 769 856 803 salutis
881 775 909 803 et
930 770 1011 802 Reli-

260 822 364 865 gionis
392 823 623 864 immemores,
646 823 885 868 privilegiisque
915 823 973 856 sibi
994 834 1011 856 a

261 875 341 909 Sede
360 877 545 921 Apostolica
572 878 709 920 gratiose
742 877 901 911 concessis
931 877 1010 910 abu-

260 935 374 971 tentes,
396 930 516 975 Deique
542 932 658 965 timore
689 931 877 975 postposito,
897 936 958 963 tam
973 930 1011 963 li-

260 984 437 1018 centiosam
471 985 740 1029 inhonestamque
770 985 886 1025 vitam,
922 990 951 1017 et
972 984 1012 1017 ab

260 1037 411 1071 institutis
429 1039 607 1072 fundatoris
619 1044 650 1072 et
664 1040 763 1084 patris
779 1039 828 1072 sui
852 1038 1011 1082 seraphici

260 1091 499 1137 discrepantem
532 1104 568 1126 ac
603 1100 759 1127 remotam
794 1093 912 1126 ducere
946 1103 1011 1125 non

259 1152 422 1187 verentur,
437 1152 483 1187 ut,
498 1146 723 1190 religiosorum
740 1148 870 1179 nomine
887 1151 1011 1178 tantum

261 1204 398 1239 retento,
421 1210 486 1233 non
506 1200 602 1233 modo
627 1200 778 1233 Ordinem
817 1200 1010 1243 regulasque

259 1263 333 1286 suas
352 1253 547 1287 dedecorent
568 1281 578 1293 ,
604 1265 715 1287 verum
733 1253 827 1286 etiam
848 1253 1011 1297 plerisque

259 1317 297 1339 ex
317 1307 580 1341 christifidelibus
595 1308 669 1341 talia
690 1308 896 1341 cernentibus
923 1317 1011 1340 scan-

259 1361 368 1394 dalum
393 1372 458 1394 non
484 1362 647 1395 modicum
683 1362 828 1395 afferant.
862 1362 936 1398 Nos,
956 1361 1009 1405 qui

260 1419 323 1446 tam
344 1413 455 1447 Ordini
476 1415 642 1459 praedicto
664 1415 763 1448 decus
794 1421 824 1448 et
844 1415 1011 1458 integrita-
1032 1441 1033 1446 ,

260 1473 336 1508 tem,
349 1468 464 1512 suique
475 1469 605 1513 pristini
616 1469 764 1503 candoris
775 1470 1011 1502 restitutionem
1032 1473 1034 1505 ὲ,

260 1522 395 1556 sinceris
413 1523 554 1557 zelamus
586 1523 755 1557 affectibus
771 1550 778 1564 ,
799 1534 896 1567 quam
917 1534 1011 1568 prae·
1032 1536 1034 1561 ,³

260 1576 338 1610 dicti
349 1576 528 1610 Sebastiam
539 1578 635 1621 regis,
647 1578 703 1622 qui
718 1578 749 1611 id
760 1589 777 1611 a
787 1578 880 1611 nobis
892 1578 1011 1617 animo,

260 1630 315 1673 qui
345 1642 418 1664 vere
438 1632 628 1675 religiosum
649 1637 679 1665 et
695 1632 891 1665 catholicum
921 1632 1013 1666 decet
1032 1626 1034 1631 ⁴

261 1684 458 1729 principem,
474 1685 664 1719 iamdudum
682 1686 842 1730 repetivit,
856 1686 1011 1719 voluntati
1033 1718 1034 1722 ,

261 1738 445 1772 satisfacere
465 1739 557 1773 enixe
578 1740 742 1783 cupimus,
763 1740 906 1773 volentes
922 1751 1013 1783 prae-

263 1792 368 1826 missis
387 1803 446 1836 pro
466 1794 567 1827 nostri
588 1794 758 1837 pastoralis
778 1794 875 1827 officii
905 1794 1013 1827 debito

262 1846 444 1889 providere.

305 1900 320 1944 ξ
340 1899 372 1933 2.
394 1901 480 1934 Motu
501 1902 646 1945 proprio,
659 1912 724 1934 non
744 1902 783 1934 ad
804 1902 943 1934 alicuius
958 1912 1014 1934 no·
1034 1934 1036 1940 ,

83 1960 175 1996 Henricq
191 1961 247 1996 can}-
262 1952 311 1986 bis
326 1955 493 1997 superhoc
507 1955 631 1988 oblatae
643 1955 808 1999 petitionis
818 1955 1013 1992 instantiam,

65 1995 250 2043 {iarunipffigfopss
263 2007 319 2040 s'ed
338 2018 374 2040 ex
395 2018 483 2040 mera
504 2008 736 2042 deliberatione
760 2014 790 2042 et,
811 2014 896 2042 certa
914 2009 1015 2042 scien-

65 2057 250 2107 ξξξᾚέξζῗῗξζ
263 2061 306 2094 tia
325 2061 463 2101 nostris,
484 2061 602 2095 dilecto
627 2062 695 2095 filio
720 2068 829 2095 nostro
860 2063 1012 2103 Henrico,

66 2118 185 2141 0⁰mmi²¹³¹=
263 2115 349 2148 tituli
380 2121 566 2148 sanctorum
605 2116 748 2155 Quatuor
780 2116 1015 2150 Coronatorum

263 2168 450 2212 presbytero
471 2169 639 2210 cardinali,
653 2169 766 2202 Infanti
784 2170 1013 2213 Portugalliae,

264 2227 374 2255 nostro
419 2228 449 2255 et.
481 2223 684 2266 Apostolicae
718 2223 808 2257 Sedis
841 2225 944 2267 legato
977 2224 1015 2257 de

264 2277 376 2318 latere,
398 2287 525 2310 necnon
542 2277 693 2310 omnibus
721 2283 752 2310 et
765 2278 900 2320 singulis
924 2289 1016 2311 rene-

263 2330 421 2363 rabilibus
442 2331 594 2364 fratribus
620 2332 738 2364 nostris
762 2331 1017 2375 archiepiscopis

264 2391 295 2417 et
315 2384 478 2429 episcopis
505 2396 563 2428 per
590 2385 806 2428 Portugalliae
841 2390 869 2418 et
903 2385 1015 2428 Algar-

265 2438 394 2472 biorum
416 2450 514 2482 regna
547 2439 674 2482 aliaque
709 2439 811 2482 ipsius
839 2439 1016 2472 Sebastiam

265 2489 350 2532 regis
370 2489 513 2522 dominia
539 2488 731 2528 constitutis,
756 2488 787 2520 in
807 2488 922 2521 virtute
944 2499 1016 2521 san-

266 2542 335 2570 ctae
356 2537 569 2577 obedientiae,
593 2548 651 2580 per
670 2542 855 2580 praesentes
869 2538 1017 2570 commit-

266 2586 363 2620 timus
393 2592 552 2631 quatenus
573 2586 640 2630 ipse
656 2587 702 2619 vel
727 2587 870 2630 ipsorum
896 2586 1019 2619 arcliie-

266 2636 476 2681 piscoporum
511 2642 541 2668 et
581 2636 809 2679 episcoporum
848 2635 983 2679 quilibet
1009 2663 1015 2673 ,

266 2690 426 2728 quatenus
446 2686 478 2719 in
505 2695 563 2718 sua
583 2685 710 2718 civitate
729 2685 775 2718 rel
798 2684 936 2718 dioecesi
959 2684 1016 2718 Or-

346 2734 421 2765 Bull.
438 2734 515 2765 Rom.
542 2734 596 2765 Vol.
624 2734 681 2765 VII.
865 2734 900 2763 79

944 285 1011 309 Plt's
1029 286 1048 308 V
1067 285 1114 309 PP.

1693 273 1758 308 6⁶25

1053 338 1136 371 dinis
1157 337 1325 382 praedicti,
1348 342 1411 369 tam
1432 336 1575 369 virorum
1610 347 1708 380 quam
1728 348 1800 370 mu·

1052 390 1457 431 lierumConventualium,
1479 390 1575 424 etiam
1592 390 1689 423 Tertii
1708 390 1801 424 Ordi-

1052 446 1102 478 nis
1121 445 1314 489 nuncupati,
1336 445 1360 478 si
1380 450 1485 478 tamen
1501 444 1563 477 tria
1580 445 1801 478 substantialia

1052 505 1123 532 vota
1157 499 1302 533 emittere
1331 504 1590 540 consueverunt,
1631 499 1743 532 domos
1772 505 1802 532 et

1053 554 1247 587 monasteria
1268 554 1381 593 habet,
1415 554 1503 586 omni
1526 554 1668 586 humano
1684 554 1801 587 affectu

1054 608 1203 651 seposito,
1219 608 1384 652 Deumque
1406 609 1509 641 solum
1530 619 1606 652 prae
1627 608 1731 641 oculis
1747 609 1802 641 lia-

1052 661 1142 699 bens
1166 661 1294 695 Ordinis
1312 662 1456 695 eiusdem
1485 662 1523 695 de
1543 661 1749 696 Observantia
1769 662 1800 695 in

1053 715 1161 758 regnis
1182 721 1212 747 et
1230 716 1383 749 dominiis
1395 716 1568 759 praedictis
1578 717 1801 750 commissario

1053 770 1206 811 generali,
1230 781 1284 803 seu
1306 770 1489 813 provinciae
1507 797 1514 808 ‚
1543 770 1575 803 in
1595 781 1658 814 qua
1687 770 1802 804 domus

1054 828 1081 855 et
1104 824 1299 856 monasteria
1319 824 1483 867 praedicta
1503 824 1694 865 consistunt,
1708 825 1801 858 mini-

1053 882 1118 909 stro
1134 877 1334 920 provinciali,
1354 884 1383 911 et
1402 878 1511 921 aliquo
1537 889 1592 911 seu
1618 878 1712 912 etiam
1733 880 1803 923 plu-

1054 930 1144 963 ribus
1176 931 1318 964 eiusdem
1362 931 1490 965 Ordinis
1523 932 1561 965 de
1598 932 1801 966 Observantia

1053 984 1206 1017 fratribus
1219 1012 1226 1025 ,
1244 996 1302 1028 per
1320 985 1522 1028 praedictum
1544 986 1800 1020 commissarium

1054 1049 1109 1071 seu
1137 1038 1321 1071 ministrum
1354 1039 1582 1082 provincialem
1617 1040 1771 1083 eligendis
1793 1069 1800 1082 ,

1054 1102 1163 1124 secum
1188 1092 1373 1135 assumptis,
1400 1092 1438 1125 ad
1460 1092 1584 1136 singula
1604 1093 1636 1126 in
1657 1093 1800 1137 ipsorum

1054 1144 1234 1178 civitatibus
1268 1151 1297 1179 et
1317 1145 1520 1179 dioecesibus
1540 1147 1746 1180 consistentia
1761 1147 1802 1180 vi-

1053 1208 1164 1231 rorum
1176 1205 1206 1231 et
1217 1199 1391 1232 mulierum
1407 1199 1685 1238 Conventualium,
1708 1201 1802 1234 etiam

1054 1251 1149 1284 Tertii
1170 1251 1297 1285 Ordinis
1317 1252 1515 1293 luliusmodi,
1538 1253 1650 1287 domos
1682 1259 1713 1287 et
1733 1265 1802 1288 mo-

1053 1305 1192 1338 nasteria
1213 1306 1436 1349 personaliter,
1458 1306 1481 1338 si
1502 1307 1533 1339 id
1550 1308 1717 1341 commode
1733 1308 1803 1341 fieri

1054 1359 1183 1402 poterit,
1206 1359 1351 1403 alioquin
1371 1360 1516 1403 ipsorum
1544 1361 1804 1405 archiepiscopo-

1054 1424 1126 1445 rum
1141 1413 1251 1446 vicarii
1268 1413 1300 1447 in
1313 1414 1537 1457 spiritualibus
1551 1415 1718 1458 generales
1747 1426 1803 1448 seu

1055 1466 1220 1507 officiales,
1234 1468 1377 1501 autaliae
1386 1478 1542 1511 personae
1554 1469 1802 1508 ecclesiasticae,
1846 1464 1852 1470 ⁶

1054 1531 1112 1564 per
1152 1521 1274 1555 dictum
1308 1522 1486 1555 Henricum
1520 1522 1737 1557 nominandae
1775 1528 1805 1556 et

1055 1575 1257 1618 deputandae
1276 1602 1283 1616 ,
1301 1586 1366 1609 uno
1383 1586 1438 1609 seu
1456 1575 1606 1619 pluribus
1621 1577 1805 1620 guardianis

1055 1634 1109 1662 aut
1129 1628 1200 1662 aliis
1223 1629 1375 1662 fratribus
1389 1640 1406 1662 a
1422 1629 1645 1663 commissario
1668 1630 1717 1664 vel
1733 1641 1807 1675 pro-

1054 1682 1183 1716 vinciali
1193 1683 1357 1726 praedictis
1365 1684 1557 1727 deputandis
1569 1695 1679 1718 seeum
1693 1684 1807 1718 adiun-

1056 1737 1124 1777 ctis,
1135 1737 1300 1778 accedant,
1310 1738 1388 1771 acin
1401 1738 1551 1772 domibus
1562 1744 1590 1772 et
1605 1738 1806 1772 monasteriis

1055 1791 1229 1835 praedictis
1249 1793 1386 1825 formam
1403 1793 1659 1825 conventualiter
1682 1793 1804 1826 vivendi

1055 1845 1185 1888 penitus
1205 1852 1233 1879 et
1254 1846 1287 1879 in
1312 1852 1521 1891 perpetuum,
1541 1847 1731 1880 auctoritate
1752 1857 1806 1880 no-

1056 1905 1132 1941 stra,
1155 1901 1265 1933 tollant
1287 1905 1316 1933 et
1336 1901 1532 1944 extinguant.

1100 1955 1114 1997 ξ
1135 1953 1166 1987 3.
1190 1955 1233 1987 Ac
1254 1965 1409 1998 personas
1431 1955 1462 1987 in
1492 1954 1557 1987 illis
1590 1954 1742 1997 degentes
1767 1955 1805 1987 ad
1869 1962 1909 1983 Sub
1926 1961 2004 1987 Regula

1057 2007 1204 2041 eamdem
1217 2007 1341 2041 vivendi
1354 2009 1491 2040 sormam
1522 2007 1699 2051 eademque
1715 2007 1806 2040 insti-
1821 1992 2005 2045 ἓξῗῖᾙῑξξῃὲῗζ

1057 2067 1136 2102 tuta,
1159 2062 1254 2095 etiam
1275 2062 1380 2105 quoad
1412 2067 1511 2095 vestes
1538 2067 1566 2095 et
1592 2063 1807 2095 calceamenta
1822 2061 1901 2108 1¹:2⁰⁰*
1918 2056 2006 2076 mmm·

1057 2115 1201 2158 redigant
1220 2143 1227 2156 ,
1251 2126 1333 2159 quae
1353 2116 1522 2159 utriusque
1542 2125 1635 2148 sexus
1664 2114 1807 2157 religiosi

1057 2168 1096 2201 de
1115 2168 1321 2202 observantia
1340 2169 1442 2202 vocati
1459 2169 1639 2209 observant,
1658 2169 1807 2212 ipsasque

1058 2233 1184 2256 sorores
1201 2229 1231 2256 et
1250 2223 1407 2256 moniales
1427 2222 1661 2256 Conrentuales
1679 2232 1808 2255 eorum-

1059 2276 1130 2309 dem
1152 2278 1286 2310 l'ratrum
1307 2277 1345 2310 de
1362 2276 1567 2310 Obsewantia
1587 2275 1806 2315 obedientiae,

1058 2330 1267 2371 correctioni,
1289 2330 1462 2364 visitationi
1482 2358 1488 2370 ,
1512 2341 1608 2363 curae
1642 2330 1807 2373 regimini-

1058 2395 1120 2428 que
1142 2385 1354 2417 committant⁴

1102 2438 1117 2481 ξ,
1135 2437 1167 2471 4.
1191 2439 1234 2471 Ac
1249 2438 1517 2472 Conventualium
1538 2438 1725 2471 huiusmodi
1752 2449 1806 2472 sen
1870 2451 2002 2471 convenim-

1059 2487 1155 2520 Tertii
1186 2488 1315 2521 Ordinis
1335 2488 1470 2520 fratrum
1500 2492 1530 2520 et
1560 2498 1725 2529 sororum,
1747 2487 1808 2520 tria
1824 2482 1874 2502 '‘¹¹¹''
1898 2486 1919 2503 ‘²‘
1941 2482 2004 2503 ΤΗΝ

1824 2512 1909 2534 Ordinis
1933 2520 2006 2534 innua-

1060 2537 1281 2570 substantialia
1296 2531 1370 2570 vota'
1387 2537 1606 2580 professorum
1624 2564 1631 2577 ‚
1659 2537 1809 2570 ecclesias
1824 2546 1890 2564 steria
1926 2544 2005 2565 frutrib-

1060 2597 1095 2620 ac
1107 2587 1300 2620 monasteria
1315 2597 1370 2619 seu
1386 2586 1498 2619 domos
1511 2585 1672 2630 religiosis
1680 2585 1809 2631 Ordinis
1825 2575 2008 2627 Ξξιῗῖζῗξᾞὲἶῗ

1060 2635 1323 2676 deObservantia,
1335 2646 1392 2679 per
1409 2635 1495 2678 ipsos
1510 2640 1667 2681 perpetuo
1686 2634 1807 2669 haben·
1825 2637 1878 2658 'ibus
1899 2639 2008 2661 “NUM-

1060 2685 1126 2725 das,
1139 2685 1312 2728 assignent,
1325 2696 1360 2718 ac
1374 2684 1405 2717 in
1416 2685 1527 2719 domos
1543 2696 1598 2717 seu
1616 2685 1807 2718 monasteria
1825 2669 2007 2727 iiss¹1¹⁵¹⁸¹p¹3rsiiiii}

1817 281 1907 308 Arre.
1934 282 1998 309 ¹567
