2237 3100
39 271 90 298 An.
108 271 137 298 C.
155 268 218 298 ¹571

919 264 986 289 Plus
1007 265 1024 288 V
1044 265 1091 288 FP.

1678 254 1742 288 943

39 332 119 354 (fumus
140 333 222 353 men-
239 326 317 349 cura
346 321 376 349 et
403 317 471 349 sine
501 328 590 354 cura,
618 318 654 357 si,
685 322 753 360 post
781 328 833 350 sex
862 328 987 350 menses
1034 328 1118 350 anno
1144 317 1376 351 Incarnationis
1404 317 1585 351 dominicae
1614 318 1786 352 millesimo

38 363 115 384 ciorum
124 368 160 389 μνη
169 366 220 383 rata.

89 969 126 990 Hic
156 970 217 990 modo

36 1001 131 1022 Pontifex
158 1001 217 1029 *lianc

36 1035 100 1052 ratam
116 1032 217 1053 declarat.

63 2595 148 2616 Sniietto
165 2602 218 2623 pon.

238 380 335 412 quam
352 369 431 402 illud
457 370 652 411 obtinuerit,
672 371 814 403 divinum
833 371 988 410 officinm,

1033 371 1291 414 quingentesimo
1312 371 1547 413 septuagesimo
1569 371 1685 414 primo,
1707 372 1787 405 duo-

237 422 379 464 legitimo
400 428 542 456 cessante
563 423 803 467 impedimento,
824 434 888 455 non
904 424 991 456 dixe·
1034 424 1159 456 decimo
1175 424 1327 464 kalendas
1343 424 1495 463 octobris,
1510 425 1716 467 pontificatus
1731 420 1786 457 110-

238 475 299 515 rit,
331 476 565 509 beneficiorum
597 487 729 509 suorum
761 478 904 512 fructus,
933 487 990 520 pro

237 534 304 561 rata
329 529 511 562 omissionis
539 529 635 561 0111611
661 534 691 561 et
715 530 889 573 temporis,
917 540 991 562 suos

237 591 300 614 non
321 583 425 622 faciat,
442 583 497 614 sed
513 582 579 619 eos,
597 587 762 625 tamquam
779 582 895 615 iniuste
917 593 990 625 per-

236 640 357 678 ceptos,
381 636 413 668 in
435 635 571 668 fabricas
594 635 989 678 ipsorum'beneficiorum

235 688 281 720 vel
303 698 485 731 pauperum
507 688 725 731 eleemosynas
746 698 879 730 erogare
900 694 989 720 tene-

235 746 319 772 atur.
351 740 579 773 Verumtamen
606 741 784 773 multorum
815 740 913 773 animi
939 752 991 773 su-

1033 487 1117 509 311ηο
1134 487 1175 509 w.

1083 530 1145 560 ltat.
1164 531 1209 560 die
1225 530 1263 561 20
1279 535 1354 570 sept.
1374 531 1460 567 1571,
1478 531 1581 570 pontis.
1599 541 1675 561 anno
1692 541 1729 561 vr.

1352 706 1448 739 Certi
1456 733 1461 738 .

235 793 405 835 spensione
422 800 584 834 tenentur,
601 794 883 827 cuiusmodiratae
899 804 991 837 prae·
1034 783 1220 816 [Μ”ῖ-ςίῖῖΐῑῖθ
1254 784 1474 835 episcoporum·
1497 783 1656 816 ²⁷5355021‘ff
1684 794 1783 826 pam·

235 846 337 879 dictae
357 847 438 879 ratio
459 848 497 879 sit
519 848 677 880 habenda.

279 901 294 942 5,
314 900 346 932 ¹1.
373 901 453 940 Nos,
471 901 548 933 111116
568 901 615 933 rei
631 900 809 933 evidentius
824 905 919 943 atque
936 910 990 932 ex-

235 953 376 996 pressius
398 953 566 997 providere
586 955 745 994 volentes,
767 954 936 989 statuimus
957 959 990 985 ut

235 1005 290 1049 qui
310 1006 406 1040 horas
431 1017 544 1040 omnes
570 1007 743 1039 canonicas
765 1003 898 1039 uno'vel
920 1007 990 1049 plu-

234 1060 324 1093 ribus
348 1060 462 1094 diebus
491 1061 738 1099 intermiserim,
762 1071 874 1093 omnes
895 1061 990 1092 bene-

234 1113 299 1146 ficii
313 1123 369 1147 seu
383 1114 617 1149 beneficiorum
631 1124 764 1147 suorum
782 1114 916 1153 fructus,
933 1112 988 1156 qui

234 1166 280 1198 illi
300 1167 348 1199 vel
373 1166 435 1199 illis
456 1167 570 1199 [liebus
592 1166 841 1211 responderent,
864 1166 889 1198 si
910 1176 990 1208 quo-

236 1220 310 1252 tidie
338 1219 575 1258 dividerentur:
608 1220 663 1263 qui
689 1230 764 1253 vero
794 1219 987 1251 matutinum

235 1279 371 1311 tantum,
394 1274 574 1314 diniidiam;
592 1273 646 1317 qui
664 1278 786 1307 ceteras
802 1283 915 1305 omnes
930 1272 988 1305 110-

234 1337 298 1366 ras,
321 1327 416 1360 aliam
443 1327 623 1368 dimidiam3
650 1327 705 1370 qui
730 1327 846 1359 harum
876 1326 987 1369 singu-

234 1380 293 1420 las,
309 1386 427 1413 sextam
442 1386 567 1424 partem
582 1381 748 1414 fructuum
765 1380 908 1413 eiusdem
926 1379 988 1412 diei

234 1433 373 1473 amittat,
406 1434 532 1466 tametsi
565 1433 682 1477 aliquis
710 1434 810 1466 choro
831 1433 988 1471 addictus,

234 1497 298 1520 11011
310 1487 458 1527 recitans,
473 1487 622 1520 omnibus
635 1487 723 1519 horis
739 1487 903 1520 canonicis
915 1498 988 1519 cum

233 1540 303 1574 aliis
323 1551 475 1585 praesens
488 1540 580 1581 adsit,
593 1541 780 1583 fructusque
795 1546 825 1573 et
838 1541 989 1573 distribu-

233 1593 337 1627 tiones
357 1595 437 1627 forte
454 1594 548 1627 aliter
567 1594 742 1637 assignatas
758 1595 824 1627 sola
837 1606 988 1638 praesen-

233 1648 288 1688 tia,
313 1648 400 1681 iuxta
421 1653 549 1687 statuta,
572 1648 854 1687 consuetudinem,
877 1648 988 1681 sunda-

227 1701 354 1734 *tionem
375 1701 423 1734 vel
440 1701 527 1741 alias,
548 1701 607 1733 sibi
624 1701 823 1734 lucrit'ecisse
842 1707 988 1745 praeten-

233 1755 297 1796 dat,
320 1755 426 1794 etiam,
447 1759 575 1798 praeter
595 1754 759 1787 fructuum
781 1759 808 1786 et
836 1754 988 1788 distribu-

231 1808 357 1841 tionum
395 1807 620 1844 amissionem:
645 1807 720 1840 item
738 1807 810 1847 ille,
843 1807 898 1850 qui
925 1808 989 1851 pri-

233 1862 301 1903 mis
320 1872 370 1894 sex
402 1862 567 1895 mensibus
593 1861 829 1894 officium-non
855 1861 986 1901 dixerit,

233 1915 293 1947 nisi
314 1915 493 1958 legitimum
516 1915 783 1959 impedimentum
806 1915 911 1958 ipsum
934 1926 987 1948 cx-

233 1969 409 2009 cusaverit,
433 1979 526 2011 grave
553 1974 721 2012 peccatum
752 1968 909 2011 intelligat
935 1969 988 2001 ad-

233 2021 367 2055 misisse.
386 2021 838 2065 Deelarantespraestimonia‚
852 2022 987 2065 praesti-

233 2075 389 2108 moniales
412 2075 577 2118 portiones
606 2080 636 2107 et
654 2075 905 2119 qualiacumque
927 2075 988 2107 alia

232 2127 402 2169 beneficia,
422 2128 518 2161 etiam
533 2129 660 2161 nullum
673 2128 807 2161 omnino
823 2128 986 2161 servitium

234 2181 394 2221 habentia,
407 2181 599 2222 obtinentes,
612 2193 687 2215 cnm
698 2182 860 2225 praedictis
869 2182 989 2225 pariter

233 2234 408 2267 conveniri.
427 2235 672 2277 Atquicumque
686 2235 888 2278 pensionem,
903 2236 988 2268 sruc-

235 2292 284 2320 tus
305 2293 358 2320 aut
379 2288 457 2321 alias
476 2299 528 2321 res
548 2288 781 2321 ecclesiasticas
803 2294 838 2321 ut
851 2288 988 2322 clericus

235 2341 383 2384 percipit,
398 2352 471 2374 eum
481 2341 577 2374 modo
591 2341 755 2385 praedicto
764 2342 803 2375 ad
815 2342 987 2375 dicendum

234 2394 376 2427 officium
405 2405 538 2438 parvum
568 2396 682 2429 Beatae
712 2395 827 2428 Mariae
852 2395 989 2437 Virginis

234 2442 440 2475 decernimus
478 2443 674 2485 obligatum,
712 2450 749 2476 et·
777 2444 986 2487 pensionum,

235 2491 401 2524 fructuum
430 2502 606 2534 rerumque
644 2492 789 2535 ipsarum
823 2493 988 2525 amissioni

236 2540 423 2573 obnoxium.

279 2589 294 2632 ᾗ
314 2589 344 2621 2.
368 2589 453 2621 Nulli
480 2600 556 2631 crgo
582 2589 714 2622 omnino
739 2589 908 2622 hominum
930 2595 986 2622 etc.

279 2638 394 2671 Datum
415 2638 535 2672 Rornae
555 2639 642 2682 apud
667 2638 819 2672 Sanctum
841 2639 987 2679 Petrum,

1076 837 1196 869 elu'ales
1221 837 1366 869 ecclesias
1379 837 1519 877 fratrum
1539 834 1683 869 militum
1698 837 1784 870 San-

1076 891 1119 922 rli
1130 890 1263 922 Ioannis
1275 889 1578 931 Hierosolymiiam)
1597 891 1700 933 quoad
1713 891 1785 923 sini-

1076 954 1202 975 marum
1221 953 1329 975 63111111
1350 947 1378 975 el
1394 944 1717 976 adminisl1·ati0m‘m
1731 954 1783 976 sa-

1069 1000 1326 1028 'fiumentorum.

1091 1076 1153 1104 Pius
1172 1076 1241 1110 Papa
1261 1075 1292 1108 V,
1309 1076 1342 1103 ad
1359 1076 1485 1104 futuram
1505 1077 1545 1105 rei
1560 1077 1728 1106 memoriam.

1076 1147 1225 1190 Exposcit
1245 1148 1414 1190 pastoralis
1430 1147 1526 1180 officii
1542 1148 1700 1188 debitum,
1718 1147 1782 1187 cui,

1031 1200 1222 1242 disponente
1242 1200 1397 1240 Domino,
1420 1201 1660 1244 praesidemus,
1687 1207 1721 1234 ut
1746 1201 1785 1234 ad

1031 1264 1067 1286 ea
1088 1253 1223 1286 sollicite
1244 1253 1459 1292 intendamus,
1482 1265 1539 1297 per
1558 1265 1641 1297 quae
1662 1254 1784 1287 discor-

1031 1307 1157 1339 diarum
1181 1312 1209 1339 et
1223 1306 1329 1339 litium
1346 1318 1381 1339 a(-
1397 1307 1687 1340 controversiarum
1704 1318 1784 1350 qua-

1032 1360 1185 1392 rumlibet.
1205 1360 1338 1392 materia
1359 1361 1502 1393 tollatur.

1075 1414 1089 1456 ξ
1110 1414 1140 1446 1.
1165 1413 1247 1446 Sanc
1273 1424 1345 1446 cum
1368 1414 1516 1447 nonnulli
1537 1425 1573 1446 ex
1594 1413 1784 1446 venerabili—

1031 1466 1091 1499 bus
1111 1467 1265 1500 fratrihus
1285 1467 1444 1511 episcopis
1464 1467 1598 1499 dilectos
1614 1467 1696 1499 filios
1716 1478 1784 1500 ma-

1030 1520 1178 1563 gistrum⁷
1189 1521 1358 1560 baiulivos,
1381 1521 1591 1553 castellanum
1606 1526 1781 1563 empostae,

1032 1573 1165 1616 priores,
1182 1574 1328 1613 donatos,
1347 1574 1563 1617 cappellanos,
1581 1574 1704 1613 fratres,
1722 1573 1783 1606 mi-

1031 1627 1102 1660 lites
1122 1633 1152 1660 et.
1165 1628 1249 1660 alias
1269 1638 1491 1671 quascumque
1505 1637 1658 1670 personas
1673 1626 1784 1670 hospi-

1032 1680 1102 1712 talis
1124 1681 1231 1714 Sancti
1251 1681 1379 1714 Ioannis
1410 1680 1705 1724 llierosolymstani,
1733 1690 1784 1713 ra-

1032 1733 1117 1766 tione
1146 1735 1357 1767 ecclesiarum
1384 1745 1495 1767 curam
1523 1733 1705 1766 animarum
1727 1733 1784 1766 ha-

1030 1787 1188 1828 bentium,
1202 1787 1397 1831 illarumque
1412 1793 1555 1821 rectores
1566 1786 1782 1826 mininistros,

1031 1841 1069 1874 ad
1089 1841 1193 1884 ipsum
1216 1841 1404 1884 magistrum
1427 1840 1641 1885 spectantium
1664 1845 1694 1873 et
1714 1851 1785 1884 per-

1031 1894 1215 1934 tinentium,
1230 1895 1317 1927 iuxta
1330 1894 1411 1927 sacri
1432 1894 1634 1927 oecumenici
1656 1892 1784 1926 concilii

1030 1947 1208 1980 Tridentini
1229 1948 1375 1987 decreta,
1401 1947 1548 1985 visitare,
1579 1947 1684 1980 dictus
1710 1956 1784 1979 vero

1031 2001 1181 2043 magister
1192 2007 1222 2034 et
1242 2000 1464 2044 aliipraedicti
1483 2000 1569 2043 ipsos
1588 2000 1784 2043 illorumque

1031 2054 1194 2094 ecclesias,
1218 2054 1425 2098 cappellanus
1449 2059 1477 2086 et
1498 2053 1661 2085 ministros
1690 2053 1784 2086 dictis

1030 2108 1167 2141 decretis
1188 2108 1320 2140 minime
1339 2106 1583 2150 comprehendi,
1603 2106 1657 2139 sed
1671 2105 1784 2139 abillis

1030 2166 1194 2204 exemptos
1206 2171 1273 2193 esse
1285 2160 1542 2204 praetenderent,
1556 2159 1690 2192 materia
1699 2169 1784 2202 quae-

1030 2213 1141 2246 stionis
1161 2218 1242 2247 orta.

1074 2268 1088 2310 §
1108 2267 1140 2299 2.
1169 2267 1231 2300 Nos
1252 2267 1365 2310 igitur,
1394 2276 1507 2299 eorum
1528 2264 1600 2308 paci
1629 2270 1660 2298 et
1684 2265 1783 2308 quieti

1031 2322 1201 2354 ‹sonsulere
1221 2322 1384 2360 volentes,
1407 2330 1520 2352 omnes
1546 2318 1617 2351 lites
1648 2325 1679 2351 et
1705 2329 1784 2352 con-

1031 2374 1200 2407 troversias
1238 2373 1447 2412 huiusmodi,
1481 2378 1545 2404 tam
1576 2372 1609 2404 in
1640 2372 1784 2405 Romana

1031 2426 1126 2460 Curia
1156 2438 1252 2470 quam
1275 2425 1365 2465 alibi,
1387 2435 1496 2458 coram
1523 2424 1785 2468 quibuscumque

1032 2479 1205 2520 iudicibus,
1235 2480 1266 2512 in
1290 2489 1495 2522 quacumque
1524 2478 1674 2511 instantia
1708 2488 1786 2521 pen-

1032 2534 1159 2573 dentes,
1182 2534 1378 2575 illarumque
1403 2536 1503 2564 status
1530 2536 1560 2564 et
1591 2531 1705 2564 merita
1726 2541 1785 2575 pro

1033 2586 1229 2618 sufficienter
1263 2585 1419 2629 expressis
1449 2584 1619 2625 habentes,
1656 2585 1694 2617 ad
1728 2594 1786 2617 nos

1033 2646 1214 2681 avocantes,
1237 2650 1289 2672 eas
1310 2649 1484 2679 cassamus,
1511 2638 1739 2681 extinguimus,
1757 2643 1787 2671 et

1802 267 1850 293 An.
1868 266 1897 294 C.
1917 265 1980 295 1571

1812 1154 1817 1157 ⁴
1828 1158 1944 1180 Exordium.

1826 1423 1889 1444 Ortae
1924 1427 1983 1444 erant

1801 1455 1849 1475 lites
1865 1457 1920 1476 inter
1936 1458 1983 1482 epi-

1800 1491 1876 1512 scopos
1888 1489 1908 1506 et
1923 1488 1983 1506 istam

1800 1518 1893 1537 mititiam
1920 1523 1984 1543 super

1801 1549 1847 1569 iure
1863 1550 1969 1569 visitandi.

1827 2277 1864 2299 Hic
1885 2277 1981 2299 Pontifex

1800 2314 1836 2330 eiu
1859 2311 1968 2335 extinguitv
