2237 3100
258 294 309 324 An.
325 295 354 323 C.
374 297 437 324 1561

266 1376 376 1403 neptunio
390 1383 413 1398 οι

252 1410 338 1429 tutoris.

265 1893 377 1920 Dei-ogatto
388 1900 436 1916 con·

253 1926 371 1946 uariorum.

264 2139 314 2160 Sola
329 2141 435 2166 signatur*

251 2170 333 2193 sufficit

500 287 564 322 146

454 349 548 383 Urbis
562 348 786 387 visitatoribus,
798 354 907 392 petere
924 358 987 380 non
1001 346 1133 391 possint,
1149 344 1209 379 nisi

456 415 487 436 50
510 403 599 447 prius
620 414 727 436 coram
751 402 811 434 illis
832 401 953 434 (liotuni
979 401 1135 433 liirretuni
1163 400 1209 431 vi-

456 457 523 490 11110
549 458 702 499 gestando
731 455 1017 499 1›raesentarerint3
1050 459 1079 485 01,
1104 454 1207 497 ipsum

455 510 611 543 birretuni
637 510 734 542 riritle
754 509 882 552 publice
904 514 930 540 et
954 513 1087 545 5001010,
1111 507 1170 538 sul)
1196 507 1207 529 t

456 563 669 606 t'ustigati‹z›nis
691 574 747 606 per
768 562 883 595 11110111
916 572 973 605 pro
995 561 1097 603 prima
1128 561 1205 601 vice,

456 624 483 650 et
506 617 685 650 triremium
710 628 767 659 pro
785 615 937 650 5001111113,
961 626 1022 657 qua
1040 614 1107 647 sine
1123 614 1208 648 (licto

454 672 574 703 birreto
605 671 722 713 reperti
755 669 889 704 suerint,
917 668 1061 705 (lel'erre,
1099 679 1156 711 1101
1176 680 1207 701 se

453 725 500 756 rel
522 734 595 756 suos
618 723 776 766 legitimos
797 728 1035 766 procuratoreS,
1055 722 1131 766 ipsis
1155 723 1208 755 ab·

455 776 608 811 sentibus,
634 776 840 819 promiserint
855 781 882 808 et
897 775 1003 809 11101110
1026 775 1208 810 iuramento

454 830 700 865 ullirtnaverint:
808 830 901 862 aliter
930 841 946 861 a
973 830 1145 873 praedit-tis
1179 837 1209 863 et

453 884 522 915 aliis
538 883 702 926 quibusvis
724 883 894 918 indit-ibus,
911 884 1005 916 etiam
1016 884 1123 926 rigore
1139 896 1209 928 spe-

454 936 542 969 cialis
564 937 814 975 commissionis,
837 943 946 970 nostra
967 943 1019 969 aut
1042 949 1206 971 suecesso-

453 1001 526 1022 rum
562 996 746 1023 nostrorum
780 1002 875 1023 manu
913 991 1054 1033 signatae
1086 991 1132 1023 vel
1166 992 1207 1024 si-

452 1044 610 1086 gnandae,
634 1044 781 1078 0111011130
803 1050 831 1077 01
853 1044 1058 1083 obtinendae,
1072 1045 1208 1078 alterna-

453 1096 532 1129 tivae
549 1103 577 1129 et
596 1097 907 1140 significationesaut
927 1098 1095 1131 dilationes
1111 1110 1208 1142 quae-

453 1161 605 1194 cumque,
633 1152 728 1184 etiam
747 1153 925 1185 secundum
958 1152 1036 1185 iuris
1056 1154 1205 1190 sormam,

453 1204 560 1237 nullae
582 1205 655 1245 sint,
670 1211 698 1238 01
721 1206 797 1250 ipsis
817 1206 1036 1243 delatoribus,
1060 1206 1154 1239 etiam
1183 1207 1207 1239 si

454 1257 561 1289 clerici
584 1258 729 1297 existant,
753 1260 938 1292 nullatenus
958 1259 1185 1303 suli'ragcntur.

498 1311 554 1353 {Ji
574 1312 758 1359 Mandantes
768 1313 870 1345 01110111
889 1313 1026 1346 3111111011
1055 1313 1206 1346 Gamerae

734 841 749 861 a
754 841 769 861 C

419 1383 438 1398 e.
453 1370 487 1397 ut
517 1364 701 1398 huiusmodi
738 1366 999 1399 constitutionem
1026 1374 1053 1399 et
1081 1368 1208 1401 ordina-

452 1417 573 1450 tionem
595 1425 752 1461 perpetuo
769 1425 794 1451 et
810 1419 1045 1457 inviolabiliter,
1063 1421 1157 1453 0113111
1175 1422 1206 1454 in

453 1471 714 1515 quibuscumque
742 1472 851 1505 litibus
875 1479 903 1506 et
926 1475 1032 1507 causis
1051 1475 1208 1508 1130103115

453 1525 558 1565 motis,
582 1525 743 1559 observari
764 1527 855 1560 faciat
883 1533 911 1560 et
933 1529 1072 1569 mandet,
1096 1535 1208 1563 contra

452 1588 564 1611 ornnes
594 1585 624 1612 et
658 1580 802 1621 singulos
832 1581 1016 1624 praemissis
1047 1583 1078 1615 in
1099 1584 1207 1628 aliquo

453 1633 740 1673 contravenientes
771 1645 829 1678 per
849 1645 1002 1669 censuras
1022 1642 1052 1669 et
1073 1648 1205 1680 poenas,

451 1695 489 1717 30
509 1685 604 1718 ctiam
627 1686 831 1729 pecuniarias
851 1694 881 1721 et
901 1689 961 1721 alia
983 1690 1125 1723 remedia
1153 1702 1207 1735 op-

452 1740 592 1776 portuna
608 1735 667 1768 sibi
683 1737 758 1777 visa,
780 1737 875 1770 etiam
892 1748 989 1771 manu
1012 1740 1111 1782 regia,
1135 1751 1207 1784 pro-

453 1784 606 1816 cedendo.

496 1832 511 1875 g
530 1832 561 1864 li.
585 1833 772 1867 Praemissis
792 1846 828 1868 30
849 1836 1112 1881 quibuscumque
1129 1849 1206 1871 con-

451 1880 672 1916 stitutionibus
692 1890 719 1917 et
742 1885 1000 1919 ordinationibus
1023 1888 1207 1930 apostolicis

451 1942 488 1964 30
508 1931 609 1975 ipsius
634 1932 728 1966 Urbis
757 1935 881 1967 statutis
910 1941 940 1968 et
969 1937 1207 1971 reformationi-

450 1982 522 2022 bus,
551 1982 730 2025 ceterisque
757 1985 927 2017 contrariis
953 1996 1016 2019 non
1052 1988 1206 2022 obstanti-

451 2031 511 2064 bus
531 2031 803 2077 quibuscumque.

495 2082 509 2125 ἐ
544 2082 573 2116 5.
611 2083 831 2128 Volumusque
869 2087 955 2127 quod
988 2089 1205 2130 praesentium

451 2133 519 2165 sola
539 2138 647 2166 nostra
677 2133 840 2176 signatura
867 2136 1015 2169 sufficiat]
1036 2143 1066 2170 et
1087 2138 1206 2181 ubique

451 2182 547 2215 fidem
568 2183 674 2222 saciat,
692 2183 724 2215 in
745 2183 864 2217 iudicio
886 2190 916 2218 et
936 2191 1034 2226 extra,
1049 2197 1206 2229 quacum-

452 2242 514 2275 que
535 2232 646 2275 regula
668 2233 830 2266 contraria
850 2244 915 2268 non
936 2235 1092 2269 obstante.

607 2282 725 2322 Placet,
749 2288 837 2315 motu
860 2284 1003 2328 proprio.
1026 2286 1047 2317 I.

495 2331 587 2364 Anno
608 2343 625 2364 a
649 2332 811 2366 nativitate
846 2333 971 2367 Domini
993 2344 1102 2376 imm,
1126 2336 1207 2370 indi-

453 2380 558 2414 ctione
583 2392 625 2421 1v,
649 2382 699 2415 die
718 2393 793 2415 vero
814 2393 897 2416 xxvn
908 2384 1027 2417 mensis
1047 2386 1203 2427 octobris,

452 2431 660 2473 pontificatus
682 2432 873 2465 sanctissimi
901 2433 932 2465 in
958 2432 1083 2466 Christo
1109 2436 1207 2478 patris

453 2484 483 2511 01
511 2480 546 2512 D.
575 2480 611 2512 N.
644 2480 678 2513 D.
710 2480 755 2513 Pii
784 2481 888 2513 divina
918 2482 1117 2524 providentia
1147 2484 1205 2517 Pa-

453 2539 512 2572 pao
524 2529 656 2561 lVanno
677 2530 830 2568 secundo,
852 2531 1078 2574 retroscriptae
1096 2533 1205 2566 literae

453 2577 648 2622 apostolicae
677 2579 786 2611 affixae
809 2584 836 2611 et
864 2579 1046 2622 publicatae
1076 2581 1207 2614 suerunt

453 2626 486 2660 in
506 2626 601 2660 valvis
622 2627 779 2671 Principis
798 2629 1026 2671 Apostolorum
1048 2630 1086 2664 (10
1108 2631 1204 2672 Urbe,

496 2686 504 2711 l
526 2685 604 2713 Forte
624 2685 764 2722 legendum
784 2689 831 2713 ,1111)
840 2690 929 2720 poenis
946 2686 983 2723 (11,
1006 2689 1052 2724 T.)-

1053 293 1232 318 BI'LLARIL'M
1256 291 1407 316 ROMANUM

1251 342 1468 377 Cancellariae
1488 339 1689 384 Apostolicae
1705 349 1741 371 30
1758 338 1790 371 in
1806 336 1874 370 acie
1893 335 2006 380 Campi

1251 398 1376 435 Florae,
1404 401 1439 429 ut
1458 394 1558 428 moris
1577 398 1640 433 est,
1668 403 1726 437 per
1749 402 1808 424 nos
1833 388 2004 424 Bernardi-

1252 462 1328 484 num
1344 448 1556 482 Audi-eutium
1574 452 1604 479 et
1616 446 1661 479 10.
1676 444 1843 486 Gherardi,
1857 453 2006 476 cursores

1251 503 1431 548 apostolici.
1676 544 1681 549 .

1304 549 1403 581 lulius
1426 546 1572 583 Parinus,
1600 549 1751 587 magister
1776 552 1957 577 cursorum.

1265 607 1407 637 1’11111.1110
1430 605 1466 634 27
1491 603 1622 634 octobris
1640 603 1726 638 1561,
1751 601 1940 641 pontif.aiino
1963 607 1994 629 11.

1608 752 1640 784 L.

1250 830 1463 873 annisitores
1485 827 1663 860 haereticae
1679 826 1857 870 prcwitate's
1878 835 1943 858 non
1964 829 2006 858 te-

1294 887 1435 916 ncantur
1451 882 1617 925 publicare
1637 880 1723 913 dicta
1745 879 1873 912 testium
1892 883 2006 912 contra

1293 936 1516 969 soliis-mulleos
1536 934 1583 966 vet
1605 933 1778 965 haereticos
1799 932 2004 965 examinato—

1293 1001 1384 1030 rum,
1412 999 1511 1032 neque
1535 988 1695 1020 rationem
1723 986 1852 1018 reddere
1871 985 1908 1018 de
1930 995 2007 1028 pro·

1294 1044 1428 1076 ces-sibus
1448 1042 1556 1082 alteri,
1575 1051 1671 1084 quum
1688 1040 1834 1074 Romano
1848 1039 2006 1082 Pontifici

1294 1102 1349 1130 (1111
1401 1096 1559 1139 supremis
1606 1093 1852 1138 inquisitoribus
1900 1093 2006 1126 almae

1297 1151 1402 1183 Vrbis.

1291 1231 1353 1258 Pius
1368 1230 1438 1265 Papa
1453 1230 1495 1262 lv,
1515 1230 1548 1257 ad
1561 1229 1722 1265 perpetuam
1733 1227 1774 1257 rei
1788 1226 1956 1255 memoriam.

1293 1301 1386 1341 Cum,
1400 1300 1483 1333 sicut
1493 1310 1558 1333 non
1574 1300 1641 1333 sine
1654 1309 1770 1342 magna
1788 1297 1887 1332 animi
1897 1297 2003 1347 postri

1249 1354 1395 1387 molestia
1415 1354 1621 1398 accepimus,
1643 1352 1779 1385 humani
1790 1351 1919 1396 generis
1943 1352 2003 1385 ho-

1249 1413 1294 1440 ste
1315 1407 1496 1450 instigante,
1516 1406 1559 1439 ita
1578 1406 1857 1439 schismaticorum
1878 1410 1909 1439 et
1923 1405 2004 1439 alio-

1249 1472 1321 1493 rum
1343 1461 1581 1494 haereticorum
1601 1470 1759 1493 numerus
1778 1459 1811 1492 in
1825 1458 2002 1503 provincia,

1249 1515 1338 1547 Statu
1359 1520 1389 1547 et
1409 1514 1548 1547 dioecesi
1569 1513 1703 1546 civitatis
1722 1518 1851 1547 nostrae
1875 1512 2004 1546 Avinio-

1249 1567 1356 1601 nensis
1382 1567 1614 1611 praevaluerit,
1649 1571 1696 1607 et,
1728 1571 1862 1611 propter
1890 1577 2004 1600 eorum

1249 1632 1305 1654 seu
1326 1620 1463 1654 alieuius
1492 1621 1637 1665 ipsorum
1664 1620 1840 1664 potentiam
1861 1625 1892 1654 et.
1910 1621 2003 1654 mali-

1250 1675 1336 1715 tiam,
1371 1676 1482 1707 nullus
1516 1679 1628 1708 contra
1667 1685 1722 1708 eos
1755 1675 1918 1718 deponere
1946 1686 2003 1709 seu

1249 1738 1362 1761 eorum
1384 1728 1521 1761 crimina
1541 1729 1683 1761 revelare
1711 1734 1741 1762 et
1766 1739 1920 1762 accusare
1944 1739 2003 1762 au-

1249 1782 1330 1822 deat,
1351 1793 1415 1825 quo
1437 1782 1471 1814 fit
1490 1787 1524 1814 ut
1544 1782 1605 1826 ipsi
1626 1782 1821 1815 schismatici
1842 1787 1872 1816 et
1888 1783 2003 1817 haere-

1249 1835 1302 1868 tici
1318 1840 1507 1869 remaneant
1532 1834 1695 1880 impuniti,
1713 1835 1745 1868 in
1760 1846 1826 1868 non
1842 1835 2003 1870 modicam

1248 1888 1372 1921 divinae
1392 1888 1561 1922 Maiestatis
1577 1888 1746 1929 offensam,
1765 1894 1795 1922 et
1818 1899 1912 1933 grave
1927 1900 2002 1935 per-

1249 1954 1401 1977 sonarum
1423 1942 1655 1976 catholicarum
1676 1943 1877 1977 scandalum.

1293 1999 1307 2041 g
1328 1999 1357 2031 1.
1378 1998 1451 2038 Nos,
1477 2009 1517 2031 ne
1542 1998 1574 2030 111
1591 1999 1737 2031 l'uturum
1763 1998 1891 2043 aliquis,
1914 2005 2002 2034 metu

1249 2056 1394 2100 ipsorum
1411 2054 1650 2087 haereticorum
1665 2059 1695 2087 et
1710 2053 2001 2096 schismaticorum,

1249 2121 1362 2144 eorum
1393 2109 1528 2143 crimina
1553 2109 1695 2143 revelare
1732 2109 1898 2151 formidet,
1923 2109 2002 2143 alias

1248 2165 1279 2199 in
1302 2164 1483 2209 praemissis
1499 2169 1683 2208 opportune
1703 2163 1872 2208 providere
1891 2164 2001 2198 volen-

1248 2226 1310 2259 tes,
1332 2224 1421 2252 motu
1442 2219 1575 2263 proprio
1596 2224 1626 2252 et
1643 2230 1679 2252 ex
1697 2224 1783 2252 certa
1799 2218 1931 2252 scientia
1941 2229 2000 2253 no-

1248 2273 1330 2313 stris,
1347 2273 1464 2306 dilecto
1476 2272 1542 2305 filio
1554 2272 1642 2305 fratri
1654 2273 1830 2311 Bernardo,
1843 2273 2001 2307 moderno

1248 2327 1429 2370 inquisitori
1452 2326 1675 2366 Avinioncnsi‚
1703 2326 1751 2359 vel
1771 2337 1830 2370 pro
1854 2331 2001 2371 tempore

1248 2381 1392 2414 existenti
1428 2381 1459 2413 in
1493 2381 1577 2414 dicta
1612 2380 1777 2424 provincia
1819 2379 2001 2415 haereticae

1248 2435 1409 2478 pravitatis
1430 2434 1627 2478 inquisitori,
1657 2438 1693 2466 ut
1716 2443 1887 2477 personas,
1918 2445 2001 2479 quae

1248 2483 1468 2516 schismaticos
1502 2494 1558 2516 seu
1600 2482 1780 2516 haereticos
1812 2482 2000 2518 huiusmodi

1248 2532 1467 2572 revelaverint,
1498 2543 1553 2565 seu
1582 2537 1694 2565 contra
1714 2542 1768 2565 eos
1792 2532 1999 2576 deposuerint

1248 2588 1275 2614 01
1298 2582 1553 2622 testificaverint,
1585 2580 1750 2625 publicare
1778 2591 1834 2614 seu
1860 2582 2000 2616 revelare

1248 2630 1379 2664 minime
1400 2636 1581 2665 teneantur.
1611 2630 1649 2664 Et
1667 2630 1692 2663 si
1713 2630 1752 2663 ab
1764 2630 1877 2665 eodem
1893 2630 1999 2676 inqui-

1249 2680 1349 2718 sitore
1365 2681 1472 2726 aliqua
1492 2680 1636 2726 ipsorum
1648 2679 1776 2716 testium
1792 2680 1875 2717 dicta
1893 2680 2000 2726 publi-

2033 1318 2101 1340 causa
2124 1320 2205 1341 count-

2019 1351 2115 1372 tutionis.

2026 2016 2205 2044 inquisitorum

2018 2049 2103 2070 testium
2128 2052 2204 2070 contu

2017 2079 2140 2101 haereticos
2156 2085 2205 2101 en-

2018 2111 2142 2132 niinatorum
2163 2117 2200 2138 pu-

2017 2141 2096 2162 blicare
2106 2147 2149 2163 non
2166 2145 2203 2164 te-

2017 2175 2108 2199 neutum
