2237 3100
79 258 128 286 An.
149 258 179 286 C.
193 259 260 286 ¹560

104 687 260 713 Exempiionem

78 725 89 739 a
105 719 210 739 solutione
227 719 262 738 de-

78 751 176 770 cimarum
187 755 262 770 serva-

80 787 96 802 n
113 781 181 807 tuum

947 254 1014 278 mus
1038 253 1068 277 1v
1095 253 1142 276 re.
1742 242 1784 275 47
1845 251 1891 276 Αη.
1912 252 1938 276 13.
1959 250 2025 277 1560

275 310 389 351 brevis,
412 309 519 344 literas
540 309 866 348 contecta>‚excc1·ta
883 307 1026 345 >‹·ientia,

276 375 332 408 per
351 374 425 397 suas
439 363 499 396 sub
514 362 649 407 plumbo
666 362 827 395 confectas
842 361 962 400 literas,
975 373 1030 405 ap-

275 417 431 462 probavit,
453 415 655 450 confirmavit
675 422 703 448 et
726 415 897 455 innovavit,
919 425 955 448 ac
975 426 1028 448 va-

274 470 338 503 lida
362 476 393 503 et
422 469 564 503 efficacia
590 469 723 502 existere
749 474 779 501 et
799 473 955 513 perpetua
976 480 1028 501 ro-

274 523 362 557 boris
376 523 527 557 firmitate
547 523 731 563 subsistere,
743 532 884 566 suosque
897 521 1030 555 effectus

275 578 393 611 sortiri.

319 632 334 675 ἓ
353 631 407 665 51.
443 632 487 665 Ac
522 632 636 670 etiam,
660 631 766 674 quoad
800 629 1027 673 possessiones,

277 690 377 719 terras
397 690 428 718 et
448 685 542 723 bona,
559 695 641 729 quae
657 695 716 728 per
730 689 1030 728 quantumcumque

276 740 409 781 longum
443 743 572 781 tempus
600 738 707 781 (quod
742 736 1030 779 nonagintanovem

277 802 388 832 annos,
411 802 468 825 seu
488 791 586 824 trium
607 791 700 824 vitam
725 790 857 834 intelligi
879 801 934 823 seu
956 801 1031 824 cen-

277 846 339 879 seri
373 845 490 879 debere
524 845 663 878 decrevit
693 850 723 878 et
751 844 946 887 declaravit),
968 854 1032 878 non

278 906 386 934 tamen
406 900 439 933 in
455 905 650 944 perpetuum
672 899 803 932 feudum
825 910 880 931 seu
902 899 1032 943 emphy-

276 954 412 994 teusim,
444 959 576 987 eatenus
604 964 756 987 concessa
789 954 913 986 fuerant
947 958 973 985 et
1003 953 1033 986 in

277 1009 423 1041 futurum
448 1008 717 1047 concederentur,
740 1006 974 1046 inviolabiliter,
993 1006 1034 1039 ita

277 1062 365 1106 quod
385 1061 444 1105 ipsi
465 1061 602 1105 priores,
617 1066 844 1104 praeceptores
860 1065 886 1093 et
907 1060 1032 1100 fratres,

278 1125 407 1149 necnon
429 1115 557 1155 coloni,
584 1113 794 1147 arrendatarii
823 1118 854 1146 et
881 1114 1032 1155 firmarii,

279 1179 339 1213 pro
359 1167 628 1213 possessionibus,
650 1167 744 1200 terris
765 1172 795 1199 et
815 1166 920 1207 bonis,
939 1167 1035 1200 etiam

280 1222 320 1255 ad
339 1221 629 1265 nonagintanovem
654 1230 756 1253 annos
780 1231 836 1253 seu
867 1220 964 1254 trium
990 1220 1035 1253 vi-

280 1281 364 1315 tam,
384 1285 448 1308 non
482 1280 589 1308 tamen
624 1273 655 1306 in
686 1279 882 1318 perpetuum
903 1274 1034 1307 feudum

280 1340 336 1363 seu
355 1328 607 1373 emphyteusim,
626 1333 660 1360 ut
676 1330 869 1371 praefertur,
884 1338 943 1371 pro
959 1333 1036 1360 tem-

280 1393 358 1427 pore
379 1381 551 1421 concessis,
569 1391 696 1414 necnon
713 1380 778 1413 suis
794 1386 821 1414 et
844 1380 914 1413 aliis
926 1381 957 1413 in
975 1381 1037 1413 illis

280 1448 339 1481 pro
361 1442 505 1480 tempore
526 1435 608 1468 natis
627 1441 681 1468 aut
704 1434 874 1467 nascituris
894 1434 1038 1467 animali-

280 1491 353 1531 bus,
367 1501 384 1523 a
400 1489 559 1523 solutione
571 1499 857 1532 quorumcumque
874 1488 1035 1521 «latiorum

281 1555 337 1577 seu
354 1543 555 1577 decimarum
567 1545 614 1576 vel
631 1544 769 1576 alioruin
786 1553 935 1583 onerum,
953 1542 1037 1575 iuxta

281 1604 426 1631 tenorem
451 1597 618 1631 literarum
639 1596 812 1629 Clementis
823 1596 884 1636 Vll,
903 1596 1036 1639 praede·
1057 1616 1059 1624 ι

282 1651 419 1684 cessoris
438 1651 645 1688 huiusmodi,
669 1651 832 1683 immunes
848 1654 875 1683 et
899 1650 1037 1694 exempti

282 1710 440 1749 perpetuo
452 1704 635 1741 existerent,
649 1714 951 1748 perquoscunique,
962 1714 1040 1746 qua-

281 1757 326 1790 vis
345 1758 498 1801 dignitate
528 1764 555 1791 et
591 1757 833 1801 prfeemincntia
856 1757 1037 1800 praefulge-

283 1817 375 1851 rent,
398 1813 491 1845 etiam
528 1813 585 1844 snb
621 1812 806 1851 sententiis,
830 1811 975 1843 censuris
1009 1816 1037 1843 et

284 1866 395 1909 poenis
406 1867 489 1900 ineis
501 1865 672 1903 contentis,
691 1870 849 1910 perpetuo
862 1864 1037 1901 observari;

283 1930 410 1953 necnon
445 1920 613 1963 magistro,
657 1918 837 1963 prioribus,
874 1917 1036 1956 baiulivis,

285 1973 559 2017 praeceptoribus,
580 1973 748 2012 militibus,
772 1972 942 2012 fratribus,
965 1982 1038 2015 per-

286 2025 382 2065 sonis,
407 2026 565 2066 vassallis,
601 2025 735 2059 subditis
769 2032 797 2058 et
833 2025 1040 2058 servitoribus

287 2079 437 2122 praefatis
458 2079 625 2118 snffraoari
653 2079 770 2112 debere
795 2078 947 2117 decrevit;
970 2089 1039 2111 om-

288 2142 408 2175 nesque
429 2138 457 2164 et
479 2132 622 2175 singulos
643 2132 723 2164 iuris
739 2136 769 2164 et
791 2132 862 2164 facti
883 2132 1037 2172 defectus,

288 2185 311 2218 si
346 2185 400 2227 qui
435 2186 539 2218 forsan
574 2186 811 2219 intervenerant
840 2185 870 2218 in
901 2185 1039 2226 eisdem,

287 2239 461 2283 supplevit:
480 2250 515 2272 ac
538 2240 710 2283 praemissa
731 2240 838 2272 omnia
856 2245 883 2272 et
902 2239 1038 2282 singula,

288 2298 385 2336 prout
410 2304 466 2337 per
487 2293 629 2334 singulos
654 2293 918 2336 praedecessores
938 2298 969 2326 et.
989 2294 1041 2327 Se-

287 2347 360 2378 dvm
381 2347 542 2390 praefatos
563 2346 709 2386 decreta,
733 2357 905 2388 concessa,
930 2347 1041 2392 prohi-

288 2400 368 2438 bita',
392 2405 524 2437 statuta,
551 2399 713 2439 ordinata,
734 2399 881 2433 innovata
906 2405 936 2433 et
955 2405 1042 2443 gesta

288 2449 426 2489 fuerant,
451 2449 482 2481 in
503 2448 654 2481 omnihus
675 2455 705 2481 et
728 2459 785 2493 per
803 2449 911 2482 omnia
930 2460 1042 2493 perpe-

288 2503 343 2531 tuo
364 2499 532 2537 concessit,
553 2498 703 2535 decrevit,
727 2498 903 2542 prohibuit,
923 2499 1041 2537 statuit,

289 2546 448 2580 ordinavit
467 2553 497 2580 et
517 2546 603 2580 fecit.

335 2595 422 2639 55⁶2.
451 2596 593 2639 lllaque,
616 2596 710 2628 etiam
736 2596 774 2628 ad
800 2597 860 2630 hoc
890 2602 924 2629 ut
946 2597 1044 2640 magi-

291 2650 356 2678 ster
378 2649 410 2678 et
434 2643 549 2687 singuli
577 2644 719 2687 priores,
742 2644 891 2683 baiulivi.
914 2656 1044 2688 praece-

1071 311 1189 349 ptores,
1214 305 1330 338 milites
1350 310 1379 337 et
1402 306 1514 338 fratres
1530 305 1697 349 hospitalis
1712 305 1824 337 lntius-
1842 307 2026 359 elffiiss'ss'ffi'ss'sfi:

1072 359 1176 400 modi,
1199 370 1258 404 pro
1284 369 1396 392 eorum
1413 358 1503 391 libito
1519 358 1702 398 voluntatis,
1726 369 1824 403 paro·
1840 370 1927 391 ommis
1945 354 1964 358 ‘⁴
1976 349 2027 404 ςζρ-

1071 413 1190 446 chiales
1210 424 1247 446 ac
1267 413 1363 445 etiam
1398 412 1466 445 sine
1500 423 1578 445 cura
1607 412 1758 445 ecclesias
1778 412 1826 444 vel
1841 401 2027 457 Ξξζὶζωῇορῖζῗξῇ

1071 478 1182 501 earum
1210 466 1344 499 vicarias
1377 477 1432 499 seu
1467 465 1685 509 cappellanias
1713 464 2029 520 perpe-{ffinfffiq‘gefflu

1072 526 1142 553 tuas
1163 526 1217 553 aut
1245 520 1407 564 cappellus
1422 520 1469 552 vel
1491 518 1601 551 altaria
1622 529 1676 552 seu
1699 519 1761 551 alia
1776 519 1828 552 be·
1843 527 1975 546 ‹·¹·*¹-=¹·t=¹⁴·1=

1073 574 1187 607 neficia
1207 573 1379 617 simplicia,
1398 573 1436 606 ad
1458 583 1571 606 eorum
1598 572 1804 605 collationem
1818 600 1826 606 .

1074 628 1301 672 provisionem,
1314 626 1619 671 praesentationem,
1638 626 1829 659 electionem

1073 692 1129 714 seu
1150 681 1296 724 quamvis
1316 680 1409 713 aliam
1432 679 1687 724 dispositionem,
1708 679 1829 713 ratione

1074 735 1296 778 prioratuum,
1323 734 1569 773 baiuliviarum‚
1593 733 1831 778 praeceptoria·

1074 798 1158 827 rum,
1170 787 1266 821 etiam
1279 798 1482 821 camerarum
1505 786 1738 830 magistralium
1750 797 1832 820 nun-

1075 846 1267 884 cupatarum
1281 868 1288 881 ‚
1324 841 1556 885 hospitalium,
1590 841 1763 874 domorum
1802 846 1833 873 et

1075 895 1214 928 aliorum
1234 895 1471 928 beneficiorum
1492 895 1567 927 dicti
1588 894 1756 939 hospitalis
1776 905 1834 939 per

1076 959 1130 982 eos
1165 960 1222 993 pro
1258 954 1404 993 tempore
1433 949 1653 988 obtentorum,
1677 949 1715 981 de
1740 948 1831 990 iure,

1076 1008 1207 1042 statuto,
1231 1002 1479 1043 consuetudine,
1499 1002 1684 1036 fundatione
1701 1007 1756 1035 aut
1772 1003 1834 1047 pri-

1076 1056 1190 1099 vilegio
1220 1057 1268 1089 vel
1289 1056 1367 1089 alias
1386 1055 1631 1100 quomodolibet
1656 1056 1835 1099 spectantia

1077 1116 1104 1144 et
1128 1110 1334 1154 pertinentia,
1357 1109 1525 1153 etabipsis
1544 1109 1715 1146 baiuliviis,
1744 1120 1834 1154 prae-

1078 1164 1246 1208 ceptoriis,
1274 1163 1444 1203 domibus,
1470 1162 1685 1207 hospitalibus
1711 1169 1741 1196 et
1766 1164 1835 1197 aliis

1077 1217 1243 1251 beneficiis
1270 1216 1485 1261 dependentia
1510 1227 1567 1249 seu
1592 1215 1655 1248 illis
1690 1227 1833 1258 annexa,

1077 1282 1160 1315 quae
1180 1271 1304 1303 dudum
1326 1270 1482 1303 fratribus
1505 1270 1617 1303 saltem
1639 1271 1837 1315 cappellanis

1079 1324 1222 1358 eiusdem
1249 1324 1433 1367 hospitalis,
1462 1330 1492 1357 et
1517 1324 1556 1356 ab
1584 1323 1704 1357 eisdem
1735 1325 1836 1368 magi-

1079 1384 1164 1418 stro,
1188 1377 1367 1422 prioribus,
1392 1377 1538 1410 baiulivis
1558 1388 1595 1410 ac
1622 1378 1837 1422 praeceptori-

1079 1434 1138 1465 bus
1167 1437 1198 1465 et
1230 1431 1300 1464 aliis
1329 1430 1501 1475 praedictis
1527 1431 1790 1473 conferebantur,
1820 1443 1837 1464 a

1080 1486 1178 1528 longo
1206 1490 1313 1517 tamen
1342 1490 1371 1520 et
1402 1485 1511 1518 forsan
1544 1484 1732 1528 longissimo
1759 1489 1838 1518 tem-

1080 1549 1158 1583 pore
1180 1538 1276 1579 citra,
1298 1538 1337 1571 de
1363 1537 1457 1572 cuius
1483 1537 1574 1571 initio
1600 1538 1758 1571 memoria
1782 1538 1838 1572 ho-

1081 1592 1203 1625 minum
1239 1592 1346 1625 forsan
1371 1601 1436 1624 non
1462 1591 1631 1631 existebat,
1652 1602 1712 1636 per
1732 1591 1837 1636 ipsum

1080 1646 1282 1688 magistrum,
1306 1645 1443 1689 priores,
1460 1645 1630 1686 baiulivos,
1652 1651 1839 1690 praecepto-

1080 1709 1141 1737 reS,
1163 1699 1280 1733 milites
1300 1704 1331 1732 et
1352 1699 1477 1739 fratres,
1491 1709 1550 1743 per
1569 1699 1707 1732 abusum
1728 1704 1783 1732 aut
1804 1711 1839 1732 ex

1079 1753 1206 1786 defectu
1228 1753 1364 1785 fratrum
1386 1753 1653 1796 cappellanorum
1687 1754 1735 1786 vel
1761 1754 1839 1786 alia—

1081 1817 1153 1839 rum
1176 1816 1390 1850 personarum
1407 1806 1553 1840 eiusdem
1569 1806 1737 1851 hospitalis
1752 1807 1790 1841 ad
1809 1807 1838 1840 id

1080 1860 1295 1895 idonearum.
1319 1859 1447 1894 clericis
1475 1871 1531 1893 seu
1558 1860 1753 1904 presbyteris
1774 1873 1840 1894 sae-

1081 1914 1247 1947 cularibus
1263 1914 1379 1947 collata
1395 1919 1451 1946 aut
1466 1913 1621 1953 conferri,
1639 1920 1666 1947 et
1680 1925 1738 1958 per
1755 1915 1841 1959 ipsos

1081 1968 1284 2012 presbyteros
1318 1969 1364 2001 vel
1401 1968 1538 2001 clericos
1558 1969 1740 2001 saeculares
1761 1969 1840 2002 obti-

1081 2022 1150 2056 neri
1172 2023 1276 2063 solita,
1300 2022 1395 2055 etiam
1418 2021 1569 2055 fratribus
1590 2022 1757 2066 hospitalis
1778 2023 1839 2055 bu-

1082 2076 1235 2116 iusmodi,
1248 2076 1439 2120 praesertim
1455 2075 1654 2119 cappellanis
1676 2087 1840 2120 nuncupa-

1082 2130 1133 2169 tis,
1152 2130 1221 2172 qui,
1245 2135 1278 2162 ut
1300 2130 1516 2169 asserebatur,
1535 2140 1553 2162 a
1568 2129 1764 2174 presbyteris
1784 2141 1839 2163 seu

1083 2183 1220 2223 clericis,
1237 2182 1297 2216 nisi
1314 2183 1420 2227 quoad
1442 2182 1653 2225 gestationem
1675 2183 1782 2216 crucis
1794 2183 1840 2217 vel

1082 2236 1211 2270 habitus
1231 2237 1307 2270 dicti
1323 2236 1489 2281 hospitalis
1501 2237 1538 2269 ad
1555 2243 1680 2281 pectus,
1699 2248 1763 2271 non
1780 2237 1841 2270 dif-

1082 2292 1238 2332 serebant,
1262 2291 1362 2324 immo
1379 2291 1552 2335 privilegiis
1573 2291 1768 2325 clericorum
1786 2303 1842 2325 sa?-

1083 2346 1265 2386 cularhnn,
1289 2345 1374 2378 iuxta
1405 2346 1512 2378 forsan
1537 2356 1651 2379 eorum
1676 2345 1842 2389 privilegia

1083 2405 1111 2432 et
1132 2400 1395 2440 eonsuetudines,
1419 2399 1559 2442 gaudere
1576 2399 1733 2436 solebant.
1757 2400 1781 2432 si
1802 2401 1840 2433 ad

1084 2449 1114 2481 id
1140 2449 1218 2482 alias
1246 2449 1353 2482 idonei
1384 2455 1410 2481 ct
1447 2449 1571 2482 habiles
1605 2449 1839 2492 reperirentur,

1084 2498 1245 2537 conferre,
1263 2509 1298 2531 ac
1320 2499 1398 2531 alias
1410 2499 1449 2531 de
1461 2498 1524 2531 illis
1546 2498 1712 2542 providere
1734 2504 1761 2530 ct
1781 2498 1843 2530 dis—

1085 2558 1225 2592 ponere3
1257 2547 1384 2592 ipsique
1405 2548 1528 2587 fratres,
1550 2547 1669 2591 quibus
1684 2547 1840 2580 beneficia

1085 2597 1273 2630 huiusmodi
1308 2597 1448 2631 conferri
1484 2596 1705 2639 contingeret,
1730 2596 1783 2629 illa
1817 2596 1840 2628 ‚ci

1085 2646 1145 2679 sibi
1178 2646 1257 2679 alias
1285 2646 1441 2679 canonice
1461 2646 1688 2681 conferrentur
1707 2650 1760 2678 aut
1781 2645 1841 2687 ipsi
