2237 3100
89 243 138 268 An.
157 242 185 268 C.
209 241 273 266 {¹0⁴6st

140 983 271 1005 facultatem

87 1015 167 1036 eisdem
178 1016 271 1043 inquisit.

87 1047 186 1067 concedit
218 1045 271 1067 tales

87 1076 186 1098 licentias
202 1078 271 1098 dandi.

115 1736 225 1758 clausulae
240 1737 275 1758 de-

68 1798 77 1806 ‚
89 1769 219 1794 rogatoriam.

964 232 1031 254 Plus
1053 232 1080 254 tv
1102 231 1148 253 Pr.

289 290 385 323 etiarn
425 288 564 322 cuiusvis
599 287 755 331 privilegii
792 298 808 319 a
839 285 930 319 nobis
964 290 990 317 et
1026 295 1043 316 a

287 341 591 386 praedecessoribus
612 341 728 373 nostris
748 341 795 372 vel
820 340 859 372 ab
881 339 948 383 ipso
970 349 1042 371 san-

287 402 346 430 ctae
365 395 585 439 Inquisitionis
601 395 706 428 officio
726 395 883 427 hactenus
900 392 1042 426 concessi

287 455 463 494 praetextu,
493 459 590 492 penes
611 459 643 481 se
670 447 809 481 retinere
835 453 887 480 aut
914 442 1040 486 tencre,

286 503 393 546 legere
422 508 453 535 et
479 502 652 546 explicare,
683 501 803 544 absque
829 499 1042 533 cardinalium

286 556 528 600 praedictorum
558 566 638 587 noia
668 555 818 587 facultate
846 560 874 587 et
901 552 1041 591 licentia,

288 610 347 641 sub
375 608 718 642 excommunicationis
747 607 878 640 maioris
909 612 938 640 ct
963 607 1043 639 latae

288 663 464 695 sententiae
486 673 601 705 poena,
625 672 721 705 quam
744 671 781 693 eo
800 661 867 704 ipso
881 661 912 692 in
932 659 982 692 his
998 660 1042 691 se-

286 715 390 749 rimus
410 715 550 759 scriptis,
573 726 609 747 ac
631 714 701 747 aliis
723 714 834 757 poenis
855 725 871 745 a
893 713 1044 746 constitu-

287 768 431 801 tionibus
451 779 487 801 ac
508 768 608 801 sacris
628 767 807 801 canonibus
823 766 951 799 inflictis
968 771 995 798 et
1012 766 1043 797 in

288 820 392 854 indice
420 821 606 853 huiusmodi
630 820 801 860 contentis,
825 820 961 852 audeant
988 829 1044 851 seu

287 881 508 918 praesumant.
531 875 575 907 Ac
595 875 808 907 decernentes
834 872 963 905 irritum
984 876 1042 904 etc.

332 928 347 970 ξ
365 927 397 960 4.
422 928 459 960 Et
478 927 690 961 nihilominus
702 927 821 959 eisdem
839 925 1043 970 supranomi-

286 982 369 1013 natis
399 981 618 1014 cardinalibus
652 980 776 1013 dilectis
810 979 883 1012 filiis
913 979 1042 1019 nostris,

286 1034 416 1076 quando
446 1034 490 1067 cis
509 1035 557 1066 vel
585 1044 698 1066 corum
720 1032 834 1065 maiori
856 1032 938 1076 parti
957 1033 1044 1065 vide-

287 1087 386 1127 bitur,
405 1088 430 1121 si
446 1087 615 1132 placuerit,
632 1087 664 1119 in
685 1087 780 1130 plena
796 1086 1044 1128 congregatione

294 1146 429 1181 tantum,
441 1141 578 1174 similem
590 1141 753 1173 licentiam
770 1139 968 1172 concedendi
978 1139 1045 1183 qui-

288 1194 492 1238 buscumque
506 1194 666 1239 personis,
685 1193 923 1236 cuiuscumque
940 1192 1044 1235 digni-

288 1248 372 1288 tatis,
402 1249 537 1291 gradus,
571 1247 692 1281 ordinis
722 1253 751 1279 et
782 1247 1045 1291 praeeminentiae

288 1302 508 1343 existentibus,
532 1301 736 1346 supradictos
755 1301 866 1341 libros,
879 1301 974 1334 etiam
991 1312 1046 1333 cu-

287 1355 480 1400 iuscumque
515 1356 684 1389 damnatae
706 1355 865 1394 lectionis,
902 1355 1043 1394 tenendi,

286 1409 439 1450 habendi,
462 1409 588 1453 legendi
609 1415 639 1442 et
667 1409 900 1452 interpretandi
921 1420 976 1441 seu
998 1419 1045 1441 ex—

287 1462 430 1507 plicandi
451 1464 490 1496 ad
511 1468 640 1507 tempus
660 1464 707 1495 vel
733 1462 765 1494 in
786 1468 996 1507 perpetuum,
1016 1469 1046 1495 et,

288 1526 475 1549 concessam
504 1517 691 1556 revocandi,
713 1516 861 1549 similiter
882 1517 1045 1549 licentiam

288 1574 319 1602 et.
339 1570 524 1602 facultatem
552 1570 762 1603 concedimus
789 1575 817 1602 et
839 1570 1046 1613 impartimur

288 1622 327 1655 dc
348 1623 449 1665 gratia
470 1623 611 1666 speciali.

333 1676 347 1719 ᾗ
376 1676 407 1709 5.
444 1676 513 1709 Non
534 1677 737 1710 obstantibus
756 1678 982 1711 Lateranensis
1017 1682 1047 1710 et

289 1740 574 1774 quorumcumque
596 1731 809 1763 conciliorum
832 1743 869 1763 ac
885 1732 956 1765 aliis
971 1742 1047 1775 apo-

289 1783 421 1824 stolicis,
441 1794 568 1816 necnon
588 1783 620 1816 in
638 1783 889 1828 provii‘icialilnis
909 1792 940 1818 et
957 1796 1047 1829 syuo-

288 1837 415 1871 dalibus
427 1838 573 1871 conciliis
583 1838 685 1878 editis,
695 1839 902 1881 generalibus
914 1841 960 1873 vel
978 1850 1047 1883 spe-

289 1892 436 1933 cialibus,
445 1893 730 1926 constitutionibus
742 1893 1047 1933 ctordinationilnis,

289 1947 415 1980 statutis
441 1951 514 1988 etc„
543 1947 639 1980 etiam
667 1948 850 1981 iuramento
871 1947 1046 1985 roboratis,

289 2001 464 2045 privilegiis
484 2013 628 2046 quoque,
651 2002 784 2035 indultis
804 2008 834 2035 et,
854 2001 954 2034 literis
973 2012 1050 2045 apo-

291 2054 411 2088 stolicis
432 2066 491 2099 pro
513 2061 659 2099 tempore
685 2056 894 2089 existentibus
921 2061 1049 2088 sanctae

290 2108 509 2152 Inquisitionis
528 2109 715 2142 huiusmodi
744 2109 921 2142 maioribus
940 2109 1049 2154 inqui-

291 2163 443 2196 sitoribus
464 2169 494 2196 et
514 2163 692 2207 quibusvis,
707 2163 801 2196 etiam
816 2163 847 2196 S.
871 2164 906 2196 R.
928 2164 961 2195 E.
982 2174 1049 2196 car-

290 2216 465 2257 dinalibus,
496 2216 678 2259 ceterisque
703 2217 741 2249 ad
763 2217 885 2249 dictum
906 2217 1049 2249 officium

290 2271 324 2304 in
344 2271 431 2304 dicta
450 2271 534 2304 Urbe
563 2275 593 2303 et
612 2270 688 2303 alibi
708 2270 879 2314 deputatis,
905 2281 941 2303 ac
962 2270 1049 2309 alias,

290 2325 323 2358 in
343 2336 462 2368 genere
488 2325 537 2357 vel
558 2324 590 2356 in
612 2323 731 2368 specie,
759 2324 854 2357 etiam
877 2335 950 2357 cuni
973 2335 1049 2357 cen-

292 2390 442 2412 surarum
473 2384 501 2412 et
524 2388 704 2422 poenarum
735 2378 887 2418 incursu,
914 2378 1050 2422 aliisque

291 2429 430 2462 decretis
454 2433 485 2461 et
510 2428 676 2467 clausulis,
700 2427 759 2460 sub
789 2427 1050 2471 quibuscumque

291 2477 459 2511 tenoribus
479 2482 507 2510 et
531 2477 654 2517 formis,
683 2476 777 2509 etiam
806 2480 896 2508 motu
918 2476 1050 2520 proprio

292 2531 349 2559 etc.
383 2538 440 2560 seu
477 2526 573 2559 etiam
608 2525 874 2559 consistorialiter
907 2536 944 2558 ac
973 2525 1051 2558 alias

294 2576 539 2619 quomodolibet
558 2574 729 2615 concessis,
746 2574 864 2618 quibus
884 2574 1047 2614 omnibus,

294 2625 389 2659 etiarn
411 2625 437 2659 si
458 2626 496 2658 de
516 2625 579 2659 illis
599 2629 656 2659 ecc.
682 2630 809 2659 tenores
830 2623 1051 2666 etc.‚hacvice

1731 217 1796 249 303

1085 281 1247 322 latissime,
1275 279 1457 324 specialiter
1483 285 1511 312 et
1533 289 1681 322 expresse
1705 279 1839 322 deroga-

1087 346 1169 374 mus,
1199 345 1235 367 ac
1264 332 1461 366 sufficienter
1489 332 1678 374 derogatum
1700 342 1767 365 esse
1788 332 1841 365 de-

1086 387 1266 426 cernimus,
1294 386 1473 430 ceterisque.
1503 384 1671 418 contrariis
1706 385 1840 428 quibus-

1086 453 1238 485 cumque,
1262 452 1335 474 cum
1358 439 1511 473 clausulis
1532 439 1735 482 opportunis.

1264 495 1343 534 Fiat,
1367 498 1456 526 motu
1469 492 1613 537 proprio.
1638 492 1660 525 I.
1693 502 1695 504 ·

1130 548 1193 591 ἐῢ,
1218 549 1253 580 Et
1275 549 1313 581 de
1343 546 1620 586 concessionibus,
1651 545 1842 590 impartitio-

1086 601 1190 637 nibus,
1212 601 1360 641 indultis,
1391 600 1595 639 inhibitione,
1625 599 1758 642 singulis
1786 599 1842 632 de·
1859 596 1966 622 '⁶⁹⁰¹⁵¹i⁰·

1087 654 1194 693 cretis,
1230 655 1450 697 derogatione,
1487 653 1716 693 declaratione,
1743 653 1781 686 de
1807 664 1843 685 ac

1089 718 1144 750 pro
1166 708 1316 739 omnibu>
1333 713 1362 740 et
1374 707 1508 750 singulis
1523 706 1720 750 praemissis,
1738 712 1772 740 ut
1793 718 1844 739 su-

1089 771 1156 803 pra,
1176 761 1329 793 latissime
1341 761 1561 793 extendendis.
1581 761 1617 793 Et
1633 771 1707 793 cum
1721 749 1843 804 oppor-

1088 820 1176 854 tuna,
1200 814 1224 846 si
1245 813 1416 854 videbitur,
1444 819 1680 857 exequutorum
1707 814 1843 857 deputa-

1088 867 1173 900 tione
1185 872 1255 905 etc„
1269 868 1365 900 etiam
1379 867 1437 899 sub
1449 867 1595 900 censuris
1611 871 1681 907 etc„
1699 878 1774 899 cum
1786 878 1843 910 po-

1088 926 1197 953 testati.¹
1223 921 1415 963 aggravandi
1436 925 1509 961 etc„
1532 920 1677 953 invocato
1699 920 1737 953 ad
1767 921 1841 961 hoc,

1088 974 1111 1006 si
1134 984 1216 1016 opus
1236 974 1344 1013 suerit,
1366 973 1484 1006 auxilio
1508 973 1633 1006 brachii
1655 974 1842 1014 saecularis,

1088 1032 1117 1059 et
1139 1038 1212 1059 cum
1242 1026 1526 1069 derogationibus,
1562 1026 1845 1059 constitutionibus

1088 1080 1126 1113 de
1147 1091 1212 1113 una
1232 1086 1259 1112 et
1290 1080 1328 1113 de
1357 1080 1483 1112 duabus
1503 1079 1631 1119 diaetis,
1655 1090 1718 1111 non
1737 1085 1844 1112 tamen

1089 1134 1172 1166 ultra
1202 1138 1276 1172 tres,
1302 1145 1337 1166 ac
1360 1133 1599 1177 praedictorum
1630 1137 1661 1164 et
1685 1144 1843 1176 quorum-

1089 1198 1228 1230 cumque
1249 1188 1387 1219 aliorum
1405 1186 1650 1229 quomodolibet
1670 1186 1845 1219 contrario-

1088 1251 1173 1281 rum,
1190 1241 1227 1273 ad
1241 1240 1391 1274 effectum
1403 1239 1655 1280 ete.,latissimae
1674 1240 1845 1273 extenden-

1088 1293 1148 1333 dis,
1171 1299 1201 1327 et
1221 1294 1307 1337 quod
1321 1293 1497 1337 praesentis
1513 1298 1620 1326 motus
1637 1292 1759 1337 proprii
1779 1294 1845 1326 sola

1088 1346 1250 1390 signatura
1272 1346 1409 1380 sufficiat
1432 1351 1462 1379 et
1482 1346 1602 1389 ubique
1623 1346 1719 1378 tidem
1737 1346 1843 1386 saciat,

1089 1400 1121 1432 in
1142 1400 1263 1433 indicio
1285 1406 1313 1433 et
1336 1406 1436 1441 extra,
1464 1400 1574 1443 regula
1596 1399 1758 1432 contraria
1779 1410 1844 1433 non

1089 1454 1246 1493 obstante,
1265 1465 1332 1493 seu,
1350 1454 1374 1486 si
1386 1453 1555 1493 videbitur,
1567 1453 1669 1486 literae
1681 1453 1845 1497 perbreve

1090 1513 1235 1540 nostrum
1263 1519 1337 1540 cum
1362 1507 1615 1551 praemissorum
1643 1506 1790 1539 omnium
1815 1512 1843 1539 et

1089 1561 1291 1603 singulorum
1330 1561 1424 1593 etiam
1460 1559 1652 1603 qiu‘ilitatfum
1677 1571 1715 1593 ac
1739 1560 1845 1593 nomi-

1089 1625 1166 1647 num
1188 1619 1217 1647 et
1238 1615 1469 1657 cognominum
1492 1615 1715 1647 consultorum
1736 1614 1846 1646 huius-

1089 1668 1175 1700 modi
1204 1669 1319 1701 maiori
1347 1675 1378 1702 et
1405 1670 1519 1703 veriori
1550 1668 1791 1712 specificatione
1817 1673 1845 1700 et

1090 1723 1293 1765 expressione
1313 1724 1457 1768 expediri
1478 1724 1611 1768 possint.

1133 1776 1245 1809 Datum
1267 1778 1387 1810 Romae
1405 1778 1492 1821 apud
1513 1778 1668 1811 Sanctum
1687 1777 1844 1816 Marcum,

1090 1839 1118 1861 Vl
1140 1830 1292 1864 kalendas
1313 1831 1516 1876 septembris,
1540 1842 1625 1864 anno
1645 1841 1673 1863 v.

1130 1883 1189 1913 ilat.
1207 1885 1253 1914 die
1270 1885 1306 1915 :³7
1327 1886 1445 1923 augusti
1465 1885 1549 1922 1504,
1570 1884 1666 1923 pontis
1688 1894 1764 1914 anno
1783 1893 1807 1913 v.

1445 2043 1492 2076 CI.

1091 2121 1314 2163 Rcz'nteyratio
1345 2120 1590 2163 privilegyiorum
1617 2130 1653 2151 ac
1681 2120 1850 2160 facultatis

1136 2174 1312 2216 quaerendi
1332 2175 1546 2215 eleemosynas
1562 2184 1622 2215 pro
1643 2173 1848 2216 areliz'lzospz‘-

1137 2228 1196 2260 lati
1206 2227 1322 2260 Sancti
1332 2227 1477 2270 Spiritus
1496 2227 1530 2259 in
1545 2226 1649 2259 Samia
1666 2227 1703 2258 de
1722 2227 1803 2259 Urbe
1818 2226 1845 2259 ¹.

1127 2309 1189 2338 Pius
1205 2309 1276 2345 Papa
1295 2308 1337 2341 tv,
1360 2309 1392 2336 ad
1412 2309 1572 2344 perpetuam
1586 2308 1627 2335 rei
1642 2307 1810 2336 memoriam.

1137 2381 1216 2415 Cum
1225 2381 1409 2424 Magistrum
1419 2381 1510 2413 illum
1524 2380 1696 2413 coelestem
1707 2381 1848 2413 etDomi-

1092 2442 1170 2463 num
1192 2436 1351 2470 nostrum,
1369 2428 1541 2473 quamdiu,
1565 2429 1624 2461 sub
1647 2429 1848 2462 mortalitatis

1092 2485 1211 2513 nostra}
1222 2479 1355 2519 exuviis,
1369 2479 1401 2512 in
1412 2479 1474 2511 hoc
1491 2478 1613 2511 mundo
1625 2478 1848 2521 peregrinatus

1093 2534 1151 2569 est,
1184 2540 1366 2573 pauperum
1399 2528 1606 2561 infirmorum
1641 2538 1752 2560 curam
1783 2538 1846 2560 non

1131 2593 1139 2617 1
1160 2592 1214 2618 Alia
1235 2592 1268 2618 de
1285 2592 1334 2618 isto
1350 2590 1547 2626 arcliibospitali
1571 2590 1647 2625 plene
1663 2589 1755 2624 scripsi
1776 2589 1846 2624 apud

1093 2636 1176 2659 const.
1197 2640 1231 2658 XL
1251 2632 1396 2659 liinocentii
1414 2632 1460 2664 lll,
1479 2633 1563 2664 Inter,
1577 2635 1639 2658 tom.
1654 2638 1695 2663 in,
1713 2638 1770 2666 pag,
1787 2629 1844 2657 189.

1856 229 1905 253 Αιι.
1924 229 1951 254 Cr
1975 228 2039 254 1356st

1898 563 2041 584 clausularum

1888 2385 2018 2406 Prooemtum.
