<?xml version="1.0" encoding="UTF-8"?>
<!DOCTYPE html PUBLIC "-//W3C//DTD XHTML 1.0 Transitional//EN"
    "http://www.w3.org/TR/xhtml1/DTD/xhtml1-transitional.dtd">
<html xmlns="http://www.w3.org/1999/xhtml" xml:lang="en" lang="en">
 <head>
  <title>
</title>
<meta http-equiv="Content-Type" content="text/html;charset=utf-8" />
  <meta name='ocr-system' content='tesseract 3.04.00' />
  <meta name='ocr-capabilities' content='ocr_page ocr_carea ocr_par ocr_line ocrx_word'/>
</head>
<body>
  <div class='ocr_page' id='page_1' title='image "./bullarumdiplomat07cath/bullarumdiplomat07cath_0710.png"; bbox 0 0 2237 3100; ppageno 0'>
   <div class='ocr_carea' id='block_1_1' title="bbox 256 232 437 261">
    <p class='ocr_par' dir='ltr' id='par_1_1' title="bbox 256 232 437 261">
     <span class='ocr_line' id='line_1_1' title="bbox 256 232 437 261; baseline 0.017 -3"><span class='ocrx_word' id='word_1_1' title='bbox 256 232 305 258; x_wconf 79' lang='lat' dir='ltr'>An.</span> <span class='ocrx_word' id='word_1_2' title='bbox 324 232 352 260; x_wconf 85' lang='lat' dir='ltr'>C.</span> <span class='ocrx_word' id='word_1_3' title='bbox 371 233 437 261; x_wconf 77' lang='lat'>1568</span> 
     </span>
    </p>
   </div>
   <div class='ocr_carea' id='block_1_2' title="bbox 277 665 432 685">
    <p class='ocr_par' dir='ltr' id='par_1_2' title="bbox 277 665 432 685">
     <span class='ocr_line' id='line_1_2' title="bbox 277 665 432 685; baseline -0.006 0"><span class='ocrx_word' id='word_1_4' title='bbox 277 665 389 685; x_wconf 70' lang='lat' dir='ltr'>Decretum</span> <span class='ocrx_word' id='word_1_5' title='bbox 406 665 432 684; x_wconf 84' lang='lat' dir='ltr'>ir-</span> 
     </span>
    </p>
   </div>
   <div class='ocr_carea' id='block_1_3' title="bbox 244 1303 428 1386">
    <p class='ocr_par' dir='ltr' id='par_1_3' title="bbox 244 1303 428 1386">
     <span class='ocr_line' id='line_1_3' title="bbox 273 1303 426 1330; baseline 0 -6"><span class='ocrx_word' id='word_1_6' title='bbox 273 1303 384 1330; x_wconf 62' lang='lat' dir='ltr'>Disputatio</span> <span class='ocrx_word' id='word_1_7' title='bbox 406 1307 426 1324; x_wconf 80' lang='lat' dir='ltr'>et</span> 
     </span>
     <span class='ocr_line' id='line_1_4' title="bbox 244 1336 428 1356; baseline -0.005 -1"><span class='ocrx_word' id='word_1_8' title='bbox 244 1336 358 1355; x_wconf 71' lang='lat' dir='ltr'>lacnltates</span> <span class='ocrx_word' id='word_1_9' title='bbox 377 1342 428 1356; x_wconf 65' lang='lat' dir='ltr'>vn·-</span> 
     </span>
     <span class='ocr_line' id='line_1_5' title="bbox 245 1370 340 1386; baseline 0.011 -1"><span class='ocrx_word' id='word_1_10' title='bbox 245 1370 340 1386; x_wconf 64' lang='lat' dir='ltr'>rutarum</span> 
     </span>
    </p>
   </div>
   <div class='ocr_carea' id='block_1_4' title="bbox 497 224 563 259">
    <p class='ocr_par' dir='ltr' id='par_1_4' title="bbox 497 224 563 259">
     <span class='ocr_line' id='line_1_6' title="bbox 497 224 563 259; baseline 0 -1"><span class='ocrx_word' id='word_1_11' title='bbox 497 224 563 259; x_wconf 72' lang='lat'>654</span> 
     </span>
    </p>
   </div>
   <div class='ocr_carea' id='block_1_5' title="bbox 451 287 1202 326">
    <p class='ocr_par' dir='ltr' id='par_1_5' title="bbox 451 287 1202 326">
     <span class='ocr_line' id='line_1_7' title="bbox 451 287 1202 326; baseline -0.001 -6"><span class='ocrx_word' id='word_1_12' title='bbox 451 292 597 321; x_wconf 89' lang='lat' dir='ltr'>tutorum</span> <span class='ocrx_word' id='word_1_13' title='bbox 618 293 649 321; x_wconf 84' lang='lat' dir='ltr'>et</span> <span class='ocrx_word' id='word_1_14' title='bbox 664 287 905 321; x_wconf 75' lang='lat' dir='ltr'>ordinationum</span> <span class='ocrx_word' id='word_1_15' title='bbox 933 287 1202 326; x_wconf 68' lang='lat' dir='ltr'>revocationibus,</span> 
     </span>
    </p>
   </div>
   <div class='ocr_carea' id='block_1_6' title="bbox 450 341 1225 385">
    <p class='ocr_par' dir='ltr' id='par_1_6' title="bbox 450 341 1225 385">
     <span class='ocr_line' id='line_1_8' title="bbox 450 341 1225 385; baseline 0 -12"><span class='ocrx_word' id='word_1_16' title='bbox 450 342 716 385; x_wconf 74' lang='lat' dir='ltr'>suspensionibus</span> <span class='ocrx_word' id='word_1_17' title='bbox 736 348 762 374; x_wconf 88' lang='lat' dir='ltr'>et</span> <span class='ocrx_word' id='word_1_18' title='bbox 785 341 854 374; x_wconf 83' lang='lat' dir='ltr'>aliis</span> <span class='ocrx_word' id='word_1_19' title='bbox 874 341 1042 373; x_wconf 70' lang='lat' dir='ltr'>contrariis</span> <span class='ocrx_word' id='word_1_20' title='bbox 1067 341 1202 384; x_wconf 79' lang='lat' dir='ltr'>disposi-</span> <span class='ocrx_word' id='word_1_21' title='bbox 1223 354 1225 358; x_wconf 95' lang='lat'>·</span> 
     </span>
    </p>
   </div>
   <div class='ocr_carea' id='block_1_7' title="bbox 406 395 1203 2324">
    <p class='ocr_par' dir='ltr' id='par_1_7' title="bbox 448 395 1203 599">
     <span class='ocr_line' id='line_1_9' title="bbox 450 395 1203 438; baseline 0 -11"><span class='ocrx_word' id='word_1_22' title='bbox 450 395 602 434; x_wconf 76' lang='lat' dir='ltr'>tionibus,</span> <span class='ocrx_word' id='word_1_23' title='bbox 634 395 839 438; x_wconf 72' lang='lat' dir='ltr'>generalibus</span> <span class='ocrx_word' id='word_1_24' title='bbox 859 396 904 427; x_wconf 86' lang='lat' dir='ltr'>vel</span> <span class='ocrx_word' id='word_1_25' title='bbox 935 395 1141 438; x_wconf 77' lang='lat' dir='ltr'>specialibus,</span> <span class='ocrx_word' id='word_1_26' title='bbox 1164 396 1203 428; x_wconf 87' lang='lat' dir='ltr'>ab</span> 
     </span>
     <span class='ocr_line' id='line_1_10' title="bbox 449 448 1201 492; baseline 0 -11"><span class='ocrx_word' id='word_1_27' title='bbox 449 449 560 481; x_wconf 85' lang='lat' dir='ltr'>eadem</span> <span class='ocrx_word' id='word_1_28' title='bbox 575 448 655 481; x_wconf 86' lang='lat' dir='ltr'>Sede</span> <span class='ocrx_word' id='word_1_29' title='bbox 671 449 852 492; x_wconf 79' lang='lat' dir='ltr'>Apostolica</span> <span class='ocrx_word' id='word_1_30' title='bbox 866 459 924 491; x_wconf 89' lang='lat' dir='ltr'>pro</span> <span class='ocrx_word' id='word_1_31' title='bbox 942 455 1085 492; x_wconf 84' lang='lat' dir='ltr'>tempore</span> <span class='ocrx_word' id='word_1_32' title='bbox 1102 449 1201 487; x_wconf 79' lang='lat' dir='ltr'>factis,</span> 
     </span>
     <span class='ocr_line' id='line_1_11' title="bbox 450 502 1203 547; baseline 0.001 -13"><span class='ocrx_word' id='word_1_33' title='bbox 450 512 513 535; x_wconf 90' lang='lat' dir='ltr'>non</span> <span class='ocrx_word' id='word_1_34' title='bbox 534 502 838 544; x_wconf 74' lang='lat' dir='ltr'>comprehendatur,</span> <span class='ocrx_word' id='word_1_35' title='bbox 861 502 914 535; x_wconf 87' lang='lat' dir='ltr'>sed</span> <span class='ocrx_word' id='word_1_36' title='bbox 931 503 970 535; x_wconf 91' lang='lat' dir='ltr'>ab</span> <span class='ocrx_word' id='word_1_37' title='bbox 990 503 1049 535; x_wconf 81' lang='lat' dir='ltr'>illis</span> <span class='ocrx_word' id='word_1_38' title='bbox 1075 514 1203 547; x_wconf 77' lang='lat' dir='ltr'>semper</span> 
     </span>
     <span class='ocr_line' id='line_1_12' title="bbox 448 555 668 599; baseline 0.005 -13"><span class='ocrx_word' id='word_1_39' title='bbox 448 561 579 599; x_wconf 78' lang='lat' dir='ltr'>excepta</span> <span class='ocrx_word' id='word_1_40' title='bbox 595 555 668 588; x_wconf 86' lang='lat' dir='ltr'>sint.</span> 
     </span>
    </p>

    <p class='ocr_par' dir='ltr' id='par_1_8' title="bbox 406 608 1202 1233">
     <span class='ocr_line' id='line_1_13' title="bbox 490 608 1202 654; baseline 0.003 -14"><span class='ocrx_word' id='word_1_41' title='bbox 490 610 505 650; x_wconf 64' lang='grc' dir='ltr'>ξ</span> <span class='ocrx_word' id='word_1_42' title='bbox 531 608 583 641; x_wconf 74' lang='grc'>13.</span> <span class='ocrx_word' id='word_1_43' title='bbox 607 609 723 652; x_wconf 80' lang='lat' dir='ltr'>Sicque</span> <span class='ocrx_word' id='word_1_44' title='bbox 749 621 765 642; x_wconf 88' lang='lat' dir='ltr'>a</span> <span class='ocrx_word' id='word_1_45' title='bbox 790 609 1058 654; x_wconf 15' lang='lat' dir='ltr'>‹rpiilrniscumquc</span> <span class='ocrx_word' id='word_1_46' title='bbox 1089 611 1202 644; x_wconf 86' lang='lat' dir='ltr'>indici-</span> 
     </span>
     <span class='ocr_line' id='line_1_14' title="bbox 448 662 1200 707; baseline 0.004 -13"><span class='ocrx_word' id='word_1_47' title='bbox 448 662 506 694; x_wconf 84' lang='lat' dir='ltr'>bus</span> <span class='ocrx_word' id='word_1_48' title='bbox 530 662 700 695; x_wconf 86' lang='lat' dir='ltr'>ordinariis</span> <span class='ocrx_word' id='word_1_49' title='bbox 725 669 755 695; x_wconf 88' lang='lat' dir='ltr'>et</span> <span class='ocrx_word' id='word_1_50' title='bbox 789 664 942 707; x_wconf 72' lang='lat' dir='ltr'>delegatis</span> <span class='ocrx_word' id='word_1_51' title='bbox 972 670 999 696; x_wconf 84' lang='lat' dir='ltr'>et</span> <span class='ocrx_word' id='word_1_52' title='bbox 1029 676 1200 697; x_wconf 78' lang='lat' dir='ltr'>causarum</span> 
     </span>
     <span class='ocr_line' id='line_1_15' title="bbox 447 716 1200 759; baseline 0.005 -11"><span class='ocrx_word' id='word_1_53' title='bbox 447 716 556 748; x_wconf 79' lang='lat' dir='ltr'>Palatii</span> <span class='ocrx_word' id='word_1_54' title='bbox 583 717 756 759; x_wconf 80' lang='lat' dir='ltr'>Apostolici</span> <span class='ocrx_word' id='word_1_55' title='bbox 781 717 984 751; x_wconf 78' lang='lat' dir='ltr'>auditoribus</span> <span class='ocrx_word' id='word_1_56' title='bbox 1004 729 1040 751; x_wconf 79' lang='lat' dir='ltr'>ac</span> <span class='ocrx_word' id='word_1_57' title='bbox 1073 725 1200 752; x_wconf 78' lang='lat' dir='ltr'>sanctae</span> 
     </span>
     <span class='ocr_line' id='line_1_16' title="bbox 446 770 1201 811; baseline 0.004 -9"><span class='ocrx_word' id='word_1_58' title='bbox 446 770 607 803; x_wconf 75' lang='lat' dir='ltr'>Romanae</span> <span class='ocrx_word' id='word_1_59' title='bbox 633 771 793 803; x_wconf 73' lang='lat' dir='ltr'>Ecclesiae</span> <span class='ocrx_word' id='word_1_60' title='bbox 812 772 1147 811; x_wconf 71' lang='lat' dir='ltr'>cardinalilnis,etiam</span> <span class='ocrx_word' id='word_1_61' title='bbox 1163 774 1201 806; x_wconf 85' lang='lat' dir='ltr'>de</span> 
     </span>
     <span class='ocr_line' id='line_1_17' title="bbox 406 824 1197 869; baseline 0.004 -14"><span class='ocrx_word' id='word_1_62' title='bbox 406 841 413 849; x_wconf 87' lang='lat'><strong>·</strong></span> <span class='ocrx_word' id='word_1_63' title='bbox 446 824 544 856; x_wconf 88' lang='lat' dir='ltr'>latere</span> <span class='ocrx_word' id='word_1_64' title='bbox 560 824 682 867; x_wconf 74' lang='lat' dir='ltr'>legatis,</span> <span class='ocrx_word' id='word_1_65' title='bbox 702 824 733 857; x_wconf 91' lang='lat' dir='ltr'>in</span> <span class='ocrx_word' id='word_1_66' title='bbox 754 825 865 869; x_wconf 87' lang='lat' dir='ltr'>quavis</span> <span class='ocrx_word' id='word_1_67' title='bbox 882 837 976 858; x_wconf 84' lang='lat' dir='ltr'>causa</span> <span class='ocrx_word' id='word_1_68' title='bbox 996 832 1022 858; x_wconf 68' lang='lat' dir='ltr'>et</span> <span class='ocrx_word' id='word_1_69' title='bbox 1037 827 1197 863; x_wconf 77' lang='lat' dir='ltr'>instantia,</span> 
     </span>
     <span class='ocr_line' id='line_1_18' title="bbox 444 877 1201 922; baseline 0.003 -13"><span class='ocrx_word' id='word_1_70' title='bbox 444 877 568 909; x_wconf 87' lang='lat' dir='ltr'>sublata</span> <span class='ocrx_word' id='word_1_71' title='bbox 589 877 634 910; x_wconf 91' lang='lat' dir='ltr'>eis</span> <span class='ocrx_word' id='word_1_72' title='bbox 649 883 676 910; x_wconf 87' lang='lat' dir='ltr'>et</span> <span class='ocrx_word' id='word_1_73' title='bbox 700 889 813 911; x_wconf 89' lang='lat' dir='ltr'>eornm</span> <span class='ocrx_word' id='word_1_74' title='bbox 834 879 964 911; x_wconf 74' lang='lat' dir='ltr'>cuilibet</span> <span class='ocrx_word' id='word_1_75' title='bbox 978 880 1088 922; x_wconf 81' lang='lat' dir='ltr'>quavis</span> <span class='ocrx_word' id='word_1_76' title='bbox 1110 879 1201 913; x_wconf 89' lang='lat' dir='ltr'>aliter</span> 
     </span>
     <span class='ocr_line' id='line_1_19' title="bbox 445 930 1199 974; baseline 0.005 -12"><span class='ocrx_word' id='word_1_77' title='bbox 445 930 674 974; x_wconf 86' lang='lat' dir='ltr'>interpretandi</span> <span class='ocrx_word' id='word_1_78' title='bbox 696 938 723 965; x_wconf 89' lang='lat' dir='ltr'>et</span> <span class='ocrx_word' id='word_1_79' title='bbox 747 932 909 965; x_wconf 74' lang='lat' dir='ltr'>iudicandi</span> <span class='ocrx_word' id='word_1_80' title='bbox 924 934 1074 965; x_wconf 81' lang='lat' dir='ltr'>facultate</span> <span class='ocrx_word' id='word_1_81' title='bbox 1095 940 1122 966; x_wconf 82' lang='lat' dir='ltr'>et</span> <span class='ocrx_word' id='word_1_82' title='bbox 1145 945 1199 966; x_wconf 91' lang='lat' dir='ltr'>au-</span> 
     </span>
     <span class='ocr_line' id='line_1_20' title="bbox 444 985 1196 1029; baseline 0.005 -13"><span class='ocrx_word' id='word_1_83' title='bbox 444 985 603 1025; x_wconf 81' lang='lat' dir='ltr'>ctoritate,</span> <span class='ocrx_word' id='word_1_84' title='bbox 630 986 834 1029; x_wconf 78' lang='lat' dir='ltr'>interpretari</span> <span class='ocrx_word' id='word_1_85' title='bbox 850 992 876 1019; x_wconf 87' lang='lat' dir='ltr'>et</span> <span class='ocrx_word' id='word_1_86' title='bbox 901 987 1033 1019; x_wconf 85' lang='lat' dir='ltr'>iudicari</span> <span class='ocrx_word' id='word_1_87' title='bbox 1063 987 1196 1024; x_wconf 66' lang='lat' dir='ltr'>debeat:</span> 
     </span>
     <span class='ocr_line' id='line_1_21' title="bbox 444 1040 1197 1085; baseline 0.003 -14"><span class='ocrx_word' id='word_1_88' title='bbox 444 1049 569 1072; x_wconf 79' lang='lat' dir='ltr'>necnon</span> <span class='ocrx_word' id='word_1_89' title='bbox 594 1040 749 1083; x_wconf 85' lang='lat' dir='ltr'>quicquid</span> <span class='ocrx_word' id='word_1_90' title='bbox 771 1051 863 1072; x_wconf 73' lang='lat' dir='ltr'>secus</span> <span class='ocrx_word' id='word_1_91' title='bbox 885 1052 900 1073; x_wconf 92' lang='lat' dir='ltr'>a</span> <span class='ocrx_word' id='word_1_92' title='bbox 917 1051 1094 1084; x_wconf 75' lang='lat' dir='ltr'>quoquam,</span> <span class='ocrx_word' id='word_1_93' title='bbox 1118 1052 1197 1085; x_wconf 81' lang='lat' dir='ltr'>qua-</span> 
     </span>
     <span class='ocr_line' id='line_1_22' title="bbox 442 1092 1195 1137; baseline 0.005 -13"><span class='ocrx_word' id='word_1_94' title='bbox 442 1092 487 1125; x_wconf 89' lang='lat' dir='ltr'>vis</span> <span class='ocrx_word' id='word_1_95' title='bbox 510 1093 722 1133; x_wconf 85' lang='lat' dir='ltr'>auctoritate,</span> <span class='ocrx_word' id='word_1_96' title='bbox 745 1095 883 1127; x_wconf 77' lang='lat' dir='ltr'>scienter</span> <span class='ocrx_word' id='word_1_97' title='bbox 920 1095 966 1127; x_wconf 88' lang='lat' dir='ltr'>vel</span> <span class='ocrx_word' id='word_1_98' title='bbox 991 1095 1195 1137; x_wconf 67' lang='lat' dir='ltr'>ignoranter,</span> 
     </span>
     <span class='ocr_line' id='line_1_23' title="bbox 443 1146 1198 1189; baseline 0.003 -10"><span class='ocrx_word' id='word_1_99' title='bbox 443 1146 614 1189; x_wconf 76' lang='lat' dir='ltr'>eontigerit</span> <span class='ocrx_word' id='word_1_100' title='bbox 635 1148 796 1188; x_wconf 87' lang='lat' dir='ltr'>attentari,</span> <span class='ocrx_word' id='word_1_101' title='bbox 820 1148 946 1181; x_wconf 83' lang='lat' dir='ltr'>irritum</span> <span class='ocrx_word' id='word_1_102' title='bbox 968 1154 994 1181; x_wconf 73' lang='lat' dir='ltr'>et</span> <span class='ocrx_word' id='word_1_103' title='bbox 1025 1149 1117 1181; x_wconf 48' lang='lat' dir='ltr'>inane¹</span> <span class='ocrx_word' id='word_1_104' title='bbox 1147 1149 1198 1181; x_wconf 88' lang='lat' dir='ltr'>de-</span> 
     </span>
     <span class='ocr_line' id='line_1_24' title="bbox 443 1200 617 1233; baseline 0.006 -1"><span class='ocrx_word' id='word_1_105' title='bbox 443 1200 617 1233; x_wconf 87' lang='lat' dir='ltr'>cernimus.</span> 
     </span>
    </p>

    <p class='ocr_par' dir='ltr' id='par_1_9' title="bbox 420 1253 1197 1732">
     <span class='ocr_line' id='line_1_25' title="bbox 487 1253 1194 1298; baseline 0.004 -13"><span class='ocrx_word' id='word_1_106' title='bbox 487 1254 502 1295; x_wconf 60' lang='grc' dir='ltr'>ξ</span> <span class='ocrx_word' id='word_1_107' title='bbox 527 1253 580 1286; x_wconf 59' lang='lat'>214.</span> <span class='ocrx_word' id='word_1_108' title='bbox 604 1254 790 1298; x_wconf 72' lang='lat' dir='ltr'>Propterea,</span> <span class='ocrx_word' id='word_1_109' title='bbox 814 1255 938 1288; x_wconf 86' lang='lat' dir='ltr'>dilectis</span> <span class='ocrx_word' id='word_1_110' title='bbox 960 1256 1032 1288; x_wconf 81' lang='lat' dir='ltr'>tiliis</span> <span class='ocrx_word' id='word_1_111' title='bbox 1061 1257 1194 1295; x_wconf 71' lang='lat' dir='ltr'>Carolo,</span> 
     </span>
     <span class='ocr_line' id='line_1_26' title="bbox 443 1307 1196 1354; baseline 0.007 -15"><span class='ocrx_word' id='word_1_112' title='bbox 443 1307 535 1341; x_wconf 91' lang='lat' dir='ltr'>titulo</span> <span class='ocrx_word' id='word_1_113' title='bbox 554 1308 687 1341; x_wconf 81' lang='lat' dir='ltr'>Sanctae</span> <span class='ocrx_word' id='word_1_114' title='bbox 709 1309 858 1342; x_wconf 75' lang='lat' dir='ltr'>Praxcdis</span> <span class='ocrx_word' id='word_1_115' title='bbox 878 1310 1064 1354; x_wconf 59' lang='lat' dir='ltr'>presbytero</span> <span class='ocrx_word' id='word_1_116' title='bbox 1092 1311 1196 1343; x_wconf 74' lang='lat' dir='ltr'>cardi-</span> 
     </span>
     <span class='ocr_line' id='line_1_27' title="bbox 444 1361 1197 1407; baseline 0.005 -14"><span class='ocrx_word' id='word_1_117' title='bbox 444 1361 507 1394; x_wconf 91' lang='lat' dir='ltr'>nali</span> <span class='ocrx_word' id='word_1_118' title='bbox 523 1362 738 1395; x_wconf 84' lang='lat' dir='ltr'>ssorrliomaco</span> <span class='ocrx_word' id='word_1_119' title='bbox 764 1370 962 1407; x_wconf 74' lang='lat' dir='ltr'>nuncupato,</span> <span class='ocrx_word' id='word_1_120' title='bbox 980 1363 1054 1396; x_wconf 78' lang='lat' dir='ltr'>dicti</span> <span class='ocrx_word' id='word_1_121' title='bbox 1071 1365 1197 1397; x_wconf 76' lang='lat' dir='ltr'>ttrdinis</span> 
     </span>
     <span class='ocr_line' id='line_1_28' title="bbox 444 1416 1196 1461; baseline 0.003 -13"><span class='ocrx_word' id='word_1_122' title='bbox 444 1416 619 1459; x_wconf 82' lang='lat' dir='ltr'>protectori</span> <span class='ocrx_word' id='word_1_123' title='bbox 640 1422 669 1449; x_wconf 85' lang='lat' dir='ltr'>et</span> <span class='ocrx_word' id='word_1_124' title='bbox 689 1417 878 1457; x_wconf 74' lang='lat' dir='ltr'>correctori,</span> <span class='ocrx_word' id='word_1_125' title='bbox 900 1428 1026 1450; x_wconf 84' lang='lat' dir='ltr'>necnon</span> <span class='ocrx_word' id='word_1_126' title='bbox 1045 1429 1103 1461; x_wconf 79' lang='lat' dir='ltr'>pro</span> <span class='ocrx_word' id='word_1_127' title='bbox 1121 1424 1196 1451; x_wconf 83' lang='lat' dir='ltr'>tem-</span> 
     </span>
     <span class='ocr_line' id='line_1_29' title="bbox 442 1469 1196 1513; baseline 0.004 -11"><span class='ocrx_word' id='word_1_128' title='bbox 442 1479 521 1512; x_wconf 83' lang='lat' dir='ltr'>pore</span> <span class='ocrx_word' id='word_1_129' title='bbox 557 1469 703 1503; x_wconf 80' lang='lat' dir='ltr'>existenti</span> <span class='ocrx_word' id='word_1_130' title='bbox 730 1470 873 1503; x_wconf 78' lang='lat' dir='ltr'>ciusdem</span> <span class='ocrx_word' id='word_1_131' title='bbox 895 1471 1021 1504; x_wconf 83' lang='lat' dir='ltr'>Ordinis</span> <span class='ocrx_word' id='word_1_132' title='bbox 1054 1472 1196 1513; x_wconf 63' lang='lat' dir='ltr'>generali</span> 
     </span>
     <span class='ocr_line' id='line_1_30' title="bbox 442 1523 1195 1570; baseline 0.004 -15"><span class='ocrx_word' id='word_1_133' title='bbox 442 1523 600 1564; x_wconf 81' lang='lat' dir='ltr'>ministre,</span> <span class='ocrx_word' id='word_1_134' title='bbox 624 1524 858 1557; x_wconf 77' lang='lat' dir='ltr'>mandamusut</span> <span class='ocrx_word' id='word_1_135' title='bbox 876 1525 970 1558; x_wconf 89' lang='lat' dir='ltr'>ambo</span> <span class='ocrx_word' id='word_1_136' title='bbox 982 1526 1028 1558; x_wconf 81' lang='lat' dir='ltr'>vel</span> <span class='ocrx_word' id='word_1_137' title='bbox 1052 1526 1195 1570; x_wconf 80' lang='lat' dir='ltr'>ipsorum</span> 
     </span>
     <span class='ocr_line' id='line_1_31' title="bbox 441 1578 1195 1623; baseline 0.004 -13"><span class='ocrx_word' id='word_1_138' title='bbox 441 1578 532 1617; x_wconf 84' lang='lat' dir='ltr'>alter,</span> <span class='ocrx_word' id='word_1_139' title='bbox 552 1578 608 1610; x_wconf 87' lang='lat' dir='ltr'>has</span> <span class='ocrx_word' id='word_1_140' title='bbox 628 1578 749 1611; x_wconf 79' lang='lat' dir='ltr'>litteras</span> <span class='ocrx_word' id='word_1_141' title='bbox 773 1586 803 1613; x_wconf 86' lang='lat' dir='ltr'>ct</span> <span class='ocrx_word' id='word_1_142' title='bbox 823 1579 980 1623; x_wconf 83' lang='lat' dir='ltr'>quidquid</span> <span class='ocrx_word' id='word_1_143' title='bbox 1001 1580 1031 1612; x_wconf 91' lang='lat' dir='ltr'>in</span> <span class='ocrx_word' id='word_1_144' title='bbox 1051 1581 1195 1623; x_wconf 77' lang='lat' dir='ltr'>proxime</span> 
     </span>
     <span class='ocr_line' id='line_1_32' title="bbox 440 1632 1195 1678; baseline 0.005 -15"><span class='ocrx_word' id='word_1_145' title='bbox 440 1632 625 1674; x_wconf 83' lang='lat' dir='ltr'>provinciali</span> <span class='ocrx_word' id='word_1_146' title='bbox 643 1633 784 1676; x_wconf 84' lang='lat' dir='ltr'>capitulo</span> <span class='ocrx_word' id='word_1_147' title='bbox 802 1633 1040 1673; x_wconf 75' lang='lat' dir='ltr'>Mediolanensi,</span> <span class='ocrx_word' id='word_1_148' title='bbox 1058 1640 1195 1678; x_wconf 61' lang='lat' dir='ltr'>uti-(mpie</span> 
     </span>
     <span class='ocr_line' id='line_1_33' title="bbox 420 1679 1194 1732; baseline 0.004 -15"><span class='ocrx_word' id='word_1_149' title='bbox 420 1679 486 1718; x_wconf 71' lang='lat' dir='ltr'>‘vel</span> <span class='ocrx_word' id='word_1_150' title='bbox 507 1686 608 1719; x_wconf 86' lang='lat' dir='ltr'>altero</span> <span class='ocrx_word' id='word_1_151' title='bbox 644 1687 788 1730; x_wconf 86' lang='lat' dir='ltr'>ipsorum</span> <span class='ocrx_word' id='word_1_152' title='bbox 819 1688 1032 1731; x_wconf 69' lang='lat' dir='ltr'>praesidente,</span> <span class='ocrx_word' id='word_1_153' title='bbox 1061 1700 1118 1732; x_wconf 83' lang='lat' dir='ltr'>pro</span> <span class='ocrx_word' id='word_1_154' title='bbox 1142 1700 1194 1720; x_wconf 79' lang='lat' dir='ltr'>su-</span> 
     </span>
    </p>

    <p class='ocr_par' dir='ltr' id='par_1_10' title="bbox 437 1740 1195 2324">
     <span class='ocr_line' id='line_1_34' title="bbox 443 1740 1193 1783; baseline 0.005 -12"><span class='ocrx_word' id='word_1_155' title='bbox 443 1740 695 1783; x_wconf 85' lang='lat' dir='ltr'>prascriptorum</span> <span class='ocrx_word' id='word_1_156' title='bbox 718 1741 862 1773; x_wconf 84' lang='lat' dir='ltr'>omnium</span> <span class='ocrx_word' id='word_1_157' title='bbox 886 1742 1075 1775; x_wconf 70' lang='lat' dir='ltr'>executione</span> <span class='ocrx_word' id='word_1_158' title='bbox 1092 1749 1118 1775; x_wconf 89' lang='lat' dir='ltr'>et</span> <span class='ocrx_word' id='word_1_159' title='bbox 1143 1743 1193 1775; x_wconf 88' lang='lat' dir='ltr'>ob·</span> 
     </span>
     <span class='ocr_line' id='line_1_35' title="bbox 438 1793 1195 1839; baseline 0.005 -14"><span class='ocrx_word' id='word_1_160' title='bbox 438 1793 616 1826; x_wconf 78' lang='lat' dir='ltr'>servatione</span> <span class='ocrx_word' id='word_1_161' title='bbox 637 1794 852 1833; x_wconf 78' lang='lat' dir='ltr'>ordinabitur,</span> <span class='ocrx_word' id='word_1_162' title='bbox 866 1796 993 1835; x_wconf 74' lang='lat' dir='ltr'>saciant,</span> <span class='ocrx_word' id='word_1_163' title='bbox 1019 1807 1074 1839; x_wconf 78' lang='lat' dir='ltr'>per</span> <span class='ocrx_word' id='word_1_164' title='bbox 1096 1808 1127 1827; x_wconf 75' lang='lat' dir='ltr'>sc</span> <span class='ocrx_word' id='word_1_165' title='bbox 1149 1797 1195 1829; x_wconf 81' lang='lat' dir='ltr'>vel</span> 
     </span>
     <span class='ocr_line' id='line_1_36' title="bbox 438 1846 1194 1893; baseline 0.007 -15"><span class='ocrx_word' id='word_1_166' title='bbox 438 1846 537 1879; x_wconf 88' lang='lat' dir='ltr'>alium</span> <span class='ocrx_word' id='word_1_167' title='bbox 559 1859 614 1880; x_wconf 88' lang='lat' dir='ltr'>seu</span> <span class='ocrx_word' id='word_1_168' title='bbox 636 1848 726 1889; x_wconf 87' lang='lat' dir='ltr'>alios,</span> <span class='ocrx_word' id='word_1_169' title='bbox 754 1849 792 1882; x_wconf 91' lang='lat' dir='ltr'>ab</span> <span class='ocrx_word' id='word_1_170' title='bbox 823 1850 973 1882; x_wconf 85' lang='lat' dir='ltr'>omnibus</span> <span class='ocrx_word' id='word_1_171' title='bbox 994 1856 1021 1883; x_wconf 89' lang='lat' dir='ltr'>et</span> <span class='ocrx_word' id='word_1_172' title='bbox 1057 1851 1194 1893; x_wconf 69' lang='lat' dir='ltr'>singulis</span> 
     </span>
     <span class='ocr_line' id='line_1_37' title="bbox 439 1901 1191 1944; baseline 0.005 -12"><span class='ocrx_word' id='word_1_173' title='bbox 439 1901 592 1934; x_wconf 78' lang='lat' dir='ltr'>fratribus</span> <span class='ocrx_word' id='word_1_174' title='bbox 610 1902 760 1944; x_wconf 73' lang='lat' dir='ltr'>praetatis</span> <span class='ocrx_word' id='word_1_175' title='bbox 780 1904 979 1937; x_wconf 75' lang='lat' dir='ltr'>exactissime</span> <span class='ocrx_word' id='word_1_176' title='bbox 1015 1904 1191 1937; x_wconf 82' lang='lat' dir='ltr'>observari.</span> 
     </span>
     <span class='ocr_line' id='line_1_38' title="bbox 437 1953 1194 2001; baseline 0.004 -15"><span class='ocrx_word' id='word_1_177' title='bbox 437 1953 697 1988; x_wconf 84' lang='lat' dir='ltr'>Contradictores</span> <span class='ocrx_word' id='word_1_178' title='bbox 716 1957 874 2000; x_wconf 83' lang='lat' dir='ltr'>quoslibet</span> <span class='ocrx_word' id='word_1_179' title='bbox 898 1963 927 1989; x_wconf 86' lang='lat' dir='ltr'>et</span> <span class='ocrx_word' id='word_1_180' title='bbox 948 1968 1011 1990; x_wconf 91' lang='lat' dir='ltr'>non</span> <span class='ocrx_word' id='word_1_181' title='bbox 1044 1964 1194 2001; x_wconf 82' lang='lat' dir='ltr'>parentes</span> 
     </span>
     <span class='ocr_line' id='line_1_39' title="bbox 438 2008 1191 2054; baseline 0.004 -14"><span class='ocrx_word' id='word_1_182' title='bbox 438 2018 474 2040; x_wconf 86' lang='lat' dir='ltr'>ac</span> <span class='ocrx_word' id='word_1_183' title='bbox 501 2008 655 2049; x_wconf 77' lang='lat' dir='ltr'>rebelles,</span> <span class='ocrx_word' id='word_1_184' title='bbox 689 2020 747 2054; x_wconf 89' lang='lat' dir='ltr'>per</span> <span class='ocrx_word' id='word_1_185' title='bbox 778 2012 964 2051; x_wconf 83' lang='lat' dir='ltr'>sententias,</span> <span class='ocrx_word' id='word_1_186' title='bbox 988 2022 1142 2044; x_wconf 76' lang='lat' dir='ltr'>censuras</span> <span class='ocrx_word' id='word_1_187' title='bbox 1164 2017 1191 2044; x_wconf 79' lang='lat' dir='ltr'>et</span> 
     </span>
     <span class='ocr_line' id='line_1_40' title="bbox 438 2062 1194 2107; baseline 0.005 -13"><span class='ocrx_word' id='word_1_188' title='bbox 438 2072 559 2103; x_wconf 84' lang='lat' dir='ltr'>poenas</span> <span class='ocrx_word' id='word_1_189' title='bbox 580 2062 824 2103; x_wconf 69' lang='lat' dir='ltr'>ecclesiasticas,</span> <span class='ocrx_word' id='word_1_190' title='bbox 848 2075 884 2097; x_wconf 84' lang='lat' dir='ltr'>ac</span> <span class='ocrx_word' id='word_1_191' title='bbox 905 2065 1000 2097; x_wconf 84' lang='lat' dir='ltr'>etiam</span> <span class='ocrx_word' id='word_1_192' title='bbox 1021 2066 1194 2107; x_wconf 58' lang='lat' dir='ltr'>graduum,</span> 
     </span>
     <span class='ocr_line' id='line_1_41' title="bbox 437 2115 1195 2163; baseline 0.005 -16"><span class='ocrx_word' id='word_1_193' title='bbox 437 2115 619 2148; x_wconf 83' lang='lat' dir='ltr'>officiorum</span> <span class='ocrx_word' id='word_1_194' title='bbox 638 2122 668 2150; x_wconf 83' lang='lat' dir='ltr'>et</span> <span class='ocrx_word' id='word_1_195' title='bbox 683 2117 769 2150; x_wconf 80' lang='lat' dir='ltr'>vocis</span> <span class='ocrx_word' id='word_1_196' title='bbox 784 2123 847 2150; x_wconf 87' lang='lat' dir='ltr'>tam</span> <span class='ocrx_word' id='word_1_197' title='bbox 873 2118 992 2151; x_wconf 78' lang='lat' dir='ltr'>activae</span> <span class='ocrx_word' id='word_1_198' title='bbox 1011 2131 1106 2162; x_wconf 80' lang='lat' dir='ltr'>quani</span> <span class='ocrx_word' id='word_1_199' title='bbox 1127 2131 1195 2163; x_wconf 87' lang='lat' dir='ltr'>pas-</span> 
     </span>
     <span class='ocr_line' id='line_1_42' title="bbox 437 2169 1193 2216; baseline 0.005 -15"><span class='ocrx_word' id='word_1_200' title='bbox 437 2169 519 2202; x_wconf 82' lang='lat' dir='ltr'>sivae</span> <span class='ocrx_word' id='word_1_201' title='bbox 551 2170 762 2213; x_wconf 85' lang='lat' dir='ltr'>privationem</span> <span class='ocrx_word' id='word_1_202' title='bbox 786 2183 822 2205; x_wconf 86' lang='lat' dir='ltr'>ae</span> <span class='ocrx_word' id='word_1_203' title='bbox 853 2178 990 2213; x_wconf 75' lang='lat' dir='ltr'>caetera,</span> <span class='ocrx_word' id='word_1_204' title='bbox 1018 2184 1100 2216; x_wconf 75' lang='lat' dir='ltr'>quae</span> <span class='ocrx_word' id='word_1_205' title='bbox 1135 2173 1193 2205; x_wconf 80' lang='lat' dir='ltr'>sibi</span> 
     </span>
     <span class='ocr_line' id='line_1_43' title="bbox 437 2222 1193 2269; baseline 0.005 -14"><span class='ocrx_word' id='word_1_206' title='bbox 437 2222 632 2257; x_wconf 84' lang='lat' dir='ltr'>videbuntur</span> <span class='ocrx_word' id='word_1_207' title='bbox 656 2230 858 2269; x_wconf 82' lang='lat' dir='ltr'>opportuna,</span> <span class='ocrx_word' id='word_1_208' title='bbox 878 2225 956 2259; x_wconf 80' lang='lat' dir='ltr'>iuris</span> <span class='ocrx_word' id='word_1_209' title='bbox 988 2232 1018 2258; x_wconf 89' lang='lat' dir='ltr'>et</span> <span class='ocrx_word' id='word_1_210' title='bbox 1039 2227 1110 2259; x_wconf 77' lang='lat' dir='ltr'>sacti</span> <span class='ocrx_word' id='word_1_211' title='bbox 1144 2239 1193 2259; x_wconf 81' lang='lat' dir='ltr'>rc-</span> 
     </span>
     <span class='ocr_line' id='line_1_44' title="bbox 439 2277 1194 2324; baseline 0.007 -15"><span class='ocrx_word' id='word_1_212' title='bbox 439 2277 555 2316; x_wconf 88' lang='lat' dir='ltr'>media,</span> <span class='ocrx_word' id='word_1_213' title='bbox 587 2289 793 2323; x_wconf 85' lang='lat' dir='ltr'>quacumque</span> <span class='ocrx_word' id='word_1_214' title='bbox 819 2291 953 2323; x_wconf 77' lang='lat' dir='ltr'>prorsus</span> <span class='ocrx_word' id='word_1_215' title='bbox 978 2281 1194 2324; x_wconf 57' lang='lat' dir='ltr'>aiiupellationc</span> 
     </span>
    </p>
   </div>
   <div class='ocr_carea' id='block_1_8' title="bbox 439 2337 1216 2391">
    <p class='ocr_par' dir='ltr' id='par_1_11' title="bbox 439 2337 1216 2391">
     <span class='ocr_line' id='line_1_45' title="bbox 439 2337 1216 2391; baseline 0.005 -23"><span class='ocrx_word' id='word_1_216' title='bbox 439 2337 614 2380; x_wconf 82' lang='lat' dir='ltr'>postposita</span> <span class='ocrx_word' id='word_1_217' title='bbox 635 2343 666 2370; x_wconf 85' lang='lat' dir='ltr'>et</span> <span class='ocrx_word' id='word_1_218' title='bbox 685 2338 780 2371; x_wconf 85' lang='lat' dir='ltr'>etiam</span> <span class='ocrx_word' id='word_1_219' title='bbox 792 2339 922 2375; x_wconf 75' lang='lat' dir='ltr'>reiecta,</span> <span class='ocrx_word' id='word_1_220' title='bbox 938 2340 1192 2382; x_wconf 60' lang='lat' dir='ltr'>compescentlm</span> <span class='ocrx_word' id='word_1_221' title='bbox 1214 2382 1216 2391; x_wconf 41' lang='lat'>¹</span> 
     </span>
    </p>
   </div>
   <div class='ocr_carea' id='block_1_9' title="bbox 438 2396 1192 2663">
    <p class='ocr_par' dir='ltr' id='par_1_12' title="bbox 438 2396 1192 2663">
     <span class='ocr_line' id='line_1_46' title="bbox 440 2396 1192 2439; baseline 0.007 -13"><span class='ocrx_word' id='word_1_222' title='bbox 440 2400 535 2439; x_wconf 82' lang='lat' dir='ltr'>atque</span> <span class='ocrx_word' id='word_1_223' title='bbox 557 2396 686 2429; x_wconf 88' lang='lat' dir='ltr'>eosdem</span> <span class='ocrx_word' id='word_1_224' title='bbox 709 2397 739 2429; x_wconf 93' lang='lat' dir='ltr'>in</span> <span class='ocrx_word' id='word_1_225' title='bbox 761 2397 946 2438; x_wconf 82' lang='lat' dir='ltr'>sententias,</span> <span class='ocrx_word' id='word_1_226' title='bbox 964 2404 1129 2430; x_wconf 80' lang='lat' dir='ltr'>&#39;censuras</span> <span class='ocrx_word' id='word_1_227' title='bbox 1165 2405 1192 2431; x_wconf 77' lang='lat' dir='ltr'>ct</span> 
     </span>
     <span class='ocr_line' id='line_1_47' title="bbox 440 2455 1190 2498; baseline 0.004 -12"><span class='ocrx_word' id='word_1_228' title='bbox 440 2464 560 2497; x_wconf 88' lang='lat' dir='ltr'>poenas</span> <span class='ocrx_word' id='word_1_229' title='bbox 601 2455 781 2498; x_wconf 87' lang='lat' dir='ltr'>praedictas</span> <span class='ocrx_word' id='word_1_230' title='bbox 814 2455 963 2488; x_wconf 82' lang='lat' dir='ltr'>incidisse</span> <span class='ocrx_word' id='word_1_231' title='bbox 984 2455 1190 2495; x_wconf 79' lang='lat' dir='ltr'>declarando,</span> 
     </span>
     <span class='ocr_line' id='line_1_48' title="bbox 440 2513 1192 2556; baseline 0.003 -12"><span class='ocrx_word' id='word_1_232' title='bbox 440 2522 556 2555; x_wconf 80' lang='lat' dir='ltr'>easque</span> <span class='ocrx_word' id='word_1_233' title='bbox 569 2513 696 2556; x_wconf 83' lang='lat' dir='ltr'>saepius</span> <span class='ocrx_word' id='word_1_234' title='bbox 705 2513 916 2556; x_wconf 76' lang='lat' dir='ltr'>aggravando,</span> <span class='ocrx_word' id='word_1_235' title='bbox 928 2513 1070 2546; x_wconf 84' lang='lat' dir='ltr'>adbibita</span> <span class='ocrx_word' id='word_1_236' title='bbox 1087 2514 1192 2554; x_wconf 76' lang='lat' dir='ltr'>etiam,</span> 
     </span>
     <span class='ocr_line' id='line_1_49' title="bbox 440 2570 1192 2613; baseline -0.001 -11"><span class='ocrx_word' id='word_1_237' title='bbox 440 2570 464 2602; x_wconf 88' lang='lat' dir='ltr'>si</span> <span class='ocrx_word' id='word_1_238' title='bbox 486 2580 566 2613; x_wconf 86' lang='lat' dir='ltr'>opus</span> <span class='ocrx_word' id='word_1_239' title='bbox 597 2571 706 2611; x_wconf 75' lang='lat' dir='ltr'>tuerit,</span> <span class='ocrx_word' id='word_1_240' title='bbox 749 2582 846 2604; x_wconf 86' lang='lat' dir='ltr'>manu</span> <span class='ocrx_word' id='word_1_241' title='bbox 868 2571 1010 2611; x_wconf 73' lang='lat' dir='ltr'>militari,</span> <span class='ocrx_word' id='word_1_242' title='bbox 1044 2578 1073 2605; x_wconf 85' lang='lat' dir='ltr'>et</span> <span class='ocrx_word' id='word_1_243' title='bbox 1104 2572 1192 2605; x_wconf 82' lang='lat' dir='ltr'>invo-</span> 
     </span>
     <span class='ocr_line' id='line_1_50' title="bbox 438 2628 1004 2663; baseline 0.004 -3"><span class='ocrx_word' id='word_1_244' title='bbox 438 2633 509 2660; x_wconf 81' lang='lat' dir='ltr'>cato</span> <span class='ocrx_word' id='word_1_245' title='bbox 529 2628 651 2662; x_wconf 77' lang='lat' dir='ltr'>auxilio</span> <span class='ocrx_word' id='word_1_246' title='bbox 673 2629 796 2663; x_wconf 86' lang='lat' dir='ltr'>brachii</span> <span class='ocrx_word' id='word_1_247' title='bbox 819 2630 1004 2663; x_wconf 76' lang='lat' dir='ltr'>saecularis.</span> 
     </span>
    </p>
   </div>
   <div class='ocr_carea' id='block_1_10' title="bbox 1218 292 1226 1143">
    <p class='ocr_par' dir='ltr' id='par_1_13' title="bbox 1218 292 1226 1143">
     <span class='ocr_line' id='line_1_51' title="bbox 1218 292 1226 1143; baseline 0 0"><span class='ocrx_word' id='word_1_248' title='bbox 1218 292 1226 1143; x_wconf 95' lang='lat' dir='ltr'> </span> 
     </span>
    </p>
   </div>
   <div class='ocr_carea' id='block_1_11' title="bbox 1050 234 1401 259">
    <p class='ocr_par' dir='ltr' id='par_1_14' title="bbox 1050 234 1401 259">
     <span class='ocr_line' id='line_1_52' title="bbox 1050 234 1401 259; baseline 0.006 -2"><span class='ocrx_word' id='word_1_249' title='bbox 1050 234 1230 258; x_wconf 76' lang='lat' dir='ltr'><strong>BULLARIUM</strong></span> <span class='ocrx_word' id='word_1_250' title='bbox 1251 235 1401 259; x_wconf 68' lang='lat' dir='ltr'><strong>ROMANUM</strong></span> 
     </span>
    </p>
   </div>
   <div class='ocr_carea' id='block_1_12' title="bbox 1237 342 2000 2438">
    <p class='ocr_par' dir='ltr' id='par_1_15' title="bbox 1239 342 2000 1569">
     <span class='ocr_line' id='line_1_53' title="bbox 1246 342 1998 388; baseline 0.007 -15"><span class='ocrx_word' id='word_1_251' title='bbox 1246 347 1354 373; x_wconf 86' lang='lat' dir='ltr'>nostra</span> <span class='ocrx_word' id='word_1_252' title='bbox 1376 342 1413 375; x_wconf 91' lang='lat' dir='ltr'>de</span> <span class='ocrx_word' id='word_1_253' title='bbox 1434 352 1498 375; x_wconf 90' lang='lat' dir='ltr'>non</span> <span class='ocrx_word' id='word_1_254' title='bbox 1520 343 1661 376; x_wconf 86' lang='lat' dir='ltr'>tollendo</span> <span class='ocrx_word' id='word_1_255' title='bbox 1682 344 1752 377; x_wconf 87' lang='lat' dir='ltr'>iure</span> <span class='ocrx_word' id='word_1_256' title='bbox 1773 344 1935 388; x_wconf 87' lang='lat' dir='ltr'>quaesito,</span> <span class='ocrx_word' id='word_1_257' title='bbox 1963 355 1998 377; x_wconf 79' lang='lat' dir='ltr'>ac</span> 
     </span>
     <span class='ocr_line' id='line_1_54' title="bbox 1246 395 1997 442; baseline 0.007 -16"><span class='ocrx_word' id='word_1_258' title='bbox 1246 395 1513 437; x_wconf 77' lang='lat' dir='ltr'>piaememoriae</span> <span class='ocrx_word' id='word_1_259' title='bbox 1544 396 1699 430; x_wconf 80' lang='lat' dir='ltr'>Bonifac-ii</span> <span class='ocrx_word' id='word_1_260' title='bbox 1732 398 1837 442; x_wconf 84' lang='lat' dir='ltr'>Papae</span> <span class='ocrx_word' id='word_1_261' title='bbox 1873 399 1997 437; x_wconf 83' lang='lat' dir='ltr'>octavi,</span> 
     </span>
     <span class='ocr_line' id='line_1_55' title="bbox 1245 449 1999 492; baseline 0.007 -12"><span class='ocrx_word' id='word_1_262' title='bbox 1245 449 1502 491; x_wconf 77' lang='lat' dir='ltr'>praedecessoris</span> <span class='ocrx_word' id='word_1_263' title='bbox 1520 451 1632 491; x_wconf 85' lang='lat' dir='ltr'>nostri,</span> <span class='ocrx_word' id='word_1_264' title='bbox 1654 451 1692 484; x_wconf 88' lang='lat' dir='ltr'>de</span> <span class='ocrx_word' id='word_1_265' title='bbox 1713 462 1793 492; x_wconf 83' lang='lat' dir='ltr'>una,</span> <span class='ocrx_word' id='word_1_266' title='bbox 1817 457 1847 484; x_wconf 87' lang='lat' dir='ltr'>et</span> <span class='ocrx_word' id='word_1_267' title='bbox 1868 452 1900 484; x_wconf 89' lang='lat' dir='ltr'>in</span> <span class='ocrx_word' id='word_1_268' title='bbox 1921 463 1999 485; x_wconf 88' lang='lat' dir='ltr'>con-</span> 
     </span>
     <span class='ocr_line' id='line_1_56' title="bbox 1245 502 1997 546; baseline 0.005 -13"><span class='ocrx_word' id='word_1_269' title='bbox 1245 502 1319 535; x_wconf 89' lang='lat' dir='ltr'>cilio</span> <span class='ocrx_word' id='word_1_270' title='bbox 1339 504 1482 546; x_wconf 73' lang='lat' dir='ltr'>generali</span> <span class='ocrx_word' id='word_1_271' title='bbox 1517 504 1600 537; x_wconf 78' lang='lat' dir='ltr'>edita</span> <span class='ocrx_word' id='word_1_272' title='bbox 1635 505 1674 537; x_wconf 89' lang='lat' dir='ltr'>de</span> <span class='ocrx_word' id='word_1_273' title='bbox 1709 505 1835 537; x_wconf 85' lang='lat' dir='ltr'>duabus</span> <span class='ocrx_word' id='word_1_274' title='bbox 1866 505 1997 545; x_wconf 85' lang='lat' dir='ltr'>diaetis,</span> 
     </span>
     <span class='ocr_line' id='line_1_57' title="bbox 1243 556 2000 600; baseline 0.007 -13"><span class='ocrx_word' id='word_1_275' title='bbox 1243 556 1378 600; x_wconf 76' lang='lat' dir='ltr'>aliisque</span> <span class='ocrx_word' id='word_1_276' title='bbox 1396 558 1680 591; x_wconf 84' lang='lat' dir='ltr'>constitutionibus</span> <span class='ocrx_word' id='word_1_277' title='bbox 1697 564 1725 591; x_wconf 88' lang='lat' dir='ltr'>et</span> <span class='ocrx_word' id='word_1_278' title='bbox 1742 559 2000 592; x_wconf 81' lang='lat' dir='ltr'>ordinationibus</span> 
     </span>
     <span class='ocr_line' id='line_1_58' title="bbox 1244 611 1999 656; baseline 0.005 -14"><span class='ocrx_word' id='word_1_279' title='bbox 1244 611 1443 654; x_wconf 76' lang='lat' dir='ltr'>apostolicis,</span> <span class='ocrx_word' id='word_1_280' title='bbox 1466 623 1591 645; x_wconf 89' lang='lat' dir='ltr'>necnon</span> <span class='ocrx_word' id='word_1_281' title='bbox 1612 612 1740 646; x_wconf 85' lang='lat' dir='ltr'>Ordinis</span> <span class='ocrx_word' id='word_1_282' title='bbox 1766 619 1796 646; x_wconf 86' lang='lat' dir='ltr'>et</span> <span class='ocrx_word' id='word_1_283' title='bbox 1821 624 1999 656; x_wconf 81' lang='lat' dir='ltr'>congrega-</span> 
     </span>
     <span class='ocr_line' id='line_1_59' title="bbox 1245 664 2000 707; baseline 0.005 -12"><span class='ocrx_word' id='word_1_284' title='bbox 1245 664 1368 697; x_wconf 82' lang='lat' dir='ltr'>tionum</span> <span class='ocrx_word' id='word_1_285' title='bbox 1395 666 1593 707; x_wconf 86' lang='lat' dir='ltr'>huiusmodi,</span> <span class='ocrx_word' id='word_1_286' title='bbox 1617 666 1810 707; x_wconf 88' lang='lat' dir='ltr'>iuramento,</span> <span class='ocrx_word' id='word_1_287' title='bbox 1829 667 2000 700; x_wconf 83' lang='lat' dir='ltr'>confirma-</span> 
     </span>
     <span class='ocr_line' id='line_1_60' title="bbox 1245 717 2000 764; baseline 0.005 -15"><span class='ocrx_word' id='word_1_288' title='bbox 1245 717 1329 751; x_wconf 79' lang='lat' dir='ltr'>tione</span> <span class='ocrx_word' id='word_1_289' title='bbox 1351 720 1526 763; x_wconf 80' lang='lat' dir='ltr'>apostolica</span> <span class='ocrx_word' id='word_1_290' title='bbox 1560 726 1590 753; x_wconf 86' lang='lat' dir='ltr'>et</span> <span class='ocrx_word' id='word_1_291' title='bbox 1619 722 1729 764; x_wconf 84' lang='lat' dir='ltr'>quavis</span> <span class='ocrx_word' id='word_1_292' title='bbox 1762 721 1823 754; x_wconf 83' lang='lat' dir='ltr'>alia</span> <span class='ocrx_word' id='word_1_293' title='bbox 1849 720 2000 754; x_wconf 84' lang='lat' dir='ltr'>firmitate</span> 
     </span>
     <span class='ocr_line' id='line_1_61' title="bbox 1244 772 1999 819; baseline 0.007 -16"><span class='ocrx_word' id='word_1_294' title='bbox 1244 772 1411 813; x_wconf 86' lang='lat' dir='ltr'>roboratis,</span> <span class='ocrx_word' id='word_1_295' title='bbox 1433 774 1557 807; x_wconf 78' lang='lat' dir='ltr'>statutis</span> <span class='ocrx_word' id='word_1_296' title='bbox 1578 780 1605 807; x_wconf 82' lang='lat' dir='ltr'>et</span> <span class='ocrx_word' id='word_1_297' title='bbox 1618 774 1919 811; x_wconf 57' lang='lat' dir='ltr'>consuetudinibuffi</span> <span class='ocrx_word' id='word_1_298' title='bbox 1935 775 1999 819; x_wconf 91' lang='lat' dir='ltr'>pri-</span> 
     </span>
     <span class='ocr_line' id='line_1_62' title="bbox 1243 825 2000 873; baseline 0.005 -16"><span class='ocrx_word' id='word_1_299' title='bbox 1243 825 1364 869; x_wconf 73' lang='lat' dir='ltr'>vilegiis</span> <span class='ocrx_word' id='word_1_300' title='bbox 1384 838 1514 871; x_wconf 84' lang='lat' dir='ltr'>quoquc</span> <span class='ocrx_word' id='word_1_301' title='bbox 1535 828 1710 861; x_wconf 89' lang='lat' dir='ltr'>etindultis</span> <span class='ocrx_word' id='word_1_302' title='bbox 1725 829 1922 873; x_wconf 83' lang='lat' dir='ltr'>apostolicis,</span> <span class='ocrx_word' id='word_1_303' title='bbox 1937 829 2000 861; x_wconf 91' lang='lat' dir='ltr'>illis</span> 
     </span>
     <span class='ocr_line' id='line_1_63' title="bbox 1243 882 1998 924; baseline 0.007 -13"><span class='ocrx_word' id='word_1_304' title='bbox 1243 891 1300 923; x_wconf 78' lang='lat' dir='ltr'>per</span> <span class='ocrx_word' id='word_1_305' title='bbox 1320 891 1545 924; x_wconf 78' lang='lat' dir='ltr'>quoscumque</span> <span class='ocrx_word' id='word_1_306' title='bbox 1567 882 1728 915; x_wconf 82' lang='lat' dir='ltr'>Romanos</span> <span class='ocrx_word' id='word_1_307' title='bbox 1755 883 1928 916; x_wconf 83' lang='lat' dir='ltr'>Pontifices</span> <span class='ocrx_word' id='word_1_308' title='bbox 1962 894 1998 916; x_wconf 80' lang='lat' dir='ltr'>ac</span> 
     </span>
     <span class='ocr_line' id='line_1_64' title="bbox 1242 934 1998 980; baseline 0.004 -14"><span class='ocrx_word' id='word_1_309' title='bbox 1242 934 1356 966; x_wconf 67' lang='lat' dir='ltr'>Scdem</span> <span class='ocrx_word' id='word_1_310' title='bbox 1374 935 1590 978; x_wconf 69' lang='lat' dir='ltr'>Apostolicam</span> <span class='ocrx_word' id='word_1_311' title='bbox 1606 941 1635 969; x_wconf 86' lang='lat' dir='ltr'>et</span> <span class='ocrx_word' id='word_1_312' title='bbox 1650 935 1744 968; x_wconf 84' lang='lat' dir='ltr'>etiam</span> <span class='ocrx_word' id='word_1_313' title='bbox 1762 947 1831 974; x_wconf 79' lang='lat' dir='ltr'>nos,</span> <span class='ocrx_word' id='word_1_314' title='bbox 1851 937 1910 970; x_wconf 85' lang='lat' dir='ltr'>sub</span> <span class='ocrx_word' id='word_1_315' title='bbox 1930 937 1998 980; x_wconf 85' lang='lat' dir='ltr'>qui—</span> 
     </span>
     <span class='ocr_line' id='line_1_65' title="bbox 1242 988 1997 1031; baseline 0.007 -13"><span class='ocrx_word' id='word_1_316' title='bbox 1242 988 1443 1031; x_wconf 72' lang='lat' dir='ltr'>lnis‹5·mnque</span> <span class='ocrx_word' id='word_1_317' title='bbox 1466 989 1631 1022; x_wconf 81' lang='lat' dir='ltr'>tenoribus</span> <span class='ocrx_word' id='word_1_318' title='bbox 1656 995 1682 1022; x_wconf 83' lang='lat' dir='ltr'>et</span> <span class='ocrx_word' id='word_1_319' title='bbox 1711 989 1833 1029; x_wconf 72' lang='lat' dir='ltr'>formis,</span> <span class='ocrx_word' id='word_1_320' title='bbox 1856 1001 1893 1023; x_wconf 86' lang='lat' dir='ltr'>ac</span> <span class='ocrx_word' id='word_1_321' title='bbox 1924 1001 1997 1023; x_wconf 86' lang='lat' dir='ltr'>cum</span> 
     </span>
     <span class='ocr_line' id='line_1_66' title="bbox 1241 1041 1998 1086; baseline 0.005 -14"><span class='ocrx_word' id='word_1_322' title='bbox 1241 1041 1405 1084; x_wconf 75' lang='lat' dir='ltr'>quibusvis</span> <span class='ocrx_word' id='word_1_323' title='bbox 1426 1043 1581 1075; x_wconf 82' lang='lat' dir='ltr'>clausulis</span> <span class='ocrx_word' id='word_1_324' title='bbox 1601 1047 1632 1075; x_wconf 93' lang='lat' dir='ltr'>et</span> <span class='ocrx_word' id='word_1_325' title='bbox 1649 1043 1797 1084; x_wconf 85' lang='lat' dir='ltr'>decretis,</span> <span class='ocrx_word' id='word_1_326' title='bbox 1820 1043 1853 1076; x_wconf 89' lang='lat' dir='ltr'>in</span> <span class='ocrx_word' id='word_1_327' title='bbox 1880 1054 1998 1086; x_wconf 81' lang='lat' dir='ltr'>genere</span> 
     </span>
     <span class='ocr_line' id='line_1_67' title="bbox 1241 1096 1998 1142; baseline 0.005 -15"><span class='ocrx_word' id='word_1_328' title='bbox 1241 1100 1270 1127; x_wconf 87' lang='lat' dir='ltr'>et</span> <span class='ocrx_word' id='word_1_329' title='bbox 1295 1096 1327 1127; x_wconf 92' lang='lat' dir='ltr'>in</span> <span class='ocrx_word' id='word_1_330' title='bbox 1349 1096 1455 1138; x_wconf 80' lang='lat' dir='ltr'>specie</span> <span class='ocrx_word' id='word_1_331' title='bbox 1480 1097 1640 1129; x_wconf 73' lang='lat' dir='ltr'>concessis</span> <span class='ocrx_word' id='word_1_332' title='bbox 1665 1102 1695 1130; x_wconf 85' lang='lat' dir='ltr'>et</span> <span class='ocrx_word' id='word_1_333' title='bbox 1729 1097 1998 1142; x_wconf 86' lang='lat' dir='ltr'>quotiescumque</span> 
     </span>
     <span class='ocr_line' id='line_1_68' title="bbox 1241 1150 1997 1195; baseline 0.007 -15"><span class='ocrx_word' id='word_1_334' title='bbox 1241 1150 1440 1181; x_wconf 82' lang='lat' dir='ltr'>contirmatis</span> <span class='ocrx_word' id='word_1_335' title='bbox 1461 1150 1669 1191; x_wconf 79' lang='lat' dir='ltr'>etinnovatis‚</span> <span class='ocrx_word' id='word_1_336' title='bbox 1685 1157 1715 1184; x_wconf 90' lang='lat' dir='ltr'>et</span> <span class='ocrx_word' id='word_1_337' title='bbox 1732 1151 1822 1183; x_wconf 78' lang='lat' dir='ltr'>Mare</span> <span class='ocrx_word' id='word_1_338' title='bbox 1841 1151 1997 1195; x_wconf 74' lang='lat' dir='ltr'>Maymcm</span> 
     </span>
     <span class='ocr_line' id='line_1_69' title="bbox 1241 1203 1999 1249; baseline 0.007 -16"><span class='ocrx_word' id='word_1_339' title='bbox 1241 1203 1447 1245; x_wconf 76' lang='lat' dir='ltr'>nuncupatis,</span> <span class='ocrx_word' id='word_1_340' title='bbox 1471 1215 1507 1236; x_wconf 90' lang='lat' dir='ltr'>ac</span> <span class='ocrx_word' id='word_1_341' title='bbox 1528 1204 1722 1247; x_wconf 84' lang='lat' dir='ltr'>quibuslibet</span> <span class='ocrx_word' id='word_1_342' title='bbox 1740 1204 1810 1238; x_wconf 84' lang='lat' dir='ltr'>aliis</span> <span class='ocrx_word' id='word_1_343' title='bbox 1831 1204 1999 1249; x_wconf 80' lang='lat' dir='ltr'>indulgen-</span> 
     </span>
     <span class='ocr_line' id='line_1_70' title="bbox 1240 1256 1999 1302; baseline 0.004 -14"><span class='ocrx_word' id='word_1_344' title='bbox 1240 1256 1289 1288; x_wconf 86' lang='lat' dir='ltr'>tiis</span> <span class='ocrx_word' id='word_1_345' title='bbox 1315 1262 1345 1289; x_wconf 86' lang='lat' dir='ltr'>ct</span> <span class='ocrx_word' id='word_1_346' title='bbox 1373 1257 1488 1290; x_wconf 72' lang='lat' dir='ltr'>litteris</span> <span class='ocrx_word' id='word_1_347' title='bbox 1515 1258 1710 1301; x_wconf 76' lang='lat' dir='ltr'>apostolicis,</span> <span class='ocrx_word' id='word_1_348' title='bbox 1746 1269 1803 1302; x_wconf 83' lang='lat' dir='ltr'>per</span> <span class='ocrx_word' id='word_1_349' title='bbox 1823 1269 1922 1302; x_wconf 82' lang='lat' dir='ltr'>quae,</span> <span class='ocrx_word' id='word_1_350' title='bbox 1949 1259 1999 1292; x_wconf 86' lang='lat' dir='ltr'>liis</span> 
     </span>
     <span class='ocr_line' id='line_1_71' title="bbox 1241 1310 1997 1355; baseline 0.007 -14"><span class='ocrx_word' id='word_1_351' title='bbox 1241 1310 1355 1343; x_wconf 70' lang='lat' dir='ltr'>litteris</span> <span class='ocrx_word' id='word_1_352' title='bbox 1374 1322 1435 1343; x_wconf 90' lang='lat' dir='ltr'>non</span> <span class='ocrx_word' id='word_1_353' title='bbox 1458 1322 1607 1355; x_wconf 79' lang='lat' dir='ltr'>expressa</span> <span class='ocrx_word' id='word_1_354' title='bbox 1618 1313 1665 1344; x_wconf 73' lang='lat' dir='ltr'>vel</span> <span class='ocrx_word' id='word_1_355' title='bbox 1683 1312 1776 1345; x_wconf 88' lang='lat' dir='ltr'>etiam</span> <span class='ocrx_word' id='word_1_356' title='bbox 1790 1323 1855 1345; x_wconf 90' lang='lat' dir='ltr'>non</span> <span class='ocrx_word' id='word_1_357' title='bbox 1870 1312 1997 1353; x_wconf 86' lang='lat' dir='ltr'>inserta,</span> 
     </span>
     <span class='ocr_line' id='line_1_72' title="bbox 1240 1364 1999 1410; baseline 0.005 -15"><span class='ocrx_word' id='word_1_358' title='bbox 1240 1364 1355 1396; x_wconf 84' lang='lat' dir='ltr'>barum</span> <span class='ocrx_word' id='word_1_359' title='bbox 1381 1365 1524 1405; x_wconf 73' lang='lat' dir='ltr'>effectus,</span> <span class='ocrx_word' id='word_1_360' title='bbox 1543 1365 1688 1398; x_wconf 69' lang='lat' dir='ltr'>executio</span> <span class='ocrx_word' id='word_1_361' title='bbox 1710 1366 1860 1410; x_wconf 85' lang='lat' dir='ltr'>impediri</span> <span class='ocrx_word' id='word_1_362' title='bbox 1880 1367 1999 1400; x_wconf 88' lang='lat' dir='ltr'>valeret</span> 
     </span>
     <span class='ocr_line' id='line_1_73' title="bbox 1239 1418 1997 1463; baseline 0.004 -13"><span class='ocrx_word' id='word_1_363' title='bbox 1239 1418 1284 1450; x_wconf 84' lang='lat' dir='ltr'>vel</span> <span class='ocrx_word' id='word_1_364' title='bbox 1320 1418 1455 1456; x_wconf 73' lang='lat' dir='ltr'>tardari,</span> <span class='ocrx_word' id='word_1_365' title='bbox 1492 1425 1522 1452; x_wconf 80' lang='lat' dir='ltr'>et</span> <span class='ocrx_word' id='word_1_366' title='bbox 1548 1420 1586 1451; x_wconf 70' lang='lat' dir='ltr'>dv</span> <span class='ocrx_word' id='word_1_367' title='bbox 1624 1420 1742 1463; x_wconf 82' lang='lat' dir='ltr'>quibus</span> <span class='ocrx_word' id='word_1_368' title='bbox 1764 1430 1997 1463; x_wconf 85' lang='lat' dir='ltr'>quorumcum-</span> 
     </span>
     <span class='ocr_line' id='line_1_74' title="bbox 1239 1472 1996 1514; baseline 0.007 -12"><span class='ocrx_word' id='word_1_369' title='bbox 1239 1483 1301 1514; x_wconf 69' lang='lat' dir='ltr'>qu·¹</span> <span class='ocrx_word' id='word_1_370' title='bbox 1327 1472 1398 1504; x_wconf 74' lang='lat' dir='ltr'>totis</span> <span class='ocrx_word' id='word_1_371' title='bbox 1422 1473 1589 1505; x_wconf 72' lang='lat' dir='ltr'>tenorilms</span> <span class='ocrx_word' id='word_1_372' title='bbox 1610 1473 1756 1507; x_wconf 84' lang='lat' dir='ltr'>habenda</span> <span class='ocrx_word' id='word_1_373' title='bbox 1770 1480 1851 1507; x_wconf 86' lang='lat' dir='ltr'>esset.</span> <span class='ocrx_word' id='word_1_374' title='bbox 1876 1474 1996 1508; x_wconf 89' lang='lat' dir='ltr'>mentio</span> 
     </span>
     <span class='ocr_line' id='line_1_75' title="bbox 1239 1526 1396 1569; baseline -0.006 -10"><span class='ocrx_word' id='word_1_375' title='bbox 1239 1526 1396 1569; x_wconf 64' lang='lat' dir='ltr'>specialis.</span> 
     </span>
    </p>

    <p class='ocr_par' dir='ltr' id='par_1_16' title="bbox 1238 1580 1996 2152">
     <span class='ocr_line' id='line_1_76' title="bbox 1282 1580 1996 1626; baseline 0.007 -15"><span class='ocrx_word' id='word_1_376' title='bbox 1282 1582 1297 1621; x_wconf 47' lang='grc' dir='ltr'>,ξ</span> <span class='ocrx_word' id='word_1_377' title='bbox 1320 1580 1370 1613; x_wconf 60' lang='lat' dir='ltr'>lt).</span> <span class='ocrx_word' id='word_1_378' title='bbox 1404 1581 1558 1614; x_wconf 73' lang='lat' dir='ltr'>Volumus</span> <span class='ocrx_word' id='word_1_379' title='bbox 1579 1582 1673 1615; x_wconf 84' lang='lat' dir='ltr'>etiam</span> <span class='ocrx_word' id='word_1_380' title='bbox 1696 1583 1782 1626; x_wconf 83' lang='lat' dir='ltr'>quod</span> <span class='ocrx_word' id='word_1_381' title='bbox 1810 1583 1925 1616; x_wconf 83' lang='lat' dir='ltr'>harum</span> <span class='ocrx_word' id='word_1_382' title='bbox 1948 1583 1996 1616; x_wconf 89' lang='lat' dir='ltr'>lit-</span> 
     </span>
     <span class='ocr_line' id='line_1_77' title="bbox 1242 1636 1995 1680; baseline 0.007 -15"><span class='ocrx_word' id='word_1_383' title='bbox 1242 1640 1385 1666; x_wconf 83' lang='lat' dir='ltr'>tcrarum</span> <span class='ocrx_word' id='word_1_384' title='bbox 1407 1636 1565 1678; x_wconf 74' lang='lat' dir='ltr'>exempla,</span> <span class='ocrx_word' id='word_1_385' title='bbox 1587 1636 1680 1669; x_wconf 88' lang='lat' dir='ltr'>etiam</span> <span class='ocrx_word' id='word_1_386' title='bbox 1715 1637 1889 1680; x_wconf 84' lang='lat' dir='ltr'>impressa,</span> <span class='ocrx_word' id='word_1_387' title='bbox 1920 1637 1995 1670; x_wconf 87' lang='lat' dir='ltr'>dicti</span> 
     </span>
     <span class='ocr_line' id='line_1_78' title="bbox 1239 1688 1994 1734; baseline 0.005 -14"><span class='ocrx_word' id='word_1_388' title='bbox 1239 1688 1345 1720; x_wconf 85' lang='lat' dir='ltr'>Caroli</span> <span class='ocrx_word' id='word_1_389' title='bbox 1365 1689 1538 1722; x_wconf 69' lang='lat' dir='ltr'>cardinalis</span> <span class='ocrx_word' id='word_1_390' title='bbox 1554 1695 1580 1722; x_wconf 86' lang='lat' dir='ltr'>et</span> <span class='ocrx_word' id='word_1_391' title='bbox 1604 1691 1798 1733; x_wconf 83' lang='lat' dir='ltr'>protectoris</span> <span class='ocrx_word' id='word_1_392' title='bbox 1816 1697 1871 1724; x_wconf 86' lang='lat' dir='ltr'>aut</span> <span class='ocrx_word' id='word_1_393' title='bbox 1897 1702 1994 1734; x_wconf 75' lang='lat' dir='ltr'>gene-</span> 
     </span>
     <span class='ocr_line' id='line_1_79' title="bbox 1239 1742 1994 1788; baseline 0.005 -15"><span class='ocrx_word' id='word_1_394' title='bbox 1239 1742 1314 1773; x_wconf 75' lang='lat' dir='ltr'>ralis</span> <span class='ocrx_word' id='word_1_395' title='bbox 1347 1753 1402 1775; x_wconf 82' lang='lat' dir='ltr'>sen</span> <span class='ocrx_word' id='word_1_396' title='bbox 1439 1743 1578 1776; x_wconf 83' lang='lat' dir='ltr'>alicuius</span> <span class='ocrx_word' id='word_1_397' title='bbox 1619 1744 1824 1788; x_wconf 81' lang='lat' dir='ltr'>provincialis</span> <span class='ocrx_word' id='word_1_398' title='bbox 1856 1745 1994 1779; x_wconf 87' lang='lat' dir='ltr'>ministri</span> 
     </span>
     <span class='ocr_line' id='line_1_80' title="bbox 1239 1796 1994 1839; baseline 0.007 -12"><span class='ocrx_word' id='word_1_399' title='bbox 1239 1796 1373 1828; x_wconf 83' lang='lat' dir='ltr'>fratrum</span> <span class='ocrx_word' id='word_1_400' title='bbox 1395 1796 1511 1839; x_wconf 69' lang='lat' dir='ltr'>sigillo,</span> <span class='ocrx_word' id='word_1_401' title='bbox 1539 1803 1564 1829; x_wconf 80' lang='lat' dir='ltr'>et</span> <span class='ocrx_word' id='word_1_402' title='bbox 1589 1798 1733 1831; x_wconf 81' lang='lat' dir='ltr'>eiusdem</span> <span class='ocrx_word' id='word_1_403' title='bbox 1755 1798 1858 1831; x_wconf 83' lang='lat' dir='ltr'>Caroli</span> <span class='ocrx_word' id='word_1_404' title='bbox 1888 1799 1994 1832; x_wconf 87' lang='lat' dir='ltr'>cardi-</span> 
     </span>
     <span class='ocr_line' id='line_1_81' title="bbox 1238 1849 1994 1900; baseline 0.005 -19"><span class='ocrx_word' id='word_1_405' title='bbox 1238 1849 1319 1881; x_wconf 80' lang='lat' dir='ltr'>nalis</span> <span class='ocrx_word' id='word_1_406' title='bbox 1339 1850 1571 1900; x_wconf 49' lang='lat' dir='ltr'>secretarii·ch</span> <span class='ocrx_word' id='word_1_407' title='bbox 1587 1851 1755 1894; x_wconf 87' lang='lat' dir='ltr'>ipsiusmet</span> <span class='ocrx_word' id='word_1_408' title='bbox 1764 1853 1923 1896; x_wconf 76' lang='lat' dir='ltr'>generalis</span> <span class='ocrx_word' id='word_1_409' title='bbox 1939 1858 1994 1886; x_wconf 82' lang='lat' dir='ltr'>aut</span> 
     </span>
     <span class='ocr_line' id='line_1_82' title="bbox 1240 1903 1991 1949; baseline 0.009 -17"><span class='ocrx_word' id='word_1_410' title='bbox 1240 1903 1445 1945; x_wconf 81' lang='lat' dir='ltr'>provincialis</span> <span class='ocrx_word' id='word_1_411' title='bbox 1489 1904 1625 1938; x_wconf 88' lang='lat' dir='ltr'>ministri</span> <span class='ocrx_word' id='word_1_412' title='bbox 1665 1916 1762 1938; x_wconf 88' lang='lat' dir='ltr'>manu</span> <span class='ocrx_word' id='word_1_413' title='bbox 1801 1905 1965 1949; x_wconf 79' lang='lat' dir='ltr'>obsignata</span> <span class='ocrx_word' id='word_1_414' title='bbox 1984 1933 1991 1945; x_wconf 94' lang='lat'>,</span> 
     </span>
     <span class='ocr_line' id='line_1_83' title="bbox 1238 1957 1994 1996; baseline 0.007 -8"><span class='ocrx_word' id='word_1_415' title='bbox 1238 1957 1382 1989; x_wconf 84' lang='lat' dir='ltr'>eamdem</span> <span class='ocrx_word' id='word_1_416' title='bbox 1407 1958 1515 1996; x_wconf 81' lang='lat' dir='ltr'>tidem,</span> <span class='ocrx_word' id='word_1_417' title='bbox 1537 1959 1568 1990; x_wconf 93' lang='lat' dir='ltr'>in</span> <span class='ocrx_word' id='word_1_418' title='bbox 1590 1959 1710 1992; x_wconf 87' lang='lat' dir='ltr'>iudicio</span> <span class='ocrx_word' id='word_1_419' title='bbox 1736 1964 1763 1992; x_wconf 90' lang='lat' dir='ltr'>et</span> <span class='ocrx_word' id='word_1_420' title='bbox 1790 1965 1877 1993; x_wconf 81' lang='lat' dir='ltr'>extra</span> <span class='ocrx_word' id='word_1_421' title='bbox 1911 1959 1994 1992; x_wconf 87' lang='lat' dir='ltr'>iudi-</span> 
     </span>
     <span class='ocr_line' id='line_1_84' title="bbox 1238 2010 1993 2057; baseline 0.004 -14"><span class='ocrx_word' id='word_1_422' title='bbox 1238 2010 1337 2051; x_wconf 79' lang='lat' dir='ltr'>ciuin,</span> <span class='ocrx_word' id='word_1_423' title='bbox 1360 2011 1481 2054; x_wconf 77' lang='lat' dir='ltr'>ubique</span> <span class='ocrx_word' id='word_1_424' title='bbox 1501 2013 1647 2045; x_wconf 83' lang='lat' dir='ltr'>locorum</span> <span class='ocrx_word' id='word_1_425' title='bbox 1666 2012 1793 2054; x_wconf 79' lang='lat' dir='ltr'>faciant,</span> <span class='ocrx_word' id='word_1_426' title='bbox 1814 2025 1910 2057; x_wconf 84' lang='lat' dir='ltr'>quarn</span> <span class='ocrx_word' id='word_1_427' title='bbox 1933 2013 1993 2046; x_wconf 84' lang='lat' dir='ltr'>hae</span> 
     </span>
     <span class='ocr_line' id='line_1_85' title="bbox 1238 2065 1994 2108; baseline 0.004 -12"><span class='ocrx_word' id='word_1_428' title='bbox 1238 2065 1362 2097; x_wconf 78' lang='lat' dir='ltr'>litterae</span> <span class='ocrx_word' id='word_1_429' title='bbox 1389 2066 1475 2108; x_wconf 84' lang='lat' dir='ltr'>ipsae</span> <span class='ocrx_word' id='word_1_430' title='bbox 1508 2067 1660 2107; x_wconf 82' lang='lat' dir='ltr'>facerent,</span> <span class='ocrx_word' id='word_1_431' title='bbox 1691 2067 1715 2099; x_wconf 85' lang='lat' dir='ltr'>si</span> <span class='ocrx_word' id='word_1_432' title='bbox 1746 2067 1994 2101; x_wconf 85' lang='lat' dir='ltr'>ostenderentur</span> 
     </span>
     <span class='ocr_line' id='line_1_86' title="bbox 1238 2118 1548 2152; baseline 0.006 -2"><span class='ocrx_word' id='word_1_433' title='bbox 1238 2118 1285 2150; x_wconf 82' lang='lat' dir='ltr'>vel</span> <span class='ocrx_word' id='word_1_434' title='bbox 1309 2118 1548 2152; x_wconf 70' lang='lat' dir='ltr'>exhiberentur.</span> 
     </span>
    </p>

    <p class='ocr_par' dir='ltr' id='par_1_17' title="bbox 1283 2172 1542 2215">
     <span class='ocr_line' id='line_1_87' title="bbox 1283 2172 1542 2215; baseline 0.008 -11"><span class='ocrx_word' id='word_1_435' title='bbox 1283 2172 1366 2204; x_wconf 64' lang='lat' dir='ltr'>Nulli</span> <span class='ocrx_word' id='word_1_436' title='bbox 1389 2184 1465 2215; x_wconf 69' lang='lat' dir='ltr'>ergo</span> <span class='ocrx_word' id='word_1_437' title='bbox 1487 2178 1542 2206; x_wconf 73' lang='lat' dir='ltr'>etc.</span> 
     </span>
    </p>

    <p class='ocr_par' dir='ltr' id='par_1_18' title="bbox 1237 2226 1990 2377">
     <span class='ocr_line' id='line_1_88' title="bbox 1281 2226 1990 2272; baseline 0.006 -14"><span class='ocrx_word' id='word_1_438' title='bbox 1281 2226 1395 2258; x_wconf 83' lang='lat' dir='ltr'>Datum</span> <span class='ocrx_word' id='word_1_439' title='bbox 1418 2227 1537 2260; x_wconf 84' lang='lat' dir='ltr'>Romae</span> <span class='ocrx_word' id='word_1_440' title='bbox 1571 2229 1658 2272; x_wconf 88' lang='lat' dir='ltr'>apud</span> <span class='ocrx_word' id='word_1_441' title='bbox 1680 2229 1711 2262; x_wconf 83' lang='lat' dir='ltr'>S.</span> <span class='ocrx_word' id='word_1_442' title='bbox 1735 2229 1883 2270; x_wconf 85' lang='lat' dir='ltr'>Petrum,</span> <span class='ocrx_word' id='word_1_443' title='bbox 1905 2239 1990 2262; x_wconf 85' lang='lat' dir='ltr'>anno</span> 
     </span>
     <span class='ocr_line' id='line_1_89' title="bbox 1237 2280 1986 2324; baseline 0.007 -13"><span class='ocrx_word' id='word_1_444' title='bbox 1237 2280 1470 2313; x_wconf 82' lang='lat' dir='ltr'>lucarnationis</span> <span class='ocrx_word' id='word_1_445' title='bbox 1491 2282 1674 2315; x_wconf 86' lang='lat' dir='ltr'>dominicae</span> <span class='ocrx_word' id='word_1_446' title='bbox 1700 2293 1852 2324; x_wconf 67' lang='lat' dir='ltr'>aiovani,</span> <span class='ocrx_word' id='word_1_447' title='bbox 1881 2293 1899 2315; x_wconf 83' lang='lat' dir='ltr'>x</span> <span class='ocrx_word' id='word_1_448' title='bbox 1925 2283 1986 2315; x_wconf 83' lang='lat' dir='ltr'>kal.</span> 
     </span>
     <span class='ocr_line' id='line_1_90' title="bbox 1238 2334 1923 2377; baseline 0.004 -11"><span class='ocrx_word' id='word_1_449' title='bbox 1238 2334 1400 2369; x_wconf 68' lang='lat' dir='ltr'>februarii,</span> <span class='ocrx_word' id='word_1_450' title='bbox 1422 2335 1628 2377; x_wconf 77' lang='lat' dir='ltr'>pontificatus</span> <span class='ocrx_word' id='word_1_451' title='bbox 1654 2337 1754 2370; x_wconf 87' lang='lat' dir='ltr'>nostri</span> <span class='ocrx_word' id='word_1_452' title='bbox 1774 2347 1858 2370; x_wconf 84' lang='lat' dir='ltr'>anno</span> <span class='ocrx_word' id='word_1_453' title='bbox 1879 2347 1923 2371; x_wconf 87' lang='grc' dir='ltr'><strong>ιιι.</strong></span> 
     </span>
    </p>

    <p class='ocr_par' dir='ltr' id='par_1_19' title="bbox 1258 2396 1968 2438">
     <span class='ocr_line' id='line_1_91' title="bbox 1258 2396 1968 2438; baseline 0.006 -14"><span class='ocrx_word' id='word_1_454' title='bbox 1258 2396 1316 2425; x_wconf 71' lang='lat' dir='ltr'>ltat.</span> <span class='ocrx_word' id='word_1_455' title='bbox 1337 2397 1382 2426; x_wconf 70' lang='lat' dir='ltr'>die</span> <span class='ocrx_word' id='word_1_456' title='bbox 1399 2398 1436 2427; x_wconf 74' lang='lat'>-23</span> <span class='ocrx_word' id='word_1_457' title='bbox 1453 2399 1577 2428; x_wconf 70' lang='lat' dir='ltr'>ianuarii</span> <span class='ocrx_word' id='word_1_458' title='bbox 1603 2399 1685 2431; x_wconf 65' lang='lat'>1568,</span> <span class='ocrx_word' id='word_1_459' title='bbox 1704 2399 1806 2438; x_wconf 81' lang='lat' dir='ltr'>pontif.</span> <span class='ocrx_word' id='word_1_460' title='bbox 1829 2409 1905 2429; x_wconf 85' lang='lat' dir='ltr'>anno</span> <span class='ocrx_word' id='word_1_461' title='bbox 1928 2409 1968 2429; x_wconf 78' lang='grc' dir='ltr'><strong>ιιι,</strong></span> 
     </span>
    </p>
   </div>
   <div class='ocr_carea' id='block_1_13' title="bbox 1290 237 2200 334">
    <p class='ocr_par' dir='ltr' id='par_1_20' title="bbox 1290 237 2200 334">
     <span class='ocr_line' id='line_1_92' title="bbox 2015 237 2200 267; baseline 0.011 -3"><span class='ocrx_word' id='word_1_462' title='bbox 2015 237 2068 265; x_wconf 85' lang='lat' dir='ltr'>An.</span> <span class='ocrx_word' id='word_1_463' title='bbox 2087 240 2115 267; x_wconf 93' lang='lat' dir='ltr'>C.</span> <span class='ocrx_word' id='word_1_464' title='bbox 2133 239 2200 266; x_wconf 72' lang='lat'>¹568</span> 
     </span>
     <span class='ocr_line' id='line_1_93' title="bbox 1290 288 2200 334; baseline 0.002 -14"><span class='ocrx_word' id='word_1_465' title='bbox 1290 288 1378 331; x_wconf 50' lang='lat' dir='ltr'>§lo</span> <span class='ocrx_word' id='word_1_466' title='bbox 1402 289 1470 321; x_wconf 92' lang='lat' dir='ltr'>Non</span> <span class='ocrx_word' id='word_1_467' title='bbox 1501 289 1702 323; x_wconf 85' lang='lat' dir='ltr'>obstantibus</span> <span class='ocrx_word' id='word_1_468' title='bbox 1734 290 1931 334; x_wconf 82' lang='lat' dir='ltr'>praemissis,</span> <span class='ocrx_word' id='word_1_469' title='bbox 1959 301 1996 323; x_wconf 83' lang='lat' dir='ltr'>ac</span> <span class='ocrx_word' id='word_1_470' title='bbox 2042 300 2200 322; x_wconf 73' lang='lat' dir='ltr'>Clatlsulaede-</span> 
     </span>
    </p>
   </div>
   <div class='ocr_carea' id='block_1_14' title="bbox 2016 333 2144 358">
    <p class='ocr_par' dir='ltr' id='par_1_21' title="bbox 2016 333 2144 358">
     <span class='ocr_line' id='line_1_94' title="bbox 2016 333 2144 358; baseline 0 -6"><span class='ocrx_word' id='word_1_471' title='bbox 2016 333 2144 358; x_wconf 73' lang='lat' dir='ltr'>rogaturiue.</span> 
     </span>
    </p>
   </div>
   <div class='ocr_carea' id='block_1_15' title="bbox 2012 1593 2197 1645">
    <p class='ocr_par' dir='ltr' id='par_1_22' title="bbox 2012 1593 2197 1645">
     <span class='ocr_line' id='line_1_95' title="bbox 2049 1593 2197 1621; baseline 0 -7"><span class='ocrx_word' id='word_1_472' title='bbox 2049 1593 2197 1621; x_wconf 72' lang='lat' dir='ltr'>Transumpto-</span> 
     </span>
     <span class='ocr_line' id='line_1_96' title="bbox 2012 1625 2130 1645; baseline -0.008 0"><span class='ocrx_word' id='word_1_473' title='bbox 2012 1630 2056 1645; x_wconf 82' lang='lat' dir='ltr'>runi</span> <span class='ocrx_word' id='word_1_474' title='bbox 2072 1625 2130 1645; x_wconf 62' lang='lat' dir='ltr'>lidi-s⁴</span> 
     </span>
    </p>
   </div>
  </div>
 </body>
</html>
