2237 3100
25 273 75 303 An.
91 274 120 302 C.
139 271 206 300 ¹563

61 1350 171 1372 Decretum
187 1351 217 1371 ir-

35 1383 108 1404 runnu.

66 1894 176 1917 clausulae
184 1896 225 1917 de-

41 1929 168 1954 rogatoriae.

73 2438 160 2462 Snnctio
166 2446 230 2468 poen.

895 265 963 290 PIUS
982 265 1013 289 1v
1031 264 1080 289 PP.

220 324 296 360 teris
315 328 552 364 contentarum,
568 321 709 363 ferenda,
729 320 846 354 servari
863 320 969 353 solito-

220 390 315 420 rum,
338 389 374 412 ac
403 377 497 412 etiam
523 378 556 411 in
597 388 692 410 causa
733 375 800 419 ipsa
827 374 971 407 criminis

220 434 362 468 haeresis
381 433 584 477 inquirendo,
600 432 638 465 ad
659 430 877 475 receptionem
900 439 971 472 pro-

221 488 388 521 bationum
421 497 480 531 pro
514 485 675 519 definitiva
695 495 793 528 super
822 483 970 520 crimine,

222 542 317 575 etiam
338 546 450 575 contra
470 541 616 573 absentes
630 567 637 579 ,
669 539 713 571 sic
734 543 768 571 ut
793 537 973 581 praefertur

223 595 374 635 monitos,
398 594 529 628 ferenda
550 592 717 632 sententia,
742 602 844 634 usque
865 591 903 623 ad
925 590 972 633 ip-

224 649 291 683 sius
315 648 490 683 sententiae
511 648 660 681 serendae
682 646 842 681 calculum
864 655 974 688 proce-

224 703 311 743 dant;
323 714 359 736 ac
376 703 506 736 demum
527 712 713 746 processum
727 710 855 734 omnem
872 697 974 737 nobis,

225 762 260 790 ut
279 757 317 790 ad
338 757 531 797 sententiae,
559 767 641 799 quae
661 755 744 788 iusta
763 754 826 787 visa
858 751 952 785 fuerit
966 777 973 790 ,

225 811 440 855 prolationem
461 810 610 843 devenire
632 809 801 853 possimus,
822 807 854 839 in
875 805 976 839 consi·

226 864 324 898 storio
351 870 460 898 nostro
481 869 603 898 secreto
633 864 783 896 reserant.
811 861 873 893 Nos
891 859 975 893 enim

227 918 410 952 citationem
440 924 469 952 et
491 918 701 951 monitionem
734 926 789 960 per
809 913 976 958 publicum

227 971 385 1013 edictum,
418 978 451 1005 ut
476 972 679 1016 praefertur,
702 967 921 1002 decernendas
949 971 979 998 et

227 1025 430 1070 exequendas
449 1024 628 1070 praedictas
641 1051 648 1064 ,
668 1024 769 1056 dictos
798 1021 843 1054 sic
868 1021 980 1054 citatos

228 1085 259 1113 et
278 1080 418 1113 monitos
437 1079 571 1124 perinde
591 1083 715 1111 arctare
729 1104 736 1117 ‚
765 1087 802 1109 ac
827 1075 851 1107 si
871 1083 980 1119 perso-

228 1134 343 1167 naliter
363 1133 448 1167 citati
468 1134 585 1173 forent,
602 1132 737 1175 illasque
754 1141 790 1163 ac
811 1137 981 1173 processus

231 1187 371 1232 desuper
389 1187 555 1220 habendos
584 1184 821 1228 sententiasque
841 1181 915 1215 inde
935 1182 980 1214 se-

231 1242 347 1275 rendas
366 1241 486 1274 validos
506 1247 537 1274 et
555 1240 674 1274 validas
693 1240 772 1272 fore.

277 1296 291 1339 ἓ
310 1294 341 1328 3.
364 1294 480 1339 Sicque
500 1305 558 1338 per
573 1304 798 1338 quoscumque
814 1293 936 1326 iudices
954 1298 983 1326 et

233 1348 471 1382 commissarios
485 1375 492 1389 ,
527 1348 623 1382 etiam
666 1358 838 1381 causarum
872 1347 983 1380 Palatii

233 1402 407 1447 Apostolici
435 1401 598 1435 auditores
625 1401 657 1434 in
683 1401 793 1445 quavis
820 1400 981 1440 instantia,

235 1456 359 1490 sublata
379 1456 424 1490 eis
445 1462 475 1489 et
495 1467 609 1489 eorum
641 1455 773 1489 cuilibet
792 1455 902 1498 quavis
924 1455 983 1488 ali-

234 1515 283 1544 ter
314 1509 546 1555 interpretandi
576 1515 605 1543 et
631 1509 805 1543 definiendi
835 1510 984 1542 facultate

235 1569 266 1598 et
291 1564 501 1605 auctoritate,
537 1564 671 1597 iudicari
702 1569 732 1597 et
770 1563 897 1596 definiri
927 1563 982 1596 dc-

235 1618 324 1660 here,
344 1619 469 1651 irritum
496 1629 625 1663 quoque
651 1624 679 1652 et
705 1618 800 1651 inane
829 1617 985 1661 quidquid

237 1683 329 1706 secus
349 1684 447 1716 super
466 1672 515 1705 his
544 1683 561 1705 a
590 1683 773 1716 quoquam,
797 1671 906 1715 quavis
927 1682 986 1703 au-

237 1726 393 1768 ctoritate,
417 1726 554 1760 sclenter
582 1727 629 1759 vel
658 1726 862 1769 ignoranter,
888 1725 988 1758 conti-

237 1779 317 1822 gerit
338 1781 497 1821 attentari,
521 1780 737 1813 decernimus.

282 1833 297 1876 §
320 1833 352 1866 4.
374 1834 444 1867 Non
474 1833 674 1867 obstantibus
707 1832 989 1866 constitutionibus

239 1892 270 1921 et
302 1887 558 1921 ordinationibus
592 1887 776 1932 apostolicis
810 1898 846 1919 acv
878 1887 989 1919 Palatii

239 1941 339 1975 nostri
359 1942 450 1986 stylo,
469 1942 564 1975 etiam
586 1947 706 1975 certam
728 1941 821 1973 aliam
843 1942 989 1979 sormam,

240 1995 347 2040 quoad
363 1995 528 2029 citationes
544 2006 601 2038 per
616 1995 756 2028 edictum
773 1995 991 2027 decernendas

241 2055 272 2083 et
291 2049 504 2092 exequendas,
528 2049 767 2087 inducentibus,
786 2047 991 2090 quibus,illo-

241 2114 314 2136 rum
343 2103 489 2136 omnium
517 2108 645 2136 tenores
680 2101 903 2146 praesentibus
935 2112 992 2144 pro

243 2156 439 2190 sufficienter
465 2156 622 2200 expressis
646 2156 821 2195 habentes,
848 2156 907 2187 liac
927 2155 993 2187 vice

243 2211 427 2251 dumtaxat,
451 2210 512 2243 illis
539 2210 616 2243 alias
643 2210 676 2242 in
701 2220 758 2242 suo
784 2209 900 2242 robore
921 2219 994 2252 per-

244 2264 426 2305 mansuris,
463 2264 645 2308 specialiter
685 2269 715 2296 et
757 2273 905 2306 expresse
939 2262 994 2295 dc-

244 2329 396 2363 rogamus
414 2346 421 2360 ,
453 2317 631 2361 ceterisque
661 2317 830 2351 contrariis
861 2317 995 2361 quibus-

246 2385 398 2417 cumque.

290 2422 377 2456 Nulli
398 2432 487 2465 ergo,
509 2425 566 2454 etc.

289 2473 404 2506 Datum
429 2472 549 2505 Romae
574 2470 660 2514 apud
680 2469 833 2503 Sanctum
853 2469 995 2509 Petrum,

247 2532 331 2555 anno
351 2520 583 2554 Incarnationis
600 2519 780 2552 dominicae
800 2528 931 2559 nntxin,
950 2530 998 2551 sc-

247 2571 348 2615 ptimo
361 2570 432 2604 idus
441 2570 562 2614 aprilis,
579 2569 784 2613 pontificatus
804 2568 904 2601 nostri
916 2579 999 2601 anno

248 2625 375 2663 quarto.

313 2673 374 2704 Dat.
396 2673 444 2703 die
468 2673 483 2703 7
503 2673 606 2713 aprilis
625 2672 712 2709 1553,
728 2676 808 2712 pont.
833 2681 880 2702 an.
902 2680 940 2701 iv.

1655 243 1713 282 251

1311 312 1465 349 Lxxxni.

1013 394 1207 439 Praefinitio
1223 393 1505 427 emolumentorum
1519 388 1685 432 maqistris
1699 399 1767 421 cccc-

1058 450 1279 487 rcmoniacam
1305 459 1326 480 α
1350 446 1487 489 sinqulis
1507 444 1540 477 S.
1571 444 1606 476 R.
1630 443 1671 476 E.
1695 453 1766 475 car-

1059 503 1223 536 dinalibus
1250 506 1317 535 tarn
1344 501 1379 533 in
1409 510 1517 532 eorum
1543 497 1764 540 promotione,

1059 568 1155 601 quam
1176 558 1210 589 in
1230 556 1318 589 obitu
1335 552 1615 598 persolvendorum
1637 550 1663 583 1.

1056 640 1118 668 Pius
1136 639 1207 674 rapa
1220 638 1261 671 IV.
1277 638 1310 666 ad
1328 637 1492 672 perpetuam
1511 634 1553 663 rei
1568 631 1739 662 memoriam.

1062 707 1076 750 ἓ
1113 706 1145 739 l.
1185 705 1290 745 Licet,
1329 704 1412 738 sicut
1438 702 1530 736 nobis
1559 706 1684 735 constat
1720 704 1769 738 et,

1018 761 1095 793 dum
1121 759 1153 792 in
1179 759 1359 792 minoribus
1387 767 1550 797 essemus,
1573 766 1667 800 saepe
1695 753 1772 787 vidi-

1020 825 1091 846 mus
1120 819 1151 846 et
1179 812 1307 855 ipsimet
1338 812 1457 855 experti
1493 821 1606 843 sumus
1624 836 1631 849 ,
1663 808 1769 842 dilecti

1020 867 1075 900 filii
1093 865 1236 909 magistri
1253 865 1353 898 nostri
1373 863 1651 898 caeremoniarum
1672 873 1689 895 a
1709 862 1771 895 sin-

1020 920 1104 964 gulis
1123 920 1154 953 S.
1177 919 1215 952 R.
1238 919 1271 951 E.
1296 917 1525 955 cardinalibus,
1543 917 1575 949 in
1593 915 1772 959 promotio-

1022 973 1115 1006 nibus
1140 983 1253 1006 eorum
1279 971 1317 1004 ad
1347 970 1563 1004 cardinalatus
1595 970 1772 1008 honorem,

1022 1032 1165 1066 centum,
1188 1031 1218 1058 et
1238 1025 1270 1057 in
1291 1024 1381 1057 obitu
1402 1034 1458 1056 seu
1479 1028 1549 1066 post
1575 1022 1697 1055 obitum
1725 1021 1773 1065 ip-

1023 1091 1132 1113 sorum
1150 1079 1374 1118 cardinalium,
1390 1078 1429 1110 ab
1443 1076 1636 1110 haeredibus
1649 1086 1774 1115 eorum,

1023 1133 1257 1177 quinquaginta
1277 1132 1410 1165 ducatos
1434 1131 1505 1164 auri
1521 1131 1559 1163 de
1574 1129 1707 1163 Camera
1724 1129 1776 1161 lia-

1023 1187 1099 1220 bere
1126 1192 1157 1220 et
1185 1185 1339 1229 consequi
1369 1183 1614 1224 consueverint3
1637 1182 1776 1226 dictique

1026 1246 1155 1274 centum
1183 1240 1215 1272 in
1249 1238 1453 1283 promotione
1487 1243 1517 1271 et
1545 1236 1777 1280 quinquaginta

1025 1295 1134 1328 ducati
1163 1294 1195 1327 in
1225 1293 1313 1327 obitu
1334 1291 1520 1326 huiusmodi
1540 1290 1690 1335 praefatis
1710 1301 1777 1323 ma-

1026 1348 1131 1391 gistris
1148 1348 1224 1381 solvi
1241 1348 1389 1386 debeant;
1403 1345 1614 1379 nihilominus
1629 1344 1779 1378 nonnulli

1027 1413 1064 1435 ex
1084 1403 1175 1436 dictis
1196 1401 1414 1435 cardinalibus
1438 1411 1495 1433 seu
1517 1410 1630 1433 eorum
1651 1403 1780 1442 agentes

1028 1461 1058 1488 et
1087 1466 1308 1496 successores,
1332 1454 1474 1487 nescitur
1499 1464 1563 1497 quo
1590 1457 1777 1497 praetextu,

1028 1508 1144 1542 dictam
1175 1519 1334 1541 summam
1356 1519 1413 1551 per
1433 1518 1498 1547 cos,
1530 1511 1564 1539 ut
1585 1506 1778 1550 praefertur,

1028 1563 1178 1603 debitam,
1191 1563 1310 1596 eisdem
1323 1561 1482 1604 magistris
1498 1561 1619 1593 solvere
1631 1565 1781 1593 recusant

1029 1617 1061 1649 in
1081 1628 1195 1650 eorum
1216 1628 1308 1660 grave
1329 1615 1579 1661 praeiudicium.

1074 1672 1087 1715 ξ
1116 1671 1146 1703 Q,
1169 1671 1231 1704 Nos
1258 1671 1367 1713 igitur,
1403 1669 1602 1702 attendentes
1622 1668 1782 1712 praefatos

1031 1724 1209 1758 cardinales
1234 1724 1339 1757 ossicio
1367 1724 1527 1756 dictorum
1553 1722 1780 1764 magistrorum

1031 1789 1124 1822 egere
1145 1784 1175 1811 ct
1194 1777 1262 1818 uti,
1285 1778 1470 1820 dictamque
1499 1786 1659 1809 summam
1683 1788 1700 1808 a
1720 1775 1781 1808 Ro-

1032 1832 1134 1865 manis
1153 1831 1373 1871 Pontificibus,
1396 1836 1560 1874 tamquam
1587 1830 1781 1869 mercedem,

1033 1897 1088 1918 seu
1109 1896 1167 1929 pro
1185 1885 1334 1918 mercede
1351 1884 1540 1917 eorumdem
1557 1884 1782 1926 magistrorum

1033 1939 1072 1972 ab
1093 1939 1341 1972 immemorabili
1364 1944 1510 1982 tempore
1532 1937 1610 1970 citra
1630 1937 1785 1970 constitu-

1034 1999 1098 2026 tam
1119 1993 1214 2026 suisse
1236 1998 1266 2025 ct
1290 2003 1376 2031 esse,
1400 1998 1572 2036 propterea
1592 1991 1785 2024 indemnita-

1034 2047 1119 2080 tibus
1134 2057 1247 2080 eorum
1260 2051 1442 2089 opportune
1454 2046 1623 2078 consulere
1634 2045 1786 2084 volentes,

1035 2105 1125 2133 motu
1145 2100 1279 2144 proprio
1300 2105 1330 2132 et
1350 2111 1386 2132 ex
1407 2104 1493 2132 certa
1510 2104 1618 2131 nostra
1644 2098 1786 2138 scientia,

1036 2160 1165 2187 centum
1192 2154 1225 2186 in
1258 2154 1461 2197 promotione
1499 2154 1537 2186 ad
1573 2152 1788 2186 cardinalatus

1037 2209 1205 2249 honorem,
1232 2213 1262 2242 et
1282 2207 1516 2252 quinquaginta
1549 2207 1684 2240 ducatos
1717 2206 1788 2239 auri

1037 2263 1075 2296 de
1101 2263 1233 2296 Camera
1255 2262 1435 2306 praedictos
1460 2262 1491 2294 in
1518 2261 1607 2294 obitu
1636 2272 1692 2294 seu
1718 2266 1789 2304 post

1038 2316 1163 2350 obitum
1193 2317 1394 2360 singulorum
1430 2315 1641 2349 cardinalium
1680 2315 1791 2347 huius-

1040 2371 1151 2411 modi,
1174 2371 1236 2404 sive
1263 2371 1295 2403 in
1323 2370 1467 2403 Romana
1501 2368 1596 2402 Curia
1621 2369 1683 2402 sive
1704 2373 1791 2402 extra

1040 2431 1110 2453 eam
1131 2427 1161 2453 et
1180 2419 1378 2464 ubicumque
1404 2419 1601 2452 decesserint
1623 2419 1671 2451 vel
1697 2418 1791 2451 dece-

1040 2470 1116 2503 dere
1136 2469 1316 2512 contigel'it,
1339 2469 1488 2513 praefatis
1500 2468 1659 2511 magistris
1670 2467 1791 2507 deberi,

1041 2530 1077 2552 ac
1098 2519 1157 2552 sibi
1187 2531 1245 2563 per
1278 2519 1467 2558 modernos,
1487 2517 1542 2560 qui
1573 2517 1645 2550 illos
1670 2517 1792 2550 solvere

1042 2574 1192 2601 recusant
1207 2574 1238 2602 et
1252 2579 1311 2612 pro
1321 2574 1466 2611 tempore
1477 2566 1646 2600 existentes
1661 2565 1692 2599 S.
1706 2565 1742 2598 R.
1757 2565 1789 2598 E.

1044 2617 1222 2650 cardinales
1260 2628 1316 2650 seu
1347 2627 1462 2650 eorum
1489 2621 1618 2658 agentes
1654 2620 1686 2655 et
1716 2614 1793 2648 hae-

1081 2677 1092 2702 ¹
1111 2676 1151 2703 Ex
1167 2676 1274 2711 Regest.
1295 2676 1322 2702 iu
1342 2674 1452 2703 Archiv.
1473 2674 1557 2704 Vatic.

1779 252 1830 281 An.
1847 253 1876 280 C.
1895 252 1963 280 1565

1811 701 1909 723 Nonnulli
1921 707 1970 722 car-

1786 733 1874 758 dinales,
1888 738 1969 753 eorum-

1787 770 1825 792 que
1844 768 1931 790 agentes
1947 769 1971 784 u-

1763 808 1768 814 <
1786 796 1914 816 molumenta
1931 800 1972 814 ma-

1786 828 1858 853 gistris
1895 832 1972 847 caere-

1787 860 1901 878 inu-iarun·
1931 858 1970 878 de-

1787 889 1971 916 biianunpeisot-

1787 924 1871 942 venant.

1831 1673 1858 1694 Ea
1879 1673 1981 1694 solvenda

1797 1704 1893 1726 decvriiil.
1911 1703 1967 1728 l'ius3
