2237 3100
188 256 237 281 Λη.
256 254 284 282 C.
302 256 371 283 1555

247 1759 372 1779 Εἱΰΐηῑυιι)

189 1792 296 1816 deputatio
334 1796 371 1816 pin

188 1822 322 1841 obferiaulia
337 1821 372 1841 liu—

188 1855 219 1873 ius
240 1852 315 1872 bullae.

222 2348 332 2369 Deci-ctum
351 2355 379 2368 11-

197 2383 270 2400 silaus.

385 308 625 348 eoncessiones,
651 319 733 352 quae
754 309 859 352 aliqua
881 320 916 341 ex
938 314 1040 351 parte,
1062 319 1138 351 qua-

385 360 430 394 vis
447 361 570 394 ratione
590 372 646 394 seu
667 372 779 398 causa,
812 361 931 393 directe
953 361 999 393 x'el
1021 360 1137 394 indire-

386 419 452 454 cte,
482 414 713 458 principaliter,
743 414 935 447 secundario
955 414 1003 446 vel
1027 425 1136 447 acees-

386 467 480 507 sorie,
504 472 556 499 aut
578 467 689 510 quovis
710 467 816 505 modo,
838 473 983 500 nostrum
1009 473 1062 499 aut
1089 467 1136 500 di-

386 526 453 553 ctae
478 520 645 553 Gamerae
684 520 924 563 qualecumque
966 520 1137 554 minimum

386 574 538 606 interesse
581 573 627 605 vel
661 572 917 616 praeiudicium,
966 584 1136 616 gravamen

386 638 441 660 seu
467 626 697 659 detrimentum
727 637 924 660 eoncernere
956 628 1137 661 censebun-

386 686 454 719 tur,
487 679 552 718 illa,
576 678 658 711 infra
683 685 746 712 tres
771 690 896 713 menses
913 691 929 712 a
946 680 997 713 die
1023 691 1136 713 eorum

385 731 619 775 impetrationis
638 732 885 776 computandos,
908 733 940 765 in
952 733 1063 766 eadem
1079 734 1137 767 Ca-

386 796 473 818 mera
498 790 724 829 praesentare,
757 796 793 817 ae
819 785 938 819 ibidem
967 786 1137 829 registrare

385 840 489 871 facere
511 839 647 871 debeant
668 843 698 871 et
717 842 900 878 teneantur,
918 839 1076 882 alioquin,
1095 840 1138 872 la-

386 891 449 935 psis
474 891 576 924 tribus
602 891 768 924 mensibus
791 891 924 932 eisdem,
955 904 990 925 ac
1011 892 1139 937 privile-

385 946 462 988 giis,
485 944 707 984 lacultatibus,
736 944 886 986 licentiis,
904 945 1014 987 gratiis
1034 957 1069 978 ac
1092 946 1138 979 in-

384 999 480 1032 dultis
502 1000 549 1032 vel
570 998 834 1031 concessionibus
854 998 1041 1031 huiusmodi
1074 1010 1137 1033 non

386 1052 606 1096 praesentatis,
642 1052 814 1095 minusque
850 1053 1037 1095 registratis,
1070 1053 1136 1093 illa,

385 1106 417 1139 in
452 1106 571 1139 iudicio
591 1111 621 1139 et
642 1111 738 1144 extra,
765 1106 949 1138 nullatenus
978 1105 1074 1139 tidem
1096 1108 1138 1139 l'a-

386 1170 458 1193 cere
492 1159 630 1202 possint,
668 1164 831 1201 tamquam
866 1169 931 1191 non
963 1169 1136 1199 concessa,

384 1213 538 1256 nullaque
559 1217 589 1245 et
609 1212 678 1256 ipso
700 1212 769 1245 iure
787 1212 937 1253 invalida,
959 1223 995 1245 ac
1018 1212 1139 1245 nullius

387 1266 511 1299 roboris
550 1266 597 1298 vel
639 1265 792 1298 momenti
823 1265 921 1299 fuisse
952 1271 981 1298 et
1007 1277 1074 1299 esse
1109 1272 1139 1299 et

385 1322 471 1357 sore,
509 1319 694 1362 neminique
728 1318 896 1361 suffragari
918 1320 966 1352 vel
987 1319 1138 1362 prodesse

385 1383 476 1416 posse
511 1383 566 1405 seu
591 1372 720 1412 debere,
754 1372 928 1416 respective
959 1373 1140 1405 habeantur

385 1433 413 1459 et
426 1431 629 1465 censeantur,
651 1432 746 1469 prout
758 1437 815 1458 nos
828 1425 882 1458 illa
899 1437 1034 1459 exnunc
1050 1427 1138 1459 nulla

385 1486 413 1513 et
442 1480 591 1520 invalida,
620 1479 774 1523 irritaque
803 1485 831 1512 et
854 1479 975 1519 inania,
1007 1491 1043 1512 ac
1071 1482 1139 1513 nul-

386 1534 447 1566 lius
472 1533 596 1566 roboris
622 1534 669 1566 vel
698 1533 852 1566 momenti
882 1532 977 1565 fuisse
998 1539 1027 1566 et
1057 1544 1137 1573 esse,

385 1587 582 1630 neminique,
603 1592 636 1619 ut
655 1586 847 1630 praesm‘tur,
865 1586 1034 1629 suffragari
1049 1598 1140 1630 posse

386 1640 602 1674 declaramus.

430 1695 445 1736 ,ξ
475 1694 505 1727 3.
539 1694 721 1727 Mandantes
758 1700 931 1738 propterea
960 1695 991 1727 in
1027 1694 1141 1727 virtute

387 1754 514 1781 sanctae
547 1748 749 1786 obedientiae
783 1747 898 1781 dilecto
933 1748 999 1780 tilio
1031 1754 1142 1781 nostro

388 1801 546 1835 Yitellotio
566 1802 700 1834 Sanctae
713 1801 831 1834 Mariae
858 1801 888 1834 in
910 1801 1053 1834 Via-Lata
1074 1802 1142 1834 ‹lia-

388 1862 471 1884 cono
492 1851 784 1884 cardiualiYitellio
800 1858 1000 1895 nuncupato,
1020 1851 1143 1883 moder-

389 1909 484 1941 no‚et
504 1911 561 1944 pro
583 1906 727 1944 tempore
757 1900 902 1933 existenti
923 1906 1051 1933 sanctae
1080 1901 1142 1933 Ro-

391 1953 503 1983 manae
543 1949 702 1983 Ecclesiae
744 1950 941 1990 camerario,
985 1955 1144 1993 quatenus

390 1999 566 2043 praefatam
588 1999 687 2032 nostri
710 2005 817 2032 motus
838 1998 960 2042 proprii
981 1999 1142 2039 cedulam,

389 2059 424 2080 ae
447 2048 479 2080 in
500 2058 535 2080 ea
558 2052 707 2080 contenta
727 2058 974 2091 quaecumque,
1007 2048 1046 2080 al»
1073 2059 1143 2081 om-

391 2096 506 2135 nihus,
537 2107 619 2139 quos
651 2096 703 2128 illa
731 2101 931 2129 concernunt
959 2101 989 2128 et
1009 2107 1143 2129 concer-

392 2151 465 2178 nont
497 2145 527 2177 in
556 2146 715 2185 futurum,
749 2144 875 2188 penitus
896 2150 923 2177 et
951 2144 1083 2177 omnino
1109 2156 1145 2177 ae

393 2194 619 2228 inviolabiliter
639 2200 670 2227 et
695 2194 885 2227 inconcusse
912 2193 1073 2226 observari
1100 2194 1145 2226 sa-

393 2244 451 2276 ciat
478 2248 508 2275 et
533 2248 696 2286 procuret.

438 2294 452 2336 ξ
472 2292 503 2325 si.
524 2293 738 2325 Decernentes
754 2292 808 2332 ita,
828 2297 859 2324 ut
879 2292 1071 2335 praefertur,
1091 2303 1148 2335 per

395 2341 528 2374 dilectos
553 2341 636 2374 lilios
664 2341 808 2374 eiusdem
838 2341 990 2374 Gamerae
1018 2341 1146 2373 thesau-

396 2389 530 2429 raritim,
553 2390 773 2433 praesidentes
788 2395 817 2423 et
838 2389 985 2429 elericos,
1004 2389 1147 2432 aliosque

396 2438 559 2471 ministros
580 2445 607 2471 et
621 2451 785 2483 personas,
808 2450 845 2472 ac
857 2439 1000 2472 eiusdem
1020 2444 1147 2471 sanctae

396 2488 558 2520 Romanae
591 2488 753 2521 Ecclesiae
792 2488 970 2521 cardinales
1007 2493 1033 2519 et
1070 2487 1149 2519 alios

395 2546 619 2579 quoscumque
636 2536 770 2577 iudices,
789 2538 913 2570 sublata
924 2542 997 2573 etc,
1014 2536 1147 2569 iudicari

397 2590 427 2617 et
451 2585 577 2618 deliniri
608 2585 744 2620 debere:
763 2586 889 2619 irritum
919 2597 1049 2629 quoque
1075 2589 1147 2623 elta,

399 2634 559 2667 attentari.

981 256 1159 279 BULLARIUM
1184 256 1333 280 ROMANUM

1179 360 1305 403 gratiis,
1338 360 1469 393 indultis
1489 366 1519 394 et
1540 361 1821 402 concessionibus,
1856 373 1930 395 nec-

1180 424 1244 446 non
1287 414 1571 447 constitutionibus
1609 419 1639 448 et
1676 415 1932 449 ordinationibus

1180 467 1375 511 apostolicis,
1405 466 1583 510 ceterisque
1605 467 1636 500 in
1657 468 1855 502 contrarium
1885 469 1930 502 sa-

1180 520 1338 553 cientibus
1354 531 1418 553 non
1435 520 1636 553 obstantibus
1656 520 1928 565 quibuscumque.

1224 574 1238 616 ξ
1259 574 1289 606 o.
1313 573 1470 607 Volumus
1495 578 1602 607 autem
1635 574 1722 617 quod
1756 576 1933 618 praesentis
1962 581 2135 634 Salgtsiznatura

1949 620 1973 634 ΕΠ
1989 620 1994 633 1
2011 620 2014 632 Ι
2029 629 2032 632 r

1181 633 1286 661 motus
1308 627 1432 671 proprii
1461 628 1594 661 cedulae
1622 638 1680 671 per
1706 638 1933 673 quaecumque

1182 681 1357 725 privilegia,
1379 681 1497 725 gratias
1518 686 1547 714 et
1568 681 1691 715 indulta
1705 708 1712 721 ,
1744 681 1839 715 etiam
1860 683 1932 716 abs-

1180 746 1242 779 que
1268 735 1339 767 data
1365 741 1393 768 et
1418 734 1643 778 registratura,
1671 740 1707 768 ut
1731 736 1932 779 praefertur,

1181 789 1399 829 concedenda,
1422 788 1483 822 nisi
1504 799 1579 822 cum
1600 788 1686 822 illius
1709 789 1859 833 specifica
1889 790 1935 823 in-

1181 843 1329 883 sertione,
1346 842 1495 885 derogari
1506 842 1691 875 nullatenus
1706 843 1818 887 possit,
1835 844 1937 887 quod-

1180 908 1242 940 que
1264 897 1332 929 eius
1360 897 1427 929 sola
1457 895 1619 939 signatura
1645 894 1782 929 sufficiat
1811 901 1838 929 et
1867 896 1937 929 uhi-

1180 961 1242 994 que
1264 950 1359 983 tidem
1382 950 1484 989 saciat,
1503 949 1534 982 in
1546 949 1666 982 iudicio
1687 954 1717 982 et
1737 954 1836 990 extra,
1857 961 1937 993 qua-

1181 1014 1321 1047 cumque
1343 1004 1453 1046 regula
1474 1014 1530 1036 seu
1554 1002 1784 1036 constitutione
1809 1008 1936 1046 aposto-

1182 1056 1241 1089 lica
1262 1057 1423 1089 c01·it1·aria
1444 1067 1508 1088 non
1529 1056 1694 1095 obstante,
1717 1066 1785 1097 seu,
1815 1056 1840 1088 si
1861 1067 1937 1089 con-

1181 1109 1296 1142 sultius
1312 1109 1380 1142 sore
1396 1108 1497 1142 visum
1516 1108 1626 1150 suerit,
1649 1107 1772 1149 literae,
1786 1108 1881 1142 etiam
1897 1109 1935 1142 ad

1184 1168 1374 1207 perpetuam
1405 1163 1449 1195 rei
1480 1162 1683 1202 memoriam,
1706 1162 1858 1196 latissime
1887 1174 1938 1196 ex-

1159 1236 1160 1247 ,
1183 1216 1283 1259 pediri
1306 1216 1438 1259 possint.

1335 1270 1453 1309 Placet,
1477 1274 1566 1302 motu
1588 1269 1732 1313 proprio.
1755 1269 1777 1301 Ι.

1225 1323 1338 1355 Datum
1369 1323 1487 1355 Romae
1511 1322 1599 1366 apud
1623 1322 1654 1356 S.
1682 1322 1846 1364 Marcum,
1882 1332 1935 1356 vni

1183 1377 1253 1409 idus
1274 1377 1413 1419 augusti,
1440 1387 1525 1409 anno
1546 1387 1586 1409 Vl.

1226 1431 1278 1463 Die
1295 1441 1355 1463 xxti
1377 1431 1504 1472 augusti
1521 1441 1624 1463 iianv
1646 1430 1783 1463 admissa
1799 1436 1845 1464 est
1857 1431 1935 1463 liaec

1183 1485 1414 1517 cedulamotus
1436 1484 1557 1528 proprii
1578 1495 1614 1517 ex
1635 1484 1763 1518 decreto
1783 1484 1936 1517 Gamerae

1183 1544 1209 1571 et
1233 1538 1398 1580 registrata
1424 1538 1504 1570 libro
1530 1538 1672 1571 secundo
1696 1538 1935 1580 signaturarum

1183 1591 1326 1624 sanctiss.
1350 1591 1382 1623 D.
1404 1591 1437 1623 N.
1463 1591 1566 1635 Papae
1587 1591 1673 1634 apud
1695 1601 1745 1624 mc
1762 1590 1935 1631 notarium,

1185 1645 1237 1678 sol.
1261 1645 1313 1678 74..

1406 1699 1489 1732 llier.
1517 1699 1555 1732 de
1576 1699 1712 1731 Tarium.

1224 1753 1284 1783 llat.
1301 1753 1507 1791 dieiiaugusti
1530 1753 1615 1790 1505,
1633 1752 1733 1792 pontis.
1756 1763 1832 1782 anuo
1860 1763 1896 1784 vt.

1509 1904 1623 1937 CXVll.

1189 1982 1356 2014 [trementia
1386 1981 1530 2013 (traiciant
1560 1981 1770 2013 licentiarum
1789 1985 1818 2013 et
1837 1980 1942 2022 sacul-

1234 2039 1350 2075 talum‚
1370 2039 1594 2078 praeterquam
1615 2045 1761 2067 etresrztszc
1784 2044 1852 2067 uere
1871 2045 1944 2067 onc-

1232 2099 1303 2121 rosa
1325 2098 1557 2126 comessurum,
1581 2088 1777 2120 detrahendi?
1796 2088 1943 2129 framen-

1235 2146 1278 2181 ta,
1317 2142 1411 2174 blada
1445 2146 1473 2173 el
1505 2142 1667 2184 [cynnama
1693 2142 1730 2173 (le
1756 2141 1832 2174 locis
1869 2140 1945 2174 Secti

1233 2196 1435 2238 Apes-[olicae
1457 2196 1594 2228 malente
1617 2199 1645 2227 et
1667 2195 1852 2227 immediate
1871 2193 1943 2226 sub·

1235 2249 1337 2287 1'ectz‘s,·
1367 2253 1394 2281 cl
1423 2249 1601 2291 prohibitio
1634 2249 1671 2280 tle
1710 2252 1809 2280 cetero
1833 2251 1942 2280 σατίνα-

1236 2303 1345 2335 lectuli.

1307 2375 1369 2404 Pius
1387 2375 1457 2410 Papa
1476 2374 1517 2407 IV,
1534 2375 1610 2403 motu
1629 2374 1750 2410 proprio,
1769 2373 1825 2401 etc.

1235 2439 1319 2471 lnter
1335 2437 1531 2481 multiplices
1552 2448 1665 2476 curas,
1681 2435 1798 2478 quibus
1817 2435 1944 2469 assidue

1194 2487 1383 2531 premimur,
1395 2497 1448 2519 eas
1464 2485 1687 2519 sollicitudinis
1699 2489 1804 2528 partes
1819 2496 1836 2517 a
1853 2486 1946 2519 nobis

1194 2548 1256 2569 non
1285 2536 1444 2568 immerito
1475 2534 1694 2579 suscipiendas
1718 2544 1786 2566 esse
1807 2534 1944 2567 arbitra-

1194 2598 1278 2623 mur,
1307 2597 1364 2630 per
1383 2597 1462 2629 quas
1488 2585 1568 2624 illis,
1596 2594 1678 2627 quos
1701 2594 1871 2626 supremae
1896 2583 1944 2615 di-

1168 2632 1320 2692 lgnitatis
1342 2639 1468 2667 nostrae
1489 2631 1682 2678 pontificalis
1709 2632 1832 2665 ratione
1852 2632 1945 2666 iuris-

1951 257 1998 281 An.
2017 255 2036 281 C
2066 256 2130 283 ¹565

1223 309 1288 351 §5
1316 308 1503 350 Privilegiis,
1534 309 1749 349 facultatibus,
1780 309 1928 350 licentiis,
1959 317 2070 368 ξιωιιευμέ
2095 317 2132 338 d·-

1947 355 1954 368 r
1973 354 1996 374 ga
2008 354 2051 368 oria
2069 364 2073 367 .

1993 1442 2097 1462 Admissio
2116 1445 2135 1462 ei

1951 1478 1995 1499 reg,
2013 1472 2134 1493 incamera

1985 2449 2096 2470 Exordium
2105 2466 2107 2468 .
