2237 3100
224 230 272 258 An.
290 228 318 256 C.
341 229 407 260 ¹868

224 1576 330 1597 Extinctto
340 1576 406 1597 bane-

224 1608 318 1628 fictorum
333 1608 406 1629 eecle-

228 1640 361 1659 srasticorum
378 1639 408 1659 in-

223 1670 406 1695 sutaeSnnttntae,

225 1702 271 1722 ntits
303 1702 408 1722 unitorum

224 1734 258 1755 vet
280 1739 407 1761 suppresso-

224 1771 277 1789 rum.
297 1770 350 1792 quae
369 1764 407 1785 ha—

224 1796 276 1816 bent
294 1795 406 1822 parochia-

220 1826 256 1846 les
268 1827 296 1847 uti
306 1826 409 1854 praeben-

245 2275 354 2307 luc-tuctu»
374 2284 412 2304 pa-

215 2307 349 2329 ,achinnum
383 2310 407 2330 ad

226 2339 314 2364 primam
321 2346 353 2360 um
369 2343 408 2362 stt*

226 2374 267 2392 tum
283 2373 324 2393 etc.

468 228 531 263 7020

423 287 556 324 runtur,
593 282 680 315 illam
715 291 845 325 quoque
870 279 1089 323 gravissimam
1123 279 1173 311 in-

422 335 608 379 telligimus,
629 335 715 379 quod
736 333 881 367 canonici
898 339 928 366 et
948 332 1001 365 alii
1019 333 1175 366 habentes
1194 356 1196 365 t

422 389 612 433 dignitates,
642 392 831 431 personatus
865 392 895 419 et
927 386 1031 420 officia
1061 397 1173 420 earum

422 443 545 476 insulae
565 441 730 475 Sardiniae
752 441 974 480 ecclesiarum,
993 450 1084 483 quas,
1098 452 1173 484 par-

423 497 477 530 tim
498 506 607 529 rerum
628 494 737 539 inopia
747 495 927 537 depressas,
944 495 1060 538 partini
1077 495 1173 528 etiam
1193 530 1196 557 Ι

421 549 504 583 aeris
534 548 739 582 inclementia
773 548 916 581 desertas
933 575 940 589 ,
981 548 1172 592 iampridem

421 602 604 647 Apostolica
620 601 717 635 Sedes
743 601 898 645 proximis
919 602 1174 645 metropolitanis

421 662 453 689 et
475 656 545 689 aliis
565 655 805 688 cathedralibus
830 655 974 689 ecclesiis
1003 656 1173 700 providen-

422 715 469 742 ter
484 708 640 749 adiunxit,
659 719 857 752 quamquam
871 710 1033 752 personali
1051 709 1083 742 in
1098 710 1175 754 ipsis

423 763 579 806 obsequio
600 762 706 803 soluti,
718 762 924 796 residentiam
936 763 1114 798 detrectant
1130 771 1174 798 at-

423 828 485 861 que
503 817 679 860 refugiunt,
692 817 777 861 apud
795 817 996 860 parochiales
1010 818 1173 859 ecclesias,

420 882 502 915 quae
524 876 596 904 sunt
616 872 665 904 vel
685 871 717 903 in
736 871 936 914 praebendas
957 882 1091 905 snorum
1112 873 1173 905 liu-

421 925 559 958 iusmodi
574 924 1001 969 canonicatuuinjustitutae
1019 926 1067 959 vel
1091 938 1174 970 prfe-
1195 937 1196 946 ¹

420 978 514 1012 dictis
547 978 775 1021 dignitatibus,
806 979 973 1012 beneficiis
1005 985 1035 1012 et
1062 980 1197 1013 ossiciisr

420 1032 615 1076 applicatae,
640 1033 768 1066 nullutn
794 1033 949 1065 habentes
980 1039 1174 1077 perpetuum
1195 1051 1197 1059 =

421 1085 578 1119 vicarium
594 1086 642 1119 vel
656 1086 756 1119 alium
774 1086 944 1130 proprium
959 1087 1172 1127 sacerdotem,

421 1139 477 1183 qui
502 1151 614 1173 curant
644 1145 791 1173 exerceat
823 1139 1018 1173 animarum.
1052 1141 1175 1174 Rursus

422 1194 541 1226 multae
552 1193 754 1237 parochiales
765 1194 923 1233 ecclesian
938 1193 1000 1226 sive
1021 1205 1079 1238 pro
1095 1206 1176 1239 pra·-

422 1247 534 1280 bendis
550 1247 678 1288 habiae,
696 1247 760 1280 sive
776 1246 995 1290 dignitatibus,
1010 1248 1176 1282 beneficiis

422 1307 453 1334 et
472 1301 586 1335 officiis
598 1312 663 1334 non
680 1301 844 1335 unitarum
856 1312 915 1334 nec
928 1307 1174 1345 suppressartun

422 1355 634 1388 ecclesiarum
676 1355 901 1398 incorporatae
944 1355 1173 1398 reperiuntur,

420 1420 504 1453 quae
532 1415 607 1442 sunt
625 1408 812 1442 huiusmodi
832 1408 1025 1442 vicariorum
1062 1410 1175 1456 solatio

421 1463 602 1496 destitutae.

464 1517 530 1561 gl.
553 1516 635 1557 Nos,
664 1516 816 1550 adversus
844 1516 1061 1560 periculosam
1092 1518 1175 1552 hanc

421 1570 650 1614 negligentiam
671 1571 814 1604 volentes
840 1571 919 1603 iuris
946 1571 1175 1614 prosecutione

421 1635 544 1666 cavere,
562 1624 600 1657 de
622 1624 715 1658 nobis
735 1624 907 1658 attributae
929 1625 1174 1670 potestatisple-

422 1678 581 1719 nitudine,
595 1678 812 1721 extinguimus
826 1684 857 1712 et
872 1678 1042 1712 abolemus
1062 1690 1175 1713 omnes

421 1732 610 1776 dignitates,
635 1732 730 1765 etiam
752 1733 890 1766 maiores
910 1738 941 1766 ct
964 1733 1172 1777 principales,

421 1797 548 1820 necnon
574 1787 795 1827 canonicatus,
823 1787 1034 1830 praebendas,
1063 1799 1174 1831 perso-

421 1846 527 1880 natus,
546 1839 851 1881 administrationes,
878 1840 983 1873 officia
1003 1847 1178 1885 ceteraque*

421 1893 581 1927 beneficia
611 1893 756 1927 omnium
791 1900 821 1927 et
846 1894 1047 1937 singularum
1072 1895 1174 1928 dictae

422 1948 545 1980 insulae
578 1947 789 1981 ecclesiarum
822 1947 892 1980 aliis
930 1948 1094 1981 unitarum
1127 1950 1174 1982 vel

422 2001 518 2035 etiam
537 2012 797 2045 suppressarum,
811 2013 893 2045 quae
906 2003 1108 2045 parochiales
1124 2015 1174 2037 ec-

422 2055 536 2089 clesias
554 2055 674 2088 habent
690 2056 735 2088 uti
758 2056 957 2099 praebendas
968 2057 1015 2089 rel
1027 2056 1105 2090 alias
1120 2068 1174 2090 an-

422 2120 531 2150 nexas,
554 2109 608 2142 ubi
629 2119 694 2142 non
714 2114 762 2143 cst
780 2109 898 2142 vicaria
917 2116 1074 2154 perpetua
1096 2122 1173 2145 eon-

422 2162 542 2196 stituta.

467 2217 481 2260 g
501 2216 532 2249 ΕΞ.
556 2216 642 2260 Ipsas
657 2227 732 2250 vero
746 2216 950 2261 parochiales
970 2218 1122 2252 eeclesias
1135 2219 1174 2252 ad

422 2269 623 2314 pritnaevum
644 2275 762 2303 statum
786 2270 967 2314 simplicem
985 2276 1015 2304 ct
1035 2271 1173 2305 liberum

423 2330 620 2361 revocamus,
650 2320 692 2353 ita
721 2325 756 2353 ut
784 2320 816 2353 in
846 2331 957 2354 earum
983 2322 1172 2362 collatione,

422 2372 538 2406 dehine
563 2373 601 2406 ab
628 2373 799 2407 ordinariis
829 2374 978 2407 locorum
1006 2374 1171 2416 facienda,

1016 234 1197 259 BULLARIUM
1221 233 1373 257 ROMANUM

1216 276 1262 309 sie
1290 277 1444 319 extincta,
1471 276 1568 310 etiam
1588 278 1683 321 plura
1703 288 1740 311 ex
1753 275 1885 312 diversis
1906 279 1968 311 hu-

1216 329 1356 363 iusmodi
1377 330 1523 363 ecelesiis
1534 342 1571 363 cx
1586 331 1824 374 dispensatione
1839 337 1968 376 aposto-

1194 414 1195 417 ,
1216 383 1278 416 lica
1298 389 1353 416 aut
1373 384 1451 417 alias
1465 383 1664 424 obtinebant,
1678 395 1715 417 ex
1731 395 1796 427 quo
1817 385 1878 419 iam
1899 397 1968 420 am-

1216 437 1301 480 plius
1321 448 1386 470 non
1406 443 1491 479 sunt,
1510 438 1636 470 nullum
1653 437 1685 471 in
1699 437 1793 471 dictis
1809 439 1970 484 principa-

1216 491 1300 524 libus
1325 491 1471 524 ecclesiis
1490 492 1600 524 locum
1617 492 1736 525 habere
1757 493 1965 534 contendant;

1216 544 1271 578 sed
1297 544 1438 588 singulas
1468 545 1648 588 praedictas
1680 545 1882 589 parochiales
1915 557 1969 580 ec-

1217 598 1341 639 elesias,
1364 604 1399 632 ut
1426 599 1590 644 simplices
1610 610 1722 633 earum
1743 605 1898 639 rectores
1921 612 1968 634 re-

1216 652 1364 693 tinentes,
1385 653 1522 686 debeant
1543 653 1587 686 ibi
1607 659 1794 698 praesentes
1809 660 1970 700 perpetuo

1195 712 1196 737 t
1218 705 1370 747 residere,
1393 717 1429 739 ae
1442 706 1548 739 debita
1568 707 1767 750 parochialia
1787 707 1892 742 officia
1911 719 1970 753 per

1217 770 1249 791 se
1271 759 1368 803 ipsos,
1391 765 1423 792 ut
1451 760 1612 803 congruit,
1639 771 1806 794 exercere:
1827 772 1887 795 nec
1910 763 1968 796 ulli

1218 812 1349 846 omnino
1371 813 1402 846 id
1414 814 1569 857 ess'ugere,
1582 820 1637 848 aut
1657 815 1891 849 consuetudine
1907 816 1968 850 im-

1218 866 1420 899 memorabili
1433 867 1531 900 aliave
1544 873 1713 911 praetensa
1726 867 1807 902 iuris
1820 870 1970 904 cautione

1216 919 1344 952 defendi
1364 920 1498 964 possint,
1526 921 1622 954 etiam
1643 921 1668 954 si
1698 932 1768 955 eam
1789 934 1901 957 curam
1930 925 1970 958 ad

1216 973 1302 1006 solos
1331 974 1501 1018 episcopos
1533 974 1687 1008 obiiciant
1712 975 1888 1019 pertinere;
1915 979 1971 1012 sed

1217 1038 1271 1060 eos
1292 1028 1369 1071 qui,
1397 1028 1554 1062 canonica
1581 1029 1760 1063 monitione
1779 1031 1969 1074 praemissa,

1195 1117 1197 1128 Ι
1217 1081 1249 1114 in
1270 1081 1363 1115 dietis
1387 1083 1627 1126 parochialibus
1652 1083 1798 1117 ecelesiis
1817 1095 1970 1128 praesen-

1195 1129 1197 1145 '
1218 1141 1264 1168 tes
1285 1135 1426 1169 residere
1447 1137 1657 1180 neglexerint,
1678 1137 1824 1171 censuris
1843 1144 1874 1172 et
1892 1149 1971 1183 poe-

1195 1214 1197 1219 t
1217 1189 1266 1222 nis
1286 1190 1437 1223 omnibus
1465 1196 1577 1224 eontra
1603 1201 1669 1225 non
1691 1191 1879 1234 residentes,
1905 1198 1970 1227 tam

1195 1229 1234 1276 'a
1255 1243 1340 1276 dicto
1368 1243 1522 1285 coneilio,
1550 1255 1647 1288 quam
1672 1245 1769 1278 etiam
1793 1246 1912 1280 nostris
1941 1252 1973 1281 et

1218 1297 1288 1330 aliis
1309 1298 1473 1331 canonicis
1497 1298 1718 1332 sanctionibus
1736 1299 1904 1343 impositis,
1916 1311 1970 1334 vo-

1219 1352 1328 1385 lunius
1356 1352 1536 1385 subiacere.
1559 1352 1690 1395 Verum,
1712 1353 1738 1386 si
1757 1353 1796 1386 de
1823 1353 1972 1397 pluribus

1219 1405 1315 1438 etiam
1341 1405 1540 1439 diversarum
1567 1406 1752 1444 dioecesum
1777 1407 1971 1451 parochiali-

1218 1459 1279 1491 bus
1299 1459 1396 1492 unica
1407 1459 1571 1493 dumtaxat
1588 1460 1773 1504 praebenda
1782 1461 1971 1503 constiterit,

1218 1518 1273 1546 aut
1294 1512 1370 1545 unio
1391 1513 1430 1545 de
1447 1513 1509 1546 illis
1530 1513 1585 1546 uni
1602 1518 1727 1547 tantum
1747 1513 1971 1558 dignitati‚be-

1218 1566 1336 1599 nestcio
1352 1567 1399 1599 vel
1424 1567 1530 1600 officio
1551 1567 1598 1601 sic
1619 1578 1792 1611 suppresso
1809 1568 1892 1602 sacta
1904 1568 1972 1603 fue-

1219 1620 1270 1661 rit,
1298 1620 1415 1664 singuli
1436 1631 1649 1664 possessores,
1677 1621 1772 1654 etiam
1797 1622 1852 1665 qui
1877 1623 1972 1666 plura

1218 1686 1255 1708 ex
1266 1675 1448 1719 supprpssis
1459 1675 1609 1719 praefatis
1618 1675 1817 1716 obtinebant,
1827 1680 1863 1709 ut
1876 1687 1970 1720 prae—

1218 1730 1332 1769 fertur,
1351 1728 1383 1761 in
1399 1740 1463 1762 una
1474 1729 1652 1772 parochiali
1664 1728 1798 1762 ecclesia
1807 1729 1972 1764 dumtaxat

1217 1788 1376 1826 perpetuo
1388 1783 1573 1824 residentes,
1583 1782 1771 1827 quamintra
1782 1794 1835 1817 sex
1845 1794 1972 1818 menses

1217 1842 1289 1879 post
1314 1837 1566 1880 publicationem
1601 1837 1822 1881 praesentium
1854 1837 1972 1882 eligere

1217 1890 1378 1932 debcant,
1409 1891 1434 1924 si
1459 1902 1613 1924 censuras
1642 1896 1670 1924 et
1698 1902 1818 1935 poenas
1843 1892 1971 1936 praedi-

1217 1949 1282 1978 ctas
1298 1945 1441 1988 effugere
1461 1944 1634 1985 voluerint,
1657 1950 1822 1988 poterunt,
1842 1945 1906 1979 vita
1926 1946 1973 1979 cis

1217 1998 1346 2039 comite,
1370 1998 1403 2031 in
1423 1998 1540 2032 ceteris
1555 1999 1707 2032 omnibus
1719 1999 1863 2040 tolerari,
1876 1999 1971 2033 dum-

1216 2052 1312 2085 modo
1341 2053 1475 2097 reliquis
1495 2053 1607 2086 vicarii
1621 2052 1728 2086 idonei
1745 2053 1784 2086 ab
1795 2053 1972 2088 ordinariis

1195 1497 1198 1530 t

1193 2127 1196 2186 Ι
1216 2107 1364 2139 locorum
1377 2117 1451 2140 cum
1464 2106 1572 2140 debito
1583 2106 1744 2150 stipendio
1752 2106 1967 2150 assignentur.

1216 2160 1365 2193 lllisvero
1382 2161 1571 2193 cedentibus
1581 2161 1630 2194 vel
1641 2160 1886 2202 decedentibus,
1903 2160 1969 2194 sin-

1215 2214 1281 2258 guli
1308 2220 1449 2248 rectores
1474 2215 1507 2248 in
1528 2214 1665 2258 singulis
1684 2214 1887 2256 ordinentur,
1907 2215 1969 2248 nisi

1216 2269 1296 2301 sorte
1326 2269 1387 2302 loci
1414 2268 1652 2312 propinquitas,
1688 2279 1798 2301 rerum
1822 2268 1971 2312 angustia

1215 2322 1315 2355 aliave
1336 2322 1480 2366 legitima
1494 2333 1591 2356 causa
1611 2322 1845 2356 connexionem
1864 2322 1968 2367 patia-

1216 2382 1278 2410 tur.

1983 223 2032 251 An.
2045 222 2074 251 C.
2099 222 2166 253 ¹568

423 2422 553 2455 concilii
582 2423 759 2456 Tridentini
791 2423 906 2464 forma,
923 2434 1007 2466 quae
1022 2424 1060 2457 de
1081 2436 1175 2468 paro-

424 2471 583 2505 chialibus
603 2473 748 2506 ecclesiis
768 2483 867 2516 super
885 2473 947 2505 hoc
976 2474 1173 2517 praescripta

423 2526 481 2561 est,
503 2521 636 2554 omnino
660 2522 776 2555 debeat
800 2522 973 2555 observari.
993 2522 1174 2556 Statuentes

422 2574 458 2602 ut
491 2570 689 2615 quicumque
720 2572 889 2614 dignitates
902 2599 909 2613 ‚
943 2572 1170 2614 canonicatus,

423 2619 634 2662 praebendas,
651 2620 809 2654 beneficia
834 2626 864 2654 et
884 2621 989 2655 officia
1009 2621 1173 2665 praedicta

1260 2426 1274 2469 ἓ
1294 2425 1325 2459 3.
1348 2426 1449 2460 Porro
1483 2426 1629 2459 ecclesiis
1657 2425 1901 2469 parochialibus
1920 2426 1968 2459 vel
2008 2438 2119 2467 napurauo
2134 2441 2163 2461 vt-

1216 2474 1248 2507 in
1265 2475 1464 2518 praebendas
1498 2475 1749 2509 canonicatuum
1771 2474 1898 2515 erectis,
1919 2475 1967 2508 vel
1981 2471 2166 2529 ξξῗιζζῗζυῖηἱζ

1215 2523 1437 2566 dignitatibus,
1456 2524 1571 2557 officiis
1591 2529 1621 2558 et
1635 2523 1802 2557 benefieiis
1813 2534 1879 2557 non
1895 2523 1968 2557 uni·
1981 2518 2165 2570 supiapnexa'edt-

1216 2578 1321 2606 tarum
1341 2584 1400 2606 nec
1432 2584 1679 2618 suppressarum
1700 2573 1966 2616 metropolitana-
1980 2565 2094 2592 ⁸⁰¹¹³¹¹⁶⁰⁸
2109 2569 2155 2588 ’κ’

1217 2633 1300 2663 rum,
1323 2622 1557 2656 cathedralium
1578 2628 1609 2656 et
1632 2622 1769 2656 aliarum
1790 2621 1894 2656 dictae
1915 2622 1966 2656 in-
