2237 3100
212 247 263 276 An.
281 248 310 276 C.
328 249 396 276 1565

232 1781 317 1802 Sanctio
334 1787 395 1808 poen.

248 2650 370 2673 Exordium.

455 239 521 275 386

411 312 640 346 rumcumque,
658 312 785 336 necnon
806 302 970 346 quibusvis
981 302 1061 341 aliis,
1079 301 1164 334 iura-

411 356 534 393 mento,
546 351 791 385 confirmatione
803 351 979 395 apostolica
989 351 1037 383 vel
1053 351 1163 394 quavis

411 400 562 434 firmitate
596 401 656 433 alia
686 400 855 440 roboratis,
878 399 1002 432 statutis
1031 404 1061 432 et
1086 410 1163 432 con-

411 450 648 487 suetudinibus,
676 449 850 493 privilegiis
870 459 1013 492 quoque,
1032 449 1164 483 indultis

411 503 442 531 ct
460 498 561 531 literis
576 498 772 542 apostolicis,
792 497 866 538 illis,
885 509 999 531 eorum
1019 498 1164 542 superio-

411 547 513 586 ribus,
536 547 786 589 magistratibus,
809 558 845 579 ac
866 547 961 579 etiam
982 547 1106 580 dilectis
1126 547 1163 579 fi-

411 595 462 628 liis
482 596 603 639 populo
625 596 784 635 Romano,
806 595 865 628 sub
891 595 1056 639 quibusvis
1075 601 1164 629 teno-

412 644 501 677 ribus
519 649 549 677 et
568 644 680 677 formis
700 655 737 677 ac
757 644 935 687 quibusvis,
957 645 1051 677 etiam
1069 645 1163 678 dero-

410 693 609 735 gatoriarum
643 693 874 736 derogator-iis,
898 693 1032 736 aliisque
1059 694 1165 727 effica-

411 741 553 775 cioribus
571 748 599 775 et
620 742 755 775 insolitis
777 742 940 783 clausulis,
961 754 997 776 ac
1014 743 1165 776 irritanti-

409 790 470 823 bus
502 796 534 824 et
565 791 635 824 aliis
669 791 818 832 decretis,
846 791 879 824 in
908 803 1026 834 genere
1054 793 1102 825 vel
1132 793 1163 825 in

410 839 533 883 specie,
561 841 655 874 etiam
677 847 766 874 1110111
787 846 817 874 et
837 841 970 874 seientia
990 841 1161 884 similibus,

410 900 447 922 ac
467 890 505 923 de
526 891 721 933 apostolieae
748 891 911 934 praestatis
940 892 1140 934 plenitudine
1155 919 1162 931 ,

410 939 505 972 etiam
538 951 596 984 per
625 951 704 980 nos,
727 941 821 974 etiam
847 940 1111 974 consistorialiter
1135 946 1162 974 et

409 989 487 1022 alias
508 990 753 1033 quomodolibet
787 990 969 1031 concessis,
1001 1001 1037 1024 ac
1067 992 1162 1024 etiam

410 1038 532 1082 pluries
565 1040 752 1084 approbatis
782 1045 812 1073 et
841 1040 1008 1073 innovatis.
1042 1041 1165 1080 Quibus

410 1088 560 1121 omnibus
574 1116 581 1128 ‚
604 1089 737 1129 etiamsi,
754 1100 813 1133 pro
833 1089 1003 1122 sufficienti
1034 1090 1164 1124 illorum

409 1137 626 1181 derogatione,
647 1138 685 1172 de
706 1138 768 1172 illis
789 1150 968 1183 eorumque
988 1139 1060 1173 totis
1076 1146 1165 1174 teno-

409 1187 499 1220 ribus
519 1188 678 1231 specialis‚
701 1188 862 1232 specifica,
880 1188 1042 1222 individua
1064 1195 1091 1222 et
1114 1202 1165 1223 ex-

409 1247 530 1279 pressa,
553 1247 618 1270 non
642 1243 749 1271 autem
772 1249 830 1282 per
855 1238 1015 1271 clausulas
1031 1249 1165 1282 genera-

409 1286 454 1318 les
469 1285 554 1319 idem
575 1287 798 1330 importantes,
818 1288 939 1321 mentio
961 1298 1016 1321 seu
1034 1290 1164 1332 quaevis

409 1334 470 1368 alia
490 1335 652 1380 expressio
672 1336 819 1368 habenda
840 1341 894 1368 aut
914 1337 1021 1380 aliqua
1037 1337 1098 1371 alia
1115 1350 1165 1371 ex—

409 1384 525 1428 quisita
546 1385 648 1417 forma
668 1385 707 1416 ad
728 1385 789 1418 boc
815 1385 968 1418 servanda
997 1386 1097 1427 soret,
1121 1393 1165 1421 te—

408 1443 504 1466 nores
523 1433 724 1473 huiusmodi,
747 1445 783 1466 ac
805 1434 829 1466 si
855 1435 893 1467 de
912 1434 1011 1468 verbo
1037 1436 1075 1468 ad
1096 1447 1165 1469 ver-

408 1482 487 1515 bum
508 1483 740 1521 insererentur,
759 1484 981 1527 praesentibus
998 1496 1057 1529 pro
1079 1487 1165 1519 suffi-

410 1531 531 1565 cienter
550 1531 677 1565 insertis
697 1539 724 1565 et
747 1532 904 1577 expressis
923 1534 1089 1575 habentes,
1103 1535 1165 1567 illis

410 1581 487 1613 alias
504 1581 536 1614 in
557 1592 615 1615 suo
633 1582 750 1615 robore
768 1583 1001 1626 permansuris,
1018 1585 1077 1617 bac
1098 1585 1164 1618 vice

410 1630 593 1672 dumtaxat,
618 1632 799 1675 specialiter
824 1637 853 1665 et
887 1643 1058 1676 expresse,
1095 1634 1164 1678 pari

411 1684 519 1720 motu,
542 1680 752 1723 derogamus,
788 1681 967 1725 ceterisque
996 1683 1166 1716 contrariis

411 1729 684 1773 quibuscuimpie.

456 1778 470 1820 ἓ
491 1777 543 1811 90.
567 1778 653 1811 Nulli
674 1789 749 1821 ergo
777 1779 909 1812 omnino
930 1779 1099 1813 11011111111111
1126 1781 1165 1814 li-

413 1831 482 1859 ceat
498 1831 555 1859 etc.

455 1875 570 1909 Datum
590 1877 710 1909 Romae
731 1877 817 1921 apud
838 1877 991 1910 Sanctum
1011 1878 1163 1919 Petrum,

411 1936 496 1959 anno
530 1927 763 1960 Inearnationis
787 1927 968 1960 dominicae
994 1928 1165 1962 millesimo

412 1975 670 2019 quingentesimo
683 1977 879 2018 sexagesimo
895 1976 1020 2019 quinto,
1040 1978 1166 2011 decimo

413 2024 565 2058 kalendas
598 2025 808 2070 septembris,
836 2026 1041 2069 pontificatus
1066 2029 1165 2061 nostri

414 2084 499 2106 anno
518 2084 561 2107 xl.

444 2121 504 2152 Dat.
523 2123 570 2152 die
586 2123 623 2153 ⁶23
637 2124 753 2162 augusti
772 2124 860 2159 1565,
879 2124 980 2162 pontis.
1001 2135 1077 2154 auno
1100 2135 1136 2155 vr.

417 2284 630 2328 Confirmatio
676 2289 705 2318 el
748 2285 889 2318 ortensio
933 2286 1168 2320 furialis-[ianis

459 2339 590 2367 sanctae
610 2335 776 2367 Romanae
800 2334 961 2368 Ecclesiae
988 2337 1167 2369 cardinalis

460 2385 635 2416 camerarii
659 2389 687 2416 et
713 2385 942 2428 ›uaqistrorum
975 2386 1102 2419 rriarum
1122 2387 1168 2419 ‹tl-

461 2442 532 2464 mae
555 2432 659 2465 Urbis.

501 2491 563 2519 Plus
584 2492 725 2526 episcopus
750 2499 844 2520 servus
869 2499 1007 2519 servorum
1027 2492 1086 2525 Dei,

552 2540 586 2568 ad
605 2542 766 2575 perpetuam
796 2541 837 2569 rei
867 2541 1033 2569 memoriam.

463 2589 549 2623 Inter
574 2590 770 2634 multiplices
790 2601 903 2632 curas,
926 2602 1009 2634 quae
1030 2598 1169 2625 mentem

419 2644 562 2673 nostram
583 2639 796 2683 undequaque
816 2639 997 2682 sollicitant,
1019 2640 1064 2673 illi
1086 2652 1171 2674 sum-

1008 248 1187 274 BULLARIUM
1210 248 1360 273 ROMANUM

1970 251 2021 278 An.
2039 251 2067 279 C.
2086 252 2155 280 ¹565

1206 311 1257 333 ma
1277 311 1339 344 ope
1359 301 1549 345 iampridem
1578 302 1833 337 incumbendum
1862 304 1957 338 nobis

1206 360 1274 383 esse
1294 350 1464 383 statuimus
1479 355 1515 383 ut
1530 352 1648 385 almam
1664 352 1782 385 Urbem
1799 359 1954 394 nostram,

1207 405 1397 442 perpetuam
1430 400 1540 433 vicarii
1569 400 1684 434 Christi
1718 401 1958 446 spiritualisque

1206 449 1333 493 imperii
1354 449 1481 489 Sedem,
1508 450 1603 492 longe
1623 450 1838 492 felicioribus,
1860 463 1958 496 quam

1206 497 1348 541 priscum
1361 497 1440 530 illud
1452 499 1628 542 temporale
1636 504 1764 542 partum
1776 500 1891 541 suerat,
1905 512 1960 534 au·
1979 522 1981 525 .

1206 547 1315 590 spiciis
1335 546 1517 587 stabilitam,
1530 547 1563 580 in
1575 558 1846 593 communemque
1862 550 1960 584 totius

1207 596 1372 629 christiani
1393 596 1507 640 populi
1526 597 1673 640 patriam,
1690 597 1773 631 sicut
1787 599 1880 632 honis
1892 610 1960 633 mo-

1206 645 1296 677 ribus
1316 645 1470 688 omnique
1490 645 1643 679 virtutum
1664 657 1782 689 genere
1802 658 1959 691 perorna-

1205 698 1290 734 tam,
1313 693 1355 726 ita
1375 695 1572 737 templorum
1596 700 1627 728 et
1646 695 1783 729 aliarum
1796 723 1804 737 ‚
1826 702 1892 730 tam
1912 708 1959 731 sa-

1207 753 1336 775 crarum
1357 749 1384 776 et
1407 743 1612 787 publicarum
1634 756 1731 788 quam
1761 746 1959 790 privatarum

1207 791 1354 832 aedium,
1376 792 1556 835 platearum
1577 798 1607 826 et
1626 793 1748 827 viarum
1778 795 1960 839 pulchritu-

1206 840 1280 872 dine
1294 867 1301 879 ,
1338 851 1465 874 necnon
1498 852 1667 875 murorum
1699 846 1963 889 propugnaculo-

1206 900 1345 934 rumque
1376 890 1528 925 firmitate
1562 892 1766 934 decoratam,
1794 905 1831 927 ac
1864 895 1961 928 etiam

1206 939 1360 982 pomeriis
1381 940 1446 974 suis
1470 942 1564 984 louge
1589 942 1718 986 lateque
1743 943 1756 972 1
1792 943 1961 987 insigniter

1206 989 1411 1033 ampliatam,
1435 1001 1509 1024 cum
1534 991 1689 1024 Dominus
1721 991 1799 1026 huic
1832 999 1960 1028 nostrae

1207 1040 1459 1083 peregrinationi
1484 1041 1617 1074 modum
1638 1042 1763 1076 duxerit
1789 1042 1961 1088 imponen-

1206 1089 1296 1130 dum,
1320 1090 1557 1134 relinquamus
1580 1097 1622 1131 et,
1644 1097 1680 1125 ut
1699 1092 1779 1125 haec
1798 1092 1879 1126 votis
1902 1104 1960 1127 no-

1207 1140 1278 1172 stris
1298 1141 1525 1184 respondeant,
1540 1151 1653 1174 0011111]
1673 1153 1785 1175 curam
1806 1143 1962 1176 sollicitu-

1206 1188 1381 1232 dinemque
1402 1190 1606 1232 egregiorum
1632 1190 1749 1223 civium
1770 1192 1961 1235 prudentiae

1208 1238 1344 1271 libenter
1371 1239 1621 1280 committimus,
1643 1240 1698 1284 qui
1727 1240 1845 1282 sciant,
1865 1242 1963 1275 velint

1207 1292 1234 1319 et
1264 1288 1389 1321 valeant
1419 1288 1451 1321 id
1481 1290 1625 1323 muneris
1645 1289 1816 1333 diligenter
1835 1292 1960 1336 ample-

1206 1336 1273 1369 xari
1294 1342 1325 1370 et
1344 1337 1483 1371 fideliter
1498 1349 1661 1372 exercere.

1250 1386 1314 1429 gl.
1338 1387 1466 1419 Dudum
1487 1387 1646 1432 siquidem
1677 1388 1779 1422 felicis
1806 1389 1961 1423 recorda·
2002 1406 2161 1429 s;,.„,1v041.

1207 1435 1302 1468 tionis
1329 1435 1433 1469 Sixtus
1462 1437 1547 1480 Papa
1571 1437 1619 1477 IV,
1642 1438 1873 1481 praedecessor
1901 1450 1961 1473 no·
1977 1439 2106 1490 gifffufflfflfl
2125 1440 2159 1461 Μ

1207 1488 1281 1525 ster,
1305 1484 1440 1529 cupiens
1460 1485 1560 1529 ipsius
1580 1486 1674 1520 Urbis
1693 1491 1751 1520 etc.
1774 1486 1801 1520 2.
2071 1485 2077 1496 '

1251 1534 1266 1576 ἓ
1285 1534 1315 1566 9,.
1348 1534 1384 1566 Et
1412 1535 1589 1568 successive
1610 1535 1681 1579 piae
1706 1537 1883 1571 memoriae
1898 1538 1962 1572 Leo
2003 1551 2045 1575 Leo
2062 1554 2124 1575 eiiam
2135 1553 2161 1574 x.

1206 1582 1291 1626 Papa
1311 1583 1347 1623 X,
1371 1584 1466 1616 etiam
1488 1584 1719 1628 praedecessor
1735 1590 1792 1619 etc.
1815 1585 1842 1619 3.

1251 1632 1265 1675 g
1285 1631 1315 1664 3.
1352 1632 1415 1665 Nos
1440 1637 1546 1665 autem
1578 1633 1721 1667 eiusdem
1743 1635 1847 1668 almae
1867 1635 1964 1669 Urbis
2008 1646 2046 1668 ute
2061 1647 2160 1668 minum

1207 1681 1346 1721 ornatui,
1365 1681 1577 1725 ampliationi‚
1600 1683 1710 1716 decori
1731 1689 1761 1717 et
1782 1684 1961 1727 pulchritu-
1975 1678 2162 1730 ξξξξῇῗζῗᾶζζζῖζ

1207 1729 1429 1774 diniaerisque
1446 1731 1638 1773 salubritati,
1659 1743 1724 1765 11011
1740 1733 1847 1767 minus
1862 1745 1960 1778 quam
1974 1738 2003 1760 1V
2014 1743 2035 1762 ο·
2050 1739 2161 1767 Leoni-xz

1208 1779 1267 1823 ipsi
1298 1781 1562 1823 praedecessores
1582 1783 1834 1824 consuluerunt,
1856 1795 1961 1828 quan-

1209 1834 1275 1861 tum
1296 1829 1329 1861 in
1349 1830 1442 1863 nobis
1462 1836 1520 1870 est,
1551 1832 1731 1873 consulere,
1748 1837 1778 1865 et
1807 1834 1964 1876 quemad-

1209 1879 1340 1911 modum
1357 1880 1444 1912 illam
1461 1879 1619 1913 civitatem
1635 1886 1777 1914 nostram
1792 1881 1881 1915 Piam
1897 1893 1963 1916 am-

1208 1928 1394 1971 pliavimus,
1418 1929 1653 1974 moenibusque
1674 1941 1710 1964 ac
1732 1941 1962 1975 propugnacu-

1209 1977 1247 2009 lis
1268 1978 1479 2018 munivimus,
1501 1990 1571 2012 eam
1592 1990 1722 2024 quoque
1743 1986 1779 2013 ut
1803 1981 1962 2015 munitam

1210 2026 1251 2058 ita
1272 2026 1366 2059 etiam
1388 2033 1533 2060 ‹ju-natam
1561 2039 1597 2061 ac
1625 2029 1805 2072 speciosam
1825 2030 1962 2065 reddere

1209 2076 1389 2119 cupientes,
1402 2077 1592 2111 eorumdem
1608 2078 1893 2121 praedecessorum
1908 2091 1962 2113 ve—

1209 2125 1308 2168 stigiis
1324 2126 1534 2167 inhaerendo,
1557 2126 1703 2160 similiter
1719 2133 1808 2161 motu
1828 2129 1962 2174 proprio

1210 2181 1240 2208 et
1259 2186 1295 2208 ex
1316 2181 1402 2209 certa
1423 2176 1555 2209 seientia
1576 2182 1684 2210 nostra
1704 2188 1741 2211 ac
1761 2178 1808 2213 de,
1819 2178 1889 2222 pari
1904 2189 1962 2223 po-

1211 2225 1330 2258 testatis
1350 2226 1561 2269 plenitudine,
1577 2227 1718 2270 singulas
1737 2227 1815 2261 Sixti
1835 2233 1866 2261 et
1885 2228 1963 2262 Leo-

1211 2275 1258 2307 nis
1295 2276 1583 2319 praedeeessorum
1626 2276 1814 2310 eorumdem
1852 2277 1962 2311 literas

1210 2324 1401 2368 praedictas,
1420 2336 1493 2358 cum
1511 2325 1703 2369 supradictis
1722 2337 1759 2359 ac
1779 2325 1874 2359 etiam
1892 2326 1963 2360 aliis

1211 2375 1361 2407 onmibus
1381 2381 1409 2407 et
1432 2374 1566 2417 singulis
1585 2374 1618 2407 in
1639 2374 1683 2408 eis
1703 2374 1860 2408 contentis
1875 2375 1963 2409 clau-

1211 2423 1300 2464 sulis,
1323 2434 1360 2456 ac
1381 2424 1453 2457 inde
1472 2429 1581 2457 secuta
1596 2434 1833 2467 quaecumque,
1855 2430 1963 2459 aucto-

1248 2492 1257 2516 1
1281 2491 1394 2516 Pramus
1410 2490 1483 2516 addit
1508 2490 1621 2518 Cherub.
1644 2490 1682 2525 (a.
1702 2489 1753 2524 τ.).
1791 2490 1807 2516 9.
1823 2489 1962 2517 Omittitur

1212 2530 1301 2557 relatio
1323 2531 1401 2556 liuius
1420 2530 1513 2560 bullae,
1535 2531 1596 2565 quia
1612 2538 1669 2556 eam
1687 2529 1767 2556 habes
1792 2531 1816 2555 in
1838 2532 1902 2557 tom.
1924 2538 1961 2563 v,

1211 2578 1269 2605 pag.
1288 2571 1356 2602 273,
1375 2572 1431 2597 Etsi
1441 2573 1472 2596 cle
1491 2574 1658 2597 cunctarum.
1698 2571 1715 2596 5
1730 2569 1870 2597 Omittitur
1880 2570 1960 2598 etiam

1212 2608 1275 2636 Haec
1293 2610 1394 2642 relatio,
1419 2611 1545 2645 quoniam
1571 2610 1625 2645 ipsa
1654 2609 1723 2636 bulla
1743 2613 1783 2637 est
1803 2610 1828 2637 in
1846 2614 1910 2637 tom.
1932 2618 1960 2641 v,

1213 2658 1270 2685 pag.
1293 2652 1354 2683 655,
1375 2652 1448 2677 Inter
1464 2659 1551 2677 curas.
