2237 3100
274 273 324 300 An.
341 272 370 300 C.
391 273 457 300 ¹362

292 2647 411 2671 Exordium.

516 264 580 298 186

472 326 636 370 potestatis
662 328 877 371 plenitudine.
904 333 959 361 aut
982 329 1059 361 alias
1084 338 1220 371 quomo-

472 380 592 413 dolibet
612 381 831 419 eoiiccssis‚ac
844 381 940 414 etiam
961 381 1081 414 iteratis
1100 381 1221 413 vicibus

472 433 657 477 approbatis
677 440 704 467 et
727 434 892 467 innovatis.
916 435 1037 473 Quibus
1057 434 1218 475 omuibus,

472 487 605 527 etiamsi,
614 499 673 531 pro
682 488 810 520 illorum
823 487 1220 530 sut'sicientiderogatione,

472 542 511 574 dc
532 541 594 573 illis
619 552 798 584 eorumque
821 541 894 573 totis
914 541 1081 573 tenoribus
1101 542 1222 584 specia-

472 594 522 632 lis,
545 594 706 637 specifica,
726 605 872 637 expressa
894 599 922 626 et
944 594 1106 627 individua
1131 605 1167 627 ac
1183 595 1221 628 de

471 647 568 679 verbo
580 648 618 679 ad
634 648 780 687 verbum,
799 658 863 679 non
875 652 981 680 autem
993 658 1050 690 per
1061 648 1222 680 clausulas

471 701 636 743 generales
657 700 740 733 idem
761 700 984 744 importantes,
1015 701 1134 733 mentio
1165 712 1220 734 seu

470 753 671 797 quaevisalia
684 754 847 797 expressio
868 754 1026 794 habenda,
1049 754 1221 799 autaliqua

471 806 625 850 exquisita
653 807 755 839 forma
783 808 821 839 ad
851 808 913 840 lioc
941 808 1094 841 servanda
1118 809 1218 849 soret,

470 865 599 892 tenores
618 859 816 901 huiusmodi,
832 872 868 893 ac
885 861 909 893 si
925 861 963 894 de
978 862 1074 894 verbo
1095 862 1133 894 ad
1154 873 1221 895 ver-

468 913 559 952 bum,
573 912 652 945 nihil
668 913 796 957 penitus
816 914 934 947 omisso
955 920 985 947 et
1000 916 1103 948 forma
1116 915 1146 947 in
1159 915 1221 949 illis

470 962 581 995 tradita
603 962 779 1003 observata,
798 963 908 997 inserti
929 964 1044 1004 forent,
1068 975 1219 1008 praesen-

468 1012 553 1046 tibus
573 1024 631 1056 pro
653 1014 850 1047 sufficienter
870 1014 1027 1058 expressis
1052 1014 1217 1055 babentes,

468 1061 531 1093 illis
550 1062 628 1095 alias
648 1062 679 1094 in
702 1074 758 1096 suo
779 1064 896 1097 robore
917 1063 1148 1107 permansuris,
1161 1064 1219 1097 hac

468 1110 534 1144 vice
555 1111 716 1143 dumtaxat
739 1111 920 1154 specialiter
945 1118 975 1145 et
995 1123 1143 1156 expresse
1164 1113 1219 1146 de-

469 1170 620 1202 rogamus
642 1160 820 1204 ceterisque
830 1161 999 1194 contrariis
1011 1161 1220 1205 quibuscum-

467 1220 540 1252 que.
565 1209 719 1241 Volumus
739 1215 846 1242 autem
868 1216 895 1243 et
926 1211 1009 1244 dicta
1029 1211 1219 1245 auctoritate

467 1257 672 1291 decernimus
693 1264 727 1291 ut
755 1261 971 1301 praesentium
989 1261 1216 1304 transumptis,

467 1307 562 1339 etiam
583 1306 767 1350 impressis,
793 1308 931 1342 alicuius
955 1309 1070 1342 notarii
1096 1310 1217 1352 publici

467 1366 565 1388 manu
586 1356 776 1401 subscriptis
792 1362 820 1389 et
842 1357 979 1391 alienius
1003 1369 1160 1401 personae
1186 1359 1217 1391 in

466 1404 617 1447 dignitate
627 1405 825 1439 ecclesiatica
836 1407 1027 1440 constitutae
1037 1407 1140 1449 sigillo
1150 1419 1218 1440 mu-

465 1453 550 1493 nitis,
574 1464 610 1486 ea
630 1464 764 1497 prorsus
783 1455 863 1488 fides
887 1455 919 1488 in
940 1455 1061 1488 iudicio
1082 1460 1112 1488 et
1131 1461 1218 1489 extra

465 1501 667 1542 adhibeatur,
682 1514 764 1545 quae
777 1503 988 1546 originalibus
997 1504 1216 1546 adhiberetur,

464 1550 489 1584 si
509 1551 610 1584 forent
634 1552 793 1585 exhibitae
812 1554 860 1586 vel
881 1559 1036 1586 ostensae.

506 1600 621 1633 Datum
647 1601 766 1635 Rornae
791 1603 877 1646 apud
899 1603 1051 1636 Sanctum
1072 1603 1214 1643 Petrum,

463 1649 522 1683 sub
538 1651 659 1684 annulo
671 1650 850 1691 piscatoris,
863 1651 913 1685 die
925 1662 955 1685 1v
966 1652 1086 1696 aprilis,
1098 1663 1216 1694 MDan,

463 1698 670 1743 pontificatus
690 1700 790 1733 nostri
811 1711 896 1734 anno
916 1712 963 1735 111.

517 1751 578 1782 Dat.
595 1753 642 1782 die
656 1754 674 1783 4
690 1754 793 1793 aprilis
816 1754 900 1791 1552,
918 1754 1019 1793 pontif.
1035 1765 1111 1785 anno
1125 1764 1166 1786 ni.

790 1875 889 1908 LXIV.

462 1929 506 1963 De
527 1929 697 1962 homicidis
717 1929 852 1972 aliisque.
872 1930 934 1962 reis
953 1940 1075 1973 poenae
1094 1932 1214 1974 capita-

506 1978 546 2011 lis
561 1979 608 2011 vel
624 1979 805 2021 sunamitis,
829 1979 928 2011 etiam
944 1990 1008 2012 non
1025 1980 1217 2014 condemna-

507 2028 548 2060 tis
580 2028 628 2060 vel
654 2028 690 2060 in
715 2028 954 2061 contumaciam
973 2029 1213 2070 condemnatis,

505 2081 533 2110 et
567 2077 659 2119 infra
685 2087 739 2109 sea)
766 2087 888 2109 menses
914 2088 980 2110 non
999 2082 1109 2121 sponte
1128 2090 1159 2111 se
1180 2081 1216 2113 in

505 2127 684 2159 carceribus
704 2127 888 2159 constitutis
905 2127 916 2155 1
940 2137 1006 2160 non
1026 2128 1213 2168 audiendis,

505 2176 833 2219 appellationibusque
860 2177 1143 2210 condemnatorum
1181 2179 1215 2211 in

502 2236 641 2269 poenam
674 2226 747 2267 fisco
774 2229 803 2258 et
830 2225 984 2259 Gamerae
1016 2226 1216 2268 Apostolicae

506 2274 705 2318 applicatam
723 2285 787 2306 non
804 2275 1027 2314 admittendis,
1050 2276 1116 2307 nisi
1129 2275 1215 2317 facto

506 2324 656 2367 deposito.
680 2324 726 2356 Ac
746 2323 783 2356 cle
799 2324 911 2366 poenis
926 2324 1050 2365 fractae
1063 2326 1153 2367 pacis
1168 2326 1216 2358 vel

508 2377 644 2415 treqnae,
666 2377 695 2405 et
715 2373 907 2416 ulleyatione
927 2384 1027 2406 novae
1041 2385 1155 2407 causae
1168 2376 1216 2408 vel

507 2422 721 2462 minoritatis,
744 2426 772 2455 et
793 2422 955 2465 leyz'timae
978 2422 1120 2464 filiorum
1144 2434 1216 2457 con-

506 2471 682 2513 fiscatz'one.

505 2525 568 2553 Pius
583 2525 651 2560 Papa
666 2525 707 2557 lv,
721 2526 755 2553 ad
769 2526 931 2561 perpetuam
945 2525 986 2554 ret
1002 2527 1171 2555 memoriam.

508 2568 572 2602 Etsi
602 2574 736 2609 cuncta,
774 2580 855 2613 quae
876 2580 912 2602 ex
933 2571 1034 2603 multa
1055 2570 1214 2604 Romano-

465 2628 536 2652 rum
558 2617 751 2651 Pontificum
777 2619 1061 2662 praedecessorum
1092 2626 1216 2654 nostro-

505 2672 518 2700 1
539 2672 774 2707 Constitueramus,
790 2672 906 2701 Cherub.
925 2673 961 2709 (n.
979 2673 1028 2710 T.)-

1067 274 1245 299 BULLARIUM
1269 275 1419 299 ROMANUM

1262 338 1334 360 rum
1356 327 1555 371 providentia
1573 334 1812 372 processerunt,
1832 328 2014 362 executioni

1262 380 1387 413 debitae
1416 381 1638 414 demandanda
1662 393 1729 415 esse
1750 393 1937 422 censemus,
1960 382 2013 415 illa

1262 439 1368 466 tamen
1390 434 1577 477 praecipue,
1595 446 1677 478 quae
1698 435 1736 468 ad
1757 436 1919 469 salubrem
1935 441 2014 469 tem-

1264 487 1382 530 poralis
1417 487 1547 520 ditionis
1573 489 1774 531 Apostolic-ae
1805 489 1895 522 Sedis
1927 489 2012 523 dire-

1263 540 1415 582 ctionem,
1438 547 1468 574 et
1490 552 1549 585 pro
1570 542 1721 575 Gamerae
1742 543 1943 587 Apostolicae
1963 543 2013 576 in-

1263 594 1435 627 demnitate
1470 595 1645 638 prudenter
1672 595 1817 628 ordinata
1851 597 2012 640 comperi-

1264 658 1344 688 mus,
1357 653 1392 680 ut
1410 647 1530 681 illibata
1552 648 1711 692 firmaque
1735 655 1892 694 perpetuo
1912 650 2014 684 subsi-

1262 707 1356 741 stant,
1379 701 1516 735 libenter
1536 713 1600 736 non
1621 704 1725 736 solum
1751 710 1877 737 nostrae
1897 714 2015 748 appro-

1262 755 1411 795 badonis,
1433 756 1651 789 verumetiam
1672 762 1874 800 opportunae
1886 757 2014 790 innova-

1261 809 1356 842 tionis
1376 809 1554 843 munimine
1574 809 1775 843 roboramus.

1306 863 1320 905 ξ
1340 863 1371 896 l.
1408 863 1536 896 Dudum
1562 863 1719 907 siquidem
1745 875 1820 897 cum
1844 863 1945 897 felicis
1960 875 2011 898 re-

1261 916 1458 949 cordationis
1490 917 1590 950 Iulius
1609 917 1695 961 Papa
1716 917 1762 955 ll,
1784 917 2013 960 praedecessor

1261 974 1379 1009 noster,
1400 974 1457 1002 etc.
1476 970 1502 1002 l,

1305 1023 1319 1066 ἓ
1339 1022 1369 1055 2.
1400 1023 1437 1055 Et
1460 1023 1575 1056 deinde
1602 1023 1673 1068 piae
1698 1023 1874 1057 memoriae
1893 1024 2012 1057 Paulus

1260 1075 1344 1119 Papa
1363 1076 1402 1109 ΙΙΙ
1416 1103 1423 1116 ,
1446 1077 1541 1110 etiam
1562 1077 1791 1121 praedecessor
1811 1082 1932 1118 noster,
1954 1089 2012 1122 per

1261 1140 1335 1162 eum
1352 1140 1387 1162 ex
1405 1130 1549 1174 plurium
1566 1130 1629 1163 side
1640 1130 1812 1173 dignorum
1828 1131 2012 1165 testimonio

1261 1189 1392 1227 accepto
1420 1185 1507 1227 quod
1535 1183 1684 1217 nonnulli
1705 1183 1866 1217 civitatum
1880 1210 1888 1225 ,
1910 1189 2012 1219 terra-

1260 1247 1332 1269 rum
1354 1241 1410 1270 etc.
1429 1237 1456 1269 2.

1303 1291 1318 1333 ἓ
1338 1289 1370 1323 3.
1406 1290 1469 1324 Nos
1498 1291 1608 1334 igitur,
1625 1301 1665 1324 ne
1686 1290 1797 1324 literae
1814 1291 2008 1335 praedictae,

1259 1353 1295 1375 ex
1315 1353 1353 1376 eo
1373 1344 1460 1387 quod
1482 1343 1611 1377 illarum
1632 1343 1778 1377 executio
1795 1344 1833 1376 ab
1849 1344 2011 1388 aliquibus

1259 1396 1329 1429 fieri
1362 1397 1507 1440 neglecta
1541 1397 1601 1430 suit
1633 1408 1702 1437 seu,
1731 1402 1863 1442 propter
1896 1409 2010 1432 eorum

1259 1451 1365 1483 forsan
1380 1461 1445 1483 non
1457 1461 1565 1491 usum,
1580 1450 1612 1483 in
1629 1451 1875 1484 desuetudinem
1895 1451 2011 1486 abiisse

1258 1514 1275 1536 a
1295 1514 1460 1548 quoquam
1489 1503 1654 1547 praetendi
1684 1515 1741 1538 seu
1761 1503 1853 1538 aliter
1872 1515 2010 1548 quomo-

1258 1557 1379 1589 dolibet
1398 1557 1542 1600 allegari,
1560 1558 1665 1601 deque
1686 1568 1798 1591 earum
1818 1557 1939 1592 viribus
1948 1559 2011 1593 hae-

1258 1610 1344 1643 sitari
1366 1611 1542 1653 contingat,
1565 1611 1619 1644 sed
1640 1611 1725 1652 illae,
1741 1616 1777 1644 ut
1790 1622 1850 1655 par
1864 1616 1923 1652 est,
1936 1623 2012 1646 suos

1258 1664 1382 1697 debitos
1403 1664 1579 1697 sortiantur
1598 1665 1731 1698 effectus
1750 1670 1781 1698 et
1800 1665 1840 1697 ab
1860 1665 2012 1699 omnibus

1257 1717 1479 1757 observentur,
1502 1718 1670 1762 providere
1689 1718 1843 1758 volentes,
1870 1723 1960 1752 motu
1980 1724 2012 1752 et

1258 1771 1390 1804 scientia
1410 1771 1578 1811 similibus,
1596 1772 1753 1815 praefatas
1774 1776 1805 1804 et
1823 1771 1901 1805 alias
1917 1782 2011 1816 quas-

1257 1834 1398 1868 cumque
1412 1824 1565 1868 (quarum
1582 1830 1613 1857 et
1632 1824 1706 1858 inde
1727 1829 1913 1859 secutorum
1931 1836 2012 1870 quo-

1257 1888 1473 1921 rumcumque
1494 1878 1631 1911 aliorum
1652 1879 1737 1912 circa
1752 1879 1941 1922 praemissa,
1962 1880 2007 1914 la·

1258 1932 1320 1965 tius
1331 1932 1426 1965 etiam
1444 1933 1482 1966 de
1500 1932 1689 1966 necessitate
1709 1932 2007 1976 exprimendorum,

1257 1992 1402 2028 tenores,
1425 1998 1462 2021 ac
1482 1988 1507 2020 si
1528 1988 1567 2020 de
1587 1987 1683 2020 verbo
1708 1987 1745 2019 ad
1766 1987 1899 2020 verbum
1920 1987 2009 2021 simi-

1256 2042 1328 2075 liter
1348 2042 1457 2075 inserti
1486 2042 1599 2082 forent,
1620 2042 1845 2086 praesentibus
1864 2052 1922 2087 pro
1942 2043 2008 2076 sus-

1257 2096 1403 2131 sicienter
1423 2096 1578 2141 expressis
1608 2095 1720 2129 haberi
1749 2096 1911 2139 volumus)
1932 2096 2009 2131 alio-

1256 2161 1328 2183 rum
1368 2151 1653 2195 praedecessorum
1688 2155 1873 2183 nostrorum
1912 2161 2009 2195 super

1257 2204 1454 2248 praemissis,
1487 2209 1549 2237 tam
1585 2204 1643 2237 sub
1678 2204 1812 2247 plumbo
1845 2214 1942 2248 quam
1975 2203 2007 2238 in

1256 2258 1359 2291 forma
1379 2258 1493 2297 brevis,
1516 2258 1616 2291 editas
1635 2257 1743 2291 literas
1762 2263 1792 2290 et
1812 2257 1844 2290 in
1865 2257 1910 2291 eis
1929 2268 2006 2291 con-

1256 2318 1343 2345 tenta
1362 2323 1400 2345 ac
1419 2312 1493 2345 inde
1513 2316 1650 2354 sequuta
1668 2321 1906 2355 quaecumque,
1927 2322 2006 2356 apo-

1257 2367 1369 2399 stoliea
1402 2365 1603 2405 auctoritate,
1631 2370 1741 2398 tenore
1774 2364 2004 2408 praesentium,

1256 2420 1475 2464 approbamus
1495 2425 1525 2453 et
1544 2418 1788 2458 confirmamus,
1801 2417 1912 2462 eisque
1931 2429 2008 2463 apo-

1257 2473 1387 2507 stolicae
1404 2473 1565 2506 firmitatis
1585 2472 1685 2505 robur
1704 2471 1891 2513 adiicimus,
1913 2483 1950 2506 ac
1969 2483 2007 2507 ea

1293 2556 1303 2580 1
1326 2553 1465 2580 Omittitur
1485 2553 1549 2579 haec
1569 2552 1654 2578 bullae
1674 2552 1800 2584 narratio,
1821 2552 1883 2587 quia
1900 2552 1954 2588 ipsa
1965 2557 2006 2580 est

1257 2594 1281 2619 in
1303 2597 1365 2619 tom.
1389 2602 1416 2624 v,
1437 2596 1520 2619 const.
1543 2600 1622 2621 xxix,
1641 2593 1712 2621 Fide,
1731 2599 1787 2626 pag.
1809 2592 1870 2619 1188.

1291 2635 1307 2661 2
1326 2633 1464 2661 omittitur
1490 2633 1623 2659 narrativa
1643 2632 1738 2664 bullae,
1759 2633 1820 2667 quia
1840 2632 1896 2668 ipsa
1915 2636 1955 2660 est
1979 2633 2006 2662 iu

1256 2679 1323 2703 tom.
1343 2682 1382 2709 vu,
1398 2677 1483 2703 const.
1504 2679 1598 2708 xxxu,
1613 2673 1678 2702 Cum
1696 2675 1774 2708 είαιι,
1793 2681 1853 2710 pag.
1873 2673 1934 2702 502.

2028 277 2078 302 An.
2095 276 2125 302 C.
2143 276 2213 304 ¹562

2054 883 2117 904 lulius
2133 882 2150 903 ll
2167 884 2211 904 edi-

2026 915 2056 935 dit
2084 917 2152 935 const.
2178 915 2211 935 liic

2027 947 2062 966 cn,

2053 1047 2128 1068 Paulus
2143 1046 2168 1067 111
2183 1048 2212 1067 si-

2026 1078 2103 1099 militer
2121 1078 2156 1098 hle
2174 1079 2210 1098 cit,

2052 1311 2089 1333 nie
2114 1311 2211 1333 Pontifex

2025 1348 2062 1364 eas
2077 1343 2186 1370 approbat.
