2237 3100
258 277 304 303 An.
325 276 352 303 C,
375 276 439 303 ¹56&

284 491 374 512 Induitis
386 495 405 512 et
422 498 442 512 o-

258 523 415 549 xemptionibns
431 530 441 543 a

257 552 321 573 Paulo
340 553 368 573 lv
389 560 441 575 cm·-

257 586 324 605 cessis
334 585 441 612 perfruan-

258 618 298 639 tun

267 1026 438 1046 Contributmncs

255 1058 334 1077 nemini
345 1060 394 1078 dare
406 1059 440 1078 de-

256 1089 326 1108 heaut.

299 2303 388 2323 Auditor
421 2303 435 2323 C

260 2335 445 2355 eorummdmdev

260 2368 353 2392 putatur,
366 2368 386 2385 et
397 2366 444 2385 the*

261 2397 367 2417 saut-,irtus
399 2402 445 2417 res-

259 2428 343 2455 pernve

499 263 563 297 ⁶290

456 326 545 358 Pauli
565 325 822 369 praedecessoris
839 325 970 368 praefati
992 326 1076 358 circa
1093 327 1206 358 huius-

457 378 543 411 modi
564 379 671 411 officia
691 379 869 412 criminalia
891 378 1108 422 praescriptis.

500 432 514 474 ἓ
534 431 588 465 20.
611 432 754 475 lpsisque
771 431 921 464 omnibus
941 438 969 463 et
990 432 1124 473 singulis
1145 433 1207 476 pri-

456 485 595 528 vilegiis,
632 485 860 528 praerogativis
890 490 920 517 et
950 486 1208 529 exemptionibus

457 538 589 570 notariis
620 537 843 570 criminatitms
882 549 939 581 per
978 538 1085 571 literas
1118 540 1207 572 Pauli

457 591 712 634 suaederessoris
732 591 921 624 huiusmodi
943 592 1115 631 concessis,
1130 603 1209 636 quo-

455 644 492 675 ad
515 654 667 686 personas
683 648 711 675 et
733 654 783 675 res
799 643 944 686 ipsorum
961 645 1161 677 notariorum
1180 651 1205 678 et

455 706 568 727 eorum
590 696 839 729 substitutorum
856 708 892 729 ac
909 697 1049 730 familiae
1066 709 1160 730 usum
1179 705 1206 731 et

455 748 583 785 victum,
600 749 632 781 in
651 749 841 789 civitatibus,
865 751 968 790 terris,
990 751 1102 784 castris
1119 758 1146 784 ct
1166 753 1210 785 lo-

455 803 500 834 cis
511 803 691 845 praedictis,
704 814 750 839 ac,
763 810 851 836 extra
868 815 931 841 eas,
948 816 1006 848 per
1022 805 1207 838 universum

454 856 577 888 Statum
588 862 734 889 nostrum
744 857 1004 891 Ecclesiasticum
1018 859 1207 902 prsedictum

454 914 597 948 utantur,
622 909 787 952 potiantur
807 917 834 943 et
856 911 1028 954 gaudeant.

499 965 513 1003 ,ξ
533 963 755 1006 ἫΏυῡάίμιρ
774 970 896 1007 partein
914 966 1055 1008 aliquam
1074 977 1208 999 suorum

455 1016 751 1049 emolumentorum
775 1018 994 1055 contribuere,
1012 1024 1065 1050 aut
1079 1019 1208 1062 aliquod

454 1078 537 1100 onus
555 1069 603 1101 vel
624 1070 867 1113 responsionem
884 1098 890 1111 ‚
924 1072 1048 1104 ratione
1075 1083 1208 1105 suornm

455 1121 649 1159 officiorum,
659 1123 823 1166 quibusvis
833 1125 1132 1164 comnnuiitatilnis‚
1146 1127 1211 1158 col-

457 1174 556 1217 legiis,
579 1176 701 1218 legatis,
729 1177 1000 1218 gubernatoribus
1016 1178 1123 1211 aliisve
1140 1190 1211 1222 per-

457 1228 543 1260 sonis
565 1229 686 1261 solvere
707 1230 840 1263 minime
865 1236 1045 1271 teneantur,
1067 1242 1131 1264 non
1153 1232 1209 1264 ob-

457 1286 557 1314 stante
584 1283 670 1324 quod
699 1283 776 1315 alias
802 1283 1035 1316 contribuerint
1059 1296 1113 1317 seu
1150 1286 1211 1317 sol-

457 1333 554 1366 verint
578 1340 726 1367 antonus
749 1336 878 1379 aliquod
901 1337 1085 1377 habuerint,
1113 1339 1208 1370 etiam

456 1397 492 1419 ex
514 1398 609 1420 rausa
635 1399 788 1428 onerosa,
815 1390 985 1422 solutionis
1009 1390 1153 1423 videlicet
1181 1397 1209 1423 et

456 1441 691 1474 exbursatiouis
712 1443 924 1484 pecuniarum
946 1443 1049 1476 dictae
1069 1443 1210 1477 Camera¹

458 1499 581 1526 tantuin
605 1496 716 1528 sactae.
741 1495 802 1528 Sed
823 1506 861 1528 eo
882 1507 956 1528 casu
975 1496 1093 1528 certior
1110 1498 1211 1530 sactus

458 1547 677 1580 thesaurarius
703 1548 783 1592 ipse,
814 1549 903 1591 prius
924 1549 973 1586 iis,
1003 1560 1144 1593 quorum
1165 1550 1211 1583 in-

459 1604 554 1632 terest
574 1600 611 1633 de
629 1607 713 1634 sorte
730 1601 913 1645 principali,
932 1614 1029 1645 quam
1043 1604 1208 1644 solverint,

457 1658 509 1685 aut
527 1653 587 1686 alia
605 1655 712 1697 aliqua
730 1655 990 1688 remuneratione
1009 1657 1054 1689 vel
1072 1657 1211 1700 assigna-

458 1706 543 1739 tione
565 1708 744 1750 providerffi
768 1714 796 1740 et
818 1710 902 1741 circa
929 1720 966 1741 ea
987 1711 1018 1741 in
1041 1711 1144 1753 prima
1169 1712 1212 1743 di-

457 1764 583 1791 ctorum
619 1761 802 1793 ollirioruui
833 1763 1014 1796 venditione
1049 1764 1211 1797 advertere

457 1812 570 1844 debeat
601 1819 628 1845 et
652 1819 808 1846 tencatur.
847 1816 957 1858 Sitque
989 1828 1047 1859 pro
1081 1828 1117 1849 ea
1146 1818 1211 1850 vice.

457 1865 618 1898 dumtaxat
643 1878 751 1899 merus
772 1868 879 1908 iudex,
899 1869 940 1901 ita
957 1875 989 1901 ut
1006 1870 1046 1901 ah
1058 1870 1127 1902 cius
1143 1882 1212 1903 sen-

457 1918 563 1951 tentiis
596 1930 651 1952 seu
683 1921 955 1954 ‹tectarati011itms
981 1924 1027 1955 vel
1057 1924 1210 1965 decretis,

456 1974 552 2006 verbo
579 1975 625 2007 vel
654 1975 685 2007 in
713 1976 852 2019 scriptis,
879 1978 975 2010 etiam
1005 1978 1042 2010 ad
1072 1980 1211 2021 partiunt

457 2030 640 2063 instantiam
663 2031 732 2062 latis
753 2036 782 2063 et
803 2031 903 2071 sactis,
926 2033 1082 2075 appellari
1099 2043 1162 2065 non
1181 2034 1213 2065 li-

458 2090 540 2125 ceat,
563 2085 679 2117 auditis
710 2086 800 2128 prius
821 2086 869 2126 iis,
902 2097 1042 2129 quorum
1069 2087 1211 2128 interest,

458 2138 576 2181 quibus
589 2140 710 2172 interea
727 2145 890 2184 emptores
907 2140 1040 2184 praefati
1057 2141 1135 2173 nihil
1153 2143 1213 2174 sol—

458 2203 530 2225 vere
556 2197 737 2226 teneantur.

502 2246 589 2289 §022
614 2248 657 2279 Ac
677 2248 763 2290 quod
798 2248 881 2280 dicta
914 2248 1047 2281 Camera
1074 2254 1104 2281 et
1129 2249 1214 2282 illius

458 2299 573 2333 Curiae
607 2312 777 2333 causarum
805 2312 863 2345 pro
898 2307 1044 2345 tempore
1079 2303 1215 2336 existens

459 2354 618 2397 generalis
643 2355 770 2388 auditor
796 2360 827 2388 et
854 2356 1076 2389 thesaurarius
1101 2368 1136 2389 ac
1164 2368 1214 2390 eo-

462 2420 532 2441 rnm
551 2409 687 2452 quilibet
699 2410 730 2442 in
748 2410 886 2443 solidum
905 2416 1067 2454 emptores
1087 2422 1215 2444 eorum-

462 2458 533 2489 dem
560 2458 759 2498 officiorum,
785 2470 964 2503 eorumque
993 2471 1050 2503 per
1075 2470 1129 2493 eos
1149 2472 1215 2493 em—

462 2512 591 2549 ptorum
613 2507 794 2541 officiorum
815 2509 1003 2542 huiusmodi
1028 2510 1215 2543 substitutos

461 2555 493 2588 in
510 2557 643 2599 pacifica
654 2558 855 2600 possessione
866 2564 1075 2591 manutenere
1088 2558 1213 2595 debean

461 2615 508 2644 ac,
520 2605 602 2637 sacta
613 2605 794 2639 venditione
816 2607 989 2650 praedicta,
1006 2607 1110 2640 dictus
1126 2607 1216 2640 audi-

463 2658 514 2688 tor
534 2654 739 2688 notariorum
761 2655 933 2688 curialium
960 2656 1156 2692 huiusmodi,
1183 2656 1215 2690 in

1052 275 1230 298 BULLr—xntmt
1256 273 1406 298 ROMANUM

1251 325 1401 358 omnibus
1437 323 1552 363 causis,
1593 329 1656 355 tam
1684 322 1807 355 ratione
1841 322 2002 355 dictorum

1251 388 1385 411 suorum
1406 376 1602 415 officiorum,
1621 386 1718 419 quam
1728 376 1805 408 alias
1821 380 1933 408 contra
1949 385 2004 408 eos

1251 442 1309 476 per
1328 440 1552 474 quoscumque
1581 429 1821 472 quomodolibet
1843 439 1901 472 pro
1921 434 2003 462 tem·

1253 495 1329 527 pore
1350 484 1460 523 motis,
1482 493 1590 516 merus
1611 483 1706 515 iudex
1731 487 1761 514 et
1786 487 1939 515 executor
1965 482 2004 515 sit

1252 548 1384 580 esseque
1406 541 1586 570 censeatur.
1611 536 1655 568 lta
1675 541 1710 567 ut
1729 535 1789 579 ipsi
1810 546 1919 568 coram
1941 535 2003 568 alio

1253 590 1370 627 iudice.
1394 590 1506 634 quovis
1534 594 1700 633 praetextu
1729 590 1777 621 vel
1803 599 1911 629 causa,
1934 599 2005 622 evo-

1252 644 1317 677 cari
1338 655 1394 676 seu
1415 643 1497 676 trahi
1527 654 1591 676 non
1618 642 1756 686 possint,
1779 654 1815 675 ac
1836 642 1867 674 in
1884 642 2004 676 eisdem

2018 271 2068 299 An.
2088 272 2116 299 C.
2135 271 2201 299 ¹56³

1252 696 1362 729 litibus
1390 701 1420 729 et
1448 696 1569 737 causis,
1600 707 1682 738 quae
1710 695 1857 729 videlicet
1881 695 2031 729 ratione‘

1253 761 1465 793 personarum
1488 761 1620 783 suarum
1641 749 1723 782 inter
1744 760 1809 789 eos,
1830 760 1866 782 ac
1883 749 2006 782 officio-

1252 814 1324 835 rum
1359 814 1473 836 corum
1509 808 1621 836 contra
1655 813 1892 846 quoscumque,
1920 801 2004 835 idem

1251 857 1379 890 auditor
1397 868 1493 889 mann
1508 856 1606 899 regia,
1627 856 1693 889 sine
1706 855 1840 900 strepitu
1857 860 1888 889 et
1903 856 2007 899 figura

1252 909 1374 950 iudicii,
1398 911 1464 943 sola
1485 910 1558 942 laeti
1574 908 1703 942 veritate
1723 908 1879 952 inspecta,
1897 909 2008 952 appel-

1252 963 1369 995 latione
1384 964 1424 995 ab
1441 963 1510 995 eius
1520 962 1675 995 sententia
1685 967 1818 1002 remota,
1830 962 2007 1005 procedere

1253 1017 1352 1060 possit
1377 1023 1407 1049 et
1433 1017 1557 1049 debeat.
1591 1017 1636 1048 lta
1656 1021 1764 1048 tamen
1797 1015 1884 1059 quod
1917 1026 2003 1059 pars,

1252 1081 1335 1114 quae
1364 1075 1491 1112 gravata
1512 1069 1713 1110 censebitur,
1741 1068 1844 1112 parito
1865 1068 2007 1102 iudicato

1252 1129 1280 1155 ct
1303 1123 1430 1156 resectis
1446 1123 1603 1166 expensis,
1625 1122 1802 1155 sententiae
1816 1121 2006 1155 revisionem

1254 1176 1285 1208 in
1305 1176 1439 1209 Camera
1460 1182 1568 1219 petere
1589 1176 1700 1219 possus,
1723 1180 1753 1208 et
1773 1175 1798 1208 si
1815 1175 1931 1208 damna
1947 1174 2006 1208 ali-

1252 1240 1314 1272 qua
1332 1240 1390 1273 per
1406 1235 1567 1272 emptores
1588 1228 1730 1262 notarios
1750 1228 1936 1261 huiusmodi
1953 1233 2009 1261 aut

1253 1282 1393 1324 aliquem
1429 1293 1540 1314 eorum
1570 1292 1678 1325 passa,
1706 1286 1761 1314 aut
1790 1291 1949 1324 expensae
1975 1281 2007 1313 in

1253 1335 1372 1367 eisdem
1395 1335 1503 1368 litibus
1523 1342 1551 1368 et
1565 1336 1682 1375 causis,
1700 1334 1824 1368 ratione
1845 1335 2006 1368 dictorum

1253 1400 1367 1421 eorum
1383 1390 1578 1429 officiorum,
1590 1390 1690 1422 factae
1707 1388 1838 1428 fuerint,
1852 1389 1935 1421 idem
1952 1400 2008 1421 au—

1253 1442 1348 1482 ditor,
1372 1448 1466 1486 prout
1489 1443 1608 1475 iustum
1630 1443 1658 1475 ei
1678 1441 1850 1483 videbitur,
1873 1453 1891 1475 a
1910 1441 2008 1485 parti-

1253 1496 1313 1528 bus
1339 1496 1561 1529 condemnatis
1593 1502 1648 1529 aut
1674 1496 1808 1529 Camera
1836 1495 2008 1538 praedictis

1253 1550 1291 1581 de
1314 1549 1374 1582 illis
1395 1550 1542 1583 satisfieri
1564 1550 1669 1583 facere
1694 1554 1848 1593 procuret
1867 1554 1898 1582 et
1919 1554 2007 1582 tene-

1254 1608 1337 1635 atur.

1298 1659 1312 1697 ,ξ
1334 1656 1385 1689 23.
1410 1657 1566 1700 Quodque
1588 1656 1681 1699 legati
1703 1661 1731 1689 et
1752 1655 1918 1698 vicelegati
1937 1666 2008 1699 pro-

1254 1709 1431 1742 vinciarum
1451 1710 1513 1742 sive
1535 1710 1710 1749 civitatium
1730 1714 1922 1749 castrorum,
1948 1713 2008 1742 ter-

1256 1773 1365 1795 rarum
1386 1768 1413 1796 et
1437 1764 1583 1795 locorum
1600 1763 1845 1806 gubernatores,
1864 1773 2009 1795 commu-

1256 1817 1369 1848 nitates
1390 1823 1419 1849 ct
1440 1817 1588 1859 collegia,
1611 1822 1783 1860 potestates
1802 1827 1839 1848 ac
1856 1816 2008 1849 commis-

1256 1869 1350 1908 sarii,
1379 1869 1434 1913 qui
1455 1870 1493 1902 ad
1520 1880 1671 1913 praesens
1698 1869 1923 1902 administrant
1956 1875 2011 1902 ant

1256 1923 1507 1955 administraturi
1531 1929 1603 1955 sunt
1625 1923 1789 1963 iustitiam,
1811 1933 1920 1956 corani
1937 1922 2009 1966 qui-

1257 1978 1316 2009 bus
1333 1977 1447 2009 notarii
1470 1988 1524 2009 seu
1546 1988 1659 2010 eorum
1686 1977 1861 2019 substituti,
1886 1983 1948 2010 tam
1969 1978 2012 2011 ci-

1256 2032 1332 2064 viles
1352 2042 1448 2074 quam
1471 2032 1672 2071 criminales,
1696 2032 1727 2064 in
1754 2038 1820 2065 toto
1841 2032 1930 2066 Statu
1950 2032 2009 2066 Ec-

1257 2086 1655 2131 clesiasticoprotempore
1665 2087 1851 2127 scribentes,
1861 2087 2010 2128 existunt,

1259 2150 1322 2172 non
1344 2141 1463 2184 possint
1482 2152 1541 2173 nec
1557 2141 1694 2173 debeant
1714 2141 1857 2174 notarios
1873 2141 2011 2174 curiales

1257 2194 1443 2227 huiusmodi
1465 2196 1648 2235 nwlcstare,
1670 2205 1795 2236 vexare,
1819 2195 2010 2239 perturbare

1257 2259 1312 2280 seu
1337 2248 1494 2292 impedire
1512 2260 1609 2292 supra
1624 2249 1825 2293 possessione
1843 2260 1899 2282 seu
1919 2249 2008 2292 quasi

1256 2302 1443 2336 huiusmodi
1470 2314 1583 2336 corum
1610 2303 1792 2336 officiorum
1818 2304 1866 2336 vel
1887 2303 2009 2336 emolu-

1258 2356 1385 2397 mentis,
1409 2368 1514 2400 neque
1534 2368 1566 2390 se
1587 2367 1700 2390 eorum
1722 2356 1837 2390 officiis
1856 2357 2011 2399 aliquate-

1257 2421 1318 2443 nus
1340 2411 1498 2453 ingcrere,
1518 2411 1556 2444 ad
1573 2422 1674 2454 eaque
1695 2411 1801 2443 officia
1821 2410 1901 2443 alios
1921 2415 2010 2443 nota-

1258 2461 1323 2493 rios
1342 2461 1575 2503 quoquomodo
1592 2460 1819 2500 intromittere,
1832 2460 1881 2491 vel
1893 2460 2011 2493 salaria

1257 2520 1384 2549 eorum,
1408 2516 1519 2543 contra
1536 2510 1723 2542 earumdem
1736 2509 1954 2552 praesentium
1973 2519 2010 2541 ac

1258 2559 1346 2591 Pauli
1361 2559 1619 2602 praedecessoris
1634 2559 1774 2601 desuper
1789 2558 2008 2590 confectarum

1259 2609 1424 2641 literarum
1454 2608 1640 2641 huiusmodi
1656 2608 1804 2647 sormam,
1816 2607 2009 2647 diminuere,

1258 2668 1317 2691 nec
1338 2658 1422 2691 dicta
1439 2657 1544 2691 officia
1566 2657 1598 2691 in
1619 2656 1762 2690 affictum
1779 2656 1936 2700 recipere,
1956 2667 2010 2693 ne-

2037 1668 2153 1690 prohibuit»
2170 1674 2206 1690 ce-

2023 1701 2076 1721 teris
2112 1700 2207 1721 officiali-

2023 1731 2061 1751 bus
2081 1732 2173 1758 desuper
2183 1737 2206 1752 se

2023 1763 2185 1783 intromittendi.

2221 254 2237 324 t
