2237 3100
55 284 104 313 An.
121 288 148 314 C.
167 282 236 315 ¹565

921 284 988 309 Plus
1009 285 1038 309 tv
1057 283 1106 309 1³1².

248 344 303 373 aut
322 338 411 379 alias,
439 344 501 372 tam
520 339 751 387 ecclesiasticas
771 350 866 383 quam
888 350 998 373 saecu-

248 394 342 433 lares,
356 403 520 438 personas,
536 394 727 437 superdicta
739 400 805 427 arte
823 394 997 426 muratoria

249 453 279 480 et
298 447 395 479 rebus
414 446 452 479 ad
465 446 551 479 illam
572 447 814 490 quomodolibet
833 447 996 492 pertinen—

248 500 350 541 tibus,
375 510 412 533 ex
432 511 519 533 nune
535 501 687 545 deinceps
701 501 865 545 perpetuis
881 500 997 534 futuris

250 553 465 598 temporibus,
503 560 565 587 tam
596 556 695 589 active
723 565 819 599 quam
852 554 995 598 passive,

249 608 432 649 movendas,
460 619 533 641 cum
558 609 709 643 omnibus
729 615 757 642 et
782 608 913 651 singulis
933 608 998 640 suis

249 661 480 702 incidentibus,
510 662 783 705 dependentibus,
806 661 997 705 emergenti-

248 717 321 757 bus,
343 715 473 749 annexis
493 721 523 748 et
540 717 691 750 connexis
718 728 754 750 ae
777 722 843 749 toto
863 716 998 758 negocio

249 769 432 814 principali,
445 780 504 813 per
518 770 676 813 praefatos
695 770 862 803 Horatium
878 769 997 802 Narum

250 830 280 857 et
299 823 530 867 Hieronymum
546 823 693 865 Piehum,
711 824 884 857 modernos
898 828 926 856 et
940 833 998 866 pro

249 883 396 921 tempore
420 877 589 911 existentes
613 878 783 921 magistros
805 876 928 909 viarum
950 876 998 909 di-

250 936 319 964 ctae
338 931 440 963 almae
459 931 562 972 Urbis,
585 931 639 974 qui
665 930 862 965 coniunctim
884 941 999 974 proee-

249 985 326 1018 dere
345 984 494 1025 debeant,
518 985 707 1029 simpliciter
726 990 756 1018 et
773 985 812 1018 de
831 985 940 1028 plano,
963 994 999 1016 ac

250 1038 317 1072 sola
345 1037 419 1071 sacti
447 1038 578 1072 veritate
608 1039 770 1083 inspecta,
801 1038 940 1077 etiamsi,
970 1042 998 1070 et

249 1092 379 1136 quando
397 1091 442 1125 eis
461 1092 632 1133 videbitur,
654 1093 722 1125 sine
752 1092 886 1136 strepitu
912 1097 942 1124 et
962 1091 999 1123 fi-

249 1156 330 1190 gura
350 1145 473 1185 iudicii,
496 1146 650 1190 nullaque
666 1147 727 1179 tela
744 1145 912 1179 iudiciaria
933 1156 999 1177 ser-

249 1206 331 1241 vata,
354 1198 447 1232 etiam
470 1210 567 1232 manu
588 1200 674 1243 regia
694 1199 916 1244 procedendo,
941 1209 999 1231 au-

250 1253 393 1294 diendas,
416 1254 671 1296 cognoscendas,
692 1253 896 1293 decidendas,
919 1252 999 1285 fine-

249 1318 313 1351 que
341 1307 448 1340 debito
479 1307 696 1341 terminandas
719 1318 786 1340 esse
806 1312 836 1340 et
857 1307 923 1339 fore
944 1306 999 1338 de-

250 1360 427 1402 cernimus,
456 1361 618 1403 volumus,
642 1361 824 1401 statuimus,
855 1360 999 1393 declara-

250 1425 323 1448 mus
355 1420 386 1447 et
418 1415 616 1447 ordinamus.
652 1415 721 1448 Non
748 1413 1000 1459 praeiudicando

250 1474 357 1501 tamen
368 1478 428 1501 nec
440 1468 623 1511 derogando
635 1469 872 1512 praedictarum
882 1467 998 1500 artium

251 1521 485 1563 consulatibus,
508 1522 550 1555 ita
570 1527 676 1555 tamen
697 1522 783 1565 quod
799 1533 817 1555 a
837 1520 1001 1555 sententiis

250 1575 395 1620 ipsorum
417 1576 586 1609 consulum
608 1587 673 1610 non
694 1576 793 1621 possit
812 1576 850 1609 ad
871 1575 999 1619 aliquod

251 1630 338 1663 aliud
379 1629 518 1663 tribunal
556 1630 712 1674 appellari
750 1641 810 1664 nec
850 1640 1002 1663 recursus

250 1684 374 1725 haberi,
396 1689 622 1728 praeterquam
643 1686 682 1718 ad
698 1685 866 1728 magistros
876 1684 999 1716 riarum

251 1738 410 1782 praefatos
442 1743 472 1771 et
510 1738 613 1771 dictae
639 1739 734 1772 Urbis
762 1743 1001 1771 conservatores

251 1803 309 1826 seu
334 1792 548 1825 camerarium
566 1798 725 1825 nostrum.
749 1792 827 1825 Cum
846 1797 1001 1835 potestate

253 1845 369 1880 citandi
389 1852 420 1879 et
451 1846 627 1886 inhibendi,
652 1857 745 1889 quos,
773 1846 906 1890 quibus,
931 1845 998 1885 ubi,

252 1900 381 1944 quando
402 1904 432 1933 et
450 1900 576 1943 quoties
595 1910 678 1944 opus
698 1900 806 1940 suerit,
829 1900 923 1933 etiam
944 1910 1002 1943 per

252 1954 391 1988 edietum
409 1953 575 1997 publicum
588 1980 595 1993 ,
623 1954 759 1987 constito
780 1954 954 1987 summarie
971 1960 998 1987 et

253 2007 535 2042 extraiudicialiter
554 2007 592 2040 dc
613 2018 676 2041 non
705 2012 774 2041 tuto
799 2018 928 2040 accessu
953 2007 1000 2040 vel

253 2061 396 2095 absentia
425 2067 479 2094 aut
503 2061 694 2102 latitatione,
726 2061 784 2094 sub
806 2061 1001 2105 pecuniariis

252 2116 386 2160 aliisque
405 2115 550 2159 ipsorum
572 2114 797 2158 magistrorum
818 2115 940 2149 viarum
971 2121 998 2149 et

253 2174 514 2204 conservatorum
535 2168 710 2212 respective
739 2168 870 2201 arbitrio
900 2169 1001 2214 impo-

252 2223 365 2257 nendis
383 2229 413 2256 et
429 2222 634 2255 moderandis
650 2222 773 2266 poenis.
796 2222 833 2255 Et
853 2222 885 2255 in
911 2234 1002 2257 even-

251 2283 321 2311 tum
345 2287 411 2310 non
430 2275 615 2320 paritionis,
642 2275 862 2309 inobedientes
883 2288 1002 2320 poenas

252 2331 337 2376 ipsas
363 2331 555 2371 incurrisse,
585 2329 681 2362 unica
707 2334 830 2362 tantum
852 2330 1001 2365 citatione

252 2386 392 2430 praevia,
409 2383 593 2419 declarandi
614 2389 644 2416 et
659 2383 697 2416 ab
714 2383 758 2416 eis
778 2384 935 2427 exigendi;
957 2372 1002 2418 di-

253 2445 384 2483 ctasque
402 2449 514 2473 causas
534 2438 566 2470 in
591 2448 798 2481 quocumque
818 2443 900 2471 statu
920 2450 1002 2472 reas-

253 2489 414 2529 sumendi,
437 2487 610 2531 omniaque
633 2486 694 2519 alia
719 2492 749 2519 et
764 2486 888 2530 singula
906 2488 1001 2521 desu-

253 2549 312 2581 per
330 2537 511 2571 necessaria
541 2547 596 2570 seu
617 2535 858 2580 quomodolibet
882 2547 1001 2581 oppor-

253 2592 331 2621 tuna
348 2587 497 2627 faciendi,
515 2586 654 2627 dicendi,
671 2585 815 2629 gerendi,
833 2586 1001 2618 exercendi

255 2643 286 2670 et
307 2637 495 2681 exequendi.
519 2637 563 2669 Ita
583 2641 689 2668 tamen
713 2635 800 2679 quod
820 2645 924 2678 neque
943 2646 1002 2677 gu-

257 2687 408 2721 bernator
446 2696 552 2730 neque
588 2684 726 2719 vicarius
757 2684 859 2718 dictae
892 2684 1001 2726 Urbis,

1678 272 1741 306 397

1039 348 1143 381 neque
1162 336 1276 371 Curiae
1294 348 1463 371 causarum
1484 336 1635 370 Gamerae
1655 337 1787 381 Aposto-

1039 391 1118 425 lieae
1152 392 1310 434 generalis
1343 391 1481 432 auditor,
1510 401 1614 433 neque
1644 391 1786 424 eiusdem

1040 445 1132 477 Urbis
1152 450 1296 486 senator,
1318 456 1376 478 nec
1397 444 1581 489 praesidens
1620 444 1706 489 lipae
1731 456 1786 478 seu

1039 498 1195 542 Ripettae,
1221 510 1326 543 neque
1348 499 1489 542 (praeter
1516 504 1623 531 tamen
1644 509 1788 532 eamera-

1040 552 1123 584 rium
1142 558 1286 586 nostrum
1303 553 1478 595 dumtaxat)
1494 552 1691 596 quicumque
1708 553 1789 585 alius

1039 606 1084 638 vel
1102 606 1154 638 alii
1172 607 1315 640 eiusdem
1336 606 1429 639 Urbis¹
1448 607 1495 638 rel
1520 611 1607 639 extra
1629 617 1698 639 eam
1722 606 1789 639 ubi-

1040 658 1115 692 libet
1137 659 1300 692 eonstituti
1329 660 1452 694 iudices
1479 659 1632 693 ordinarii
1665 661 1713 694 vel
1735 671 1788 693 ex-

1040 712 1258 751 traordinarii,
1285 714 1419 756 delegati
1440 715 1487 747 vel
1507 713 1717 757 subdelegati,
1735 719 1790 746 aut

1040 766 1168 808 quaevis
1196 766 1275 800 aliae
1296 778 1462 811 personae,
1487 767 1721 811 cuiuscumque
1741 767 1789 800 di-

1040 819 1184 861 gnitatis,
1208 826 1323 859 status,
1346 821 1482 864 gradus,
1504 821 1625 854 ordinis
1643 821 1690 854 rel
1712 832 1789 854 con-

1041 873 1170 906 ditionis
1198 874 1352 914 existant,
1388 875 1482 907 etiam
1517 874 1541 907 si
1575 874 1791 908 cardinalatus

1040 926 1164 960 bonore
1181 928 1411 971 praefulgeant,
1428 934 1457 961 et
1469 929 1562 961 etiam
1574 929 1709 962 habeant
1728 929 1791 973 pri-

1043 981 1154 1024 vilegia
1173 982 1221 1014 vel
1248 981 1371 1015 indulta
1400 983 1486 1026 quod
1507 982 1565 1025 ipsi
1587 982 1646 1015 sint
1670 982 1792 1017 iudices

1041 1034 1088 1066 vel
1107 1039 1306 1078 protectores
1330 1035 1513 1078 aliquarum
1534 1036 1723 1068 societatum
1743 1036 1791 1069 vel

1041 1088 1201 1129 locorum,
1229 1088 1324 1121 etiam
1354 1089 1502 1132 piorum,
1537 1094 1591 1121 aut
1620 1100 1790 1122 causarum

1042 1141 1172 1174 illorum
1193 1143 1368 1183 auditores,
1400 1149 1558 1186 quatenus
1587 1143 1645 1186 ipsi
1668 1143 1791 1176 viarum

1043 1196 1185 1238 magistri
1212 1196 1244 1229 in
1274 1208 1444 1230 causarum
1474 1196 1659 1229 huiusmodi
1681 1197 1791 1240 cogni-

1042 1249 1128 1283 tione
1152 1250 1392 1293 praevenerint,
1420 1261 1532 1283 causas
1552 1250 1628 1283 artis
1648 1256 1792 1283 murato-

1042 1303 1108 1336 riae
1128 1303 1314 1337 huiusmodi
1335 1305 1531 1345 nullatenus,
1553 1304 1587 1336 in
1607 1309 1673 1337 toto
1692 1304 1740 1337 vel
1760 1304 1791 1336 in

1042 1362 1143 1401 parte,
1166 1358 1294 1398 audire,
1318 1369 1525 1401 cognoscere,
1547 1358 1713 1399 decidere,
1735 1369 1790 1391 seu

1042 1422 1075 1444 se
1104 1412 1135 1444 in
1161 1412 1223 1445 illis
1243 1413 1487 1455 quomodolibet
1511 1417 1541 1445 et
1567 1413 1677 1455 quovis
1697 1423 1792 1456 prae·

1043 1471 1127 1499 textu
1150 1465 1361 1499 intromittere
1377 1466 1501 1510 possint
1521 1476 1626 1509 neque
1642 1466 1791 1507 debcant,

1043 1525 1072 1552 et
1092 1520 1247 1563 quicquid
1268 1531 1360 1553 secus
1388 1521 1508 1553 factum
1530 1519 1641 1561 suerit,
1664 1520 1792 1553 irritum

1043 1573 1082 1606 sit
1110 1579 1137 1607 et
1168 1574 1274 1614 inane,
1306 1585 1342 1606 ae
1367 1585 1425 1617 pro
1451 1574 1567 1607 infecto
1588 1574 1744 1607 habeatur
1763 1579 1793 1607 et

1043 1638 1101 1671 per
1120 1628 1300 1671 praedictos
1319 1627 1442 1660 viarum
1459 1627 1637 1671 magistros,
1658 1626 1682 1659 si
1702 1638 1794 1671 prae-

1043 1680 1197 1722 venerint,
1224 1687 1259 1714 ut
1283 1682 1474 1725 praefertur,
1497 1681 1629 1714 omnino
1651 1682 1793 1715 revocari

1042 1735 1314 1779 quandocumque
1335 1735 1432 1779 possit
1452 1736 1551 1778 (salvo
1571 1741 1677 1769 tamen
1706 1737 1792 1779 quod

1043 1789 1152 1822 elerici
1178 1795 1206 1822 et
1232 1789 1450 1833 praesidentes
1470 1789 1621 1823 Gamerae
1637 1790 1794 1833 Apostoli-

1043 1854 1098 1876 eae
1119 1854 1151 1876 se
1166 1843 1197 1875 in
1211 1843 1394 1876 huiusmodi
1417 1843 1533 1885 causis,
1552 1844 1638 1877 iuxta
1654 1844 1793 1877 Paulilll

1043 1896 1151 1929 literas
1177 1897 1355 1940 praedictas
1380 1897 1558 1937 dumtaxat,
1582 1903 1612 1930 et
1632 1908 1696 1930 non
1716 1897 1793 1930 alias

1044 1950 1255 1984 intromittere
1270 1951 1418 1994 possint),
1440 1956 1598 1995 perpetuo
1619 1951 1792 1984 committi-

1044 2015 1115 2037 mus
1135 2010 1165 2037 et
1185 2004 1393 2044 mandamus,
1415 2016 1452 2037 ac
1476 2005 1604 2038 eosdem
1626 2005 1793 2048 magistros

1043 2058 1178 2099 viarum,
1214 2069 1385 2092 causarum
1416 2064 1444 2091 et
1470 2058 1575 2091 litium
1606 2058 1792 2092 huiusmodi

1043 2113 1164 2146 iudices
1183 2118 1213 2146 et
1233 2119 1420 2146 executores
1438 2112 1593 2156 speciales
1612 2118 1642 2145 et
1662 2123 1793 2156 genera-

1043 2167 1098 2208 les,
1119 2167 1162 2200 ita
1182 2167 1269 2210 quod
1289 2166 1321 2199 in
1341 2166 1398 2206 eis,
1420 2171 1456 2199 ut
1474 2167 1665 2210 praefertur,
1691 2167 1752 2199 alte
1763 2172 1793 2200 et

1043 2222 1133 2255 basse
1153 2221 1328 2265 procedere
1348 2221 1488 2261 valeant,
1518 2219 1743 2253 constituimus
1763 2226 1794 2254 et

1043 2277 1245 2320 deputamus.
1268 2275 1359 2308 Salvo
1377 2280 1484 2307 tamen
1504 2284 1656 2314 recursu,
1677 2274 1702 2307 si
1723 2285 1793 2318 par-

1044 2337 1090 2364 tes
1108 2329 1283 2369 voluerint,
1311 2329 1350 2362 ad
1370 2329 1475 2372 ipsum
1497 2327 1724 2361 camerarium.

1087 2385 1102 2428 ξ
1116 2384 1169 2418 36.
1192 2384 1376 2417 Mandantes
1392 2388 1562 2426 propterea
1579 2382 1704 2415 dilectis
1720 2382 1793 2415 filiis

1803 283 1851 308 Λιι.
1870 283 1898 308 C.
1919 281 1984 308 1565

1833 2396 1857 2417 Et
1873 2397 1925 2417 liant
1937 2403 1989 2417 con-

1807 2428 1937 2448 stitutionem
1969 2429 1989 2447 iu

1042 2437 1200 2471 Vitellotio
1223 2438 1254 2471 S.
1283 2436 1398 2470 Mariae
1426 2436 1457 2469 in
1484 2436 1632 2469 Via-Lata
1657 2436 1793 2470 diacono
1806 2459 1893 2479 Cam„
1923 2459 1989 2484 wip,

1044 2487 1198 2522 cardinali
1222 2486 1346 2520 Vitellio
1368 2490 1567 2529 nuncupato,
1590 2485 1746 2519 moderno
1764 2491 1827 2519 etet

1044 2548 1103 2582 pro
1124 2543 1268 2581 tempore
1288 2535 1433 2569 existenti
1453 2535 1644 2573 camerario,
1659 2540 1687 2568 et
1700 2547 1793 2580 prae-

1045 2586 1220 2622 sidentibus
1240 2592 1270 2620 et
1295 2585 1420 2619 clericis
1440 2585 1607 2629 praefatis,
1635 2590 1794 2629 quatenus

1045 2637 1159 2677 statim,
1180 2636 1252 2669 visis
1271 2635 1505 2680 praesentibus,
1523 2635 1613 2667 nullo
1624 2634 1686 2667 alio
1703 2635 1794 2668 desu-

1047 2697 1105 2731 per
1125 2698 1142 2720 a
1159 2686 1251 2720 nobis
1270 2686 1319 2719 vel
1341 2684 1581 2719 successoribus
1605 2683 1720 2717 nostris
1740 2689 1793 2717 aut

1878 2490 1986 2516 registrari

1808 2523 1898 2547 niautlat3
