2237 3100
74 278 124 304 An.
144 277 173 305 C.
190 277 258 305 ¹560

270 330 371 364 literis
390 334 539 363 contenta
564 329 670 361 omnia
692 334 721 361 et
747 329 870 372 singula
892 329 1023 362 inviola-

269 383 377 416 biliter
396 382 565 415 observent
582 388 609 415 et
632 393 649 414 a
668 382 929 427 quibuscumque
954 384 1025 416 aliis

270 435 431 470 observari
452 436 605 468 mandent
621 441 649 468 et
667 435 784 468 faciant
800 446 874 468 cum
892 436 1020 470 effectu.

313 490 329 534 ξ
361 490 392 523 5.
422 489 492 522 Non
517 489 719 522 obstantibus
741 489 1023 524 constitutionibus

97 549 253 571 Clausutaede-
269 548 299 576 et
325 543 583 576 ordinationibus
611 542 814 586 apostolicis,
852 543 1023 587 privilegiis

268 608 410 641 quoque,
420 597 552 630 indultis
562 601 590 629 ct
606 597 706 629 literis
721 596 906 640 apostolicis
917 597 1021 631 eidem

267 651 447 684 camerario
462 656 491 684 et
513 650 640 684 clericis
665 656 692 683 et
714 650 865 684 Gamerae
885 652 1020 695 Aposto-

266 705 347 738 licac
373 704 615 748 quomodolibet
641 703 816 742 concessis,
836 705 1021 748 approbatis

267 763 297 791 et
316 758 484 799 innovatis,
507 759 626 802 quibus
641 757 804 795 omnibns,
822 757 952 790 illorum
974 764 1019 791 te—

266 822 361 845 nores
377 817 450 853 eta,
470 812 576 856 quoad
598 811 773 856 praemissa
790 811 972 854 specialiter
990 819 1019 846 et

266 877 413 910 expresse
429 866 635 909 derogamus,
653 865 831 909 ceterisque
844 865 875 898 in
894 871 1019 901 contra-

70 582 197 608 rogator-iae.

263 919 349 952 rium
366 919 558 952 facientibus
577 919 848 962 quibuscumque.

307 972 423 1010 Placet,
441 978 469 1005 et
487 973 528 1005 ita
541 979 629 1006 motu
650 973 781 1016 proprio
802 973 972 1007 statuimus
988 982 1016 1009 et

264 1027 466 1059 mandamus.
487 1028 510 1060 1.

306 1079 421 1112 Datum
439 1080 558 1113 Romae
575 1080 659 1124 apud
677 1080 830 1113 Sanctum
859 1081 1014 1124 Marcum,

262 1144 313 1167 xvi
338 1134 490 1167 kalendas
509 1133 660 1173 octobris,
683 1144 768 1166 anno
784 1134 902 1178 primo.

306 1187 500 1230 Registratae
517 1187 571 1220 lib.
591 1197 682 1227 xxxv,
709 1188 763 1220 sol.
783 1198 887 1229 cetui,
910 1190 961 1223 die,
977 1202 1016 1224 xv

92 1250 196 1271 Adminio
226 1252 246 1272 tn
263 1241 444 1274 novembris
455 1250 538 1273 MDLx
551 1239 708 1273 admissae
721 1245 753 1273 et
771 1240 957 1283 registratae
978 1256 1015 1277 ex

64 1280 154 1332 {Jamera
160 1281 249 1309 Aposto-

73 1317 111 1333 ica.

262 1294 390 1327 decreto
409 1293 559 1326 Gamerae
580 1293 713 1326 collatae
734 1299 764 1327 et
785 1296 1009 1334 concordatae,

419 1347 633 1391 Hieronymus
653 1348 691 1381 de
712 1349 847 1382 Tarano.

268 1405 330 1435 Dat.
348 1404 394 1435 die
412 1405 448 1435 16
465 1406 643 1445 septembris
662 1407 751 1445 1560,
770 1409 871 1447 pontif.
893 1419 969 1441 anno
985 1421 1002 1441 1.

590 1563 654 1596 xvl
660 1591 666 1597 .

252 1633 381 1667 Erectio
401 1635 534 1668 (locatus
544 1635 741 1673 Bracmani,
754 1647 811 1680 pro
822 1637 926 1671 Paulo
940 1638 1010 1672 Ior-

297 1685 382 1717 dano
403 1684 520 1718 Ursino
544 1689 573 1718 et
592 1687 820 1719 successoribus
843 1687 866 1720 l.

285 1755 348 1784 Pius
366 1756 437 1792 Papa
451 1757 494 1790 tv.
508 1757 542 1785 ad
557 1758 723 1793 perpetuam
742 1758 784 1786 rei
801 1759 971 1788 memoriam.

295 1820 311 1863 ξ
327 1819 358 1852 1.
378 1819 457 1853 Cum
466 1820 581 1853 domus
592 1826 621 1854 et
634 1821 751 1854 nobilis
761 1821 883 1854 familia
895 1822 1007 1856 Ursina

251 1868 335 1901 inter
351 1869 499 1913 antiquas
513 1870 615 1903 almae
633 1870 728 1903 Urbis
747 1877 876 1904 nostrae
894 1872 1007 1906 domos

66 1925 173 1962 'familiae
194 1927 235 1949 ur-
250 1924 281 1952 et
296 1918 433 1952 familias
448 1919 622 1953 admodum
642 1920 774 1953 illustris
795 1920 916 1962 existat,
933 1922 1005 1956 Sedi

52 1963 110 2010 {2¹2⁰
124 1958 234 2016 ξζξζιῗξζ
250 1974 279 2002 et
298 1968 462 2003 Romanae
486 1970 647 2004 Ecclesiae
672 1970 856 2014 praedictae
878 1982 1006 2016 semper

50 2025 94 2042 ωτι)
109 2023 191 2044 mertia.
249 2017 361 2051 dovota
378 2018 487 2052 fuerit:
507 2031 544 2053 ex
562 2031 662 2064 eaque
684 2032 748 2054 non
779 2022 883 2054 solum
905 2022 1005 2056 felicis

248 2069 482 2103 recordationis
500 2070 651 2104 Nic-olaus
667 2072 752 2114 Papa
773 2072 886 2105 tertius
919 2074 1003 2106 inul-

247 2118 334 2162 tique
360 2119 504 2153 eiusdem
525 2120 687 2153 Romanae
713 2122 873 2155 Ecclesiae
900 2123 1002 2156 cardi-

247 2165 426 2210 Π3165,’5ὲ(1
443 2170 537 2203 multi
549 2181 679 2214 quoque
691 2170 866 2210 domicelli,
879 2173 1002 2217 priscae

247 2218 333 2251 illius
348 2218 474 2251 virtutis
488 2219 652 2253 Romanae
663 2221 798 2261 alumni,
811 2221 843 2254 in
858 2222 1002 2266 egregios

246 2279 412 2301 armorum
434 2268 534 2302 duces
563 2270 738 2309 evaserint,
764 2271 944 2315 sortemque
972 2278 1000 2304 et

247 2319 492 2351 memorabilem
513 2318 616 2352 dictae
636 2320 710 2353 Sedi
731 2332 874 2364 operam,
887 2327 951 2355 tam
970 2323 1000 2356 in

244 2366 370 2400 bellicis
392 2379 488 2412 quam
511 2368 543 2401 in
575 2368 760 2402 domesticis
784 2371 919 2415 aliisque
951 2384 1000 2406 re-

243 2418 314 2458 bus,
335 2424 465 2452 strenue
485 2419 678 2460 navaverint,
692 2431 729 2453 ac
740 2426 911 2465 propterea
923 2429 953 2457 et,
964 2435 1000 2457 ex

245 2467 340 2501 certis
365 2467 436 2501 aliis
455 2468 599 2501 animum
626 2475 772 2503 nostrum
798 2473 1000 2506 moventibus

281 2522 291 2548 1
306 2521 346 2548 Ex
356 2521 494 2557 Raynaldo
505 2523 658 2550 Continuat.
670 2524 758 2550 annal.
771 2533 839 2559 opus
850 2526 997 2561 posthum,

244 2565 308 2588 tom.
323 2570 393 2589 xxii.
404 2579 434 2583 -
446 2565 628 2590 Braehianmn
639 2563 710 2598 quod
718 2568 744 2590 et
753 2566 916 2598 Arretinum,
929 2575 999 2594 nunc

242 2604 398 2635 Braeciano,
416 2603 481 2631 urbs
493 2607 533 2631 est
544 2604 650 2631 ditionis
662 2603 823 2638 pontificiae,
835 2605 927 2633 decem
939 2608 998 2634 mil-

243 2642 352 2670 liaribus
368 2643 469 2672 distans
479 2644 512 2673 ab
523 2653 569 2673 ora
580 2644 713 2681 Tyrrheni
724 2647 804 2674 maris
814 2646 924 2676 Boream
936 2656 998 2678 ver-

242 2691 289 2711 sus
307 2684 344 2719 (a.
366 2683 417 2720 ¹12).

948 276 976 299 Pl
981 275 1015 299 [ΥΞ
1035 275 1065 299 IV
1085 275 1131 298 PP.

1732 262 1775 297 63

1067 327 1181 364 causis,
1194 327 1327 359 domum
1342 325 1539 370 praedictam
1561 336 1596 357 ac
1615 325 1767 357 dilectum
1781 325 1818 357 fi-

1066 381 1144 413 lium
1178 380 1319 413 nobilem
1350 379 1454 411 virum
1481 379 1619 412 Paulum
1645 379 1817 412 Iordanum

1066 434 1227 472 Ursinum,
1248 435 1440 473 Romanum,
1456 432 1648 477 primarium
1675 433 1817 466 eiusdem

1066 489 1181 521 domus
1198 493 1228 521 et
1243 488 1382 521 familiae
1398 487 1533 521 Ursinae
1552 487 1668 528 virum,
1683 487 1818 530 eiusque

1066 543 1284 586 posteritatem
1302 542 1450 586 specialis
1474 542 1593 585 gratiae
1615 542 1721 574 favore
1741 552 1818 586 pro—

1065 597 1155 640 sequi
1176 598 1328 637 volentes,
1348 607 1385 629 ex
1406 600 1495 629 motu
1516 595 1649 640 proprio
1660 600 1716 628 etc.
1740 595 1817 628 Bra-

1065 649 1218 682 chianum
1243 655 1321 691 cte,
1348 649 1380 682 in
1402 654 1596 693 perpetuum
1624 654 1654 681 et
1676 648 1817 682 nobilem

1063 704 1234 743 ducatum,
1265 715 1338 737 cum
1367 703 1607 744 iurisdictione,
1630 703 1767 747 imperio
1788 709 1815 736 et

1062 757 1158 800 gladii
1179 763 1334 801 potestate
1355 763 1385 790 et
1406 757 1596 801 privilegiiS,
1619 757 1817 801 praerogati-

1062 811 1118 849 vis,
1138 811 1234 853 signis
1259 816 1285 843 et
1313 810 1471 854 insigniis,
1501 811 1540 843 ad
1567 816 1761 855 perpetuum
1787 817 1818 844 et

1062 863 1203 897 nobilem
1237 864 1391 897 ducatum
1414 864 1668 908 pertinentibus,
1689 870 1817 909 aposto-

1062 918 1121 950 lica
1151 917 1342 950 auctoritate,
1359 923 1386 950 et
1417 922 1502 950 certa
1533 917 1677 959 scientia,
1705 923 1816 951 tenore

1061 971 1291 1015 praesentium,
1313 970 1467 1013 erigimus
1485 976 1515 1004 ct
1534 971 1732 1005 instituimus
1756 977 1813 1005 etc.

1103 1025 1219 1057 Datum
1249 1025 1369 1057 Romae
1391 1024 1477 1067 apud
1497 1024 1650 1057 Sanctum
1671 1025 1814 1066 Petrum,

1059 1090 1143 1112 anno
1175 1078 1408 1112 Incarnationis
1432 1078 1613 1111 dominicae
1643 1079 1816 1113 millesimo

1058 1133 1316 1176 quingentesimo
1341 1132 1549 1176 sexagesimo,
1568 1143 1611 1165 vn
1635 1132 1707 1167 idus
1726 1138 1815 1166 octo-

1058 1187 1135 1226 bris,
1158 1187 1367 1230 pontificatus
1387 1186 1488 1220 nostri
1509 1197 1593 1219 anno
1614 1197 1636 1219 1.

1105 1245 1166 1276 Dat.
1185 1246 1232 1276 die
1249 1247 1266 1275 9
1282 1246 1412 1275 octobris
1429 1245 1515 1282 1500,
1535 1245 1633 1285 pontif.
1653 1254 1729 1275 anno
1745 1254 1764 1275 1.

1389 1425 1478 1458 xvii.

1053 1503 1075 1537 Ι
1076 1503 1179 1537 udices
1200 1513 1373 1536 causarum
1393 1501 1687 1545 bencficz'aliumvcl
1702 1502 1812 1534 crimi-

1099 1558 1225 1590 nalium
1247 1557 1467 1601 privationem
1494 1556 1719 1599 beneficiorum
1738 1566 1812 1588 con-

1097 1612 1315 1651 cernentium,
1338 1622 1507 1654 cor-touque
1530 1611 1641 1654 affines
1665 1614 1694 1643 et
1712 1610 1811 1652 fami-

1097 1666 1206 1706 times,
1220 1666 1372 1708 beneficia
1386 1665 1443 1698 illa
1465 1665 1641 1708 impetrare
1661 1675 1725 1697 non
1737 1675 1810 1708 pos-

1095 1721 1174 1753 sint.

1172 1801 1234 1829 Pius
1252 1801 1323 1837 Papa
1341 1801 1383 1834 lv,
1402 1801 1483 1829 motu
1495 1800 1618 1836 proprio,
1634 1801 1689 1829 etc.

1093 1868 1266 1913 Cupientes
1275 1868 1454 1912 unicuique
1466 1867 1633 1910 iustitiam,
1645 1874 1740 1913 prout
1750 1880 1808 1913 par

1049 1929 1107 1961 est,
1127 1934 1230 1967 aequa
1248 1924 1339 1956 lance
1361 1923 1546 1963 ministrari,
1559 1928 1587 1956 et
1600 1933 1730 1956 omnem
1749 1924 1804 1956 de-

1048 1977 1214 2021 linquendi
1241 1976 1445 2010 occasionem
1471 1977 1510 2009 ab
1536 1977 1637 2020 ipsius
1666 1977 1804 2010 iustitiae

1048 2030 1214 2071 ministris,
1234 2030 1424 2075 praesertim
1447 2030 1608 2064 iudicibus
1628 2031 1661 2063 in
1681 2031 1803 2064 beneti-

1047 2085 1183 2119 cialibus
1200 2096 1234 2118 ac
1248 2085 1344 2118 etiam
1360 2084 1583 2118 criminalibus
1593 2085 1803 2128 privationem

1046 2139 1281 2173 beneficiorum
1298 2139 1591 2172 ecclesiasticorum
1602 2150 1802 2173 concernen-

1047 2195 1130 2227 tibus
1140 2194 1328 2231 causis‚tam
1346 2205 1363 2226 a
1379 2193 1460 2227 Sede
1476 2193 1659 2237 Apostolica
1675 2205 1711 2227 ac
1734 2194 1802 2228 eius

1046 2248 1156 2291 legatis
1177 2254 1205 2281 et
1231 2248 1413 2290 vicelegatis
1451 2258 1548 2291 quam
1569 2247 1646 2281 alias
1666 2260 1801 2292 quomo-

1044 2303 1162 2336 ‹lolibet
1196 2308 1223 2335 et
1249 2314 1266 2335 a
1291 2303 1552 2346 quibuscumque
1570 2313 1628 2346 pro
1653 2308 1798 2348 tempore

1044 2356 1216 2400 deputatis,
1239 2367 1294 2387 sen
1320 2356 1358 2388 ad
1385 2367 1467 2399 quos
1492 2355 1621 2388 illarum
1643 2357 1796 2400 cognitio,

1043 2415 1107 2443 tam
1124 2411 1163 2443 sle
1188 2411 1257 2444 iure
1274 2421 1370 2454 quani
1388 2410 1427 2443 de
1439 2410 1687 2451 consuetudine,
1702 2410 1796 2444 etiam

1042 2463 1166 2497 ratione
1184 2475 1310 2505 eorum,
1334 2475 1416 2507 quac
1437 2464 1595 2505 obtinent,
1614 2465 1796 2499 officiorum

1042 2524 1071 2551 et
1087 2518 1165 2551 alias
1185 2517 1430 2561 quomodsdibet
1451 2518 1585 2562 pertinet
1603 2525 1631 2552 et
1654 2520 1794 2564 pertinc-

1041 2571 1098 2612 bit,
1112 2583 1166 2605 seu
1180 2572 1299 2615 quibus
1316 2583 1432 2605 causae
1449 2572 1546 2616 ipsae,
1564 2578 1628 2605 tam
1647 2574 1796 2617 apostoli-

1041 2637 1078 2659 ca
1108 2638 1205 2671 quain
1223 2627 1284 2660 alia
1304 2627 1494 2660 auctoritate
1513 2627 1703 2661 commissae
1721 2635 1795 2662 sunt

1041 2685 1072 2715 et
1087 2691 1147 2726 pro
1163 2687 1309 2726 tempore
1329 2682 1585 2723 comminentur,
1602 2681 1732 2727 penitus
1745 2693 1794 2716 re-

1835 272 1886 299 Αη.
1905 272 1933 299 C.
1951 273 2018 300 1560

1848 1878 1914 1900 Causa
1924 1882 2006 1902 consti-

1822 1911 1916 1931 iunonis.
