2237 3100
214 243 263 268 An.
282 241 309 267 c.
329 241 396 269 ¹569
455 230 519 264 746

230 302 395 338 lutercedentqs
412 293 525 333 verint,
553 293 584 325 in
605 293 732 326 easdem
763 293 832 325 illas
855 300 984 334 poenas,
1020 300 1103 333 quae
1133 289 1164 322 in

210 333 395 392 ssssijnquffiifflf
411 346 650 379 baereticorum
684 346 825 378 fautores
844 355 861 376 a
882 343 980 376 sacris
1008 343 1164 375 constitu-

209 396 393 449 ζζξῐξῐξοῑζπξζξ·
411 399 550 433 tionibus
566 399 760 438 inseruntur,
780 397 847 440 ipso
863 397 945 429 sacto
971 407 1003 428 se
1019 395 1165 429 noverint

410 452 572 485 incidisse.

453 506 467 547 ξ
488 504 519 538 8.
550 505 668 537 Verum
703 502 727 535 si
747 503 832 546 quis,
855 502 950 536 ctiam
977 501 1163 535 huiusmodi

240 595 244 600 ,
265 563 394 598 neve-laune}
409 557 583 590 eriminum
611 556 760 589 conscius
780 556 827 589 vel
849 556 963 595 affinis,
998 555 1061 587 sive
1088 555 1162 587 reli-

208 594 394 652 i'i'ssmiiiadssugiiii:
408 610 511 653 gionis
531 610 636 642 studio
657 609 720 642 sive
737 608 933 653 poenitentia
947 609 1075 647 ductus,
1094 618 1162 640 rem

209 659 393 708 {fif}⁰⁰¹¹⁵⁸⁴¹¹¹¹¹¹¹'
407 663 514 696 adhuc
542 662 737 705 incognitam
759 662 921 701 retexerit,
943 661 1104 705 supplicio
1125 661 1163 693 li-

408 716 551 749 beretur.

451 768 516 811 §Q
546 768 714 808 Ceterum,
746 778 816 801 eam
847 767 994 800 omnium
1025 772 1056 800 et
1082 777 1163 810 qua-

222 827 391 862 rqrmaservqu-
408 832 625 864 rumcumque
663 821 906 854 absolutionum
946 820 1104 853 rationem
1146 831 1163 852 a

207 858 391 909 iiii‘ssil'i?u¹s”ss‡31
409 874 580 917 praedictis
600 873 804 914 criminibus,
822 883 948 906 necnon
970 873 1163 906 liabilitatio-

206 921 393 974 ssssn‘lffi'ssss'uuc'm‘}
408 937 486 959 num
507 933 538 960 et
557 927 812 967 restitutionum,
830 927 926 960 etiam
943 927 981 959 ad
998 927 1115 959 samam
1133 933 1161 959 et

207 984 316 1005 cedendis·
407 980 559 1021 honores,
577 980 619 1013 ita
631 980 785 1024 deinceps
802 979 982 1013 habendam
999 985 1159 1023 optamus,

406 1038 442 1066 ut
472 1044 675 1067 successores
699 1033 799 1066 nostri
819 1033 936 1073 nullas,
958 1033 1019 1065 nisi
1050 1033 1160 1066 saltem

405 1088 552 1120 semestri
574 1093 645 1131 post
665 1087 823 1130 cuiusque
843 1086 1097 1129 assumptionem
1123 1086 1162 1119 ad

406 1139 503 1172 liuius
536 1140 700 1182 dignitatis
734 1139 895 1181 fastigium
930 1150 1065 1172 excurso
1080 1166 1087 1179 ,
1125 1150 1162 1172 ac

404 1194 557 1237 precibus
577 1194 662 1237 apud
684 1204 873 1236 supremum
895 1193 1037 1225 officium
1054 1194 1161 1236 lnqui-

405 1246 531 1279 sitionis
551 1247 604 1279 liic
624 1246 805 1279 institutum
836 1245 1020 1287 varificans,
1048 1257 1162 1279 couce-

404 1299 491 1331 dant.
519 1300 735 1332 Decernentes
755 1309 868 1331 omnes
888 1303 919 1331 et
938 1310 1160 1343 quascumque

404 1352 592 1385 huiusmodi
614 1352 845 1392 absolutiones,
868 1352 1107 1386 liabilitationes
1132 1359 1162 1386 et

405 1406 637 1446 restitutiones,
660 1416 743 1449 quae
763 1406 914 1450 precibus
935 1406 980 1438 sie
997 1417 1060 1439 non
1081 1406 1162 1439 veri-

404 1458 506 1492 ficatis
535 1459 574 1492 de
599 1464 725 1492 caetero
747 1460 842 1498 tient,
875 1459 997 1491 nemini
1029 1470 1162 1503 prorsus

404 1513 569 1555 prodesse,
592 1513 645 1545 scd
667 1523 725 1545 nec
749 1512 989 1556 praesentibus,
1008 1513 1068 1545 nisi
1095 1518 1161 1546 toto

405 1566 548 1609 ipsarum
561 1571 672 1599 tenore
688 1567 727 1599 ad
741 1567 875 1599 verbum
894 1567 1026 1607 inserto,
1045 1573 1075 1600 ct
1091 1577 1162 1609 gra-

404 1619 446 1652 tia
480 1630 516 1652 ex
551 1626 637 1653 certa
672 1620 808 1652 Romani
838 1620 1003 1653 Pontificis
1028 1620 1160 1653 scicntia

405 1674 486 1705 sacta
507 1678 535 1706 et
558 1673 689 1716 propria
705 1684 803 1706 manu
825 1674 1023 1716 subsignata,
1042 1675 1107 1707 ulla
1129 1675 1161 1707 in

404 1731 494 1769 parte
528 1726 676 1769 derogari
710 1737 770 1759 nec
808 1726 995 1768 derogatum
1037 1728 1160 1760 censeri

405 1778 544 1818 debere·‚
571 1785 598 1812 et
627 1779 653 1811 si
678 1779 741 1813 illis
770 1791 807 1813 ex
836 1791 1044 1824 quacumque
1066 1792 1162 1814 causa

404 1832 498 1865 aliter
536 1832 684 1875 derogari
713 1833 893 1876 contigerit,
936 1834 1162 1876 derogationes

405 1885 592 1919 huiusmodi
614 1885 736 1919 nullius
756 1897 888 1930 prorsus
906 1887 973 1920 sore
989 1887 1117 1920 roboris
1132 1893 1162 1921 et

406 1939 574 1971 momenti.

449 1991 464 2033 ἓ
484 1991 537 2025 Δ10.
568 1992 719 2024 lubemus
737 1992 835 2034 igitur
860 1992 1026 2027 universos
1046 2000 1077 2027 ct
1096 1995 1161 2028 sin-

406 2046 499 2087 gulos
524 2045 737 2088 patriarchas,
759 2046 924 2090 primates,
947 2048 1163 2092 arehiepisco-

407 2108 484 2141 ρος,
528 2099 699 2142 episcopos
730 2104 760 2131 et
794 2105 917 2133 ceteros
950 2101 1160 2134 ecclesiarum

407 2152 567 2194 praelatos
587 2163 645 2195 per
666 2153 852 2185 universum
874 2153 983 2186 orbem
1006 2155 1162 2188 constitu-

409 2209 467 2244 tos,
496 2210 541 2245 ut,
564 2216 621 2248 per
640 2216 672 2238 se
692 2206 740 2238 vel
765 2206 864 2239 alium
886 2217 941 2239 seu
959 2207 1050 2247 alios,
1072 2219 1163 2251 prae-

407 2263 512 2289 scntcs
538 2258 658 2291 litteras
677 2265 729 2291 aut
752 2270 863 2291 carum
885 2261 1030 2303 exempla
1051 2260 1082 2292 iu
1097 2262 1163 2294 suis

408 2309 544 2353 quisque
578 2311 760 2354 provinciis,
789 2311 979 2352 civitatibus,
1006 2313 1162 2345 dioecesi—

408 2362 468 2394 bus
506 2370 533 2395 ct
576 2364 654 2397 locis
695 2365 882 2398 solemniter
920 2366 1105 2409 publicare,
1133 2373 1160 2399 ct

409 2417 564 2452 quantum
600 2413 632 2444 iu
665 2424 697 2445 se
732 2420 794 2453 est,
831 2414 968 2447 firmiter
1001 2415 1161 2448 observari

409 2466 604 2501 procurent,
648 2463 900 2495 contradictores
937 2474 1161 2507 quoscumque

409 2517 467 2549 per
487 2518 639 2541 censuras
659 2516 690 2543 et
709 2522 829 2555 poenas
842 2512 1088 2552 ecclesiasticas,
1108 2523 1161 2556 ap-

410 2556 582 2598 pellatione
615 2561 804 2603 postposita,
832 2561 1080 2604 compescendo,
1112 2561 1161 2604 ip-

409 2615 523 2648 sasque
556 2618 708 2642 censuras
728 2614 757 2641 et
780 2620 899 2652 poenas
919 2610 1013 2643 ctiam
1044 2609 1162 2643 iteratis

242 2044 354 2071 nepotatio
371 2051 391 2066 e-

207 2080 336 2097 locuturum.

1008 237 1187 261 BULLARIUM
1207 238 1357 262 ROMANUM

1206 290 1328 322 vicibus
1361 290 1580 332 aggravando,
1617 290 1763 323 invocato
1797 291 1892 323 etiam
1920 290 1958 322 ad

1206 338 1280 377 hoc,
1303 337 1327 369 si
1348 340 1429 381 opus
1449 338 1557 377 suerii,
1579 338 1697 370 auxilio
1730 339 1853 372 brachii
1889 350 1958 372 sae-

1207 386 1337 418 cularis.

1250 435 1264 477 §
1285 434 1338 467 ll.
1361 434 1430 467 Non
1455 434 1656 467 obstantibus
1676 436 1960 470 constitutionibus

1206 487 1236 515 et
1264 483 1522 517 ordinationibus
1559 484 1743 527 apostolicis
1780 485 1959 530 ceterisque

1206 532 1375 564 contrariis
1392 532 1664 576 quilmscumquc.

1250 580 1264 623 ἓ
1289 580 1342 613 Η.
1365 581 1521 614 Volumus
1541 587 1648 614 autem
1676 587 1710 614 nt
1739 583 1957 625 praesentium

1205 630 1363 671 exempla,
1382 629 1477 662 etiam
1495 630 1662 674 impressa,
1676 631 1824 672 edantur,
1842 643 1957 677 eaque,

1205 678 1321 711 notarii
1340 679 1462 722 publici
1483 691 1581 712 manu
1602 684 1659 713 etc.

1249 727 1263 769 ἓ
1285 726 1338 760 [13.
1361 727 1523 769 Ceterum,
1547 739 1659 761 omnes
1688 729 1775 762 orbis
1798 734 1957 763 terrarum

1205 775 1380 819 principes,
1403 777 1521 819 quibus
1541 777 1638 819 gladii
1672 778 1846 811 saecularis
1866 784 1958 822 pote-

1205 823 1310 856 stasin
1340 826 1499 857 malorum
1520 825 1691 859 vindictam
1717 832 1760 859 est
1788 828 1956 870 permissa,

1206 884 1262 915 per
1282 884 1365 914 eam,
1388 886 1485 917 quam
1512 886 1543 908 se.
1561 875 1643 908 tueri
1665 876 1896 918 promiserunt,
1920 877 1958 909 n-

1204 921 1290 961 dem,
1313 922 1523 963 obtestamur,
1537 923 1580 956 ita
1596 935 1669 957 suas
1684 924 1821 968 quisque
1843 931 1959 968 partes,

1204 969 1267 1002 sive
1310 971 1342 1003 in
1384 973 1576 1014 praestando
1611 973 1766 1006 ministris
1786 974 1960 1017 praedictis

1204 1019 1333 1059 anxilio,
1355 1020 1417 1053 sive
1452 1022 1483 1054 in
1509 1022 1683 1055 criminum
1704 1028 1775 1066 post
1798 1024 1960 1057 Ecclesiae

1204 1069 1393 1102 sententiam
1433 1071 1729 1112 animadversione,
1752 1072 1899 1115 implere,
1925 1077 1961 1106 ut

1204 1127 1316 1150 corum
1352 1130 1482 1162 quoque
1514 1120 1682 1164 praesidiis
1723 1121 1860 1154 ministri
1899 1121 1958 1165 ipsi

1203 1166 1280 1198 tanti
1302 1168 1399 1200 officii
1421 1179 1553 1209 munus,
1573 1176 1635 1212 pro
1646 1169 1701 1202 Dei
1718 1170 1840 1202 aeterni
1856 1170 1958 1213 gloria

1203 1219 1233 1246 et
1268 1214 1432 1258 religionis
1474 1216 1686 1259 incremento,
1712 1218 1848 1252 feliciter
1885 1230 1958 1252 exe-

1203 1269 1354 1305 quantur,
1388 1266 1624 1309 amplissimum
1659 1278 1676 1300 a
1703 1267 1839 1301 Domino
1864 1279 1958 1311 prae—

1203 1311 1303 1344 mium
1340 1314 1515 1357 rccepturi,
1551 1316 1638 1358 quod
1672 1316 1744 1349 fidei
1775 1317 1958 1360 praedictae

1202 1361 1416 1394 assertoribus
1436 1363 1469 1395 in
1489 1369 1639 1397 aeternae
1658 1364 1864 1399 beatitudinis
1879 1376 1957 1399 con-

1203 1410 1302 1443 sortio
1324 1412 1536 1455 praeparavit.

1246 1459 1261 1501 ξ
1281 1459 1334 1492 14.
1357 1460 1442 1493 Nulli
1464 1472 1540 1505 crgo
1561 1461 1876 1496 omninoliominum
1897 1468 1954 1497 etc.

1246 1507 1360 1540 Datum
1386 1510 1505 1543 Romae
1529 1512 1616 1554 apud
1642 1511 1672 1544 S.
1702 1512 1846 1553 Petrum,
1872 1523 1957 1545 anno

1202 1554 1436 1592 Incarnationis
1456 1559 1637 1592 dominicae
1658 1560 1829 1594 millesimo
1861 1562 1957 1605 quin-

1203 1606 1380 1648 gentesimo
1401 1609 1598 1651 sexagesimo
1628 1620 1726 1650 nono,
1749 1611 1894 1644 kalendis
1923 1622 1958 1644 a-

1203 1655 1305 1698 prilis,
1329 1656 1537 1699 pontificatus
1556 1658 1656 1690 nostri
1678 1669 1763 1691 anno
1783 1665 1910 1702 quarto.

1203 1705 1231 1745 »ᾗ
1254 1704 1320 1747 Ego
1341 1705 1423 1746 rins,
1445 1706 1622 1740 catholicae
1647 1707 1809 1741 Ecclesiae
1833 1708 1957 1752 episco-

1247 1764 1318 1796 pus.

1246 1800 1433 1844 Sequuntur
1461 1804 1708 1848 subscriptiones
1737 1806 1958 1840 cardinalium

1204 1855 1231 1883 et
1248 1852 1438 1893 publicatio.

1251 1909 1310 1939 [iat.
1327 1910 1373 1939 die
1391 1911 1401 1939 l
1423 1910 1527 1950 aprilis
1548 1911 1634 1947 1560,
1654 1912 1756 1950 pontif.
1776 1922 1852 1942 anuo
1871 1922 1908 1943 tv.

1500 2048 1655 2081 CXXVIII.

1204 2111 1404 2153 Rvsornmlio
1447 2111 1728 2144 Pocnilcnliariae
1757 2111 1958 2154 Apostolicae

1392 2169 1421 2198 e!
1441 2166 1508 2197 cius
1528 2166 1712 2208 officialimn
1738 2165 1765 2196 ’1.
1807 2194 1813 2196 .

1294 2236 1357 2265 Pius
1375 2237 1516 2271 episcopus
1537 2243 1633 2264 servus
1653 2242 1793 2264 servorum
1809 2235 1866 2268 uei.

1346 2291 1380 2318 ad
1403 2291 1566 2326 perpetuam
1584 2290 1626 2318 rei
1643 2290 1813 2318 memoriam.

1248 2348 1281 2380 In
1304 2348 1455 2381 omnibus
1484 2348 1582 2381 rebus
1606 2347 1758 2380 humanis
1777 2347 1858 2380 nihil
1892 2352 1954 2379 tam

1206 2398 1344 2439 perfecte
1366 2397 1498 2436 institui,
1528 2396 1607 2429 niliil
1629 2396 1703 2429 ullis
1735 2396 1861 2439 legibus
1885 2406 1956 2429 san-

1241 2461 1249 2485 1
1272 2460 1325 2486 Alia
1354 2459 1505 2486 reformatio
1526 2459 1638 2486 liabetur
1664 2460 1687 2485 in
1715 2459 1750 2485 Pii
1775 2459 1809 2487 lV
1826 2459 1956 2485 constitu-

1205 2500 1273 2525 tione
1285 2508 1350 2532 Lxx',
1364 2501 1394 2525 In
1406 2502 1523 2530 sublimi,
1537 2508 1595 2534 pag.
1611 2501 1659 2526 193
1674 2500 1751 2526 liuius
1762 2499 1837 2526 tomi.
1853 2500 1890 2526 De
1908 2507 1956 2526 an-

1203 2540 1325 2567 ctoritate
1342 2549 1405 2567 vero
1425 2541 1520 2566 summi
1539 2540 1745 2574 poenitentiarii,
1760 2539 1821 2566 vide
1837 2539 1903 2566 Sixti
1922 2540 1956 2567 Ν

1202 2581 1418 2607 constitutionem
1432 2588 1533 2612 xxviii,
1547 2581 1688 2614 (moniam,
1702 2583 1764 2606 tom.
1781 2587 1808 2611 v,
1820 2587 1879 2614 pag⁴
1892 2580 1954 2607 292.

1204 2620 1235 2645 Et
1246 2619 1278 2646 de
1290 2619 1446 2646 officialibus
1461 2621 1548 2654 agitur
1561 2621 1583 2646 in
1600 2619 1788 2647 constitutione
1798 2619 1907 2654 subseq.

1975 238 2023 264 An.
2043 237 2070 263 C.
2091 238 2159 266 ¹56⁹

2044 462 2158 488 nerognuo

1975 494 2137 514 couti-ariorum.

2027 604 2088 626 Fides
2103 607 2159 626 tran-

1974 639 2112 663 sumptorum.

1999 754 2122 775 Obtesuiuo
2138 755 2158 774 iu

1973 786 2089 812 principes.

2000 1480 2084 1501 Sanctio
2109 1486 2159 1508 poe-

1974 1511 2036 1533 natis.

1992 1727 2059 1755 Papae
2075 1729 2157 1750 subscr.

2000 2355 2132 2378 Prommiurn.
