2237 3100
850 287 945 311 INDEX
968 287 1168 312 RUsschRUM

318 343 349 371 et
369 338 530 371 frumenta
544 349 581 371 ac
601 338 694 371 blada
718 338 922 371 afferentium
938 339 976 372 ad

318 402 408 432 eam;
435 392 677 436 prohibitioquc
697 401 751 424 eos
767 391 974 434 impediendi,

317 446 365 478 vel
387 446 441 478 illa
460 446 544 478 ultra
558 457 653 479 usum
665 446 881 478 necessarium
902 456 977 478 suae.

317 499 458 532 familiae
478 499 618 539 emendi,
636 498 712 532 484.

230 551 333 585 XXIX.
360 552 451 591 Quod
478 553 630 586 mulieres
648 580 655 593 ,
687 552 783 585 etiam
813 555 976 594 praetextu

318 605 459 639 cuiusvis
479 606 650 650 privilegii,
674 605 832 638 facultatis
860 610 914 637 aut
946 605 979 636 li-

318 660 453 700 centiae,
472 660 597 703 ingredi
614 670 678 692 non
694 659 815 703 possint
827 658 979 701 (exceptis

318 713 446 746 casibus
467 714 519 746 liic
536 713 706 758 expressis)
732 711 925 745 monasteria
950 717 977 744 et

319 767 458 800 claustra
477 768 712 811 cuiuscumque
733 765 857 799 Ordinis
885 776 979 808 regu-

318 819 407 861 laris,
440 820 517 854 487.
890 821 892 824 ’

362 873 516 917 Sequitur
536 874 712 907 declaratio
731 873 978 913 constitutionis,

230 978 322 1012 XXX.
340 979 498 1013 Concesso
512 981 709 1015 monasterio
728 981 856 1014 Ordinis
875 980 981 1014 Sancti

320 1033 491 1076 Augustini
517 1034 549 1067 in
570 1034 666 1075 Urbe,
696 1035 755 1067 sub
782 1033 982 1067 invocatione

319 1086 434 1119 Beatae
453 1088 569 1121 Mariae
589 1088 727 1131 Virginis
748 1088 980 1127 Annunciatae,

320 1139 498 1182 virginibus
513 1141 694 1185 neophytis,
708 1141 863 1175 moniales
880 1147 983 1174 trans-

321 1193 469 1226 feruntur
486 1195 524 1227 ad
546 1195 801 1238 praeceptorium
823 1195 854 1228 S.
878 1194 983 1227 Basilii

320 1247 423 1290 Magni
446 1248 477 1280 in
498 1249 630 1292 regione
649 1249 805 1281 Montium
826 1260 900 1282 cum
917 1259 984 1281 om-

321 1301 416 1333 nibus
437 1302 540 1342 bonis,
563 1308 623 1335 etc.
638 1329 645 1343 ,
672 1302 749 1335 489.

232 1353 336 1387 XXXI.
363 1354 407 1388 De
428 1356 641 1389 reformandis
666 1355 892 1400 Hispaniarum
914 1366 985 1389 coe-

322 1409 440 1450 nobiis,
467 1409 544 1443 494.

365 1463 519 1507 Sequitur
529 1464 641 1497 eadem
658 1475 756 1507 super
770 1464 831 1497 hac
842 1475 888 1503 re,
906 1464 982 1498 490.

234 1516 352 1550 XXXII.
378 1517 422 1551 De
442 1517 574 1551 veritate
594 1517 804 1561 exprimenda
825 1529 842 1550 a
870 1529 986 1562 procu-

322 1570 484 1604 ratoribus
504 1571 535 1604 S.
563 1571 841 1612 Poenitentiariae,
873 1571 905 1603 in
925 1571 988 1604 dis-

322 1624 566 1668 pensationibus
593 1625 874 1657 matrimonalilms
904 1630 987 1657 cete-

323 1677 434 1721 risque
454 1678 564 1721 gratiis
585 1677 780 1722 apostolicis,
804 1678 862 1711 sub
884 1689 988 1721 poena

323 1731 404 1772 salsi,
427 1731 504 1765 498.

235 1784 367 1817 XXXIII.
390 1784 568 1818 Declaratio
589 1785 676 1828 quod
693 1785 869 1818 sententiae
891 1785 921 1817 in
942 1786 988 1818 sa-

322 1849 432 1871 vorem
453 1849 585 1872 reorum
613 1839 651 1871 de
672 1838 795 1871 haeresi
818 1839 988 1881 inquisito-

324 1903 409 1932 rum,
420 1903 438 1925 a
455 1892 684 1936 quibuscumq.
705 1892 868 1925 iudicibus
880 1898 990 1925 contra

322 1945 430 1979 stilum
438 1947 485 1979 vel
495 1946 739 1990 dispositionem
758 1945 990 1978 iurisdictionis

326 1998 428 2032 Officii
440 1999 660 2033 sanctissimae
668 1999 890 2043 lnquisitionis
909 2000 991 2033 latae

326 2059 357 2086 et
376 2054 540 2094 serendae,
559 2054 814 2086 nontransierint
832 2064 891 2086 nec
908 2058 993 2086 tran-

326 2107 461 2140 scantin
477 2119 544 2141 rem
558 2108 743 2147 iudicatam,
766 2112 797 2140 et
808 2107 991 2140 iurisdictio

332 2160 546 2194 cardinalium
562 2161 647 2205 ipsas
659 2172 785 2194 caussas
806 2161 990 2201 revidendi3

333 2219 364 2247 et
400 2214 602 2248 confirmatio
637 2215 876 2248 constitutionis
901 2215 991 2251 Pauli

325 2268 433 2311 quarti
446 2268 548 2302 editae
569 2274 681 2301 contra
702 2269 892 2309 haereticos,
910 2268 986 2302 499.

238 2320 367 2354 XXXIV.
389 2321 481 2360 Quod
503 2321 615 2354 fecerit
632 2321 736 2354 maior
752 2332 824 2365 pars
846 2322 993 2355 cardina-

326 2375 405 2408 lium
427 2375 650 2411 sanctissimae
675 2375 907 2419 Inquisitionis,
931 2376 991 2416 vel,

327 2428 491 2471 aliquibus
504 2429 702 2470 absentibus,
718 2429 812 2462 etiam
825 2429 901 2470 duo,
913 2430 995 2463 valet

327 2488 363 2510 ac
384 2478 408 2510 si
436 2488 547 2510 omnes
573 2478 734 2517 fecissent,
758 2478 834 2512 509..

238 2526 357 2560 XXXV.
394 2526 549 2569 mitigatio
596 2527 834 2560 constitutionis
869 2527 915 2559 Pii
958 2527 994 2560 IV

331 2576 439 2619 quoad
447 2576 679 2619 appellationes
689 2577 990 2615 condemnatorum,

329 2626 412 2658 sacto
434 2625 579 2668 deposito
588 2625 636 2658 vel
646 2625 719 2658 data
739 2625 901 2665 cautione,
915 2624 990 2657 503.

243 2673 374 2708 XXXVI.
387 2674 585 2707 Reformatio
597 2674 723 2718 collegii
736 2673 990 2719 Capi-anicensis,

319 2726 393 2759 Ball.
415 2726 493 2759 Rom.
516 2726 572 2758 Vol.
596 2727 655 2759 VII.
818 2727 871 2758 131

1634 283 1649 315 ’1
1657 282 1715 316 041

1107 351 1125 373 a
1145 340 1299 373 cardinali
1322 342 1361 374 (le
1381 341 1567 386 Capranica,
1588 349 1618 375 et
1639 345 1765 388 collegii

1107 393 1250 431 Nardini,
1265 405 1282 426 a
1294 395 1446 427 cardinali
1468 395 1621 437 Nardino,
1635 397 1667 429 in
1683 398 1767 431 Urbe

1108 457 1165 489 pro
1174 448 1605 482 stiliolaribusinstitutorum
1621 461 1628 489 ;
1650 456 1767 484 etcon-

1110 500 1247 532 tirmatio
1265 501 1497 535 iurisdictionis
1508 504 1676 537 custodum
1694 505 1768 537 hos-

1108 552 1214 594 pitalis·
1235 554 1340 586 Sam-ti
1365 555 1545 597 Salvatoris,
1573 557 1768 599 gubernato-

1109 616 1180 637 rum
1202 607 1347 651 utriusqe
1367 609 1505 652 collegii,
1529 610 1604 643 504.

1022 657 1163 690 xxxxii.
1182 660 1216 691 In
1237 655 1401 703 quibusvis
1431 664 1670 705 collationibus,
1693 676 1769 709 pro-

1110 711 1769 751 visionibusetcommendisbeneficiorum

1110 776 1168 808 per
1187 765 1301 799 Sedent
1327 769 1541 811 Apostolicam
1563 772 1767 813 collatorum,

1111 820 1241 862 speciali
1266 822 1313 854 vel
1329 824 1470 864 generali
1489 825 1618 859 concilii
1637 826 1771 859 Triden-

1110 873 1167 906 tini
1193 875 1401 917 derogatione
1429 877 1560 912 minime
1594 890 1674 923 opus
1704 891 1771 914 esse

1112 926 1265 968 declarat,
1289 928 1363 962 507.

1024 978 1180 1013 XXXVIII.
1191 981 1356 1025 Exemptio
1369 986 1636 1019 monasteriorum
1649 992 1681 1020 et
1696 986 1772 1020 alio-

1113 1044 1183 1065 rum
1211 1035 1356 1069 locorum
1383 1038 1509 1080 piorum
1539 1039 1645 1072 Status
1668 1040 1774 1073 Eccle-

1111 1087 1228 1121 siastici
1249 1089 1288 1121 ab
1306 1090 1445 1134 hospitio
1457 1093 1607 1133 militum,
1623 1099 1682 1126 etc.
1696 1093 1770 1128 507.

1026 1139 1156 1172 XXXIX.
1184 1141 1259 1175 Pius
1279 1143 1302 1175 V
1321 1144 1360 1176 ad
1381 1156 1413 1177 se
1434 1151 1463 1178 et
1483 1157 1684 1181 successores
1699 1158 1774 1181 suos

1113 1194 1273 1229 Romanos
1325 1197 1497 1232 Pontifices
1551 1212 1773 1245 quascumque

1115 1259 1242 1282 caussas
1254 1251 1534 1293 confidentiarum,
1551 1259 1613 1286 tam
1629 1260 1730 1287 motas
1744 1261 1775 1288 et

1114 1303 1302 1345 pendentes,
1315 1316 1412 1347 quam
1434 1306 1465 1338 in
1486 1308 1629 1340 l'uturum
1643 1319 1776 1351 quomo-

1114 1356 1236 1389 bolibct
1256 1359 1440 1400 movendas,
1461 1367 1583 1401 avocat,
1610 1361 1686 1395 509.

1028 1408 1086 1441 XL.
1109 1409 1290 1453 Applicatio
1310 1414 1502 1446 reverendae
1523 1414 1673 1448 Gamerae
1694 1416 1776 1460 Apo-

1115 1463 1245 1497 stolicae
1257 1466 1419 1499 fructuum
1432 1467 1665 1502 beneficiorum
1685 1470 1775 1513 regni

1116 1516 1264 1561 Neapolis
1285 1519 1358 1553 Sedi
1377 1521 1578 1564 Apostolicae
1599 1529 1776 1557 reservato-

1116 1581 1200 1612 rum,
1224 1582 1283 1615 pro
1304 1578 1449 1617 tempore
1468 1576 1661 1618 vacantium,
1684 1589 1702 1610 a
1725 1578 1777 1611 die

1116 1625 1290 1659 vacationis
1332 1638 1435 1670 usque
1469 1628 1507 1661 ad
1548 1629 1632 1662 diem
1663 1642 1726 1674 quo
1760 1643 1777 1665 a

1117 1677 1262 1712 Romano
1283 1680 1437 1714 Pontitice
1465 1683 1582 1726 provisi
1603 1685 1777 1727 possessio-

1117 1742 1192 1765 nem
1213 1734 1358 1777 ceperint
1377 1735 1415 1768 de
1447 1747 1543 1769 manu
1564 1738 1674 1771 nuncii
1700 1750 1778 1783 apo-

1117 1787 1221 1819 stolici
1242 1787 1274 1820 in
1294 1789 1408 1821 eodem
1430 1800 1541 1832 regno,
1569 1791 1644 1824 5111.

1131 1840 1325 1875 Miserabiles
1350 1853 1517 1886 personae,
1538 1844 1569 1876 in
1590 1845 1694 1878 causis
1714 1845 1778 1879 dis-

1120 1894 1317 1933 cussionum,
1342 1897 1455 1930 ceteris
1475 1897 1545 1930 aliis
1566 1899 1779 1933 creditoribus

1120 1949 1360 1991 praeferuntur,
1393 1961 1450 1993 pro
1484 1962 1597 1984 corum
1635 1952 1776 1994 creditis,

1120 2012 1223 2044 usque
1243 2003 1282 2035 ad
1303 2014 1461 2036 summam
1491 2010 1657 2038 scutorum
1684 2007 1779 2050 quin-

1121 2055 1273 2098 quaginta
1292 2056 1325 2089 in
1345 2057 1441 2098 Urbe,
1468 2057 1544 2091 513.

1033 2107 1123 2140 XLII.
1141 2108 1318 2142 Prohibitio
1339 2110 1461 2143 iudaeis
1490 2111 1674 2154 possidendi
1696 2114 1780 2147 bona

1121 2162 1261 2203 stabilia,
1286 2155 1379 2206 quae,
1403 2164 1461 2196 nisi
1483 2165 1660 2199 vendantur
1676 2167 1715 2199 ab
1736 2167 1781 2199 eis

1122 2215 1209 2249 iuxta
1247 2217 1377 2257 sancita,
1413 2217 1571 2261 applicata
1610 2225 1781 2253 censentur

1122 2269 1233 2303 domui
1274 2272 1580 2304 catechumenorum
1612 2272 1650 2307 de
1682 2273 1778 2315 Urbe,

1122 2322 1198 2356 514.

1034 2376 1134 2409 XLIII.
1157 2376 1345 2418 Declaratio,
1366 2378 1550 2411 reformatio
1571 2384 1598 2411 et
1621 2380 1781 2414 revocatio

1123 2431 1335 2473 plurimarum
1344 2432 1530 2474 gratiarum,
1540 2432 1780 2467 immunitatum

1123 2486 1151 2512 et
1180 2480 1419 2523 privilegiorum
1455 2481 1584 2515 militiae
1616 2483 1782 2526 hospitalis

1123 2529 1228 2561 Sancti
1255 2529 1360 2561 Lazari
1376 2530 1655 2575 llicresolymitani
1673 2533 1780 2566 liacte-

1123 2588 1183 2609 nus
1207 2588 1224 2609 a
1249 2578 1389 2610 Summis
1413 2579 1621 2614 Pontificibus
1652 2593 1781 2616 conces-

1122 2637 1243 2666 sorum,
1264 2626 1338 2659 516.

1034 2675 1133 2709 XLIV.
1165 2676 1345 2709 Reservatio
1381 2676 1613 2714 beneficiorum
1650 2686 1782 2726 propter

1031 1839 1103 1872 XLI.
