2237 3100
54 281 102 308 An.
121 281 150 308 C.
168 281 236 309 1568

888 264 891 270 '
924 278 993 302 Plus
1016 278 1034 301 v

1059 277 1106 300 FP.

250 333 356 377 primo
371 338 521 366 vacatura
542 332 705 377 praedicta
726 332 887 364 ullatenus
903 332 1004 365 intro-
1024 329 1220 386 [reg-utana,
1248 328 1532 371 qualitercumque
1561 327 1747 371 qualificata
1772 333 1801 361 et

251 386 397 427 mittere,
420 391 475 419 aut
494 386 532 419 de
560 385 614 418 illa
648 391 759 419 contra
785 387 1003 428 praesentium

249 446 393 473 tenorem
418 440 589 483 disponere
609 440 841 483 quoquomodo
865 440 1005 472 audeant

248 494 295 526 vel
316 499 536 537 praesumant,
560 493 672 526 eadem
693 493 884 526 auctoritate
896 498 1004 526 nostra

249 546 397 580 inhibeas
429 552 524 590 atquc
545 546 729 580 interdicas.

293 601 307 644 ἓ
328 600 359 634 3.
382 601 445 634 Nos
456 601 541 634 enim
557 600 684 633 irritum
702 611 769 633 esse
798 600 1004 633 decernimus

51 656 173 710 degerrfjjffi
185 663 233 710 ⁰2⁵5}
249 660 279 688 et
299 655 393 688 inane
415 655 573 698 quidquid
590 665 683 688 secus
700 665 798 697 super
814 654 863 687 his
879 665 896 686 a
920 665 1003 697 prae-

50 722 124 756 eontm
156 696 233 741 facium
248 709 340 742 dictis
360 721 457 753 quam
478 720 687 753 quocumque
713 709 786 749 alio,
808 710 917 753 quavis
945 721 1003 743 au-

48 749 120 771 mem'
248 765 393 799 ctoritate
407 766 572 809 fungente,
587 766 725 799 scienter
739 767 787 799 vel
803 766 1001 809 ignoranter,

247 819 420 862 contigerit
439 819 588 852 attentari
605 831 612 859 ;
635 819 757 862 tibique
778 831 877 863 super
897 819 1003 853 omni-

246 873 307 906 bus
350 878 381 906 et
414 873 549 916 singulis
596 873 781 916 praemissis
806 873 935 916 plenam
974 878 1005 905 et

246 925 380 959 liberam
397 937 456 969 per
471 926 598 960 easdem
617 931 801 969 praesentes
817 927 1001 960 facultatem

246 979 457 1012 concedimus
477 985 507 1012 et
527 984 729 1022 potestatem.

291 1032 350 1075 gli.
366 1032 435 1065 Non
448 1033 650 1065 obstantibus
667 1032 954 1066 constitutionibus
974 1038 1004 1065 et

247 1085 506 1118 ordinationibus
535 1086 745 1129 apostolicis,
778 1091 808 1119 et
838 1085 1004 1129 quibusvis

247 1138 458 1172 ecclesiarum
480 1139 606 1172 statutis
632 1145 663 1172 et
683 1139 975 1172 consuetudinibus
993 1166 1000 1179 ‚

246 1191 341 1225 etiam
357 1192 551 1232 iuramento,
567 1192 814 1225 confirmatione
827 1192 1004 1235 apostolica

244 1246 293 1278 vel
313 1245 424 1289 quavis
458 1245 609 1278 firmitate
630 1245 692 1278 alia
712 1245 884 1281 roboratis2
908 1245 1004 1288 privi-

245 1298 339 1341 legiis
363 1309 506 1342 quoque,
529 1298 662 1331 indultis
683 1304 713 1331 et
733 1298 848 1331 litteris
872 1304 1002 1341 aposto-

244 1351 316 1385 licis
336 1351 401 1385 illis
420 1352 665 1394 quomodolibet
685 1351 859 1391 concessis,
883 1352 1002 1384 contir-

74 1084 123 1105 Clau
127 1084 192 1105 sutae,

246 1404 339 1438 matis
351 1410 381 1438 et
394 1404 562 1438 innovatis.
575 1405 698 1443 Quibus
714 1406 876 1443 omnibus,
889 1416 1002 1438 eorum
1024 1432 1026 1451 g

245 1463 374 1492 tenores
388 1485 395 1499 ‚
417 1470 454 1491 ac
475 1459 499 1492 si
521 1459 558 1492 de
580 1459 676 1492 verbo
698 1459 737 1492 ad
757 1460 891 1492 verbum
918 1459 1002 1491 inse-

244 1517 395 1545 rerentur
427 1513 670 1556 praesentibus,
704 1523 763 1556 pro
805 1513 1004 1545 sufficienter

244 1566 402 1608 expressis
433 1566 606 1606 habentes,
632 1566 695 1599 illis
715 1566 792 1599 alias
815 1566 847 1599 in
869 1577 927 1599 suo
949 1578 1002 1599 ro-

243 1618 323 1652 bore
334 1619 565 1663 permansuris,
586 1620 646 1652 ltac
667 1620 734 1652 vice
747 1620 1003 1664 clumtaxat‚spe-
1024 1634 1025 1655 t

244 1672 369 1706 cialiter
381 1679 411 1706 et
422 1684 571 1716 expresse
583 1674 792 1715 derogamus,
810 1674 1003 1716 ceeterisque

243 1727 414 1759 contrariis
433 1727 707 1771 quibuscumque.

287 1780 402 1813 Datum
439 1781 559 1814 Romae
590 1781 674 1825 apud
703 1781 732 1815 S.
766 1781 911 1820 Petrum,
944 1782 1003 1814 sub

242 1834 364 1866 annulo
395 1834 579 1875 piscatoris,
603 1835 653 1867 die
674 1845 692 1867 v
718 1836 823 1868 mai-tii
846 1845 1001 1873 MDLXVHI,

243 1887 451 1930 pontificatus
476 1888 576 1920 nostri
598 1899 682 1921 anno
704 1899 749 1921 111.
888 1878 899 1882 υ

290 1944 351 1974 Dat.
372 1946 418 1974 die
437 1946 454 1975 5
472 1947 568 1975 martii
586 1947 671 1982 1568,
695 1947 799 1984 pontif.
821 1956 897 1975 anun
915 1956 956 1976 nt.

530 2111 712 2144 LXXXVIII.

243 2185 430 2219 Reservatio
451 2187 677 2229 beneficiorum
702 2188 850 2219 muium
882 2198 1003 2219 wican-

291 2240 384 2274 tz‘um.
407 2241 478 2272 sede
498 2242 669 2283 episcopali
692 2245 840 2273 vacuate.
860 2277 865 2281 μ

245 2322 441 2349 sanctissimus
460 2322 487 2349 in
507 2322 617 2350 Christo
630 2323 749 2356 pateret
764 2322 889 2350 dominus
908 2323 1004 2350 noster

306 2377 430 2405 dominus
449 2378 511 2405 rius
531 2378 621 2405 divine
638 2378 813 2413 providentia
825 2378 894 2413 Papa
912 2378 942 2405 V.

290 2448 305 2492 ,ξ
335 2449 366 2482 1.
403 2450 544 2493 Cupiens
586 2450 787 2493 pauperibus
812 2449 941 2482 clericis
975 2455 1003 2483 et

49 2505 232 2559 heueggisgrrffiffi
245 2503 315 2536 aliis
351 2503 558 2535 benemeritis
583 2504 729 2545 personis
768 2503 806 2535 de
837 2503 1005 2536 beneficiis

48 2569 125 2589 mnium
154 2576 232 2590 maa-
246 2556 473 2590 ecclesiasticis
495 2557 676 2600 providere,
698 2557 805 2589 oniuia
829 2562 856 2589 ct
879 2557 1005 2599 singula

48 2600 104 2625 ‘³⁰¹⁰'
121 2601 231 2627 ςεάθθῐή·
245 2609 405 2643 beneficia
432 2610 662 2649 ecclesiastica,
691 2620 765 2642 cum
787 2621 864 2642 cura
887 2615 917 2642 et
937 2609 1004 2643 sine

47 2635 83 2652 sco
100 2632 231 2653 ativucunte.

86 2637 97 2658 p
247 2673 338 2703 cura,
365 2663 543 2696 saecularia
571 2668 602 2696 et
629 2663 818 2705 quorumvis
848 2662 1004 2696 Ordinum

1049 383 1183 416 ubilibet
1207 383 1373 416 existentia
1389 409 1396 423 ,
1426 382 1501 414 sede
1521 381 1695 425 episcopali
1714 409 1721 421 ,
1750 393 1801 415 ar-

1047 436 1277 480 chiepiscopali
1296 463 1303 476 ,
1333 435 1540 479 patriarchali
1572 440 1602 467 et
1628 435 1801 478 primatiali

1047 500 1331 532 quarumcumque
1366 488 1589 528 ecclesiarum,
1631 489 1801 521 cathedra-

1047 543 1124 575 lium
1165 549 1195 577 et
1229 543 1572 587 metropolitanarum,
1606 541 1803 586 patriarcba-

1046 596 1125 628 lium
1160 608 1196 629 ac
1223 597 1453 640 primatialium
1480 608 1538 641 pro
1563 603 1709 640 ternpore
1743 607 1804 640 pa-

1047 651 1187 683 storibus
1207 651 1434 684 destitutarum
1454 655 1598 691 vacante,
1619 650 1802 694 quomodo-

1046 704 1125 736 libet
1138 704 1283 736 vacantia
1293 709 1322 737 et
1333 710 1496 743 vacatura,
1512 704 1619 737 tamin
1630 704 1803 748 praedictis

1046 769 1143 802 quam
1165 758 1234 791 aliis
1259 759 1427 798 ecclesiis,
1455 770 1583 792 necnon
1622 759 1803 793 civitatibus

1046 817 1077 844 et
1097 812 1300 845 dioecesibus
1320 813 1592 856 quibuscumque,
1613 814 1653 846 ad
1674 824 1804 846 eorum-

1046 866 1118 897 dem
1153 865 1410 909 episcoporum,
1449 866 1774 910 archiepiscoporum
1793 894 1800 907 ,

1047 918 1304 962 patriarcharum
1333 925 1363 952 et
1383 920 1558 962 primatum
1581 920 1801 960 collationem,

1047 972 1275 1015 provisionem,
1286 973 1588 1016 praesentationem,
1611 975 1802 1007 electionem

1046 1037 1100 1058 seu
1123 1026 1268 1068 quamvis
1288 1026 1383 1058 aliam
1405 1026 1647 1069 dispositionem
1665 1039 1802 1071 quomo-

1046 1079 1168 1112 dolibet
1188 1078 1394 1122 pertinentia,
1419 1079 1621 1123 dispositioni
1647 1091 1723 1114 suae
1751 1092 1802 1114 re-

1047 1133 1190 1165 servavit.

1090 1185 1104 1228 §
1125 1185 1156 1217 ⁹2.
1181 1185 1297 1228 stoque
1315 1187 1346 1218 iu
1362 1187 1548 1230 praemissis
1560 1197 1617 1230 per
1629 1198 1804 1230 quoscum-

1045 1249 1107 1281 que
1129 1243 1200 1279 etc„
1216 1239 1341 1272 sublata
1362 1244 1432 1280 etc„
1448 1240 1583 1273 iudicari
1605 1240 1735 1281 debere,
1758 1241 1802 1273 ir-

1046 1291 1144 1324 ritum
1166 1303 1298 1336 quoque
1314 1297 1371 1325 etc.
1396 1294 1547 1327 decrevit.

1090 1345 1208 1385 Placet,
1228 1346 1414 1387 publicetur
1429 1353 1459 1379 et
1472 1347 1686 1380 describatur.
1706 1349 1743 1381 M.

1090 1399 1184 1431 Lecta
1220 1404 1249 1431 ct
1284 1400 1447 1442 publicata
1486 1400 1544 1433 suit.
1586 1402 1803 1445 suprascripta

1046 1452 1158 1494 regula
1178 1452 1300 1491 Romae,
1328 1453 1359 1484 iu
1385 1452 1584 1486 Cancellaria
1618 1455 1803 1498 Apostolica

1024 1515 1130 1537 ·anno
1161 1505 1395 1539 incarnationis
1420 1507 1602 1540 dominicae
1634 1518 1775 1541 MDvaln
1793 1535 1800 1548 ‚

1046 1559 1096 1591 die
1112 1570 1186 1591 vero
1205 1569 1235 1591 1x
1248 1560 1493 1600 mensismartii,
1509 1561 1803 1605 litontificatusprae-

1047 1612 1134 1644 libati
1165 1613 1358 1646 sanctissimi
1394 1614 1517 1646 domini
1553 1615 1654 1648 nostri
1698 1615 1803 1659 Papae

1046 1677 1131 1699 anno
1152 1677 1198 1700 ΠΙ.

1072 1725 1155 1755 Pubt.
1180 1726 1226 1755 die
1246 1726 1263 1753 9
1284 1727 1380 1756 martii
1406 1728 1494 1764 1568,
1511 1727 1614 1766 pontif.
1637 1737 1713 1758 auno
1733 1737 1774 1758 111.

1343 1874 1503 1908 LXXXIX.

1022 1939 1200 1973 ‘Facultas
1233 1941 1358 1983 colleyt'i
1381 1942 1524 1983 fabricae
1550 1943 1584 1976 S.
1607 1944 1702 1977 Petri
1726 1955 1803 1988 apo-

1091 1994 1245 2026 stolorum
1258 1995 1422 2037 principis
1433 1997 1469 2028 de
1485 1996 1567 2029 Urbe
1589 1998 1674 2029 circa
1698 1998 1804 2041 Zeqata

1091 2057 1170 2089 quae
1193 2048 1278 2089 fiunt
1299 2050 1447 2082 ecclesiae
1468 2050 1507 2082 Β.
1530 2050 1657 2084 Mariae
1684 2051 1804 2085 Laure-

1092 2104 1200 2139 tutata,
1222 2102 1252 2133 si
1275 2103 1343 2134 eius
1365 2104 1513 2135 mt'm'strz'
1534 2105 1568 2136 in
1586 2104 1651 2136 illis
1671 2105 1803 2147 exiqen-

1090 2154 1140 2185 ctis
1160 2154 1284 2195 fuerint
1305 2157 1512 2199 ueqlt'ffentes.

1106 2226 1167 2254 Pius
1181 2227 1251 2262 Papa
1267 2228 1294 2260 V,
1310 2229 1342 2255 ad
1357 2230 1519 2263 perpetuam
1535 2229 1574 2257 rei
1594 2230 1746 2258 memriam.

1090 2289 1136 2321 Ad
1162 2289 1297 2322 Romani
1319 2291 1483 2324 Pontificis
1504 2298 1627 2335 spectat
1657 2293 1803 2326 officium

1047 2344 1239 2385 opportunis
1252 2345 1419 2386 providere
1434 2346 1595 2387 remediis,
1606 2357 1645 2379 ne
1657 2347 1803 2380 ecclesiae

1047 2401 1077 2428 et
1097 2397 1159 2429 alia
1180 2398 1232 2440 pia
1250 2399 1331 2437 loca,
1353 2400 1543 2442 pracsertim
1565 2401 1728 2435 Romanae
1740 2402 1800 2435 Ec-

1048 2450 1154 2483 clesia}
1175 2451 1359 2485 immediate
1372 2453 1528 2493 subiecta,
1552 2459 1581 2486 et
1599 2455 1803 2488 inhonorem

1046 2504 1298 2546 gloriosissimae
1319 2506 1373 2537 Dei
1390 2506 1560 2539 Genitricis
1570 2507 1726 2547 dedicata,
1738 2508 1804 2541 suis

1047 2562 1110 2589 tan]
1133 2559 1355 2601 spiritualilnts
1375 2570 1472 2601 quant
1494 2562 1728 2604 temporalibus
1748 2562 1803 2595 bo—

1049 2610 1108 2649 nis,
1138 2611 1322 2654 aliquorum
1358 2612 1480 2645 malitia
1508 2614 1557 2646 vel
1584 2615 1800 2657 negligentia,

1048 2663 1253 2697 fraudentur.

1692 265 1755 299 659
1815 273 1866 300 An.
1885 274 1914 301 c.
1935 275 2001 302 1568

1845 1193 1957 1214 Decretum
1977 1196 2004 1215 ir-

1819 1225 1893 1245 filans.

1846 2306 1965 2329 Exordium,
