2237 3100
17 281 68 309 Au.
85 280 114 306 C.
135 279 202 307 ¹562

44 849 162 871 Exordium.

60 1663 206 1691 inquisitionis

23 1695 113 1716 otficium
121 1702 132 1715 a
142 1695 206 1715 Panto

22 1724 51 1746 111
67 1727 192 1748 institutum.

51 2155 100 2178 Eius
108 2157 207 2177 auctorit.

25 2189 138 2214 sugendam
168 2191 208 2208 sta*

24 2222 64 2242 init
79 2220 127 2242 Pius
144 2219 178 2241 tv.

71 2638 212 2669 inquisitores

31 2674 149 2700 procedere
167 2679 215 2700 pos-

32 2706 81 2726 unt
95 2704 158 2726 ettam
176 2709 214 2726 ex-

887 271 955 296 PIL'S
978 270 1009 294 IV
1033 270 1081 294 PP-

259 335 360 368 tianae.
383 333 476 365 loanni
495 334 608 364 sanetae
622 332 738 366 Priscae,
758 331 882 361 michaeli
907 334 969 361 san·
988 324 990 330 '

259 390 321 418 ctae
335 389 447 418 sabinae
462 396 565 418 summo
579 387 749 424 inquisitori.
760 387 892 415 Clementi
906 388 969 415 san·

259 445 320 473 ctae
338 444 440 473 mariae
472 445 505 473 de
533 443 663 476 Aracaeli.
686 449 717 471 ac
736 442 830 471 laccho
857 442 971 470 Sanctae

259 498 362 527 mariae
395 496 426 528 in'
452 499 591 528 cosmedin
621 497 768 527 titulorum
799 496 972 532 presbyteris

261 553 287 580 S.
306 553 336 581 it.
356 554 385 582 E.
412 554 605 589 cardinalibus,
636 559 717 588 super
745 549 835 579 officio
855 552 970 579 sanctae

259 608 447 643 inquisitionis
475 603 634 637 haereticae
663 605 818 643 pravitatis
840 605 869 633 in
898 605 972 632 alma

259 663 327 693 Urbe
354 665 383 692 et
400 664 464 692 tota
482 662 634 691 christiana
651 661 789 697 republica
809 660 950 695 deputatis
963 679 970 692 .

261 719 382 748 salntem
396 719 425 747 et
441 716 621 753 apostoticam
639 715 863 744 benedictionem.

260 790 431 825 Pastoralis
451 789 548 823 officii
568 799 699 829 munus,
722 788 803 821 sicut
823 787 970 828 Domino,

218 847 287 880 sine
307 843 428 878 meritis
455 844 583 884 nostris,
610 843 743 887 placuit,
766 843 970 883 sustinentes,

217 900 250 934 id
283 899 373 933 enixe
399 899 524 942 agimus
552 904 583 931 et
609 908 789 935 conamur,
810 908 846 931 ac
881 897 913 930 iu
941 897 971 929 id

218 954 306 988 omni
325 953 442 987 mentis
458 959 586 986 nostrae
611 951 729 991 studio,
755 951 971 985 sollicitudine

217 1019 255 1042 ac
284 1008 449 1051 diligentia
476 1006 715 1046 incumbimus,
738 1011 784 1045 ut,
812 1005 972 1049 pestiferis

217 1061 406 1095 haeresibus
431 1060 597 1105 repressis,
618 1070 698 1103 quas
718 1059 852 1091 humani
873 1070 970 1102 genc-

218 1115 262 1149 ris
280 1115 382 1148 hostis
402 1114 547 1148 excitavit
561 1142 568 1156 ,
591 1113 767 1146 catholicae
794 1112 868 1145 fidei
889 1112 971 1145 inte-

218 1169 316 1213 gritas
336 1175 367 1203 et
386 1169 582 1202 orthodoxae
608 1166 774 1210 religionis
800 1167 906 1199 cultus
925 1166 971 1198 vi-

218 1228 302 1266 geat,
320 1228 350 1256 et
377 1223 445 1267 qui,
467 1221 626 1255 diabolica
645 1221 759 1254 fraude
779 1220 914 1265 decepti,
933 1221 972 1253 ab

218 1276 360 1310 Ecclesia
370 1276 528 1310 catholica
538 1280 752 1315 recesserunt,
769 1275 809 1308 ad
825 1275 895 1308 eius
905 1285 973 1318 gre-

218 1330 331 1371 mium,
351 1331 513 1374 aspirante
532 1329 678 1369 Domino,
699 1335 901 1369 revocentur,
919 1334 974 1361 aut

219 1384 244 1418 si
260 1384 468 1429 pertinaciter
483 1383 515 1416 in
536 1383 723 1416 haeresibus
739 1383 804 1416 suis
819 1394 972 1427 perman-

218 1438 328 1479 serint,
340 1437 455 1471 debitis
470 1436 575 1470 affecti
590 1437 713 1481 poenis,
724 1442 848 1470 ceteros
869 1447 975 1470 exem-

219 1492 273 1537 plo
294 1503 352 1526 suo
381 1503 399 1525 a
426 1491 523 1525 simili
548 1490 701 1535 pravitate
731 1490 973 1534 pertinaciaque

219 1546 414 1580 deterreant.

265 1601 280 1644 g
300 1600 332 1633 1.
355 1599 435 1633 Cum
459 1604 567 1632 autem
588 1609 717 1632 sacrum
737 1598 822 1631 istud
842 1597 976 1641 inquisi-

220 1653 317 1687 tionis
336 1653 519 1687 haereticae
544 1652 706 1697 pravitatis
736 1651 878 1685 officium
893 1679 900 1691 ,
924 1651 975 1684 cui

220 1708 376 1753 praeestiS,
412 1707 647 1752 sapientissime
671 1717 731 1739 nec
758 1706 826 1739 sine
851 1706 975 1738 divinae

221 1762 440 1807 providentiae
469 1761 625 1794 instinctu
652 1771 670 1793 a
698 1759 800 1794 felicis
827 1760 976 1792 recorda-

220 1816 317 1850 tionis
350 1816 450 1849 Paulo
483 1816 569 1859 Papa
589 1814 696 1854 tertio,
728 1813 976 1858 praedecessore

220 1876 342 1912 nostro,
364 1870 548 1904 institutum
578 1874 606 1902 et
637 1867 879 1901 successoribus
908 1867 978 1899 eius

221 1925 374 1969 deinceps
394 1928 617 1957 conservatum
636 1949 643 1963 ,
665 1927 790 1954 tantum
816 1920 977 1953 Ecclesiae

220 1978 277 2013 Dei
297 1979 468 2012 utilitatem
488 1977 647 2017 attulerit,
665 1982 700 2009 ut
719 1986 793 2008 vere
813 1986 868 2007 arx
883 1985 978 2018 quae-

222 2034 295 2067 dam
316 2032 482 2076 religionis
507 2030 664 2075 appellari
686 2029 797 2074 possit.

266 2088 281 2131 g
300 2087 332 2120 2.
355 2087 428 2127 Nos,
454 2096 551 2129 quam
577 2084 654 2117 utile
681 2083 711 2115 id
733 2083 791 2123 sit,
814 2082 978 2126 ac·potius
998 2091 999 2106 ³

222 2151 320 2185 quam
346 2141 486 2173 salutare
519 2150 556 2172 ac
586 2137 804 2171 necessarium
831 2136 880 2168 his
905 2146 977 2179 gra-
999 2150 1000 2153 ¹

222 2194 358 2228 vissimis
377 2192 578 2237 temporibus
602 2192 814 2230 attendentes,
838 2194 977 2234 potesta·
999 2214 1000 2219 ,

222 2254 287 2282 tem
326 2248 395 2281 eius
432 2257 497 2280 non
536 2246 632 2279 modo
671 2244 927 2278 confirmandam
961 2255 978 2276 a

224 2362 259 2390 ut
278 2361 366 2390 tanto
400 2354 503 2389 maior
529 2366 565 2388 cx
590 2364 628 2387 eo
654 2353 692 2385 ad
719 2351 893 2385 Ecclesiam
922 2352 977 2385 Dei
998 2367 1000 2388 ρ

224 2410 391 2455 pervenire
421 2409 519 2454 possit
550 2407 688 2447 utilitas,
723 2410 842 2449 quanto
877 2406 977 2439 maio-

1012 323 1202 367 religionem
1219 320 1374 360 studium,
1393 317 1542 352 eximiam
1560 316 1766 362 prudentiam

1012 389 1049 411 ac
1078 387 1237 410 summam
1266 373 1481 417 diligentiam,
1505 382 1558 404 vos
1578 376 1766 414 ceterosque

1011 442 1093 476 quos
1113 431 1266 474 deinceps
1291 428 1380 462 robis
1400 426 1493 465 addi,
1516 430 1570 458 aut
1594 424 1767 458 succedere

1012 485 1044 518 in
1066 485 1179 518 eodem
1201 483 1307 517 officio
1336 480 1527 525 contigerit,
1550 479 1583 512 in
1602 479 1663 512 hac
1684 478 1768 511 alma

1013 540 1110 579 L'rbc,
1133 544 1298 581 tamquam
1320 534 1513 570 christianae
1534 533 1699 576 religionis
1718 542 1768 565 ca-

1014 593 1088 637 pite,
1102 592 1283 626 haereticae
1299 589 1462 636 praxjitatis
1475 587 1692 632 inquisitores,
1704 596 1768 619 non

1013 658 1071 691 per
1090 647 1212 680 Italiam
1233 646 1341 686 modo,
1362 645 1417 678 sed
1433 644 1528 677 etiam
1543 647 1631 676 extra
1645 640 1768 674 Italiam

1013 711 1071 745 per
1091 712 1203 734 omnes
1228 699 1392 734 christiani
1414 697 1555 732 nominis
1574 694 1766 740 provincias,

1014 755 1163 798 regiones
1193 760 1222 787 et
1247 755 1339 794 loca,
1371 751 1548 797 apostolica
1567 749 1768 787 auctoritate,

1014 815 1125 842 tenore
1147 808 1365 852 praesentium
1379 834 1386 847 ,
1410 812 1500 839 motu
1527 803 1669 849 proprio,
1691 813 1768 836 con-

1014 863 1183 896 firmamus
1196 868 1238 903 et,
1257 868 1417 906 quatenus
1444 871 1526 903 opus
1547 858 1605 899 sit,
1628 858 1667 891 de
1688 867 1769 890 novo

1014 916 1241 950 constituimus
1275 921 1304 948 et
1334 915 1539 959 deputamus,
1563 913 1644 946 etin
1670 923 1768 956 quos—

1014 982 1155 1015 cumque
1189 970 1391 1003 Lutheranae
1404 996 1411 1009 ,
1443 968 1667 1011 Zuinglianae‚
1702 968 1771 1001 Cal-

1012 1025 1169 1065 vinianae,
1185 1024 1467 1068 Anabaptistarum
1484 1028 1513 1055 et
1532 1022 1669 1054 aliarum
1689 1032 1769 1065 qua-

1658 251 1721 286 ⁶237
1780 260 1831 287 An.
1849 259 1878 286 c.
1899 258 1967 286 ¹562

1783 328 1815 345 tra
1837 324 1915 345 nattam
1946 328 1967 345 et

1783 360 1857 377 contra
1904 362 1966 383 quas-

1783 393 1871 414 cumque
1887 393 1966 414 perso-

1783 425 1828 439 nas.

1014 1079 1134 1111 rumvis
1154 1079 1325 1111 haeresum
1347 1082 1538 1116 sectatores,
1561 1081 1614 1108 aut
1637 1075 1732 1108 etiam
1754 1086 1770 1107 a
1797 1089 1799 1091 ¹

1014 1132 1076 1165 fide
1111 1137 1287 1176 apostatas,
1324 1142 1382 1164 seu
1416 1129 1577 1172 sortilegia
1610 1129 1771 1162 haeresim

1014 1186 1126 1229 quovis
1147 1186 1244 1219 modo
1256 1183 1436 1218 redolentia
1448 1182 1698 1223 committentes,
1716 1193 1771 1216 eo-

1014 1251 1154 1283 rumque
1175 1240 1317 1273 fautores
1338 1244 1367 1271 et
1388 1237 1584 1277 defensores,
1608 1247 1665 1270 seu
1686 1236 1774 1270 auxi-

1014 1293 1094 1326 lium
1106 1294 1168 1326 illis
1181 1321 1188 1334 ,
1212 1292 1385 1327 consilium
1406 1297 1461 1324 aut
1481 1291 1633 1330 savorem,
1652 1290 1772 1324 directe

1014 1348 1063 1380 vel
1074 1347 1240 1383 indirecte,
1252 1347 1359 1391 palam
1374 1346 1422 1378 vel
1435 1345 1572 1384 occulte,
1584 1344 1772 1388 impartien-

1015 1408 1073 1442 tes,
1085 1402 1321 1444 cuiuscumque
1331 1399 1460 1442 gradus,
1470 1398 1602 1438 ordinis,
1614 1397 1771 1431 conditio-

1015 1456 1065 1489 nis
1074 1455 1273 1499 etdignitatis
1283 1454 1354 1493 sint,
1365 1453 1461 1486 etiam
1478 1452 1502 1486 si
1514 1452 1702 1497 episcopali,
1720 1463 1772 1485 ar-

994 1525 995 1555 g
1017 1509 1258 1553 chiepiscopali,
1272 1506 1446 1552 primatiali
1459 1512 1489 1539 et
1504 1505 1712 1550 patriarchali
1727 1505 1773 1538 di-

994 1564 995 1570 ’
1017 1563 1135 1606 gnitate
1151 1569 1203 1596 aut
1227 1562 1444 1596 cardinalatus
1464 1561 1588 1593 honore
1613 1559 1675 1592 sint
1694 1569 1774 1603 prae-

1017 1617 1093 1657 diti,
1134 1622 1229 1661 atque
1258 1615 1314 1649 etsi
1341 1615 1430 1658 regia
1455 1613 1608 1657 dignitate
1635 1614 1774 1657 praesul—

1017 1676 1122 1713 geant,
1138 1668 1333 1714 inquirendi,
1350 1674 1379 1702 et
1396 1673 1508 1701 contra
1524 1678 1579 1701 eos
1595 1667 1774 1700 secundum

1018 1735 1126 1758 sacros
1146 1735 1287 1758 canones
1316 1728 1371 1756 aut
1400 1722 1556 1766 speciales
1576 1721 1775 1754 constitutio-

1019 1789 1074 1812 nes
1105 1779 1153 1812 vel
1194 1778 1318 1811 indulta
1338 1783 1369 1810 et
1389 1775 1554 1821 privilegia
1580 1775 1772 1819 apostolica,

1019 1832 1261 1876 quomodolibet
1292 1831 1381 1864 robis
1414 1830 1461 1864 vel
1495 1829 1705 1863 inferioribus
1725 1829 1774 1862 in-

1019 1886 1230 1931 quisitoribus
1246 1885 1508 1930 quibuscumque
1525 1894 1690 1925 concessa,
1701 1893 1774 1928 pro-

998 1959 999 1965 =
1020 1940 1166 1974 cedendi.

1064 1996 1078 2038 ξ
1097 1995 1129 2028 4.
1152 1995 1195 2027 Ac
1209 2005 1275 2034 eos,
1289 1999 1517 2038 praeterquam
1539 1992 1571 2024 in
1587 1991 1774 2035 episcopali,

998 2062 999 2087 i
1020 2047 1308 2093 archiepiscopali,
1332 2046 1506 2092 primatiali
1530 2045 1775 2089 patriarchalive

998 2113 1000 2121 ‘
1021 2102 1172 2145 dignitate
1194 2101 1394 2141 constitutos,
1416 2099 1632 2133 cardinalesrc
1648 2104 1704 2132 aut
1722 2109 1774 2131 re-

998 2174 1000 2197 ς
1020 2156 1082 2199 gali
1102 2157 1227 2189 honore
1247 2154 1421 2199 praeditos,
1444 2164 1584 2197 quorum
1606 2162 1718 2185 causas
1738 2163 1776 2185 si-

998 2322 1000 2362 l
1020 2329 1134 2352 eorum
1154 2318 1262 2357 suerit,
1285 2317 1378 2350 nobis
1398 2321 1429 2349 ct
1448 2314 1691 2348 successoribus
1715 2324 1774 2347 no-

998 2373 1105 2413 ystris,
1136 2378 1308 2416 postquam
1339 2380 1510 2414 processus
1539 2380 1597 2413 per
1617 2379 1671 2402 vos
1702 2368 1775 2402 sacti

997 2417 1000 2463 i
1020 2432 1049 2460 et
1071 2426 1199 2460 formati
1223 2435 1326 2469 usque
1355 2424 1394 2457 ad
1415 2423 1605 2456 sententiam
1635 2421 1775 2455 diffiniti-

224 2475 293 2498 rssffl
313 2465 352 2498 ab
372 2463 556 2509 APOStOhCa
575 2461 655 2495 sede
675 2465 899 2493 auetomatem
920 2461 977 2493 ha·
998 2464 1000 2521 i
1020 2487 1089 2509 vam
1111 2475 1269 2509 exclusive
1289 2474 1428 2515 suerint,
1451 2472 1654 2506 diffiniendas
1674 2483 1776 2506 rescr-

224 2518 342 2552 buerit.

226 2686 366 2715 vestrum
387 2679 533 2714 onmium
554 2677 716 2722 singulare
737 2677 769 2710 in
785 2676 979 2709 catholicam

998 2522 1000 2540 l
1031 2538 1036 2542 ,
1120 2538 1130 2544 Ἰ

270 2573 286 2616 ἓ
310 2572 341 2606 3.
370 2573 490 2616 ltaque,
508 2575 713 2615 perspectum
740 2574 836 2612 atque
869 2567 978 2612 explo-
998 2545 1001 2621 ἰ
1020 2538 1141 2560 mmm·

226 2631 332 2660 ratum
352 2626 507 2659 habentes
527 2625 559 2657 in
579 2624 638 2657 isto
659 2633 795 2656 munere
816 2622 979 2665 fungendo
997 2647 1005 2730 l

1065 2576 1080 2619 ξ
1099 2576 1130 2609 5.
1153 2575 1347 2618 Ceterosque
1368 2574 1400 2606 in
1419 2573 1563 2606 inferiori
1579 2573 1680 2616 gradu
1697 2582 1775 2605 con-

1022 2625 1147 2657 stitutos
1180 2624 1341 2668 praelatos
1376 2628 1407 2656 et
1439 2623 1518 2656 alias
1551 2632 1774 2666 quascumque

1816 2006 1894 2027 Contra
1925 2005 1973 2033 epi-

1790 2044 1876 2065 scopos,
1893 2038 1974 2058 archie-

1791 2071 1898 2096 piscopos,
1930 2069 1974 2095 pri-

1790 2104 1857 2121 mates
1867 2104 1887 2121 et
1904 2100 1976 2120 curdi-

1755 2152 1761 2157 ,
1790 2132 1850 2152 nates
1857 2132 1975 2158 procedere

1790 2165 1976 2190 possunt,senten-

1790 2199 1879 2215 tizevero
1891 2194 1974 2215 Summo

1021 2210 1086 2243 cuti
1106 2210 1194 2243 vobis
1215 2208 1455 2253 cognoscendas
1483 2206 1709 2250 relinquimus,
1732 2206 1775 2239 ita
1789 2225 1886 2247 Pomm„
1901 2230 1976 2246 reser-

293 2302 298 2308 ,
456 2301 461 2306 ,
895 2298 901 2303 ,
998 2254 1065 2304 isi,
1093 2264 1181 2308 quod
1210 2263 1311 2304 absit,
1343 2261 1609 2296 condemnandus
1636 2260 1774 2304 quisque
1789 2261 1871 2279 ‘³⁰²³‘-

223 2301 328 2343 nobis,
347 2302 401 2336 sed
421 2307 516 2335 etiam
539 2299 719 2344 augendam
741 2309 808 2331 esse
829 2298 978 2331 duximus
998 2299 1000 2319 ¹

1817 2589 1905 2610 Ceteros
1933 2593 1972 2610 att⁴

1791 2625 1833 2641 teni
1847 2621 1868 2641 in
1878 2620 1975 2641 interiori

1790 2652 1854 2678 gradu
1871 2652 1973 2672 constitu-

1022 2673 1254 2707 ecclesiasticas
1268 2672 1431 2716 laicasque
1457 2682 1622 2715 personas,
1645 2670 1774 2704 nemine
1790 2686 1823 2704 ιο»
1845 2686 1976 2710 pessume·
