2237 3100
242 237 274 267 C.
324 237 394 268 ¹570
451 234 518 270 824

1002 243 1182 268 BULLARIUM
1202 243 1352 269 ROMANUM

1962 250 2012 278 An.
2028 251 2057 279 C.
2073 249 2142 279 137⁰

406 302 515 341 luerit,
536 300 580 341 id,
602 297 756 343 quicquid
776 297 825 337 sit,
845 296 1047 340 procuratori
1062 307 1157 340 gene·
1196 309 1310 340 causa,
1345 300 1521 343 superioris
1546 301 1698 343 arbitrio,
1725 305 1842 348 poterit
1868 315 1946 339 eon·
1962 317 2028 337 «urin
2037 319 2145 339 conventu

405 356 465 390 rali
485 354 611 389 Ordinis
634 352 805 389 tribuatur,
837 355 872 382 ut
898 350 937 382 ad
966 350 1155 384 levationem

406 419 543 450 onerum
576 405 721 439 omnium
756 403 929 446 Religionis
958 405 1154 446 conseratur,

406 463 518 497 eodem
538 464 758 505 procuratore,
777 462 987 501 acceptorum
999 463 1030 491 et
1041 469 1157 502 expen-

405 526 515 551 sorum
545 514 701 547 rationem
727 512 829 556 priori
853 512 996 554 generali
1022 513 1155 546 01111111-

404 566 754 603 nitoribusreddituro.
771 565 933 605 Ceterum,
948 576 1060 599 omnes
1072 577 1088 598 a
1101 566 1156 599 de-

404 633 473 656 cem
494 621 586 654 annis
603 619 753 663 promoti,
777 630 889 652 rursus
904 629 962 662 per
987 619 1105 663 probos
1127 625 1157 653 et

404 676 537 709 idoneos
556 674 653 713 viros,
676 684 693 706 a
709 673 817 717 priore
834 672 1017 717 generaliin
1027 684 1155 717 quaque

403 728 567 773 provincia
587 727 840 767 constituendos,
867 726 1103 765 examinentur3
1126 733 1157 761 et

402 782 458 827 qui
479 783 590 815 saltem
612 780 767 814 mediocri
788 780 920 816 scientia
941 780 973 812 in
993 780 1155 823 theologia

403 836 539 882 praediti
558 834 678 879 reperti
703 844 767 867 non
787 833 918 874 fuerint,
941 845 1002 867 usu
1019 840 1050 867 et
1065 845 1154 868 exer-

403 890 478 925 citio
502 889 621 933 gradus
645 888 900 932 suspendantur,
932 898 991 920 nec
1020 888 1156 921 debeant

403 943 569 989 privilegio
589 942 707 986 gradus
724 941 911 975 huiusmodi
926 941 1078 984 gaudere.
1096 941 1154 975 Ca-

403 1002 496 1031 veant
516 1002 682 1041 praeterea
708 996 892 1039 superiores
912 995 1073 1028 licentiam
1097 996 1154 1029 ulli

403 1051 492 1085 fratri
514 1050 692 1084 concedere
709 1054 744 1082 ut
758 1049 797 1082 ad
818 1049 943 1093 aliquos
959 1048 1088 1082 ordines
1104 1061 1153 1083 sa-

403 1115 475 1138 cros
498 1104 561 1137 sive
582 1104 721 1136 maiores
735 1103 798 1136 sive
817 1103 957 1136 minores
972 1104 1154 1147 promoveri

402 1158 511 1203 possit,
531 1157 591 1191 nisi
612 1157 665 1189 ille
692 1157 724 1190 in
751 1162 853 1190 aetate
875 1156 1018 1200 legitima
1039 1157 1155 1191 consti-

402 1218 491 1245 tutus
514 1217 545 1245 et
564 1211 731 1244 literatura
751 1210 791 1243 ad
811 1221 866 1243 eos
885 1211 1041 1255 requisita
1060 1222 1154 1255 prae-

402 1266 488 1299 ditus
507 1265 558 1306 sit,
580 1265 762 1308 habeatque
782 1264 890 1297 onmia
917 1275 1001 1308 quae
1019 1275 1037 1297 a
1057 1265 1156 1298 saeris

403 1319 585 1353 canonibus
595 1317 866 1361 regulariluisque
882 1318 1035 1351 institutis
1046 1318 1155 1362 requi-

403 1378 538 1413 runtur3
565 1372 658 1405 aliter
684 1377 854 1415 promotus
878 1372 918 1404 ab
945 1382 1079 1406 suorum
1105 1383 1156 1405 or-

405 1426 519 1460 dinum
547 1425 736 1459 executione
763 1426 991 1468 suspendatur,
1013 1425 1154 1458 etlicen-

402 1480 480 1514 tiam
502 1479 684 1513 concedens
704 1478 810 1512 officio
828 1478 1022 1523 deponatur,
1049 1484 1079 1511 et
1101 1489 1157 1522 per

402 1533 590 1568 sexennium
602 1531 752 1565 inhabilis
764 1532 920 1565 adomnia
929 1532 1157 1565 ofliciahabea-

401 1595 464 1624 tur.
483 1587 545 1623 Sed
560 1592 591 1621 et
603 1592 710 1620 nostra
731 1586 927 1628 constitutio,
946 1598 1009 1632 qua
1025 1592 1157 1620 cavetur

401 1656 442 1679 ne
462 1645 534 1688 quis
554 1645 723 1689 regularis,
747 1649 819 1677 ante
840 1643 991 1676 emissam
1011 1653 1029 1675 a
1049 1653 1081 1674 se
1103 1653 1155 1675 ex-

402 1710 545 1743 pressam
579 1698 811 1743 professionem
828 1698 1022 1740 regularem,
1045 1696 1084 1729 ad
1107 1707 1157 1729 sa-

403 1763 475 1786 cros
495 1753 623 1786 ordines
648 1752 830 1796 promoveri
851 1752 971 1796 possit,
993 1750 1158 1783 inviolabi-

403 1806 476 1840 liter
496 1806 695 1840 observetur.

447 1859 535 1904 gisi.
563 1859 751 1894 Sacerdotes
775 1859 815 1891 ad
841 1858 1018 1892 audiendas
1042 1869 1157 1902 pecca-

239 1925 388 1948 cnnressorum
403 1920 511 1948 torum
533 1913 751 1947 consessiones
765 1913 947 1953 ordinandi,
965 1912 1038 1953 vita,
1062 1911 1158 1944 mori-

206 1957 318 1985 v¹⁸¹¹¹⁰¹⁰³
403 1967 463 2001 bus
483 1972 514 2000 et
534 1967 700 2000 literatura
728 1966 853 2009 probati
882 1971 924 2005 01,
951 1966 1059 2009 quoad
1086 1976 1157 1998 mu-

403 2021 511 2062 lieres,
526 2021 636 2054 aetatis
646 2020 1013 2064 provectaehabeantur.
1025 2020 1059 2052 In
1071 2018 1158 2052 omni

403 2076 500 2109 domo
520 2074 705 2108 huiusmodi
727 2074 909 2107 sacerdotes
933 2085 969 2106 ex
994 2073 1159 2117 praedicto

404 2128 522 2163 Ordine
547 2128 792 2167 constituantur,
808 2127 927 2170 quibus
947 2132 977 2159 et
994 2137 1059 2159 non
1075 2126 1156 2166 aliis,

404 2184 519 2216 fratres
538 2193 650 2216 omnes
675 2187 807 2226 peccata
837 2192 894 2214 sua
921 2181 1059 2214 debeant
1085 2191 1160 2213 con-

407 2236 502 2270 fiteri.

450 2291 465 2334 g
489 2290 542 2324 ‘l7.
570 2290 698 2324 Priores
725 2299 837 2322 omnes
871 2299 1038 2332 nunquam
1077 2290 1160 2322 ultra

237 2363 330 2384 Priorum
345 2363 393 2384 „ffi⁴
407 2344 574 2377 biennium
590 2344 720 2384 durent,
732 2344 785 2377 sed
800 2342 1060 2382 bienniosuncto‚
1074 2343 1159 2386 ipso-

207 2395 393 2448 fflR'L'fflissfflflum
408 2409 481 2431 rum
501 2397 644 2431 officium
669 2403 774 2438 vacet3
805 2408 865 2431 nec
891 2397 930 2429 ad
956 2396 1105 2449 illudmet
1129 2397 1161 2428 in

409 2447 522 2480 eodem
543 2452 699 2481 conventu
713 2447 743 2478 in
760 2457 897 2490 sequens
914 2451 1062 2489 protinus
1073 2446 1162 2479 bien-

410 2496 501 2529 nium
522 2508 634 2530 rursus
655 2496 806 2529 constitui
827 2495 961 2539 possint.

456 2545 543 2589 548.
566 2546 650 2578 Nulli
675 2546 749 2579 item
781 2545 870 2577 fratri
891 2544 922 2577 in
948 2544 1061 2577 eodem
1089 2555 1162 2577 con-

212 2591 275 2648 11111ῗὶ
290 2591 397 2650 Μξῗξζῗζζ
411 2599 507 2627 ventu
528 2594 739 2637 plusbiennio
756 2605 886 2628 manere
902 2594 1007 2634 liceat;
1024 2593 1164 2636 exceptis

210 2660 276 2682 ,pnes
312 2660 399 2677 moren-
412 2643 619 2687 sexagenario
640 2643 827 2684 maioribus,
849 2643 967 2687 quibus
986 2642 1107 2687 aliquid
1128 2654 1164 2676 ex

1197 352 1322 387 donari.
1961 349 2044 370 ⁰⁰d0m·

1241 408 1255 451 ,ξ
1276 408 1328 441 19.
1346 408 1391 441 Ad
1411 409 1502 450 haee,
1525 410 1635 442 nullus
1655 410 1786 444 omnino
1799 412 1946 455 priorum
1971 422 2044 444 Forma
2058 422 2144 443 admini-

1197 461 1508 496 administrationem
1523 463 1685 496 bonorum
1702 469 1732 497 et
1746 464 1883 498 aliarum
1899 477 1947 500 re-
1962 455 2144 507 {ssss‘f¹¹‘¹¹⁰⁰¹¹'⁰¹¹'

1197 526 1286 556 rum,
1313 516 1650 561 dispensationemque
1675 518 1889 561 pecuniarum
1919 524 1950 553 et

1197 569 1382 604 reddituum
1393 582 1469 604 suae
1480 571 1607 612 domus,
1626 572 1721 605 etiam
1731 573 1861 606 nomine
1873 583 1956 606 eon--

1196 630 1317 663 ventus,
1335 635 1392 667 per
1411 624 1551 669 seipsum
1574 626 1692 659 habere
1709 626 1771 659 sive
1785 637 1947 669 exercere,

1196 678 1243 710 vel
1264 688 1331 711 sese
1353 678 1384 710 in
1406 678 1450 712 eis
1462 679 1668 723 interponere
1684 680 1795 724 possit,
1809 680 1863 714 sed
1878 680 1951 714 uni-

1195 742 1322 765 versum
1342 732 1373 765 id
1395 744 1477 767 onus
1496 734 1600 767 tribus
1626 735 1785 777 religiosis
1811 746 1828 768 a
1847 735 1948 779 priori

1194 787 1336 828 generali
1353 787 1395 819 ita
1411 787 1634 828 demandetur,
1652 793 1688 821 ut
1701 788 1826 832 primus
1839 799 1949 822 rerum

1195 845 1225 873 et
1236 839 1396 873 bonorum
1412 841 1720 885 inserendorumque
1740 842 1773 874 in
1790 853 1860 875 eam
1876 842 1949 875 red-

1195 894 1321 926 dituum
1336 906 1448 927 curam
1464 895 1597 935 habeat3
1615 895 1706 936 alter,
1720 900 1885 939 tamquam
1897 896 1952 929 de-

1194 948 1389 991 positarius,
1431 949 1586 992 pecunias
1615 959 1651 982 ac
1685 955 1790 982 cetera
1823 949 1862 982 ab
1894 949 1949 983 illo

1194 1002 1367 1045 importata
1392 1002 1530 1036 fideliter
1553 1008 1709 1043 asservet;
1738 1003 1882 1046 reliquus
1911 1003 1950 1036 de

1195 1056 1342 1099 pecuniis
1371 1062 1401 1089 01
1429 1057 1526 1090 rebus
1558 1068 1575 1090 a
1604 1057 1799 1101 depositario
1831 1057 1947 1100 captis,

1195 1109 1296 1154 priori
1316 1116 1346 1143 et
1362 1110 1516 1144 fratribus
1537 1122 1573 1144 ac
1594 1111 1705 1144 domui
1723 1111 1891 1144 universae
1911 1111 1951 1145 de

1195 1164 1394 1205 necessariis,
1417 1165 1513 1198 veluti
1534 1165 1744 1209 dispensator,
1766 1165 1948 1209 provideat,

1195 1218 1366 1251 mandante
1383 1219 1571 1263 tamenipso
1587 1219 1708 1263 priore,
1739 1218 1795 1262 qui
1821 1218 1950 1252 unicui-

1195 1283 1269 1315 que,
1285 1283 1349 1305 non
1361 1273 1540 1305 secundum
1551 1273 1722 1317 proprium
1734 1273 1885 1306 affectum
1896 1272 1951 1305 sed

1195 1326 1336 1359 caritatis
1360 1328 1505 1370 regulam
1531 1327 1693 1371 provideri
1714 1326 1850 1367 curabit,
1880 1326 1950 1360 offi-

1196 1379 1321 1413 ciorum
1338 1381 1524 1414 huiusmodi
1535 1381 1672 1414 invicem
1689 1380 1879 1414 confusione
1893 1390 1950 1425 pe-

1195 1434 1281 1467 nitus
1302 1435 1483 1468 interdicta.

1239 1489 1254 1532 ξ
1279 1488 1331 1522 91).
1372 1489 1539 1530 Ceterum,
1567 1490 1588 1522 ii
1627 1494 1692 1523 tres
1714 1494 1779 1522 tam
1813 1488 1950 1533 impensi
1964 1522 2027 1544 deum
2059 1522 2149 1544 admini-

1196 1555 1293 1588 quain
1305 1544 1429 1587 accepti
1441 1543 1576 1587 singulis
1587 1543 1752 1577 mensibus
1767 1554 1826 1577 suo
1838 1543 1950 1588 priori,
1966 1555 2078 1589 strationis
2117 1559 2152 1574 n-

1196 1597 1347 1630 adhibitis
1368 1597 1463 1630 etiam
1477 1598 1604 1630 duobus
1616 1597 1664 1630 vel
1680 1597 1784 1630 tribus
1800 1597 1952 1631 fratribus
1965 1588 2042 1606 ¹¹⁰”⁰⁵'

1197 1651 1340 1684 eiusdem
1368 1652 1483 1684 domus
1504 1651 1745 1694 probatioribus
1773 1662 1951 1696 rerumque

1196 1712 1257 1733 usu
1278 1701 1401 1744 peritis;
1428 1701 1543 1734 deinde
1564 1701 1699 1744 ipsemet
1714 1712 1839 1741 rursus,
1856 1711 1951 1745 prae-

1197 1751 1343 1784 sentibus
1362 1751 1471 1794 priore
1482 1756 1513 1784 et
1526 1750 1638 1794 peritis
1651 1750 1836 1794 praedictis,
1850 1750 1951 1795 priori

1197 1801 1339 1843 generali
1364 1801 1411 1833 vel
1438 1800 1628 1844 provinciali
1652 1801 1701 1833 vel
1720 1800 1950 1841 visitatoribuS,

1197 1851 1470 1893 quotiescumque
1508 1849 1696 1882 visitationis
1727 1849 1873 1883 osticium
1905 1850 1952 1882 fe-

1198 1900 1326 1940 cerint;
1348 1899 1487 1943 denique
1511 1899 1579 1942 ipse
1604 1899 1695 1942 prior
1728 1898 1888 1941 generalis
1920 1899 1954 1932 in

1198 1949 1285 1981 omni
1320 1948 1468 1992 proximo
1489 1948 1629 1992 capitulo
1663 1947 1818 1991 generali,
1841 1949 1952 1981 saltem

1199 2009 1308 2031 coram
1334 1999 1437 2032 tribus
1462 1997 1625 2030 iudicibus
1650 1998 1689 2030 ab
1715 1996 1785 2041 ipso
1810 1997 1953 2042 capitulo

1199 2048 1380 2081 constitutis
1399 2074 1406 2087 ,
1443 2048 1574 2080 illorum
1606 2046 1754 2080 omnium
1790 2051 1821 2079 et
1857 2046 1953 2080 etiam

1199 2097 1368 2131 universae
1387 2095 1675 2130 administrationis
1695 2106 1784 2137 suae,
1802 2100 1867 2128 tam
1893 2107 1953 2140 pu-

1198 2147 1282 2180 blice
1304 2158 1401 2191 quam
1423 2147 1555 2191 private,
1580 2145 1736 2179 rationem
1757 2145 1893 2179 reddere
1905 2150 1953 2179 te-

1200 2203 1327 2230 nentur.

1245 2248 1259 2288 ,ξ
1280 2246 1332 2279 21.
1362 2245 1522 2279 Pecuniae
1542 2255 1655 2278 omnes
1676 2249 1707 2277 et
1726 2254 1954 2287 quaecumque
1994 2263 2073 2284 „oum
2088 2265 2151 2290 mm,

1200 2288 1280 2328 aliae
1302 2306 1353 2329 res
1372 2294 1568 2338 cuicumque
1601 2293 1761 2337 privatim,
1786 2293 1882 2326 etiam
1902 2292 1953 2325 in·
1967 2294 2150 2347 22}}5?“..„.‘12³²,'33

1200 2347 1282 2379 tuitu
1320 2356 1478 2390 personae
1497 2371 1504 2384 ,
1543 2344 1775 2387 undecumque
1817 2342 1953 2376 donatae
1967 2332 2096 2384 perminus.

1202 2396 1264 2428 sive
1289 2395 1420 2428 relictae
1440 2393 1572 2431 suerint,
1595 2392 1769 2436 superiori,
1797 2392 1952 2424 horarum

1201 2445 1453 2488 vigintiquatuor
1469 2442 1647 2481 intervallo,
1660 2442 1883 2481 exhibeantur,
1897 2441 1952 2484 qui

1203 2495 1272 2527 illas
1293 2494 1397 2527 statim
1416 2492 1611 2536 depositario
1627 2491 1817 2530 committat,
1835 2495 1866 2522 et
1879 2489 1954 2523 inde

1203 2549 1310 2577 tamen
1331 2542 1501 2576 exhibitori
1521 2540 1696 2574 ministrari
1720 2540 1837 2579 iubeat,
1849 2549 1953 2582 quan,-

1203 2598 1270 2625 tum
1301 2593 1346 2626 rei
1375 2591 1593 2625 convenientis
1608 2599 1759 2635 praesens
1780 2588 1954 2622 necessitas

1202 2642 1361 2676 videbitur
1386 2642 1560 2686 postulare.

2007 1491 2080 1513 Forma
2099 1491 2150 1513 red-

2225 309 2237 586 .=4.—⁴⁴.⁷—·‘—*2.L».J
2235 278 2237 282 .
2235 228 2237 238 a
