2237 3100
200 259 249 284 An.
267 258 296 285 C.
315 257 382 285 ¹569

246 900 306 921 Fides
325 903 382 921 trau-

201 936 336 958 nimptorum.

230 1826 317 1853 Quidam
328 1831 386 1851 prae-

204 1859 260 1879 sules
281 1858 387 1878 ecclesia-

205 1896 248 1910 rum
273 1887 386 1915 Rispaniae

204 1921 337 1948 publicabant
352 1920 387 1940 ali—

205 1954 253 1979 quid
282 1952 387 1972 solxenti-

205 1985 243 2004 bus
276 1983 385 2008 indulgeu-

205 2016 244 2035 iias
261 2018 280 2034 et
297 2014 387 2034 tacuna-

204 2046 389 2070 tenettgeudicon·

205 2078 299 2098 tessoies
315 2080 351 2097 et«.

396 310 495 343 dultis
510 315 541 342 et
555 309 670 342 litteris
690 308 875 351 apostolicis
890 307 1056 350 quibusvis
1074 317 1146 349 per-

396 363 495 403 sonis,
518 363 550 395 in
562 373 679 405 genere
691 362 737 393 vel
752 361 783 393 in
795 360 914 404 specie,
942 360 1146 403 quomodoli-

396 417 449 449 bet
468 416 640 455 concessis,
662 414 873 453 confirmatis,
901 414 1087 458 approbatis
1117 419 1144 446 et

397 469 575 505 innovatis:
599 468 716 511 quibus
738 467 901 507 omnibus,
939 466 1035 499 etiam
1057 467 1082 499 si
1108 467 1146 499 de.

397 524 461 555 illis
481 532 660 564 eorunque
681 521 755 553 totis
775 520 944 553 tenoribus
964 520 1115 563 specialis
1138 546 1144 559 ,

396 576 566 620 speeiiita,
589 585 739 619 expressa
763 579 794 606 et
822 574 990 607 individua
1025 573 1148 607 mentio

396 629 544 661 habenda
564 628 658 668 soret,
681 634 810 661 tenores
834 627 1022 661 huiusmodi
1058 638 1149 671 prae-

396 682 541 715 sentibus
558 692 617 725 pro
637 682 796 725 expressis
813 681 981 722 habentes,
997 681 1058 713 illis
1071 680 1149 713 alias

398 736 431 768 in
451 746 508 768 suo
526 735 643 768 robore
656 735 890 778 permansuris,
904 735 963 767 liae
978 735 1046 767 viee
1058 735 1150 767 dum-

396 794 492 829 taxat,
515 789 701 832 specialiter
721 794 751 821 et
772 800 921 832 expresse
943 789 1149 831 derogamus,

397 842 580 886 ceterisque
601 842 772 875 contrariis
793 843 1067 886 quibuscumque.

442 896 457 940 ἓ
476 896 507 929 5.
529 897 684 930 Volumus
704 902 811 929 autem
829 897 916 940 quod
929 895 1149 940 praesentium

399 951 610 994 transumptis
630 955 687 984 etc.

442 1003 527 1036 Nulli
549 1014 625 1047 ergo
646 1011 701 1037 etc.
725 1004 757 1038 Si
779 1004 852 1047 quis
873 1009 980 1036 autem
1005 1008 1061 1036 etr.

442 1057 556 1090 Datuin
579 1057 698 1091 Romae
719 1058 805 1102 apud
826 1058 857 1091 S.
880 1058 1033 1096 Petrum,
1066 1067 1151 1089 anno

399 1111 633 1144 incarnationis
654 1111 838 1144 dominicae
860 1111 1033 1144 millesimo
1054 1111 1150 1154 quin-

399 1165 578 1207 gentesimo
602 1165 801 1208 sexagesimo
822 1175 920 1206 nono,
952 1175 981 1198 xi
997 1165 1152 1197 kalmidas

400 1218 552 1259 ianuarii,
574 1219 781 1263 pontificatus
806 1220 905 1252 nostri
928 1230 1012 1252 anno
1034 1229 1074 1251 iv.

419 1277 481 1308 Dat.
497 1278 544 1307 die
560 1277 597 1308 22
612 1278 743 1308 decemb.
773 1278 855 1313 1560,
874 1278 977 1318 pontis.
998 1287 1075 1307 anno
1091 1286 1130 1307 tv.

740 1430 810 1462 CLl.

399 1497 584 1530 Proltibitio
601 1497 642 1529 ad
659 1501 822 1541 quaestum
840 1496 1030 1539 publicandi
1048 1494 1154 1528 imlnl-

442 1551 570 1594 yentias
588 1555 617 1584 et
642 1550 888 1592 confessionalia
918 1549 941 1581 ί.

487 1635 549 1664 Pius
569 1636 712 1671 episcopus
735 1642 831 1663 servus
851 1641 993 1663 servorum
1009 1634 1065 1667 Dei.

543 1690 577 1718 ad
595 1691 757 1725 perpetuam
771 1690 813 1718 tei
833 1689 1005 1717 memoriam.

444 1766 544 1806 Quam
566 1767 698 1810 plenum
711 1766 750 1797 sit
761 1766 898 1809 periculi
918 1766 1013 1798 noxia
1025 1766 1155 1809 populis

402 1816 561 1859 ingerere,
583 1816 722 1848 nimium
742 1815 792 1847 liis
812 1815 1013 1858 temporibus
1039 1815 1155 1847 aillieta

402 1865 517 1908 religio
537 1870 684 1902 testatur,
699 1864 786 1907 quod
804 1864 925 1896 malum
942 1875 1015 1896 eum
1035 1864 1067 1896 iu
1085 1875 1157 1897 ‹soe—

401 1915 479 1947 teris
499 1914 678 1951 ministris,
711 1918 777 1945 tum
800 1913 975 1956 praecipue
998 1913 1029 1944 in
1056 1914 1157 1946 eet-le-

402 1965 524 1997 siarum
559 1964 710 2008 praelatis
740 1963 1064 1995 animadvertendum
1096 1969 1154 2003 est,

402 2015 490 2057 quod
511 2014 550 2046 ab
570 2014 620 2046 his
640 2019 761 2046 temero
795 2012 941 2055 prosecta
962 2012 1057 2054 louge
1086 2024 1154 2045 ma-

402 2063 487 2095 xima
508 2063 670 2095 Ecclesiae
689 2062 744 2094 Dei
763 2062 929 2094 conserant
948 2061 1153 2094 detrimenta.

402 2112 481 2145 Rem
502 2123 577 2145 sane
598 2112 765 2153 indignam
778 2110 974 2149 audivimus,
989 2111 1075 2153 quod
1091 2122 1156 2143 non

403 2162 507 2194 solum
529 2161 695 2204 quondam
715 2159 881 2193 Gometius
902 2159 991 2191 Tello
1027 2160 1126 2193 Giron
1148 2187 1154 2197 ,

405 2210 622 2254 temporarius
642 2208 885 2242 administrator
919 2209 1075 2241 ecelesiae.
1096 2210 1157 2242 To-

405 2260 542 2299 lemnae,
565 2259 621 2291 sed
641 2258 738 2291 etiam
757 2257 889 2300 quidam
906 2257 1082 2300 Hispaniae
1105 2269 1157 2291 ee-

406 2309 578 2341 clesiarum
599 2307 777 2351 praesules,
800 2306 896 2339 officii
915 2307 1041 2349 paterni
1064 2318 1158 2349 prae-

408 2363 505 2398 textu,
536 2358 702 2390 facultates
731 2356 791 2389 sibi
813 2366 830 2388 a
850 2355 949 2388 saeris
979 2356 1159 2388 canonibus

407 2417 574 2439 concessas
594 2401 796 2445 excedentes,
818 2405 941 2437 litteras
961 2415 1034 2436 suas
1056 2404 1087 2436 in
1110 2405 1158 2448 ip-

408 2466 517 2488 sorum
538 2455 721 2488 civitatibus
742 2466 777 2487 ac
789 2453 993 2487 dioecesibus
1005 2453 1073 2485 ausi
1086 2460 1159 2487 sunt

446 2525 455 2549 1
475 2522 512 2548 Ad
529 2522 592 2549 haec
607 2522 666 2549 vide
681 2522 759 2548 etiam
776 2521 994 2548 constitutionem
1018 2528 1082 2552 xm,
1104 2522 1160 2547 Etsi

408 2570 541 2598 dominici,
553 2568 671 2602 pag 555
682 2567 760 2593 buius
776 2566 849 2593 tomi.
866 2581 894 2584 —
907 2563 955 2591 Hic
967 2564 1051 2591 obiter
1063 2565 1159 2592 obser-

409 2611 578 2639 vamushanc
589 2611 684 2638 buttam
696 2618 754 2638 esse
761 2611 815 2638 fere
825 2610 990 2637 iterationem
1004 2609 1081 2643 illius,
1094 2619 1161 2645 quae

406 2657 532 2694 superius
552 2657 638 2693 legere
653 2659 693 2683 est
707 2656 757 2682 sub
777 2666 806 2684 nu
821 2663 899 2683 cun
914 2661 952 2692 (n,
970 2657 1019 2693 τ.),

989 254 1167 278 BULLARIUM
1192 254 1343 277 ROMANUM

1188 306 1367 349 publicare,
1387 306 1517 349 quibus,
1532 307 1616 340 inter
1627 312 1733 340 cetera
1744 308 1939 351 periculosa,

1188 359 1447 402 deprehenditur
1464 360 1551 403 quod
1572 360 1767 403 cuicumque
1798 362 1868 394 illas
1892 372 1943 394 ao-

1189 412 1335 455 eipienti,
1359 419 1446 445 certa
1467 413 1571 445 soluta
1591 413 1742 456 pecunia,
1766 413 1890 447 licitum
1903 415 1944 447 sit

1190 476 1287 509 quem
1309 466 1445 499 voluerit
1468 467 1528 498 sibi
1552 478 1682 499 sumere
1711 468 1913 501 sacerdotem
1933 495 1940 508 ‚

1190 519 1259 562 qui,
1283 520 1483 553 confessione
1505 520 1626 561 audita,
1649 520 1756 563 ipsum
1780 521 1945 554 absolvere

1190 573 1314 613 valeat,
1351 584 1415 606 non
1452 574 1484 606 in
1516 573 1561 606 eis
1593 579 1715 606 tantum
1746 574 1873 607 casibus
1912 575 1945 607 in

1191 627 1310 670 quibus
1327 627 1463 671 simplex
1481 628 1632 660 sacerdos
1649 628 1815 661 absolvere
1831 633 1945 671 potest,

1191 681 1246 713 sed
1269 681 1366 713 etiam
1388 682 1421 714 iu
1442 681 1481 713 iis
1501 693 1584 725 quae
1605 682 1681 715 solis
1707 682 1868 726 episcopis
1897 693 1947 719 ro-

1192 740 1315 767 servata
1327 735 1549 779 tepet-imum,
1564 735 1674 778 aliquo
1688 741 1854 778 praeterea
1871 746 1947 768 casu

1192 788 1345 828 admixto,
1368 789 1464 821 veluti
1487 789 1645 821 simoniae
1667 795 1758 822 reatu
1778 817 1785 829 ,
1823 789 1879 832 qui
1907 789 1947 822 ad

1193 853 1328 875 examen
1349 842 1445 875 liuius
1466 848 1594 875 sanctae
1631 842 1721 875 Sedis
1750 847 1832 875 esset
1867 842 1949 875 rese-

1958 256 2007 282 Λη.
2025 255 2055 281 C.
2075 253 2141 282 1570

1194 896 1326 929 rendus.
1338 896 1408 929 Non
1417 897 1710 929 animadvertentes
1721 896 1781 939 ipsi
1792 897 1948 939 praesules
1982 910 1989 916 *

1194 955 1225 982 et
1247 950 1527 983 administratores
1547 960 1645 993 quam
1666 949 1888 993 periculosum
1909 949 1949 982 sit

1194 1014 1231 1036 ea
1250 1003 1369 1047 passim
1391 1003 1522 1037 incertis
1554 1003 1701 1047 personis
1732 1003 1946 1043 committere,

1194 1067 1276 1099 quae
1298 1057 1336 1089 ad
1349 1057 1579 1101 episcoporum
1593 1057 1751 1089 iudicium
1765 1057 1949 1089 arbitrium-

1194 1121 1257 1153 que
1280 1110 1402 1143 ideireo
1418 1111 1622 1151 deteruntur,
1645 1115 1677 1142 ut
1701 1110 1758 1153 qui
1779 1109 1895 1142 melius
1906 1110 1950 1142 le-

1195 1175 1285 1209 pram
1308 1176 1325 1197 a
1346 1165 1435 1208 lepra
1456 1164 1642 1197 discernere
1662 1164 1785 1202 norint,
1798 1164 1903 1197 causis
1920 1169 1951 1197 et

1195 1219 1447 1252 circumstantiis
1468 1219 1575 1251 subtili
1594 1218 1746 1261 indagine
1761 1218 1948 1262 exploratis,

1195 1273 1348 1306 salutaria
1369 1273 1489 1316 cuique
1510 1273 1625 1306 morbo
1646 1272 1791 1305 remedia
1824 1273 1951 1306 valeant

1195 1327 1362 1360 adbibere.
1386 1327 1432 1359 Ad
1454 1327 1533 1360 liaeo
1562 1326 1635 1370 ipsi,
1658 1326 1691 1359 in
1721 1325 1949 1369 dispensandis

1196 1380 1345 1413 coelestis
1364 1380 1486 1423 gratiae
1507 1380 1600 1413 donis
1635 1379 1774 1412 nimium
1797 1378 1948 1423 prodigi,

1196 1434 1234 1467 iis
1250 1434 1295 1466 sio
1313 1434 1434 1466 litteras
1451 1434 1631 1478 praedictas
1651 1432 1886 1476 accipientibus
1904 1432 1951 1465 in-

1197 1487 1379 1529 dulgentias
1399 1493 1430 1519 et
1442 1486 1715 1531 poenitentiarum
1729 1486 1950 1519 iniunctarum

1197 1541 1416 1581 remissiones,
1440 1542 1529 1573 nulla
1549 1551 1623 1573 cum
1638 1540 1854 1584 retetnporali
1872 1550 1949 1573 con-

1197 1594 1356 1635 ferendas,
1378 1595 1543 1638 profusius
1563 1600 1590 1627 et
1614 1594 1788 1627 indiscrete
1808 1593 1952 1637 largiun-

1199 1654 1261 1685 tur,
1285 1649 1404 1692 quibus
1422 1654 1449 1681 et
1463 1648 1686 1680 aliislieentiis
1698 1647 1873 1692 praedictis
1884 1658 1949 1679 non

1199 1702 1292 1745 pauci
1313 1701 1506 1735 fluctuantes
1527 1706 1558 1734 et
1579 1700 1713 1741 infirmi,
1734 1701 1847 1733 veniae
1873 1700 1950 1734 saci-

1198 1755 1285 1787 litate
1306 1755 1441 1795 inducti,
1463 1755 1502 1788 ad
1522 1754 1723 1798 peccandum
1741 1753 1951 1797 procliviores

1198 1809 1292 1849 siunt,
1315 1810 1447 1852 quando
1468 1814 1511 1841 tot
1532 1814 1739 1841 ettantorum
1757 1807 1950 1841 delictorum

1200 1862 1422 1896 remissionem
1457 1869 1544 1896 eorto
1579 1868 1610 1895 et
1650 1862 1805 1895 vilissimo
1846 1861 1951 1906 pretio

1199 1915 1370 1958 acquirere
1391 1927 1484 1959 posse
1510 1916 1685 1949 confidant.
1700 1915 1842 1948 Iudicem
1860 1925 1952 1959 prae-

1201 1975 1287 2002 terea
1308 1981 1441 2002 rasuum
1462 1975 1489 2002 et
1514 1969 1791 2012 indulgentiarum
1816 1967 1952 2001 aedibus

1199 2023 1299 2055 saeris
1318 2024 1459 2067 appendi
1481 2023 1642 2056 iusserunt
1661 2050 1669 2063 ,
1693 2034 1757 2066 quo
1777 2023 1883 2066 palam
1908 2022 1952 2055 si-

1200 2076 1372 2119 gnificatur
1398 2077 1596 2110 solventibus
1621 2076 1840 2121 suprascripta
1873 2086 1951 2108 con-

1200 2131 1284 2170 cedi,
1308 2136 1338 2163 et
1358 2131 1441 2163 inter
1462 2131 1521 2163 alia
1543 2130 1729 2164 absolvendi
1766 2129 1949 2163 facultatem

1200 2183 1239 2216 ab
1260 2195 1314 2216 esu
1336 2185 1578 2228 prohibitorum
1599 2184 1712 2224 tribui3
1740 2184 1883 2226 itenique
1901 2183 1950 2215 in-

1201 2238 1326 2281 dulgeri
1347 2238 1461 2272 missae
1481 2238 1677 2272 sacrificium
1699 2243 1729 2271 et
1753 2238 1951 2281 sepulturam

1201 2297 1346 2335 tempore.
1372 2292 1533 2325 interdicti
1553 2319 1560 2333 ,
1584 2291 1838 2336 assumptionem
1874 2291 1952 2323 duo-

1200 2355 1273 2378 rum
1306 2346 1488 2388 pluriumre
1524 2352 1729 2390 compatrum
1749 2346 1788 2378 ad
1821 2355 1949 2377 sacrum

1200 2397 1370 2442 baptisma,
1397 2406 1525 2443 praeter
1541 2410 1595 2433 eos
1616 2399 1671 2442 qni
1684 2398 1903 2443 synodalibus,
1916 2403 1952 2430 ut

1202 2447 1327 2489 dicunt,
1350 2449 1635 2482 constitutionibus
1655 2447 1856 2481 asciscuntur
1872 2472 1882 2485 ,
1904 2457 1952 2478 re-

1202 2497 1403 2538 parationem
1424 2498 1646 2538 ecelesiarum,
1667 2496 1864 2530 erectionem
1876 2505 1952 2528 con-

1202 2545 1439 2580 fraternitatum
1470 2552 1500 2580 et
1520 2547 1599 2580 alias
1619 2547 1688 2591 pias
1709 2556 1821 2580 causas
1856 2554 1951 2588 prae-

1202 2597 1351 2629 texendo.

1247 2644 1261 2687 ξ
1281 2645 1311 2677 1.
1334 2645 1413 2679 Cum
1435 2646 1543 2689 igitur,
1565 2646 1647 2678 inter
1666 2650 1772 2678 cetera
1787 2643 1950 2684 scandala,
