2237 3100
27 298 77 328 An.
94 298 123 327 C.
144 299 213 329 ¹⁸62

28 2024 145 2051 Erexitque
160 2024 201 2045 mi-

15 2055 82 2077 littam
105 2055 125 2077 S.
151 2055 202 2078 Sto—

15 2088 79 2115 phani
96 2087 134 2109 sub
148 2086 198 2112 neg.

14 2117 202 2140 stienedmeon-

16 2150 119 2172 docentes
147 2156 199 2177 pro-

12 2184 89 2203 ventus
104 2182 198 2208 assigna-

12 2213 52 2239 viu

902 300 970 324 PIUS
994 300 1025 324 1v
1048 300 1095 325 PP.

227 352 385 393 militiam,
408 353 467 386 sub
487 353 609 397 Regula
629 354 736 387 Sancti
753 354 917 387 Benedicti
932 354 980 387 vel

225 406 358 440 alterius
373 407 541 451 approbati
562 407 700 448 Ordinis,
719 419 756 440 ac
776 408 835 441 sub
857 408 981 441 invoca-

225 460 313 493 tione
333 466 364 493 et
385 471 459 493 cum
480 460 636 504 insigniis,
658 462 698 495 de
718 462 838 505 quibus
859 462 919 495 sibi
934 462 979 494 vi-

225 513 376 553 deretur,
399 514 606 555 decentibus,
643 519 753 558 postea
787 515 977 559 privilegiis,

224 567 430 601 facultatibus
463 572 494 600 et
527 567 659 601 indultis
687 580 705 601 a
733 568 825 601 nobis
846 573 875 600 et
895 568 979 601 dicta

224 621 306 655 Sede
326 621 560 662 decorandam,
583 633 657 655 cum
681 622 753 656 dote
775 622 978 655 convenienti

224 686 282 719 per
297 676 448 709 eumdem
460 675 612 708 Cosmum
625 676 741 709 ducem
759 675 892 710 arbitrio
909 688 977 713 sno,

224 729 258 762 ist
278 730 470 773 praefertur,
493 730 684 773 assignanda
714 741 772 774 pro
793 741 858 763 uno
880 731 978 773 inagi-

222 788 299 824 stro,
327 783 383 827 qui
412 783 559 816 videlicet
592 783 659 827 ipsc
689 784 834 823 Cosmus,
871 784 978 827 quoad

222 836 349 878 viveret,
372 841 403 870 et
422 837 538 870 deinde
573 849 631 881 pro
661 843 808 881 tempore
841 838 978 871 existens

222 890 401 924 Florentiae
419 891 482 924 dux
502 902 570 924 esse
591 891 734 932 deberet,
758 896 788 925 et
808 897 896 924 certo
917 891 977 924 ini-

221 943 315 977 litum
335 955 394 989 per
414 944 521 989 ipsum
543 945 734 988 magistrum
755 956 815 989 pro
831 950 977 989 tempore

222 997 421 1038 existentem,
439 1003 503 1031 tam
520 1009 538 1031 a
553 999 716 1043 primaeva
737 998 901 1032 erectione
918 1000 977 1031 hu—

221 1050 361 1084 iusmodi
382 1062 479 1095 quam
498 1057 622 1085 extunc
638 1052 790 1095 deinceps
806 1057 976 1095 perpetuo,

221 1103 496 1137 instituendorum
512 1115 548 1137 ac
564 1104 675 1137 habitu
696 1104 837 1147 regulari
858 1104 978 1137 donan-

220 1157 337 1191 dorum
371 1162 402 1191 et
434 1158 474 1191 ad
508 1158 691 1201 regularem
714 1157 842 1191 Ordinis
861 1158 976 1191 huius-

220 1211 308 1245 modi
335 1211 569 1256 professionem
603 1211 879 1244 admittendorum
914 1222 976 1244 nu-

220 1275 323 1305 mero,
346 1265 405 1298 sub
425 1264 569 1298 eiusdem
595 1264 737 1308 magistri
771 1264 974 1305 obedientia,

220 1329 256 1351 ac
269 1328 343 1351 cum
360 1318 478 1362 pactis,
501 1317 661 1362 capitulis,
686 1317 926 1351 conditionibus
946 1322 977 1351 et

219 1370 442 1405 stabilimentis
461 1381 520 1415 per
539 1371 662 1405 dictum
685 1372 837 1406 Cosmum
858 1373 975 1406 ducem

220 1425 364 1465 edendis,
381 1430 413 1459 et
428 1436 486 1469 per
500 1436 559 1458 nos
571 1430 602 1459 et
612 1425 731 1459 dictam
752 1426 866 1460 Sedem
887 1433 972 1471 post-

218 1479 352 1513 modum
372 1479 603 1524 approbandis,
626 1479 665 1512 ad
686 1479 822 1516 aliarum
844 1481 974 1514 militia-

218 1544 292 1567 rum
312 1533 554 1578 praedictarum
574 1533 687 1574 instar,
711 1533 779 1567 sine
798 1539 907 1568 tamen
919 1534 976 1567 ali-

218 1586 311 1621 cuius
330 1587 541 1632 praeiudicio,
552 1587 676 1631 erigere
692 1593 722 1621 et
732 1587 912 1630 instituere,
926 1600 973 1629 ac,

216 1651 277 1685 pro
297 1640 432 1675 militiae
451 1641 657 1686 militumque
682 1642 902 1685 praefatorum
924 1654 973 1676 sa-

216 1695 303 1729 lubri
328 1694 518 1736 directione,
545 1706 772 1739 quaecumque
797 1697 972 1730 ordinatio-

216 1760 274 1783 nes
293 1754 325 1783 et
343 1753 460 1782 statuta
476 1759 535 1793 per
545 1760 616 1790 nos,
634 1754 670 1782 ut
685 1750 880 1793 praefertur,
898 1761 974 1784 con-

217 1803 387 1844 firmanda,
411 1803 591 1837 concedere
616 1808 735 1847 posset,
758 1803 922 1838 licentiam
943 1810 974 1837 etv

217 1858 403 1892 facultatem
437 1868 496 1902 per
528 1857 607 1890 alias
642 1863 768 1891 nostras
802 1858 836 1891 in
869 1858 973 1892 forma

215 1911 320 1946 brevis
339 1912 449 1945 literas
469 1912 702 1946 concessimus.

260 1967 276 2011 g
294 1966 325 2000 2.
348 1966 429 2000 Cum
449 1971 572 2009 autem,
586 1967 876 2011 sicutaccepimus,
887 1966 971 2000 idem

215 2021 350 2056 Cosmus
361 2021 425 2054 dux
436 2020 692 2064 omnipotentem
708 2022 821 2061 Deum,
838 2026 874 2053 ut
885 2021 971 2054 chri-

216 2075 354 2109 stianum
376 2074 469 2108 decet
489 2074 685 2119 principem,
706 2076 882 2115 honorare,
900 2086 972 2119 pro-

215 2129 301 2163 ximo
321 2128 485 2173 prodesse,
501 2128 665 2173 vitamque
689 2129 815 2162 beatam
842 2140 970 2174 prome-

214 2184 279 2218 reri
308 2182 493 2216 desiderans
511 2209 519 2223 ,
542 2183 574 2215 in
602 2183 779 2216 immensae
803 2183 972 2216 Maiestatis

214 2238 338 2272 divinae
372 2247 409 2270 ac
432 2236 683 2280 gloriosissimae
703 2236 757 2270 Dei
788 2236 969 2279 Genitricis‚

214 2302 407 2336 semperque
418 2291 548 2334 virginis
559 2291 687 2330 Mariae,
695 2290 858 2334 totiusque
869 2292 971 2325 coele-

214 2346 269 2380 stis
288 2345 404 2380 Curiae
428 2344 564 2388 gloriam
590 2349 621 2377 et
645 2345 824 2385 honorem,
843 2356 970 2379 earum-

212 2400 286 2434 dem
306 2400 475 2433 literarnm
495 2398 615 2442 vigore,
634 2409 745 2438 unam,
764 2399 824 2432 sub
844 2399 970 2433 invoca-

211 2454 299 2488 tione
319 2459 351 2487 et
370 2452 570 2498 protectione
591 2452 676 2485 beati
697 2452 863 2497 Stephani,
887 2453 970 2485 mili-

211 2503 289 2537 tiam
310 2502 449 2536 militum
471 2502 577 2536 Sancti
599 2501 753 2546 Stephani
773 2513 968 2547 nuncupan-

212 2553 304 2593 dam,
327 2553 386 2586 sub
417 2552 540 2596 Regula
569 2551 713 2585 eiusdem
739 2551 845 2585 Sancti
866 2552 968 2586 Bene-

212 2602 302 2643 dicti,
325 2602 461 2636 erexerit
478 2607 508 2635 et
536 2600 721 2641 instituerit,
745 2600 856 2645 illique
885 2612 967 2635 non-

213 2652 321 2686 nullos
341 2652 478 2694 fructus,
500 2651 645 2686 redditus
679 2655 710 2684 et
738 2656 911 2695 proventus
930 2663 967 2685 ac

210 2701 296 2737 bona
314 2711 375 2748 pro
394 2701 464 2736 eius
483 2702 557 2738 dote
575 2700 794 2745 assignaverit,
813 2701 966 2736 voluerit-

1669 289 1732 324 159

1023 364 1087 397 que
1106 353 1193 397 quod
1215 353 1285 387 eius
1305 353 1422 385 milites
1447 352 1580 397 praefati
1601 353 1633 385 in
1653 364 1710 385 sua
1731 364 1778 385 re-

1023 407 1170 452 ceptione
1191 406 1392 445 charitatem,
1419 406 1593 439 castitatem
1620 406 1775 449 coniuga-

1023 462 1085 494 lem
1102 466 1132 494 et
1143 460 1358 494 obedientiam
1368 471 1515 504 expresse
1531 460 1773 504 profiterentur.

1067 516 1081 557 ᾖ
1100 514 1132 547 3.
1165 514 1358 547 Charitatem
1380 524 1495 558 nempe
1509 541 1516 553 ,
1539 513 1591 546 cui
1611 518 1776 556 tamquam

1022 568 1142 601 solidae
1172 568 1238 601 basi
1268 568 1380 600 militia
1410 568 1477 612 ipsa
1498 567 1699 605 inniteretur,
1720 567 1777 600 ho-

1022 632 1136 654 norem
1156 622 1211 654 Dei
1233 622 1329 655 rebus
1352 621 1509 654 universis
1530 621 1773 665 praeponendo,

1023 675 1138 708 Sacrae
1168 675 1354 719 S‹·ripturae
1393 675 1573 719 praeceptis
1611 675 1774 718 parendo,

1023 728 1113 760 Sedis
1135 730 1315 772 praedictae
1349 729 1498 761 mandata
1528 728 1694 769 servando,
1718 740 1776 773 pro

1022 781 1085 813 tide
1119 783 1277 816 catholica
1310 783 1504 826 pugnando,
1537 782 1690 815 iustitiam
1721 794 1775 815 co-

1022 835 1139 874 lendo,
1163 836 1362 880 pauperibus
1387 836 1615 877 subveniendo,
1638 836 1777 880 captivos

1022 888 1061 920 ab
1086 888 1265 922 infidelium
1285 889 1421 923 vinculis
1440 890 1675 934 recuperando,
1691 896 1722 923 et
1742 891 1777 923 fi-

1021 942 1138 975 naliter
1158 955 1226 977 sese
1242 944 1410 977 ultroneos
1422 944 1617 988 cuicumque
1629 944 1776 986 periculo

1793 299 1845 329 An.
1859 298 1886 327 C.
1907 299 1975 327 ¹562

1805 526 1976 554 tjliaritatenique

1792 561 1812 578 et
1842 559 1974 584 coniugalem

1791 590 1912 609 castitatem
1951 595 1975 610 ac

1791 620 1976 641 obedientiammi-

1791 651 1839 671 lites
1871 657 1974 678 expresse

1791 682 1884 709 profiteri
1907 683 1977 706 iussin

1022 1007 1080 1039 pro
1111 997 1303 1030 christianae
1331 997 1497 1040 religionis
1531 997 1718 1031 defensione
1746 1004 1777 1032 et
1820 1016 1824 1017 ⁷

1021 1060 1080 1093 pro
1102 1050 1171 1083 eius
1190 1056 1365 1094 augmento
1385 1062 1450 1084 non
1472 1051 1577 1083 solum
1598 1052 1775 1092 facultates,

1021 1103 1075 1136 sed
1097 1105 1261 1148 propriam
1291 1104 1387 1137 vitam
1424 1104 1627 1148 exponendo,
1649 1105 1775 1139 castita-

1021 1162 1085 1190 tem
1119 1169 1193 1191 vero
1229 1158 1292 1191 sive
1315 1158 1516 1203 pudicitiam,
1536 1158 1659 1191 nullam
1680 1159 1775 1192 aliam

1020 1211 1194 1244 foeminam
1217 1217 1345 1255 praeter
1364 1212 1529 1255 propriam
1550 1222 1683 1245 uxorem
1704 1223 1775 1245 car-

1019 1264 1135 1297 naliter
1155 1266 1400 1308 cognoscend03
1427 1265 1642 1299 obedientiam
1667 1271 1775 1300 autem

1020 1318 1051 1351 in
1073 1318 1223 1351 omnibus
1244 1318 1303 1351 sibi
1329 1330 1387 1363 per
1416 1319 1604 1363 magistrum
1634 1320 1681 1352 vel
1707 1320 1776 1353 eius

1019 1372 1294 1405 locumtenentem
1323 1373 1440 1406 aliosve
1465 1373 1597 1406 militiae
1630 1374 1775 1418 superio-

1019 1437 1082 1466 res,
1106 1426 1193 1459 iuxta
1228 1427 1313 1459 illius
1342 1427 1561 1461 ordinationes
1585 1433 1616 1461 et
1640 1433 1771 1469 statuta,

1019 1480 1184 1519 iniunctis,
1207 1480 1293 1514 bono
1318 1486 1349 1514 et
1368 1481 1462 1514 hilari
1481 1481 1590 1515 animo
1606 1481 1775 1525 diligenter
1809 1507 1813 1510 -

1019 1534 1225 1577 exequendis.

1061 1588 1076 1631 ἓ
1096 1587 1128 1620 4.
1160 1588 1204 1620 Ac
1235 1599 1293 1633 pro
1314 1590 1445 1622 salutari
1466 1589 1599 1623 militiae
1620 1590 1774 1624 militum-

1017 1652 1080 1685 que
1102 1641 1341 1685 praedictorum
1367 1643 1524 1685 regimine
1552 1649 1583 1677 et
1610 1650 1774 1690 perpetui-

1017 1701 1092 1735 tate,
1116 1697 1310 1741 quamplura
1329 1708 1468 1731 canones
1488 1703 1519 1731 et
1538 1703 1653 1731 statuta
1670 1710 1707 1732 ac
1722 1710 1773 1733 or-

1017 1749 1197 1783 dinationes
1231 1762 1329 1796 super
1358 1752 1503 1795 ipsorum
1538 1752 1676 1785 militum
1710 1754 1772 1787 Re-

1016 1804 1102 1846 gula,
1123 1815 1222 1848 super
1242 1804 1373 1838 militiae
1399 1806 1522 1839 statutis
1556 1811 1587 1839 et
1621 1807 1772 1841 constitu-

1015 1852 1171 1893 tionibus,
1194 1865 1292 1898 super
1311 1854 1453 1888 militum
1473 1855 1581 1889 officio
1601 1866 1638 1889 ac
1649 1857 1771 1901 profes-

1016 1902 1105 1936 sione
1119 1931 1127 1944 ,
1150 1915 1248 1947 super
1272 1915 1376 1948 poena
1402 1905 1694 1948 transgressoribus
1714 1907 1773 1941 Re-

1015 1954 1110 1996 gulae
1145 1959 1405 1999 statutorumque
1439 1954 1612 1998 infligenda
1630 1983 1637 1995 ,
1674 1966 1772 2000 super

1016 2003 1113 2036 modo
1134 2003 1252 2037 milites
1272 2004 1310 2037 ad
1328 2003 1560 2048 professionem
1578 2004 1767 2048 recipiendi,

1014 2051 1145 2085 illorum
1166 2053 1277 2086 habitu
1293 2080 1300 2093 ‚
1323 2053 1458 2086 ecclesia
1480 2058 1511 2086 et
1531 2055 1621 2087 cultu
1640 2054 1746 2088 divino
1760 2083 1768 2096 ,

1014 2102 1243 2145 hospitalitate,
1257 2103 1423 2136 communi
1441 2103 1607 2144 thesauro,
1627 2103 1770 2148 capitulo

1014 2152 1169 2195 generali,
1196 2163 1313 2195 magno
1348 2153 1500 2196 magistro
1513 2180 1520 2194 ,
1540 2153 1654 2186 officiis
1674 2160 1705 2187 et
1725 2154 1770 2187 di-

1014 2201 1189 2244 gnitatibus
1209 2202 1353 2243 militiae,
1377 2202 1516 2235 militum
1539 2203 1657 2244 officio,
1681 2215 1768 2238 exer-

1014 2250 1088 2284 citio
1106 2257 1136 2285 et
1156 2252 1368 2289 commendis.
1383 2252 1623 2286 contractibust
1644 2258 1674 2286 et
1684 2253 1768 2287 loca-

1014 2300 1167 2342 tionibus,
1179 2312 1306 2335 necnon
1319 2301 1590 2345 prohibitionibus
1601 2307 1631 2335 et
1642 2303 1765 2346 poenis,

1013 2360 1049 2382 ac
1070 2362 1168 2395 super
1188 2350 1257 2384 aliis
1278 2351 1514 2395 provisionibus
1535 2351 1709 2397 rebusque,
1727 2354 1766 2387 ad

1012 2399 1109 2432 divini
1144 2400 1284 2434 nominis
1319 2402 1455 2441 cultum,
1478 2401 1610 2435 militiae
1644 2403 1743 2436 decus
1757 2432 1764 2445 ,

1012 2449 1178 2492 religionis
1198 2454 1408 2493 augmentum
1429 2456 1460 2483 et
1479 2450 1662 2483 animarum
1683 2452 1766 2485 salu-

1011 2503 1075 2531 tem
1096 2500 1299 2539 facientibus,
1323 2499 1564 2544 edideritatque
1583 2501 1762 2541 sanciverit,

1012 2553 1109 2592 prout
1135 2548 1167 2581 in
1195 2549 1258 2582 illis
1276 2549 1435 2592 variisque
1456 2549 1606 2593 capitulis
1626 2550 1766 2594 desuper

1010 2596 1120 2631 italico
1141 2608 1289 2631 sermone
1314 2598 1346 2631 in
1372 2609 1437 2631 uno
1462 2598 1635 2642 quinterno
1655 2600 1765 2633 distin-

1011 2652 1060 2680 cte
1081 2647 1283 2692 conscriptis,
1301 2659 1338 2682 ac
1349 2649 1388 2682 de
1409 2654 1519 2682 nostro
1540 2650 1696 2683 mandato·
1707 2661 1765 2694 per

1048 2712 1059 2737 l
1077 2712 1289 2738 Alienationibus
1299 2711 1401 2739 addunt
1421 2712 1499 2740 Cher.
1511 2715 1538 2739 et
1551 2712 1643 2741 Matth.
1657 2712 1694 2748 (u.
1712 2712 1762 2748 aa).

1814 1606 1897 1628 Statura
1921 1613 1976 1635 quc-

1788 1643 1828 1665 que
1844 1644 1908 1664 super
1932 1639 1972 1659 liu-

1789 1670 1878 1691 iunniodi
1895 1669 1974 1697 Regni»

1788 1702 1893 1723 condidit.
