2237 3100
253 259 303 286 An.
322 258 433 287 &1551

495 251 509 283 ι1
516 250 559 285 40

1392 188 1405 205 v)

1042 260 1221 285 BL'LLARIL'M
1244 261 1396 286 ROMANL‘M

251 321 437 346 ades-‘enosmen-
450 325 522 346 rum
556 314 729 355 institutae,
752 315 862 358 petitio
897 315 1079 348 continebat
1111 315 1197 359 quod
1218 314 1220 346 i
1240 320 1369 354 stratur;
1386 325 1435 355 ac,
1453 324 1512 358 pro
1533 314 1769 348 manutenenda
1788 313 1866 346 inibi
1886 312 1992 357 hospi-

250 352 277 371 tis
289 352 363 377 inopes
382 353 435 371 edu-

251 382 330 401 c..udos
371 386 433 409 atque

249 413 354 433 curandos
369 418 406 434 etc.

449 367 527 399 alias
546 368 695 401 nonnulli
715 368 938 401 christifideles
957 369 990 401 iu
1009 370 1092 401 alma
1113 369 1196 401 L'rbe

448 421 610 463 degentes,
632 422 686 455 Dei
707 422 820 465 spiritu
840 422 907 465 (qui
924 422 979 455 ubi
1000 423 1063 454 vult
1085 422 1196 465 spirat)

447 474 545 511 ducti,
562 486 597 508 ac
615 476 682 508 zelo
704 475 830 518 pietatis
849 475 996 515 accensi,
1020 486 1195 508 memores-

445 539 507 571 que
532 529 618 561 illius
644 529 820 572 Prophetae
848 528 997 561 dicentis:
1020 529 1147 572 Eycnos
1166 534 1195 563 cc

443 582 561 624 raqosl
583 583 678 615 induc
691 583 723 614 in
740 577 866 614 deinum
892 586 993 622 luant,
1015 587 1045 615 et
1064 594 1194 616 carnem

444 638 533 667 luam
555 647 592 668 ne
611 636 805 678 despexeris:
828 636 979 679 quodque
995 636 1194 680 hospitalitas

443 689 626 731 apostolicis
647 688 800 721 doctrinis
826 689 962 722 maxime
984 691 1192 723 commenda-

441 741 548 779 batur2
584 743 767 786 pariterque
802 742 1041 776 considerantes
1075 745 1193 777 multos

439 804 607 837 pauperes,
624 795 759 838 pruinae
775 801 804 828 et
830 795 1003 839 frigoribus
1022 798 1190 839 expositos,

439 858 497 889 per
517 854 642 892 cryptas
662 855 690 882 et
712 849 822 882 ruinas
841 849 943 883 dictae
960 850 1053 883 Urbis
1072 851 1188 891 iacere,

439 905 469 932 et
502 901 663 935 interdum
694 904 830 935 maxima
854 909 882 936 et
903 910 1042 937 extrema
1063 905 1190 949 frigoris

439 955 618 988 calamitate
639 961 667 988 et
694 956 777 989 same
798 957 916 1001 perire:
939 969 974 991 ac
995 959 1136 992 videntes
1156 971 1189 992 e-

437 1008 514 1040 tiam
531 1010 686 1052 quosdam
702 1010 781 1043 alios
802 1022 971 1054 pauperes,
990 1013 1105 1045 mentis
1122 1013 1189 1046 ino-

436 1071 503 1103 pes,
527 1063 778 1097 christianorum
800 1064 945 1098 omnium
970 1066 1106 1099 maxima
1127 1066 1188 1099 mi-

436 1115 594 1150 seratione
614 1117 727 1161 dignos
740 1145 747 1159 ‚
770 1118 837 1161 qui,
865 1120 998 1152 rationis
1019 1120 1121 1153 orbati
1141 1121 1188 1154 iu-

435 1168 518 1202 dicio
533 1196 540 1209 ‚
563 1171 641 1203 nudi
676 1183 734 1215 per
762 1171 880 1205 dictam
902 1173 1020 1207 [rbem
1040 1174 1187 1207 ambula-

433 1222 522 1263 bant,
546 1224 702 1258 universis
722 1225 870 1259 ludibriis
890 1232 919 1259 et
940 1228 1042 1272 plagis
1053 1228 1186 1272 aliisque

433 1276 512 1310 vitae
538 1278 785 1319 calamitatibus,
809 1280 1056 1325 animarumque
1077 1282 1187 1315 salutis

432 1331 584 1374 periculis
605 1333 763 1376 expositos
784 1344 863 1374 esse,
881 1346 917 1367 ac
935 1336 1024 1368 nulla
1045 1343 1187 1380 recepta-

434 1385 505 1417 cula
525 1384 557 1417 in
577 1385 661 1418 dicta
682 1387 765 1420 L'rbe
786 1388 939 1425 existere:
962 1400 999 1422 ac
1019 1390 1186 1433 cupientes

433 1438 492 1471 lios
525 1444 554 1471 et
582 1439 654 1473 illos
673 1440 712 1473 ab
733 1451 846 1474 eorum
870 1442 1007 1476 miseriis
1027 1443 1182 1481 eximere,

433 1503 531 1525 unam
552 1492 686 1526 domum
707 1494 798 1527 sitam
820 1495 851 1527 in
872 1496 1003 1539 regione
1020 1496 1185 1531 Columna?

432 1545 470 1578 de
503 1546 586 1579 dicta
613 1547 718 1587 Urbe,
741 1558 854 1581 eorum
876 1549 1033 1583 industria
1057 1552 1184 1595 quaesi-

434 1605 509 1639 tam,
523 1605 553 1632 et
565 1600 631 1633 suis
651 1601 832 1645 sumptibus
848 1608 1025 1637 extructam
1047 1609 1076 1637 et
1093 1611 1183 1649 apta-

432 1658 507 1693 tam,
528 1654 632 1697 primo
652 1655 851 1698 pauperibus
871 1657 1000 1691 advenis
1019 1658 1183 1702 hospitan-

433 1706 480 1739 dis
500 1707 732 1751 deputaverint,
765 1709 921 1753 lectisque
942 1718 972 1745 et
1002 1713 1184 1755 supellecti-

431 1760 514 1793 libus
542 1772 578 1794 ac
607 1762 702 1795 rebus
728 1762 798 1795 aliis
818 1764 1018 1807 conquisitis,
1044 1767 1083 1799 ad
1104 1767 1183 1800 vitae

430 1825 524 1847 usum
545 1816 747 1856 necessariis,
770 1817 956 1859 munierint,
970 1825 998 1852 et
1012 1819 1090 1852 inibi
1107 1832 1183 1864 pau-

430 1878 521 1911 peres
541 1870 676 1902 advenas
698 1870 834 1913 benigne
870 1872 969 1916 recipi
1003 1884 1182 1919 eorumque

430 1918 526 1961 pedes
545 1919 653 1959 lavari,
672 1930 708 1952 ac
724 1919 837 1953 diebus
861 1921 995 1965 aliquot,
1019 1923 1104 1956 iuxta
1125 1932 1185 1957 cu-‘

430 1967 621 2011 iuscumque
650 1969 878 2012 indigentiam,
903 1971 1021 2013 cibari,
1044 1973 1181 2016 pariter-

429 2027 492 2059 que
513 2017 587 2050 tidei
608 2018 799 2052 christianae
820 2020 1002 2054 rudimenta
1023 2033 1081 2065 per
1105 2034 1181 2068 cap-

430 2066 633 2107 pellanorum
655 2078 767 2100 eorum
794 2069 1008 2102 ministerium
1029 2071 1180 2114 ignoran-

428 2120 474 2146 tes
494 2126 529 2148 ac
550 2116 710 2159 simplices
726 2117 854 2157 docere,
873 2125 902 2151 ct
919 2120 957 2151 ad
974 2126 1179 2163 peccatorum

429 2174 562 2196 suorum
587 2165 820 2199 confessionem
854 2167 1033 2202 faciendam
1068 2177 1095 2204 et
1130 2183 1179 2205 sa-

429 2224 515 2246 cram
532 2214 764 2248 Eucharistiam
786 2218 974 2250 sumendam
990 2219 1110 2253 hortari
1128 2233 1180 2255 cu-

428 2263 578 2303 raverint,
592 2270 687 2308 prout
709 2265 803 2298 etiam
824 2266 863 2298 ad
883 2278 1035 2310 praesens
1051 2277 1176 2304 curant:

427 2312 578 2356 quodque
610 2313 641 2345 in
677 2315 786 2347 eadem
821 2316 915 2349 domo
942 2328 1043 2350 unum
1071 2325 1178 2353 orato-

428 2359 524 2401 rium,
547 2362 606 2394 sub
626 2363 825 2397 invocatione
859 2365 971 2399 Beatae
1005 2367 1119 2401 Mariae
1141 2369 1178 2402 de

427 2409 544 2443 Pietate
562 2438 569 2450 ,
601 2413 776 2455 apostolica
815 2411 1002 2448 auctoritate
1040 2416 1177 2450 interve-

428 2465 551 2499 mente,
574 2466 779 2495 extruxerunt
802 2469 829 2496 et
851 2470 1024 2505 ornarunt,
1050 2465 1102 2498 ubi
1131 2477 1178 2499 sa·

427 2517 481 2540 cra
502 2509 698 2543 Eucharistia
723 2511 755 2543 in
775 2512 916 2545 sacrario
937 2514 1087 2547 decenter
1110 2526 1177 2548 ser-

427 2561 527 2597 vatur,
546 2563 575 2590 et
591 2559 734 2602 quotidie
750 2561 844 2607 missa
861 2562 1053 2603 celebratur,
1074 2564 1177 2597 locus-

426 2616 489 2649 que
522 2607 735 2642 luminaribus
768 2620 896 2655 semper
927 2613 1069 2646 accensis
1101 2613 1175 2647 illu-

463 2661 475 2687 1
498 2661 644 2695 hyeme,
663 2662 738 2698 Vulg.
761 2664 798 2699 (n.
817 2664 865 2700 τ.).

1217 393 1220 438 1

1240 367 1370 406 talitatc,
1398 378 1495 400 uuam
1520 368 1813 402 confraternitatem
1839 367 1989 401 christifi-

1238 421 1371 461 delium,
1395 421 1578 465 Pauperum
1598 422 1798 456 Advenarum
1818 432 1989 466 nuncupa-

1237 481 1319 515 tam,
1342 474 1426 507 dicta
1450 475 1639 509 auctoritate
1659 482 1830 510 erexerunt
1849 482 1877 509 et
1898 476 1988 510 insti-

1238 535 1389 569 tuerunt;
1417 540 1454 561 ac
1482 528 1515 561 in
1544 529 1627 564 dicto
1648 531 1787 564 oratorio
1802 557 1809 571 ,
1832 530 1864 563 in
1883 530 1989 574 prima

1237 582 1409 615 cuiuslibet.
1438 582 1556 616 mensis
1585 584 1634 617 die
1668 584 1849 625 dominica,
1884 583 1988 617 dictae

1237 636 1505 670 confraternitatis
1522 638 1696 671 confratres
1711 638 1824 672 Christi
1837 637 1988 682 Corporis

1235 690 1347 724 viatico
1369 691 1572 731 reficiuntur,
1592 702 1650 725 nec
1670 691 1720 724 his
1738 691 1864 736 pietatis
1883 692 1988 737 operi-

1235 744 1294 776 bus
1314 745 1467 785 contenti,
1491 745 1545 778 sed
1565 746 1616 789 pia
1632 745 1693 790 piis
1712 745 1865 790 operibus
1874 757 1988 780 cumu-

1235 798 1347 839 lantes,
1371 799 1456 842 ipsos
1472 810 1632 842 pauperes
1656 799 1771 833 mentis
1785 799 1910 845 inopes,
1927 811 1987 846 per

1234 851 1350 885 dictam
1371 853 1500 893 Urbem,
1512 858 1545 885 ut
1558 853 1750 897 praefertur,
1771 860 1932 897 vagantes,
1945 855 1985 888 ad

1233 906 1378 938 eamdem
1395 906 1527 939 domum
1543 897 1754 948 deduxerunt,
1765 913 1793 941 et
1805 909 1844 941 ad
1853 909 1983 942 illorum

1232 958 1388 992 insaniam
1410 960 1586 993 curandam
1616 971 1748 1004 operam
1782 962 1983 996 medicorum

1231 1012 1383 1047 adhibere
1414 1019 1611 1058 coeperunt,
1635 1014 1750 1048 animis
1770 1021 1917 1058 gerentes
1927 1027 1982 1050 su-

1231 1066 1408 1108 pradictam
1428 1067 1676 1112 hospitalitatem
1697 1068 1891 1102 advenarum
1910 1081 1984 1114 pro-

1231 1119 1333 1163 sequi,
1355 1127 1385 1154 ct
1416 1121 1448 1154 in
1482 1122 1640 1154 sanandos
1673 1122 1898 1167 curandosque
1926 1123 1982 1157 de-

1231 1179 1353 1207 mentes
1377 1174 1559 1218 praedictos
1579 1186 1691 1208 eorum
1716 1176 1894 1217 facultates,
1915 1176 1984 1210 iun-

1230 1226 1287 1259 ctis
1308 1227 1446 1261 aliorum
1468 1228 1725 1262 christifidelium
1752 1230 1980 1274 eleemosynis,

1229 1290 1261 1313 se
1282 1281 1452 1315 extendere
1472 1282 1606 1326 1posse;
1624 1294 1660 1316 ac
1678 1283 1778 1326 quod,
1801 1294 1859 1327 pro
1879 1284 1982 1317 dictae

1229 1335 1498 1368 confraternitatis
1527 1336 1647 1369 salubri
1676 1336 1853 1370 directione
1873 1342 1904 1370 et
1922 1348 1981 1370 au-

1228 1394 1369 1430 gmento,
1393 1390 1550 1422 nonnulla
1574 1395 1690 1423 statuta
1713 1396 1743 1423 et
1763 1390 1983 1425 ordinationes

1228 1441 1418 1483 ediderunt,
1445 1453 1572 1476 necnon
1606 1443 1759 1476 dilectum
1788 1443 1892 1477 filium
1921 1455 1981 1478 no-

1228 1500 1328 1528 strum
1346 1496 1640 1537 Bartholomaeum,
1654 1497 1738 1529 tituli
1754 1497 1888 1531 Sanctae
1903 1497 1982 1531 Cru-

1227 1548 1271 1581 cis
1292 1548 1323 1581 in
1344 1550 1544 1584 Hierusalem
1558 1577 1565 1591 ,
1588 1550 1811 1595 presbyterum
1837 1551 1982 1586 cardina-

1227 1602 1289 1635 lem
1323 1603 1361 1636 de
1395 1604 1424 1637 la
1458 1604 1561 1638 Cueva
1595 1611 1819 1649 nuncupatum
1832 1633 1840 1647 ‚
1876 1601 1982 1640 dictae

1227 1657 1497 1691 confraternitatis
1521 1664 1752 1702 protectorem>
1771 1660 1978 1703 delegerunt,

1227 1716 1322 1754 prout
1357 1711 1402 1754 in„
1423 1711 1523 1745 literis
1543 1712 1727 1756 apostolicis
1746 1713 1887 1757 desuper
1905 1724 1983 1747 con-

1226 1764 1327 1801 fectis,
1350 1776 1387 1798 ae
1404 1776 1461 1809 per
1480 1765 1566 1808 ipsos
1587 1766 1764 1799 confratres
1783 1766 1978 1811 impetratis,

1226 1828 1261 1851 ac
1289 1819 1409 1853 eisdem
1443 1819 1568 1853 statutis
1593 1826 1624 1853 et
1657 1820 1916 1855 ordinationibus
1943 1832 1980 1855 ac

1225 1871 1447 1906 instrumentis
1467 1873 1606 1916 publicis
1636 1873 1699 1907 sive
1722 1874 1793 1907 aliis
1812 1874 1981 1919 scripturis

1225 1925 1365 1970 desuper
1389 1928 1495 1960 forsan
1525 1928 1691 1969 consectis,
1714 1928 1842 1970 plenius
1861 1928 1980 1962 dicitur

1225 1981 1395 2009 contineri.

1268 2024 1283 2067 ἓ
1303 2024 1333 2057 9..
1357 2025 1473 2065 Quare,
1497 2036 1556 2069 pro
1577 2031 1666 2070 parte
1687 2027 1878 2060 eorumdem
1899 2038 1977 2060 con·
1993 2037 2178 2090 ιίῐέζὲιιιέοὲνοη-

2076 2075 2102 2090 on
2119 2076 2177 2091 rm&-

1224 2073 1359 2105 sratrum
1381 2073 1473 2106 nobis
1492 2074 1552 2106 fuit
1572 2074 1739 2108 humiliter
1759 2076 1977 2120 supplicatum

1223 2127 1257 2153 ut
1276 2122 1470 2165 praemissis,
1490 2133 1549 2166 pro
1566 2134 1680 2156 eorum
1701 2123 1904 2159 subsistentia
1919 2126 1976 2159 fir-

1223 2170 1317 2204 miori
1331 2197 1338 2209 ,
1361 2171 1462 2204 robur
1494 2172 1688 2215 apostolicae
1722 2174 1977 2209 confirmationis

1222 2219 1360 2253 adiicere
1385 2232 1420 2254 ac
1448 2220 1525 2254 alias
1548 2221 1579 2254 in
1600 2222 1772 2266 praedictis
1791 2229 1974 2268 opportune

1222 2269 1389 2313 providere
1409 2270 1448 2303 de
1467 2270 1662 2314 benignitate
1677 2272 1852 2316 apostolica
1867 2273 1976 2317 digna-

1222 2330 1342 2352 remur.

1264 2368 1329 2411 33,
1356 2368 1420 2402 Nos
1442 2369 1551 2413 igitur,
1578 2370 1633 2414 qui
1662 2371 1788 2415 pietatis
1811 2377 1842 2405 et
1867 2373 1974 2407 chari-
2014 2393 2055 2422 Qui
2074 2395 2172 2418 Pom„

2006 259 2057 288 An.
2074 261 2106 290 C.
2121 262 2187 291 ¹56¹

1993 2101 2022 2121 tio
2035 2101 2161 2128 postulunt.

2227 1703 2237 1759 ij

2232 1778 2237 1798 l

2232 1858 2237 1869 1

2229 1875 2237 1897 i

2228 1903 2237 2011 l

2229 2100 2234 2110 ι

2227 2296 2231 2306 ι

1220 2417 1292 2450 tatis
1324 2428 1422 2462 opera
1451 2419 1572 2463 ubique
1592 2419 1732 2452 exerceri
1757 2419 1891 2454 sinceris
1918 2433 1973 2456 ex·
1988 2426 2067 2479 :¹¹2⁶ssss
2082 2428 2172 2482 ἑῖεῐὲἶ

1220 2471 1369 2509 optamus
1403 2468 1588 2507 affectibus,
1622 2468 1810 2502 eorumdem
1844 2471 1972 2505 confra-

1219 2562 1251 2595 in
1271 2564 1406 2598 Domino
1426 2567 1657 2608 collaudantes,
1679 2577 1807 2600 necnon
1827 2568 1969 2612 singula-

1218 2622 1292 2645 rum
1320 2614 1486 2648 literarum
1527 2627 1563 2648 ac
1596 2616 1885 2650 instrumentorum
1912 2629 1969 2653 seu

1255 2669 1266 2693 ¹
1287 2667 1416 2701 Cherub„
1437 2671 1584 2702 expendere
1599 2669 1636 2704 (n.
1655 2670 1703 2705 τ.).

1987 2492 2032 2511 tuta
2051 2490 2171 2513 contraier-

1220 2519 1305 2547 trum
1326 2516 1415 2560 pium
1439 2523 1468 2550 et
1498 2518 1657 2551 laudabile
1686 2529 1768 2561 opus
1792 2519 1971 2562 plurimum
1985 2521 2059 2573 1¹:2³5*
2090 2527 2171 2549 ‘⁹⁹¹⁰-
