<?xml version="1.0" encoding="UTF-8"?>
<!DOCTYPE html PUBLIC "-//W3C//DTD XHTML 1.0 Transitional//EN"
    "http://www.w3.org/TR/xhtml1/DTD/xhtml1-transitional.dtd">
<html xmlns="http://www.w3.org/1999/xhtml" xml:lang="en" lang="en">
 <head>
  <title>
</title>
<meta http-equiv="Content-Type" content="text/html;charset=utf-8" />
  <meta name='ocr-system' content='tesseract 3.04.00' />
  <meta name='ocr-capabilities' content='ocr_page ocr_carea ocr_par ocr_line ocrx_word'/>
</head>
<body>
  <div class='ocr_page' id='page_1' title='image "./bullarumdiplomat07cath_1013.png"; bbox 0 0 2237 3100; ppageno 0'>
   <div class='ocr_carea' id='block_1_1' title="bbox 32 271 213 299">
    <p class='ocr_par' dir='ltr' id='par_1_1' title="bbox 32 271 213 299">
     <span class='ocr_line' id='line_1_1' title="bbox 32 271 213 299; baseline 0 0"><span class='ocrx_word' id='word_1_1' title='bbox 32 271 84 299; x_wconf 76' lang='lat' dir='ltr'>An.</span> <span class='ocrx_word' id='word_1_2' title='bbox 100 272 129 299; x_wconf 92' lang='lat' dir='ltr'>C.</span> <span class='ocrx_word' id='word_1_3' title='bbox 149 271 213 299; x_wconf 75' lang='lat'>¹571</span> 
     </span>
    </p>
   </div>
   <div class='ocr_carea' id='block_1_2' title="bbox 907 274 1089 298">
    <p class='ocr_par' dir='ltr' id='par_1_2' title="bbox 907 274 1089 298">
     <span class='ocr_line' id='line_1_2' title="bbox 907 274 1089 298; baseline 0 -1"><span class='ocrx_word' id='word_1_4' title='bbox 907 274 975 298; x_wconf 80' lang='lat' dir='ltr'>PIUS</span> <span class='ocrx_word' id='word_1_5' title='bbox 999 274 1017 297; x_wconf 87' lang='lat' dir='ltr'>V</span> <span class='ocrx_word' id='word_1_6' title='bbox 1042 274 1089 298; x_wconf 70' lang='lat' dir='ltr'>PF.</span> 
     </span>
    </p>
   </div>
   <div class='ocr_carea' id='block_1_3' title="bbox 1671 263 1977 305">
    <p class='ocr_par' dir='ltr' id='par_1_3' title="bbox 1671 263 1977 305">
     <span class='ocr_line' id='line_1_3' title="bbox 1671 263 1977 305; baseline 0.02 -7"><span class='ocrx_word' id='word_1_7' title='bbox 1671 263 1736 299; x_wconf 84' lang='lat'>935</span> <span class='ocrx_word' id='word_1_8' title='bbox 1795 275 1844 302; x_wconf 72' lang='lat' dir='ltr'>An.</span> <span class='ocrx_word' id='word_1_9' title='bbox 1862 276 1891 304; x_wconf 79' lang='lat' dir='ltr'>c,</span> <span class='ocrx_word' id='word_1_10' title='bbox 1913 276 1977 305; x_wconf 76' lang='lat'>¹5⁷1</span> 
     </span>
    </p>
   </div>
   <div class='ocr_carea' id='block_1_4' title="bbox 231 324 1778 370">
    <p class='ocr_par' dir='ltr' id='par_1_4' title="bbox 231 324 1778 370">
     <span class='ocr_line' id='line_1_4' title="bbox 231 324 1778 370; baseline 0.003 -14"><span class='ocrx_word' id='word_1_11' title='bbox 231 324 471 363; x_wconf 61' lang='lat' dir='ltr'>necessarimm</span> <span class='ocrx_word' id='word_1_12' title='bbox 512 325 674 369; x_wconf 89' lang='lat' dir='ltr'>reperitur</span> <span class='ocrx_word' id='word_1_13' title='bbox 711 331 818 359; x_wconf 87' lang='lat' dir='ltr'>autem</span> <span class='ocrx_word' id='word_1_14' title='bbox 852 327 983 369; x_wconf 78' lang='lat' dir='ltr'>quidam</span> <span class='ocrx_word' id='word_1_15' title='bbox 1027 332 1143 359; x_wconf 86' lang='lat' dir='ltr'>statum</span> <span class='ocrx_word' id='word_1_16' title='bbox 1175 327 1370 370; x_wconf 86' lang='lat' dir='ltr'>respiciunt,</span> <span class='ocrx_word' id='word_1_17' title='bbox 1402 327 1501 359; x_wconf 83' lang='lat' dir='ltr'>simus</span> <span class='ocrx_word' id='word_1_18' title='bbox 1531 327 1717 360; x_wconf 65' lang='lat' dir='ltr'>favorabiles</span> <span class='ocrx_word' id='word_1_19' title='bbox 1750 334 1778 361; x_wconf 86' lang='lat' dir='ltr'>et</span> 
     </span>
    </p>
   </div>
   <div class='ocr_carea' id='block_1_5' title="bbox 32 377 991 2266">
    <p class='ocr_par' dir='ltr' id='par_1_5' title="bbox 229 377 985 687">
     <span class='ocr_line' id='line_1_5' title="bbox 231 377 981 422; baseline 0.004 -13"><span class='ocrx_word' id='word_1_20' title='bbox 231 377 339 420; x_wconf 85' lang='lat' dir='ltr'>liquor</span> <span class='ocrx_word' id='word_1_21' title='bbox 356 388 412 410; x_wconf 88' lang='lat' dir='ltr'>seu</span> <span class='ocrx_word' id='word_1_22' title='bbox 426 389 555 414; x_wconf 84' lang='lat' dir='ltr'>succus,</span> <span class='ocrx_word' id='word_1_23' title='bbox 579 379 660 411; x_wconf 84' lang='lat' dir='ltr'>mira</span> <span class='ocrx_word' id='word_1_24' title='bbox 672 379 780 412; x_wconf 89' lang='lat' dir='ltr'>odoris</span> <span class='ocrx_word' id='word_1_25' title='bbox 797 380 981 422; x_wconf 78' lang='lat' dir='ltr'>fragrantia,</span> 
     </span>
     <span class='ocr_line' id='line_1_6' title="bbox 230 431 983 466; baseline 0.004 -4"><span class='ocrx_word' id='word_1_26' title='bbox 230 436 260 462; x_wconf 90' lang='lat' dir='ltr'>et</span> <span class='ocrx_word' id='word_1_27' title='bbox 280 431 319 463; x_wconf 91' lang='lat' dir='ltr'>ad</span> <span class='ocrx_word' id='word_1_28' title='bbox 340 431 472 463; x_wconf 72' lang='lat' dir='ltr'>lavanda</span> <span class='ocrx_word' id='word_1_29' title='bbox 500 433 634 464; x_wconf 72' lang='lat' dir='ltr'>vulnera</span> <span class='ocrx_word' id='word_1_30' title='bbox 655 432 830 465; x_wconf 75' lang='lat' dir='ltr'>admodum</span> <span class='ocrx_word' id='word_1_31' title='bbox 858 433 983 466; x_wconf 87' lang='lat' dir='ltr'>condu-</span> 
     </span>
     <span class='ocr_line' id='line_1_7' title="bbox 230 484 983 529; baseline 0.004 -14"><span class='ocrx_word' id='word_1_32' title='bbox 230 493 318 522; x_wconf 81' lang='lat' dir='ltr'>cens,</span> <span class='ocrx_word' id='word_1_33' title='bbox 341 484 396 526; x_wconf 89' lang='lat' dir='ltr'>qui</span> <span class='ocrx_word' id='word_1_34' title='bbox 422 485 641 517; x_wconf 84' lang='lat' dir='ltr'>communiter</span> <span class='ocrx_word' id='word_1_35' title='bbox 667 485 806 518; x_wconf 83' lang='lat' dir='ltr'>habetur</span> <span class='ocrx_word' id='word_1_36' title='bbox 830 497 889 529; x_wconf 89' lang='lat' dir='ltr'>pro</span> <span class='ocrx_word' id='word_1_37' title='bbox 910 497 983 519; x_wconf 75' lang='lat' dir='ltr'>vero</span> 
     </span>
     <span class='ocr_line' id='line_1_8' title="bbox 229 537 985 582; baseline 0.004 -14"><span class='ocrx_word' id='word_1_38' title='bbox 229 537 392 577; x_wconf 88' lang='lat' dir='ltr'>balsamo;</span> <span class='ocrx_word' id='word_1_39' title='bbox 428 544 567 580; x_wconf 86' lang='lat' dir='ltr'>praestat</span> <span class='ocrx_word' id='word_1_40' title='bbox 602 539 686 571; x_wconf 91' lang='lat' dir='ltr'>enim</span> <span class='ocrx_word' id='word_1_41' title='bbox 715 540 868 579; x_wconf 77' lang='lat' dir='ltr'>effectus,</span> <span class='ocrx_word' id='word_1_42' title='bbox 903 550 985 582; x_wconf 76' lang='lat' dir='ltr'>quos</span> 
     </span>
     <span class='ocr_line' id='line_1_9' title="bbox 231 590 983 636; baseline 0.004 -14"><span class='ocrx_word' id='word_1_43' title='bbox 231 590 409 623; x_wconf 75' lang='lat' dir='ltr'>balsamum</span> <span class='ocrx_word' id='word_1_44' title='bbox 428 592 467 623; x_wconf 87' lang='lat' dir='ltr'>ab</span> <span class='ocrx_word' id='word_1_45' title='bbox 487 592 678 624; x_wconf 72' lang='lat' dir='ltr'>Alexandria</span> <span class='ocrx_word' id='word_1_46' title='bbox 694 593 826 624; x_wconf 88' lang='lat' dir='ltr'>allatum</span> <span class='ocrx_word' id='word_1_47' title='bbox 849 593 983 636; x_wconf 68' lang='lat' dir='ltr'>praesti-</span> 
     </span>
     <span class='ocr_line' id='line_1_10' title="bbox 231 643 526 687; baseline 0.003 -12"><span class='ocrx_word' id='word_1_48' title='bbox 231 643 303 677; x_wconf 87' lang='lat' dir='ltr'>tisse</span> <span class='ocrx_word' id='word_1_49' title='bbox 325 645 526 687; x_wconf 71' lang='lat' dir='ltr'>perhibetur.</span> 
     </span>
    </p>

    <p class='ocr_par' dir='ltr' id='par_1_6' title="bbox 275 693 982 741">
     <span class='ocr_line' id='line_1_11' title="bbox 275 693 982 741; baseline 0.001 -11"><span class='ocrx_word' id='word_1_50' title='bbox 275 698 289 740; x_wconf 57' lang='grc' dir='ltr'><strong>ἓ</strong></span> <span class='ocrx_word' id='word_1_51' title='bbox 314 693 348 730; x_wconf 64' lang='lat'>21</span> <span class='ocrx_word' id='word_1_52' title='bbox 378 698 481 736; x_wconf 83' lang='lat' dir='ltr'>Quare</span> <span class='ocrx_word' id='word_1_53' title='bbox 512 698 608 730; x_wconf 84' lang='lat' dir='ltr'>iidem</span> <span class='ocrx_word' id='word_1_54' title='bbox 644 698 784 741; x_wconf 87' lang='lat' dir='ltr'>partium</span> <span class='ocrx_word' id='word_1_55' title='bbox 820 699 982 732; x_wconf 85' lang='lat' dir='ltr'>Indiarum</span> 
     </span>
    </p>

    <p class='ocr_par' dir='ltr' id='par_1_7' title="bbox 60 750 984 795">
     <span class='ocr_line' id='line_1_12' title="bbox 60 750 984 795; baseline 0 -10"><span class='ocrx_word' id='word_1_56' title='bbox 60 764 136 785; x_wconf 50' lang='lat' dir='ltr'>inuno</span> <span class='ocrx_word' id='word_1_57' title='bbox 163 771 216 791; x_wconf 52' lang='grc' dir='ltr'>μη-</span> <span class='ocrx_word' id='word_1_58' title='bbox 230 750 397 792; x_wconf 72' lang='lat' dir='ltr'>praesules</span> <span class='ocrx_word' id='word_1_59' title='bbox 417 751 510 783; x_wconf 80' lang='lat' dir='ltr'>nobis</span> <span class='ocrx_word' id='word_1_60' title='bbox 538 751 705 784; x_wconf 86' lang='lat' dir='ltr'>humiliter</span> <span class='ocrx_word' id='word_1_61' title='bbox 736 751 911 795; x_wconf 87' lang='lat' dir='ltr'>supplicari</span> <span class='ocrx_word' id='word_1_62' title='bbox 943 755 984 785; x_wconf 86' lang='lat' dir='ltr'>l&#39;e-</span> 
     </span>
    </p>

    <p class='ocr_par' dir='ltr' id='par_1_8' title="bbox 33 795 984 849">
     <span class='ocr_line' id='line_1_13' title="bbox 33 795 984 849; baseline 0.004 -15"><span class='ocrx_word' id='word_1_63' title='bbox 33 796 121 847; x_wconf 38' lang='lat' dir='ltr'>ffl,¹‚¹,¹·⁴¹¹¹¹‘</span> <span class='ocrx_word' id='word_1_64' title='bbox 147 795 217 816; x_wconf 72' lang='lat'>¹&#39;&#39;&#39;¹⁵&#39;&#39;·‘</span> <span class='ocrx_word' id='word_1_65' title='bbox 231 808 346 836; x_wconf 88' lang='lat' dir='ltr'>cerunt</span> <span class='ocrx_word' id='word_1_66' title='bbox 366 810 400 836; x_wconf 90' lang='lat' dir='ltr'>ut</span> <span class='ocrx_word' id='word_1_67' title='bbox 420 804 451 836; x_wconf 89' lang='lat' dir='ltr'>in</span> <span class='ocrx_word' id='word_1_68' title='bbox 470 804 654 847; x_wconf 81' lang='lat' dir='ltr'>praemissis</span> <span class='ocrx_word' id='word_1_69' title='bbox 674 805 712 837; x_wconf 83' lang='lat' dir='ltr'>de</span> <span class='ocrx_word' id='word_1_70' title='bbox 734 805 842 848; x_wconf 77' lang='lat' dir='ltr'>aliquo</span> <span class='ocrx_word' id='word_1_71' title='bbox 863 817 984 849; x_wconf 83' lang='lat' dir='ltr'>oppor-</span> 
     </span>
    </p>

    <p class='ocr_par' dir='ltr' id='par_1_9' title="bbox 230 858 983 955">
     <span class='ocr_line' id='line_1_14' title="bbox 230 858 983 903; baseline 0.005 -14"><span class='ocrx_word' id='word_1_72' title='bbox 230 862 309 889; x_wconf 90' lang='lat' dir='ltr'>tuno</span> <span class='ocrx_word' id='word_1_73' title='bbox 334 858 480 891; x_wconf 85' lang='lat' dir='ltr'>remedio</span> <span class='ocrx_word' id='word_1_74' title='bbox 514 858 683 901; x_wconf 78' lang='lat' dir='ltr'>providere</span> <span class='ocrx_word' id='word_1_75' title='bbox 715 859 753 891; x_wconf 86' lang='lat' dir='ltr'>de</span> <span class='ocrx_word' id='word_1_76' title='bbox 788 859 983 903; x_wconf 66' lang='lat' dir='ltr'>lwitignitatc</span> 
     </span>
     <span class='ocr_line' id='line_1_15' title="bbox 230 911 649 955; baseline 0.007 -13"><span class='ocrx_word' id='word_1_77' title='bbox 230 911 407 954; x_wconf 87' lang='lat' dir='ltr'>apostolica</span> <span class='ocrx_word' id='word_1_78' title='bbox 428 912 649 955; x_wconf 73' lang='lat' dir='ltr'>dignaremur.</span> 
     </span>
    </p>

    <p class='ocr_par' dir='ltr' id='par_1_10' title="bbox 32 957 986 1171">
     <span class='ocr_line' id='line_1_16' title="bbox 274 957 984 1008; baseline 0.003 -11"><span class='ocrx_word' id='word_1_79' title='bbox 274 964 288 1007; x_wconf 66' lang='grc' dir='ltr'><strong>ἓ</strong></span> <span class='ocrx_word' id='word_1_80' title='bbox 308 964 340 997; x_wconf 81' lang='lat'>3.</span> <span class='ocrx_word' id='word_1_81' title='bbox 358 957 430 998; x_wconf 59' lang='lat' dir='ltr'>&#39;Nos</span> <span class='ocrx_word' id='word_1_82' title='bbox 455 965 567 1008; x_wconf 73' lang='lat' dir='ltr'>igitur,</span> <span class='ocrx_word' id='word_1_83' title='bbox 604 966 849 999; x_wconf 78' lang='lat' dir='ltr'>necessitatibus</span> <span class='ocrx_word' id='word_1_84' title='bbox 870 967 984 1000; x_wconf 83' lang='lat' dir='ltr'>huius-</span> 
     </span>
     <span class='ocr_line' id='line_1_17' title="bbox 45 1017 984 1064; baseline 0.005 -18"><span class='ocrx_word' id='word_1_85' title='bbox 45 1025 141 1061; x_wconf 57' lang='lat' dir='ltr'>rncuius</span> <span class='ocrx_word' id='word_1_86' title='bbox 158 1029 217 1060; x_wconf 57' lang='lat' dir='ltr'>ntonf</span> <span class='ocrx_word' id='word_1_87' title='bbox 231 1017 317 1050; x_wconf 88' lang='lat' dir='ltr'>modi</span> <span class='ocrx_word' id='word_1_88' title='bbox 338 1019 509 1051; x_wconf 85' lang='lat' dir='ltr'>consulere</span> <span class='ocrx_word' id='word_1_89' title='bbox 528 1020 680 1059; x_wconf 69' lang='lat' dir='ltr'>volentes,</span> <span class='ocrx_word' id='word_1_90' title='bbox 704 1020 889 1053; x_wconf 82' lang='lat' dir='ltr'>huiusmodi</span> <span class='ocrx_word' id='word_1_91' title='bbox 908 1032 984 1064; x_wconf 89' lang='lat' dir='ltr'>sup-</span> 
     </span>
     <span class='ocr_line' id='line_1_18' title="bbox 33 1057 986 1118; baseline 0.005 -17"><span class='ocrx_word' id='word_1_92' title='bbox 33 1057 216 1108; x_wconf 51' lang='lat' dir='ltr'>220C0¹¹¹5¹,¹,“0⁵1¹‚&#39;J‚⁴}21</span> <span class='ocrx_word' id='word_1_93' title='bbox 232 1070 460 1113; x_wconf 87' lang='lat' dir='ltr'>plicationibus</span> <span class='ocrx_word' id='word_1_94' title='bbox 476 1072 634 1113; x_wconf 82' lang='lat' dir='ltr'>inclinati,</span> <span class='ocrx_word' id='word_1_95' title='bbox 654 1078 717 1105; x_wconf 86' lang='lat' dir='ltr'>tam</span> <span class='ocrx_word' id='word_1_96' title='bbox 732 1073 986 1118; x_wconf 73' lang='lat' dir='ltr'>archiepiscopis</span> 
     </span>
     <span class='ocr_line' id='line_1_19' title="bbox 32 1119 984 1171; baseline 0.004 -15"><span class='ocrx_word' id='word_1_97' title='bbox 32 1119 217 1171; x_wconf 51' lang='grc' dir='ltr'>ἵζ’ῗζξοᾞζΠῊζζ·</span> <span class='ocrx_word' id='word_1_98' title='bbox 231 1135 328 1167; x_wconf 87' lang='lat' dir='ltr'>quam</span> <span class='ocrx_word' id='word_1_99' title='bbox 349 1125 510 1169; x_wconf 85' lang='lat' dir='ltr'>episcopis</span> <span class='ocrx_word' id='word_1_100' title='bbox 538 1125 667 1158; x_wconf 90' lang='lat' dir='ltr'>illarum</span> <span class='ocrx_word' id='word_1_101' title='bbox 691 1127 846 1169; x_wconf 85' lang='lat' dir='ltr'>partium,</span> <span class='ocrx_word' id='word_1_102' title='bbox 876 1133 902 1159; x_wconf 91' lang='lat' dir='ltr'>et</span> <span class='ocrx_word' id='word_1_103' title='bbox 928 1138 984 1170; x_wconf 90' lang='lat' dir='ltr'>pro</span> 
     </span>
    </p>

    <p class='ocr_par' dir='ltr' id='par_1_11' title="bbox 233 1179 985 1223">
     <span class='ocr_line' id='line_1_20' title="bbox 233 1179 985 1223; baseline 0.003 -13"><span class='ocrx_word' id='word_1_104' title='bbox 233 1183 378 1222; x_wconf 88' lang='lat' dir='ltr'>tempore</span> <span class='ocrx_word' id='word_1_105' title='bbox 402 1179 434 1211; x_wconf 85' lang='lat' dir='ltr'>in</span> <span class='ocrx_word' id='word_1_106' title='bbox 456 1179 532 1223; x_wconf 83' lang='lat' dir='ltr'>ipsis</span> <span class='ocrx_word' id='word_1_107' title='bbox 563 1179 708 1223; x_wconf 87' lang='lat' dir='ltr'>partibus</span> <span class='ocrx_word' id='word_1_108' title='bbox 733 1181 985 1213; x_wconf 71' lang='lat' dir='ltr'>commoraturis</span> 
     </span>
    </p>

    <p class='ocr_par' dir='ltr' id='par_1_12' title="bbox 230 1231 985 1491">
     <span class='ocr_line' id='line_1_21' title="bbox 230 1231 985 1276; baseline 0.003 -12"><span class='ocrx_word' id='word_1_109' title='bbox 230 1231 437 1271; x_wconf 68' lang='lat' dir='ltr'>antistitibus,</span> <span class='ocrx_word' id='word_1_110' title='bbox 452 1238 487 1264; x_wconf 91' lang='lat' dir='ltr'>ut</span> <span class='ocrx_word' id='word_1_111' title='bbox 504 1232 542 1265; x_wconf 83' lang='lat' dir='ltr'>de</span> <span class='ocrx_word' id='word_1_112' title='bbox 561 1238 668 1265; x_wconf 84' lang='lat' dir='ltr'>cetero</span> <span class='ocrx_word' id='word_1_113' title='bbox 687 1233 852 1276; x_wconf 86' lang='lat' dir='ltr'>perpetuis</span> <span class='ocrx_word' id='word_1_114' title='bbox 868 1234 985 1266; x_wconf 79' lang='lat' dir='ltr'>suturis</span> 
     </span>
     <span class='ocr_line' id='line_1_22' title="bbox 231 1285 985 1330; baseline 0.003 -13"><span class='ocrx_word' id='word_1_115' title='bbox 231 1286 402 1330; x_wconf 77' lang='lat' dir='ltr'>temporib.</span> <span class='ocrx_word' id='word_1_116' title='bbox 411 1312 418 1325; x_wconf 94' lang='lat'>,</span> <span class='ocrx_word' id='word_1_117' title='bbox 430 1285 462 1318; x_wconf 90' lang='lat' dir='ltr'>in</span> <span class='ocrx_word' id='word_1_118' title='bbox 471 1285 671 1319; x_wconf 79' lang='lat' dir='ltr'>confectione</span> <span class='ocrx_word' id='word_1_119' title='bbox 683 1287 783 1319; x_wconf 88' lang='lat' dir='ltr'>sancti</span> <span class='ocrx_word' id='word_1_120' title='bbox 795 1287 985 1325; x_wconf 69' lang='lat' dir='ltr'>chrismatis,</span> 
     </span>
     <span class='ocr_line' id='line_1_23' title="bbox 230 1338 985 1382; baseline 0.004 -12"><span class='ocrx_word' id='word_1_121' title='bbox 230 1338 315 1371; x_wconf 86' lang='lat' dir='ltr'>dieto</span> <span class='ocrx_word' id='word_1_122' title='bbox 335 1339 461 1382; x_wconf 82' lang='lat' dir='ltr'>liquore</span> <span class='ocrx_word' id='word_1_123' title='bbox 482 1350 539 1372; x_wconf 87' lang='lat' dir='ltr'>seu</span> <span class='ocrx_word' id='word_1_124' title='bbox 560 1350 657 1372; x_wconf 82' lang='lat' dir='ltr'>succo</span> <span class='ocrx_word' id='word_1_125' title='bbox 672 1340 704 1371; x_wconf 89' lang='lat' dir='ltr'>in</span> <span class='ocrx_word' id='word_1_126' title='bbox 724 1340 833 1373; x_wconf 84' lang='lat' dir='ltr'>locum</span> <span class='ocrx_word' id='word_1_127' title='bbox 852 1341 985 1373; x_wconf 77' lang='lat' dir='ltr'>balsami</span> 
     </span>
     <span class='ocr_line' id='line_1_24' title="bbox 231 1392 985 1437; baseline 0.003 -13"><span class='ocrx_word' id='word_1_128' title='bbox 231 1392 278 1424; x_wconf 90' lang='lat' dir='ltr'>uti</span> <span class='ocrx_word' id='word_1_129' title='bbox 299 1392 399 1426; x_wconf 89' lang='lat' dir='ltr'>libere</span> <span class='ocrx_word' id='word_1_130' title='bbox 420 1398 452 1425; x_wconf 80' lang='lat' dir='ltr'>et</span> <span class='ocrx_word' id='word_1_131' title='bbox 469 1392 555 1426; x_wconf 85' lang='lat' dir='ltr'>licite</span> <span class='ocrx_word' id='word_1_132' title='bbox 576 1393 700 1437; x_wconf 87' lang='lat' dir='ltr'>possint</span> <span class='ocrx_word' id='word_1_133' title='bbox 721 1395 861 1437; x_wconf 80' lang='lat' dir='ltr'>amplam</span> <span class='ocrx_word' id='word_1_134' title='bbox 884 1394 985 1427; x_wconf 82' lang='lat' dir='ltr'>licen-</span> 
     </span>
     <span class='ocr_line' id='line_1_25' title="bbox 232 1446 984 1491; baseline 0.003 -13"><span class='ocrx_word' id='word_1_135' title='bbox 232 1446 308 1478; x_wconf 81' lang='lat' dir='ltr'>tiam</span> <span class='ocrx_word' id='word_1_136' title='bbox 325 1451 353 1478; x_wconf 84' lang='lat' dir='ltr'>et</span> <span class='ocrx_word' id='word_1_137' title='bbox 370 1446 567 1487; x_wconf 74' lang='lat' dir='ltr'>facultatem,</span> <span class='ocrx_word' id='word_1_138' title='bbox 590 1447 766 1491; x_wconf 88' lang='lat' dir='ltr'>apostolica</span> <span class='ocrx_word' id='word_1_139' title='bbox 780 1447 984 1485; x_wconf 75' lang='lat' dir='ltr'>auctoritate,</span> 
     </span>
    </p>

    <p class='ocr_par' dir='ltr' id='par_1_13' title="bbox 233 1500 986 1543">
     <span class='ocr_line' id='line_1_26' title="bbox 233 1500 986 1543; baseline 0.003 -12"><span class='ocrx_word' id='word_1_140' title='bbox 233 1503 344 1532; x_wconf 86' lang='lat' dir='ltr'>tenore</span> <span class='ocrx_word' id='word_1_141' title='bbox 366 1500 598 1543; x_wconf 84' lang='lat' dir='ltr'>praesentium,</span> <span class='ocrx_word' id='word_1_142' title='bbox 619 1501 845 1536; x_wconf 73' lang='lat' dir='ltr'>concedimus,</span> <span class='ocrx_word' id='word_1_143' title='bbox 872 1512 908 1534; x_wconf 83' lang='lat' dir='ltr'>ac</span> <span class='ocrx_word' id='word_1_144' title='bbox 939 1501 986 1534; x_wconf 87' lang='lat' dir='ltr'>di-</span> 
     </span>
    </p>

    <p class='ocr_par' dir='ltr' id='par_1_14' title="bbox 233 1554 987 1595">
     <span class='ocr_line' id='line_1_27' title="bbox 233 1554 987 1595; baseline 0.001 -11"><span class='ocrx_word' id='word_1_145' title='bbox 233 1557 283 1585; x_wconf 91' lang='lat' dir='ltr'>cto</span> <span class='ocrx_word' id='word_1_146' title='bbox 313 1558 423 1585; x_wconf 86' lang='lat' dir='ltr'>sancto</span> <span class='ocrx_word' id='word_1_147' title='bbox 457 1554 640 1595; x_wconf 83' lang='lat' dir='ltr'>chrismati,</span> <span class='ocrx_word' id='word_1_148' title='bbox 673 1566 747 1587; x_wconf 80' lang='lat' dir='ltr'>cuni</span> <span class='ocrx_word' id='word_1_149' title='bbox 783 1555 868 1588; x_wconf 89' lang='lat' dir='ltr'>dicto</span> <span class='ocrx_word' id='word_1_150' title='bbox 889 1566 987 1588; x_wconf 77' lang='lat' dir='ltr'>succo</span> 
     </span>
    </p>

    <p class='ocr_par' dir='ltr' id='par_1_15' title="bbox 233 1605 987 1746">
     <span class='ocr_line' id='line_1_28' title="bbox 233 1605 987 1647; baseline 0.005 -10"><span class='ocrx_word' id='word_1_151' title='bbox 233 1605 292 1638; x_wconf 89' lang='lat' dir='ltr'>rite</span> <span class='ocrx_word' id='word_1_152' title='bbox 313 1611 421 1639; x_wconf 85' lang='lat' dir='ltr'>tamen</span> <span class='ocrx_word' id='word_1_153' title='bbox 442 1608 602 1647; x_wconf 82' lang='lat' dir='ltr'>consecto,</span> <span class='ocrx_word' id='word_1_154' title='bbox 630 1613 753 1641; x_wconf 79' lang='lat' dir='ltr'>tantam</span> <span class='ocrx_word' id='word_1_155' title='bbox 776 1608 873 1641; x_wconf 84' lang='lat' dir='ltr'>fidem</span> <span class='ocrx_word' id='word_1_156' title='bbox 895 1609 987 1641; x_wconf 86' lang='lat' dir='ltr'>adhi-</span> 
     </span>
     <span class='ocr_line' id='line_1_29' title="bbox 234 1659 987 1701; baseline 0.004 -9"><span class='ocrx_word' id='word_1_157' title='bbox 234 1659 371 1692; x_wconf 86' lang='lat' dir='ltr'>bendam</span> <span class='ocrx_word' id='word_1_158' title='bbox 392 1671 478 1701; x_wconf 80' lang='lat' dir='ltr'>esse,</span> <span class='ocrx_word' id='word_1_159' title='bbox 511 1672 546 1693; x_wconf 88' lang='lat' dir='ltr'>ac</span> <span class='ocrx_word' id='word_1_160' title='bbox 574 1661 598 1694; x_wconf 89' lang='lat' dir='ltr'>si</span> <span class='ocrx_word' id='word_1_161' title='bbox 620 1661 651 1693; x_wconf 93' lang='lat' dir='ltr'>in</span> <span class='ocrx_word' id='word_1_162' title='bbox 677 1662 733 1695; x_wconf 94' lang='lat' dir='ltr'>illo</span> <span class='ocrx_word' id='word_1_163' title='bbox 754 1661 917 1697; x_wconf 80' lang='lat' dir='ltr'>balsamus</span> <span class='ocrx_word' id='word_1_164' title='bbox 938 1663 987 1695; x_wconf 93' lang='lat' dir='ltr'>in-</span> 
     </span>
     <span class='ocr_line' id='line_1_30' title="bbox 233 1714 430 1746; baseline 0.01 -2"><span class='ocrx_word' id='word_1_165' title='bbox 233 1714 430 1746; x_wconf 86' lang='lat' dir='ltr'>tervcnisset.</span> 
     </span>
    </p>

    <p class='ocr_par' dir='ltr' id='par_1_16' title="bbox 36 1761 991 1919">
     <span class='ocr_line' id='line_1_31' title="bbox 221 1761 987 1813; baseline 0.005 -14"><span class='ocrx_word' id='word_1_166' title='bbox 221 1761 232 1813; x_wconf 71' lang='lat'><em>{</em></span> <span class='ocrx_word' id='word_1_167' title='bbox 280 1767 294 1807; x_wconf 62' lang='grc' dir='ltr'>,ἓ</span> <span class='ocrx_word' id='word_1_168' title='bbox 314 1766 345 1799; x_wconf 67' lang='grc'>4.</span> <span class='ocrx_word' id='word_1_169' title='bbox 368 1768 437 1800; x_wconf 89' lang='lat' dir='ltr'>Non</span> <span class='ocrx_word' id='word_1_170' title='bbox 458 1768 660 1801; x_wconf 77' lang='lat' dir='ltr'>obstantibus</span> <span class='ocrx_word' id='word_1_171' title='bbox 685 1770 886 1813; x_wconf 74' lang='lat' dir='ltr'>praen‘tissis,</span> <span class='ocrx_word' id='word_1_172' title='bbox 915 1771 987 1813; x_wconf 77' lang='lat' dir='ltr'>qui-</span> 
     </span>
     <span class='ocr_line' id='line_1_32' title="bbox 51 1820 987 1866; baseline 0.003 -12"><span class='ocrx_word' id='word_1_173' title='bbox 51 1833 221 1860; x_wconf 52' lang='lat' dir='ltr'>oemganncon-</span> <span class='ocrx_word' id='word_1_174' title='bbox 234 1820 340 1853; x_wconf 71' lang='lat' dir='ltr'>busvis</span> <span class='ocrx_word' id='word_1_175' title='bbox 365 1822 550 1864; x_wconf 86' lang='lat' dir='ltr'>apostolicis</span> <span class='ocrx_word' id='word_1_176' title='bbox 566 1834 613 1863; x_wconf 84' lang='lat' dir='ltr'>ac,</span> <span class='ocrx_word' id='word_1_177' title='bbox 638 1822 669 1854; x_wconf 92' lang='lat' dir='ltr'>in</span> <span class='ocrx_word' id='word_1_178' title='bbox 690 1823 942 1866; x_wconf 76' lang='lat' dir='ltr'>provincialiluis</span> <span class='ocrx_word' id='word_1_179' title='bbox 960 1830 987 1857; x_wconf 85' lang='lat' dir='ltr'>et</span> 
     </span>
     <span class='ocr_line' id='line_1_33' title="bbox 36 1866 991 1919; baseline 0.005 -14"><span class='ocrx_word' id='word_1_180' title='bbox 36 1866 156 1885; x_wconf 52' lang='lat' dir='ltr'>‘mmm&#39;</span> <span class='ocrx_word' id='word_1_181' title='bbox 234 1874 443 1918; x_wconf 69' lang='lat' dir='ltr'>synodalibus</span> <span class='ocrx_word' id='word_1_182' title='bbox 473 1875 621 1909; x_wconf 90' lang='lat' dir='ltr'>conciliis</span> <span class='ocrx_word' id='word_1_183' title='bbox 651 1876 761 1916; x_wconf 84' lang='lat' dir='ltr'>editis⁷</span> <span class='ocrx_word' id='word_1_184' title='bbox 784 1877 991 1919; x_wconf 74' lang='lat' dir='ltr'>generalibus</span> 
     </span>
    </p>

    <p class='ocr_par' dir='ltr' id='par_1_17' title="bbox 234 1924 989 1968">
     <span class='ocr_line' id='line_1_34' title="bbox 234 1924 989 1968; baseline 0.005 -13"><span class='ocrx_word' id='word_1_185' title='bbox 234 1924 281 1956; x_wconf 81' lang='lat' dir='ltr'>vel</span> <span class='ocrx_word' id='word_1_186' title='bbox 304 1925 499 1968; x_wconf 78' lang='lat' dir='ltr'>specialibus</span> <span class='ocrx_word' id='word_1_187' title='bbox 527 1925 813 1958; x_wconf 78' lang='lat' dir='ltr'>constitutionibus</span> <span class='ocrx_word' id='word_1_188' title='bbox 847 1933 874 1959; x_wconf 86' lang='lat' dir='ltr'>et</span> <span class='ocrx_word' id='word_1_189' title='bbox 902 1927 989 1959; x_wconf 93' lang='lat' dir='ltr'>ordi-</span> 
     </span>
    </p>

    <p class='ocr_par' dir='ltr' id='par_1_18' title="bbox 234 1972 989 2064">
     <span class='ocr_line' id='line_1_35' title="bbox 234 1972 989 2018; baseline 0.007 -14"><span class='ocrx_word' id='word_1_190' title='bbox 234 1972 438 2013; x_wconf 80' lang='lat' dir='ltr'>nationibus,</span> <span class='ocrx_word' id='word_1_191' title='bbox 463 1973 642 2017; x_wconf 80' lang='lat' dir='ltr'>ceterisque</span> <span class='ocrx_word' id='word_1_192' title='bbox 663 1975 834 2008; x_wconf 74' lang='lat' dir='ltr'>contrariis</span> <span class='ocrx_word' id='word_1_193' title='bbox 854 1976 989 2018; x_wconf 82' lang='lat' dir='ltr'>quibus-</span> 
     </span>
     <span class='ocr_line' id='line_1_36' title="bbox 235 2032 387 2064; baseline 0.007 -10"><span class='ocrx_word' id='word_1_194' title='bbox 235 2032 387 2064; x_wconf 84' lang='lat' dir='ltr'>cumque.</span> 
     </span>
    </p>

    <p class='ocr_par' dir='ltr' id='par_1_19' title="bbox 277 2070 989 2115">
     <span class='ocr_line' id='line_1_37' title="bbox 277 2070 989 2115; baseline 0.008 -13"><span class='ocrx_word' id='word_1_195' title='bbox 277 2070 392 2103; x_wconf 86' lang='lat' dir='ltr'>Datum</span> <span class='ocrx_word' id='word_1_196' title='bbox 414 2071 534 2105; x_wconf 83' lang='lat' dir='ltr'>Romae</span> <span class='ocrx_word' id='word_1_197' title='bbox 548 2073 635 2115; x_wconf 87' lang='lat' dir='ltr'>apud</span> <span class='ocrx_word' id='word_1_198' title='bbox 652 2073 682 2105; x_wconf 76' lang='lat' dir='ltr'>S.</span> <span class='ocrx_word' id='word_1_199' title='bbox 697 2073 839 2114; x_wconf 84' lang='lat' dir='ltr'>Petrum,</span> <span class='ocrx_word' id='word_1_200' title='bbox 856 2075 915 2107; x_wconf 86' lang='lat' dir='ltr'>sub</span> <span class='ocrx_word' id='word_1_201' title='bbox 932 2087 989 2108; x_wconf 83' lang='lat' dir='ltr'>an-</span> 
     </span>
    </p>

    <p class='ocr_par' dir='ltr' id='par_1_20' title="bbox 235 2120 989 2168">
     <span class='ocr_line' id='line_1_38' title="bbox 235 2120 989 2168; baseline 0.009 -17"><span class='ocrx_word' id='word_1_202' title='bbox 235 2120 313 2152; x_wconf 89' lang='lat' dir='ltr'>nulo</span> <span class='ocrx_word' id='word_1_203' title='bbox 324 2120 506 2161; x_wconf 79' lang='lat' dir='ltr'>piscatoris,</span> <span class='ocrx_word' id='word_1_204' title='bbox 523 2122 575 2154; x_wconf 88' lang='lat' dir='ltr'>die</span> <span class='ocrx_word' id='word_1_205' title='bbox 595 2131 616 2154; x_wconf 89' lang='lat'>11</span> <span class='ocrx_word' id='word_1_206' title='bbox 629 2122 755 2165; x_wconf 77' lang='lat' dir='ltr'>augusti</span> <span class='ocrx_word' id='word_1_207' title='bbox 767 2133 894 2165; x_wconf 70' lang='lat' dir='ltr'>norxxi,</span> <span class='ocrx_word' id='word_1_208' title='bbox 908 2135 989 2168; x_wconf 91' lang='lat' dir='ltr'>pon-</span> 
     </span>
    </p>

    <p class='ocr_par' dir='ltr' id='par_1_21' title="bbox 234 2168 654 2204">
     <span class='ocr_line' id='line_1_39' title="bbox 234 2168 654 2204; baseline 0.01 -4"><span class='ocrx_word' id='word_1_209' title='bbox 234 2168 375 2202; x_wconf 76' lang='lat' dir='ltr'>tificatus</span> <span class='ocrx_word' id='word_1_210' title='bbox 395 2170 495 2203; x_wconf 84' lang='lat' dir='ltr'>nostri</span> <span class='ocrx_word' id='word_1_211' title='bbox 516 2181 600 2204; x_wconf 90' lang='lat' dir='ltr'>anno</span> <span class='ocrx_word' id='word_1_212' title='bbox 613 2182 654 2204; x_wconf 80' lang='lat' dir='ltr'>VI.</span> 
     </span>
    </p>

    <p class='ocr_par' dir='ltr' id='par_1_22' title="bbox 278 2222 948 2266">
     <span class='ocr_line' id='line_1_40' title="bbox 278 2222 948 2266; baseline 0.009 -14"><span class='ocrx_word' id='word_1_213' title='bbox 278 2222 340 2253; x_wconf 86' lang='lat' dir='ltr'>Dat.</span> <span class='ocrx_word' id='word_1_214' title='bbox 359 2224 404 2254; x_wconf 84' lang='lat' dir='ltr'>die</span> <span class='ocrx_word' id='word_1_215' title='bbox 420 2224 437 2254; x_wconf 73' lang='lat'>⁶2</span> <span class='ocrx_word' id='word_1_216' title='bbox 454 2225 569 2263; x_wconf 82' lang='lat' dir='ltr'>augusti</span> <span class='ocrx_word' id='word_1_217' title='bbox 590 2226 679 2264; x_wconf 77' lang='lat'>1571,</span> <span class='ocrx_word' id='word_1_218' title='bbox 693 2227 797 2266; x_wconf 81' lang='lat' dir='ltr'>pontif.</span> <span class='ocrx_word' id='word_1_219' title='bbox 816 2236 892 2257; x_wconf 85' lang='lat' dir='ltr'>anno</span> <span class='ocrx_word' id='word_1_220' title='bbox 910 2238 948 2259; x_wconf 75' lang='lat' dir='ltr'>vi.</span> 
     </span>
    </p>
   </div>
   <div class='ocr_carea' id='block_1_6' title="bbox 236 2392 991 2539">
    <p class='ocr_par' dir='ltr' id='par_1_23' title="bbox 236 2392 991 2539">
     <span class='ocr_line' id='line_1_41' title="bbox 236 2392 991 2434; baseline 0.004 -11"><span class='ocrx_word' id='word_1_221' title='bbox 236 2392 312 2424; x_wconf 66' lang='lat' dir='ltr'>Ati«</span> <span class='ocrx_word' id='word_1_222' title='bbox 330 2392 447 2424; x_wconf 75' lang='lat' dir='ltr'>eisdem</span> <span class='ocrx_word' id='word_1_223' title='bbox 465 2393 669 2434; x_wconf 72' lang='lat' dir='ltr'>pruesuliluts</span> <span class='ocrx_word' id='word_1_224' title='bbox 690 2403 835 2425; x_wconf 74' lang='lat' dir='ltr'>concessa</span> <span class='ocrx_word' id='word_1_225' title='bbox 851 2393 991 2433; x_wconf 67' lang='lat' dir='ltr'>facultas</span> 
     </span>
     <span class='ocr_line' id='line_1_42' title="bbox 357 2440 890 2483; baseline 0.004 -12"><span class='ocrx_word' id='word_1_226' title='bbox 357 2440 539 2473; x_wconf 72' lang='lat' dir='ltr'>absolvendi</span> <span class='ocrx_word' id='word_1_227' title='bbox 549 2441 587 2472; x_wconf 75' lang='lat' dir='ltr'>ab</span> <span class='ocrx_word' id='word_1_228' title='bbox 600 2441 839 2483; x_wconf 67' lang='lat' dir='ltr'>zfrreyzttaritate</span> <span class='ocrx_word' id='word_1_229' title='bbox 867 2440 890 2473; x_wconf 90' lang='lat'>¹.</span> 
     </span>
     <span class='ocr_line' id='line_1_43' title="bbox 270 2504 947 2539; baseline 0.003 -7"><span class='ocrx_word' id='word_1_230' title='bbox 270 2504 329 2533; x_wconf 79' lang='lat' dir='ltr'>Pius</span> <span class='ocrx_word' id='word_1_231' title='bbox 344 2505 414 2538; x_wconf 80' lang='lat' dir='ltr'>Papa</span> <span class='ocrx_word' id='word_1_232' title='bbox 428 2504 465 2535; x_wconf 84' lang='lat' dir='ltr'>V.</span> <span class='ocrx_word' id='word_1_233' title='bbox 486 2504 519 2531; x_wconf 79' lang='lat' dir='ltr'>ad</span> <span class='ocrx_word' id='word_1_234' title='bbox 538 2505 699 2539; x_wconf 74' lang='lat' dir='ltr'>perpetuam</span> <span class='ocrx_word' id='word_1_235' title='bbox 718 2505 759 2532; x_wconf 78' lang='lat' dir='ltr'>rei</span> <span class='ocrx_word' id='word_1_236' title='bbox 777 2506 947 2534; x_wconf 75' lang='lat' dir='ltr'>memoriam.</span> 
     </span>
    </p>
   </div>
   <div class='ocr_carea' id='block_1_7' title="bbox 68 2556 991 2650">
    <p class='ocr_par' dir='ltr' id='par_1_24' title="bbox 68 2556 991 2650">
     <span class='ocr_line' id='line_1_44' title="bbox 282 2556 988 2599; baseline 0.003 -10"><span class='ocrx_word' id='word_1_237' title='bbox 282 2557 402 2590; x_wconf 84' lang='lat' dir='ltr'>Decens</span> <span class='ocrx_word' id='word_1_238' title='bbox 423 2563 450 2590; x_wconf 89' lang='lat' dir='ltr'>et</span> <span class='ocrx_word' id='word_1_239' title='bbox 469 2556 611 2589; x_wconf 87' lang='lat' dir='ltr'>debitum</span> <span class='ocrx_word' id='word_1_240' title='bbox 628 2557 824 2589; x_wconf 75' lang='lat' dir='ltr'>arbitramur</span> <span class='ocrx_word' id='word_1_241' title='bbox 838 2559 914 2590; x_wconf 91' lang='lat' dir='ltr'>utin</span> <span class='ocrx_word' id='word_1_242' title='bbox 929 2559 988 2599; x_wconf 87' lang='lat' dir='ltr'>his,</span> 
     </span>
     <span class='ocr_line' id='line_1_45' title="bbox 68 2605 991 2650; baseline 0.002 -12"><span class='ocrx_word' id='word_1_243' title='bbox 68 2612 196 2635; x_wconf 65' lang='lat' dir='ltr'>Fre-nmium</span> <span class='ocrx_word' id='word_1_244' title='bbox 237 2617 320 2649; x_wconf 81' lang='lat' dir='ltr'>quae</span> <span class='ocrx_word' id='word_1_245' title='bbox 346 2606 529 2639; x_wconf 85' lang='lat' dir='ltr'>animarum</span> <span class='ocrx_word' id='word_1_246' title='bbox 557 2605 692 2638; x_wconf 87' lang='lat' dir='ltr'>salutem</span> <span class='ocrx_word' id='word_1_247' title='bbox 714 2605 991 2650; x_wconf 82' lang='lat' dir='ltr'>tranquillumque</span> 
     </span>
    </p>
   </div>
   <div class='ocr_carea' id='block_1_8' title="bbox 275 2662 715 2698">
    <p class='ocr_par' dir='ltr' id='par_1_25' title="bbox 275 2662 715 2698">
     <span class='ocr_line' id='line_1_46' title="bbox 275 2662 715 2698; baseline 0 -8"><span class='ocrx_word' id='word_1_248' title='bbox 275 2665 284 2689; x_wconf 83' lang='lat'>¹</span> <span class='ocrx_word' id='word_1_249' title='bbox 305 2663 344 2690; x_wconf 77' lang='lat' dir='ltr'>Ex</span> <span class='ocrx_word' id='word_1_250' title='bbox 359 2662 464 2698; x_wconf 78' lang='lat' dir='ltr'>chest.</span> <span class='ocrx_word' id='word_1_251' title='bbox 481 2663 505 2688; x_wconf 82' lang='lat' dir='ltr'>in</span> <span class='ocrx_word' id='word_1_252' title='bbox 519 2663 610 2689; x_wconf 73' lang='lat' dir='ltr'>secret</span> <span class='ocrx_word' id='word_1_253' title='bbox 638 2663 715 2690; x_wconf 84' lang='lat' dir='ltr'>Brev.</span> 
     </span>
    </p>
   </div>
   <div class='ocr_carea' id='block_1_9' title="bbox 1027 379 1980 520">
    <p class='ocr_par' dir='ltr' id='par_1_26' title="bbox 1027 379 1980 520">
     <span class='ocr_line' id='line_1_47' title="bbox 1027 379 1170 421; baseline 0 -10"><span class='ocrx_word' id='word_1_254' title='bbox 1027 379 1170 421; x_wconf 75' lang='lat' dir='ltr'>benigni.</span> 
     </span>
     <span class='ocr_line' id='line_1_48' title="bbox 1071 432 1980 475; baseline 0.003 -11"><span class='ocrx_word' id='word_1_255' title='bbox 1071 433 1085 475; x_wconf 60' lang='grc' dir='ltr'><strong>ξ</strong></span> <span class='ocrx_word' id='word_1_256' title='bbox 1109 432 1139 464; x_wconf 78' lang='lat' dir='ltr'>t.</span> <span class='ocrx_word' id='word_1_257' title='bbox 1169 432 1233 465; x_wconf 86' lang='lat' dir='ltr'>Hac</span> <span class='ocrx_word' id='word_1_258' title='bbox 1264 433 1363 475; x_wconf 74' lang='lat' dir='ltr'>igitur</span> <span class='ocrx_word' id='word_1_259' title='bbox 1391 433 1647 466; x_wconf 83' lang='lat' dir='ltr'>consideratione</span> <span class='ocrx_word' id='word_1_260' title='bbox 1673 434 1779 474; x_wconf 83' lang='lat' dir='ltr'>ducti,</span> <span class='ocrx_word' id='word_1_261' title='bbox 1811 447 1840 466; x_wconf 75' lang='lat' dir='ltr'>Ab</span> <span class='ocrx_word' id='word_1_262' title='bbox 1857 448 1980 473; x_wconf 51' lang='lat' dir='ltr'>meg-amr</span> 
     </span>
     <span class='ocr_line' id='line_1_49' title="bbox 1027 482 1980 520; baseline 0.005 -4"><span class='ocrx_word' id='word_1_263' title='bbox 1027 485 1104 517; x_wconf 76' lang='lat' dir='ltr'>alias</span> <span class='ocrx_word' id='word_1_264' title='bbox 1121 486 1243 518; x_wconf 85' lang='lat' dir='ltr'>dilectis</span> <span class='ocrx_word' id='word_1_265' title='bbox 1259 486 1333 519; x_wconf 90' lang='lat' dir='ltr'>filiis</span> <span class='ocrx_word' id='word_1_266' title='bbox 1350 486 1504 519; x_wconf 85' lang='lat' dir='ltr'>fratribus</span> <span class='ocrx_word' id='word_1_267' title='bbox 1524 486 1678 519; x_wconf 61' lang='lat' dir='ltr'>tssh‘dinum</span> <span class='ocrx_word' id='word_1_268' title='bbox 1696 488 1780 520; x_wconf 89' lang='lat' dir='ltr'>Men·</span> <span class='ocrx_word' id='word_1_269' title='bbox 1797 484 1839 502; x_wconf 74' lang='lat'>¹⁸²⁰</span> <span class='ocrx_word' id='word_1_270' title='bbox 1858 482 1980 502; x_wconf 59' lang='lat' dir='ltr'>³b⁵⁰¹¹⁰¹¹¹¹¹</span> 
     </span>
    </p>
   </div>
   <div class='ocr_carea' id='block_1_10' title="bbox 1795 512 1985 533">
    <p class='ocr_par' dir='ltr' id='par_1_27' title="bbox 1795 512 1985 533">
     <span class='ocr_line' id='line_1_50' title="bbox 1795 512 1985 533; baseline -0.005 0"><span class='ocrx_word' id='word_1_271' title='bbox 1795 512 1916 533; x_wconf 71' lang='lat' dir='ltr'>facultatem</span> <span class='ocrx_word' id='word_1_272' title='bbox 1934 520 1985 533; x_wconf 73' lang='lat' dir='ltr'>cnu-</span> 
     </span>
    </p>
   </div>
   <div class='ocr_carea' id='block_1_11' title="bbox 1027 538 1981 595">
    <p class='ocr_par' dir='ltr' id='par_1_28' title="bbox 1027 538 1981 595">
     <span class='ocr_line' id='line_1_51' title="bbox 1027 538 1981 595; baseline 0.004 -25"><span class='ocrx_word' id='word_1_273' title='bbox 1027 538 1215 579; x_wconf 80' lang='lat' dir='ltr'>dicantiutn,</span> <span class='ocrx_word' id='word_1_274' title='bbox 1239 540 1271 571; x_wconf 90' lang='lat' dir='ltr'>in</span> <span class='ocrx_word' id='word_1_275' title='bbox 1294 540 1457 572; x_wconf 87' lang='lat' dir='ltr'>Indiarum</span> <span class='ocrx_word' id='word_1_276' title='bbox 1475 540 1620 584; x_wconf 87' lang='lat' dir='ltr'>partibus</span> <span class='ocrx_word' id='word_1_277' title='bbox 1637 541 1782 583; x_wconf 85' lang='lat' dir='ltr'>degenti-</span> <span class='ocrx_word' id='word_1_278' title='bbox 1797 548 1897 595; x_wconf 50' lang='lat' dir='ltr'>ffffffits</span> <span class='ocrx_word' id='word_1_279' title='bbox 1929 545 1981 595; x_wconf 37' lang='grc' dir='ltr'>(Ἓξ-[15</span> 
     </span>
    </p>
   </div>
   <div class='ocr_carea' id='block_1_12' title="bbox 1026 591 1981 2551">
    <p class='ocr_par' dir='ltr' id='par_1_29' title="bbox 1026 591 1980 795">
     <span class='ocr_line' id='line_1_52' title="bbox 1026 591 1975 636; baseline 0.003 -13"><span class='ocrx_word' id='word_1_280' title='bbox 1026 591 1098 632; x_wconf 86' lang='lat' dir='ltr'>bus,</span> <span class='ocrx_word' id='word_1_281' title='bbox 1123 603 1195 624; x_wconf 85' lang='lat' dir='ltr'>cum</span> <span class='ocrx_word' id='word_1_282' title='bbox 1222 593 1386 635; x_wconf 73' lang='lat' dir='ltr'>personis.</span> <span class='ocrx_word' id='word_1_283' title='bbox 1409 604 1491 636; x_wconf 83' lang='lat' dir='ltr'>quae</span> <span class='ocrx_word' id='word_1_284' title='bbox 1517 598 1580 626; x_wconf 89' lang='lat' dir='ltr'>tam</span> <span class='ocrx_word' id='word_1_285' title='bbox 1602 605 1638 626; x_wconf 84' lang='lat' dir='ltr'>ex</span> <span class='ocrx_word' id='word_1_286' title='bbox 1664 594 1781 627; x_wconf 87' lang='lat' dir='ltr'>delicto</span> <span class='ocrx_word' id='word_1_287' title='bbox 1804 606 1975 629; x_wconf 52' lang='lat' dir='ltr'>stemmatum,</span> 
     </span>
     <span class='ocr_line' id='line_1_53' title="bbox 1026 639 1980 690; baseline 0.006 -15"><span class='ocrx_word' id='word_1_288' title='bbox 1026 655 1122 686; x_wconf 83' lang='lat' dir='ltr'>quam</span> <span class='ocrx_word' id='word_1_289' title='bbox 1144 656 1180 677; x_wconf 79' lang='lat' dir='ltr'>ex</span> <span class='ocrx_word' id='word_1_290' title='bbox 1198 656 1261 678; x_wconf 90' lang='lat' dir='ltr'>non</span> <span class='ocrx_word' id='word_1_291' title='bbox 1281 646 1398 679; x_wconf 79' lang='lat' dir='ltr'>delicto</span> <span class='ocrx_word' id='word_1_292' title='bbox 1416 646 1685 689; x_wconf 76' lang='lat' dir='ltr'>irregularitatem</span> <span class='ocrx_word' id='word_1_293' title='bbox 1704 658 1781 681; x_wconf 91' lang='lat' dir='ltr'>con-</span> <span class='ocrx_word' id='word_1_294' title='bbox 1798 639 1937 690; x_wconf 45' lang='lat'>.”,¹,¹3?,‘,⁰;”“¹“‘</span> <span class='ocrx_word' id='word_1_295' title='bbox 1961 645 1980 657; x_wconf 88' lang='lat'>&#39;¹&#39;</span> 
     </span>
     <span class='ocr_line' id='line_1_54' title="bbox 1028 697 1782 742; baseline 0.005 -13"><span class='ocrx_word' id='word_1_296' title='bbox 1028 697 1206 738; x_wconf 76' lang='lat' dir='ltr'>traxissent,</span> <span class='ocrx_word' id='word_1_297' title='bbox 1225 710 1323 742; x_wconf 87' lang='lat' dir='ltr'>super</span> <span class='ocrx_word' id='word_1_298' title='bbox 1339 699 1576 742; x_wconf 74' lang='lat' dir='ltr'>irregularitate</span> <span class='ocrx_word' id='word_1_299' title='bbox 1594 700 1782 733; x_wconf 87' lang='lat' dir='ltr'>huiusmodi</span> 
     </span>
     <span class='ocr_line' id='line_1_55' title="bbox 1027 751 1782 795; baseline 0.007 -14"><span class='ocrx_word' id='word_1_300' title='bbox 1027 751 1234 794; x_wconf 77' lang='lat' dir='ltr'>dispensandi</span> <span class='ocrx_word' id='word_1_301' title='bbox 1262 753 1293 784; x_wconf 90' lang='lat' dir='ltr'>in</span> <span class='ocrx_word' id='word_1_302' title='bbox 1314 753 1477 795; x_wconf 86' lang='lat' dir='ltr'>aliquibus</span> <span class='ocrx_word' id='word_1_303' title='bbox 1497 753 1626 785; x_wconf 75' lang='lat' dir='ltr'>casibus</span> <span class='ocrx_word' id='word_1_304' title='bbox 1646 754 1782 787; x_wconf 88' lang='lat' dir='ltr'>faculta-</span> 
     </span>
    </p>

    <p class='ocr_par' dir='ltr' id='par_1_30' title="bbox 1028 805 1344 838">
     <span class='ocr_line' id='line_1_56' title="bbox 1028 805 1344 838; baseline 0.009 -3"><span class='ocrx_word' id='word_1_305' title='bbox 1028 809 1089 835; x_wconf 78' lang='lat' dir='ltr'>tem</span> <span class='ocrx_word' id='word_1_306' title='bbox 1112 805 1344 838; x_wconf 84' lang='lat' dir='ltr'>concessimus.</span> 
     </span>
    </p>

    <p class='ocr_par' dir='ltr' id='par_1_31' title="bbox 1027 857 1981 2551">
     <span class='ocr_line' id='line_1_57' title="bbox 1071 857 1981 899; baseline -0.002 -10"><span class='ocrx_word' id='word_1_307' title='bbox 1071 857 1085 898; x_wconf 63' lang='grc' dir='ltr'>ξ</span> <span class='ocrx_word' id='word_1_308' title='bbox 1106 857 1136 890; x_wconf 62' lang='lat'>⁹2.</span> <span class='ocrx_word' id='word_1_309' title='bbox 1162 858 1253 891; x_wconf 82' lang='lat' dir='ltr'>Nune</span> <span class='ocrx_word' id='word_1_310' title='bbox 1278 869 1365 899; x_wconf 72' lang='lat' dir='ltr'>vero,</span> <span class='ocrx_word' id='word_1_311' title='bbox 1391 859 1624 892; x_wconf 77' lang='lat' dir='ltr'>venerabilium</span> <span class='ocrx_word' id='word_1_312' title='bbox 1644 862 1781 893; x_wconf 75' lang='lat' dir='ltr'>tratrum</span> <span class='ocrx_word' id='word_1_313' title='bbox 1826 869 1922 889; x_wconf 48' lang='lat' dir='ltr'>tanmem</span> <span class='ocrx_word' id='word_1_314' title='bbox 1949 868 1981 888; x_wconf 56' lang='lat' dir='ltr'>rn-</span> 
     </span>
     <span class='ocr_line' id='line_1_58' title="bbox 1028 900 1981 957; baseline 0.006 -16"><span class='ocrx_word' id='word_1_315' title='bbox 1028 911 1286 953; x_wconf 83' lang='lat' dir='ltr'>patriarcharum</span> <span class='ocrx_word' id='word_1_316' title='bbox 1326 918 1356 945; x_wconf 89' lang='lat' dir='ltr'>et</span> <span class='ocrx_word' id='word_1_317' title='bbox 1387 913 1617 956; x_wconf 84' lang='lat' dir='ltr'>cpiscoporum</span> <span class='ocrx_word' id='word_1_318' title='bbox 1652 913 1780 946; x_wconf 88' lang='lat' dir='ltr'>illarum</span> <span class='ocrx_word' id='word_1_319' title='bbox 1798 900 1981 957; x_wconf 51' lang='lat' dir='ltr'>ss&#39;.¹.&#39;.¹.¹1,“12e¹1&#39;ssrg;ifl¹ff</span> 
     </span>
     <span class='ocr_line' id='line_1_59' title="bbox 1027 964 1781 1008; baseline 0.005 -13"><span class='ocrx_word' id='word_1_320' title='bbox 1027 964 1167 1006; x_wconf 84' lang='lat' dir='ltr'>partium</span> <span class='ocrx_word' id='word_1_321' title='bbox 1198 965 1488 1008; x_wconf 66' lang='lat' dir='ltr'>supsdicationibus</span> <span class='ocrx_word' id='word_1_322' title='bbox 1519 967 1683 1007; x_wconf 82' lang='lat' dir='ltr'>inclinati,</span> <span class='ocrx_word' id='word_1_323' title='bbox 1711 978 1781 999; x_wconf 85' lang='lat' dir='ltr'>eos-</span> 
     </span>
     <span class='ocr_line' id='line_1_60' title="bbox 1028 1017 1782 1063; baseline 0.005 -15"><span class='ocrx_word' id='word_1_324' title='bbox 1028 1017 1100 1049; x_wconf 85' lang='lat' dir='ltr'>dem</span> <span class='ocrx_word' id='word_1_325' title='bbox 1126 1018 1266 1060; x_wconf 69' lang='lat' dir='ltr'>gratioso</span> <span class='ocrx_word' id='word_1_326' title='bbox 1287 1019 1392 1052; x_wconf 71' lang='lat' dir='ltr'>favore</span> <span class='ocrx_word' id='word_1_327' title='bbox 1413 1020 1578 1063; x_wconf 83' lang='lat' dir='ltr'>prosequi,</span> <span class='ocrx_word' id='word_1_328' title='bbox 1607 1031 1643 1053; x_wconf 84' lang='lat' dir='ltr'>ac</span> <span class='ocrx_word' id='word_1_329' title='bbox 1665 1020 1695 1053; x_wconf 90' lang='lat' dir='ltr'>in</span> <span class='ocrx_word' id='word_1_330' title='bbox 1720 1021 1782 1053; x_wconf 89' lang='lat' dir='ltr'>illis</span> 
     </span>
     <span class='ocr_line' id='line_1_61' title="bbox 1029 1071 1781 1116; baseline 0.008 -16"><span class='ocrx_word' id='word_1_331' title='bbox 1029 1071 1173 1113; x_wconf 83' lang='lat' dir='ltr'>partibus</span> <span class='ocrx_word' id='word_1_332' title='bbox 1195 1072 1381 1114; x_wconf 80' lang='lat' dir='ltr'>degentium</span> <span class='ocrx_word' id='word_1_333' title='bbox 1403 1084 1614 1116; x_wconf 70' lang='lat' dir='ltr'>personarum</span> <span class='ocrx_word' id='word_1_334' title='bbox 1636 1084 1781 1107; x_wconf 88' lang='lat' dir='ltr'>commo-</span> 
     </span>
     <span class='ocr_line' id='line_1_62' title="bbox 1027 1123 1782 1170; baseline 0.007 -16"><span class='ocrx_word' id='word_1_335' title='bbox 1027 1123 1116 1155; x_wconf 82' lang='lat' dir='ltr'>ditati</span> <span class='ocrx_word' id='word_1_336' title='bbox 1139 1126 1309 1158; x_wconf 70' lang='lat' dir='ltr'>consulere</span> <span class='ocrx_word' id='word_1_337' title='bbox 1326 1126 1480 1165; x_wconf 73' lang='lat' dir='ltr'>volentes,</span> <span class='ocrx_word' id='word_1_338' title='bbox 1497 1127 1660 1160; x_wconf 80' lang='lat' dir='ltr'>modernis</span> <span class='ocrx_word' id='word_1_339' title='bbox 1676 1132 1706 1159; x_wconf 89' lang='lat' dir='ltr'>et</span> <span class='ocrx_word' id='word_1_340' title='bbox 1725 1138 1782 1170; x_wconf 90' lang='lat' dir='ltr'>pro</span> 
     </span>
     <span class='ocr_line' id='line_1_63' title="bbox 1028 1179 1780 1223; baseline 0.007 -15"><span class='ocrx_word' id='word_1_341' title='bbox 1028 1183 1173 1220; x_wconf 84' lang='lat' dir='ltr'>tempore</span> <span class='ocrx_word' id='word_1_342' title='bbox 1194 1179 1404 1212; x_wconf 74' lang='lat' dir='ltr'>existentibus</span> <span class='ocrx_word' id='word_1_343' title='bbox 1424 1180 1543 1213; x_wconf 82' lang='lat' dir='ltr'>eisdem</span> <span class='ocrx_word' id='word_1_344' title='bbox 1567 1180 1757 1223; x_wconf 82' lang='lat' dir='ltr'>patriarchis</span> <span class='ocrx_word' id='word_1_345' title='bbox 1772 1207 1780 1219; x_wconf 84' lang='lat'>,</span> 
     </span>
     <span class='ocr_line' id='line_1_64' title="bbox 1028 1230 1782 1277; baseline 0.005 -15"><span class='ocrx_word' id='word_1_346' title='bbox 1028 1230 1281 1274; x_wconf 59' lang='lat' dir='ltr'>archiepiscopis</span> <span class='ocrx_word' id='word_1_347' title='bbox 1309 1237 1339 1265; x_wconf 90' lang='lat' dir='ltr'>et</span> <span class='ocrx_word' id='word_1_348' title='bbox 1364 1232 1524 1275; x_wconf 83' lang='lat' dir='ltr'>episcopis</span> <span class='ocrx_word' id='word_1_349' title='bbox 1544 1234 1683 1277; x_wconf 87' lang='lat' dir='ltr'>partium</span> <span class='ocrx_word' id='word_1_350' title='bbox 1712 1234 1782 1266; x_wconf 83' lang='lat' dir='ltr'>itta-</span> 
     </span>
     <span class='ocr_line' id='line_1_65' title="bbox 1028 1287 1784 1330; baseline 0.007 -16"><span class='ocrx_word' id='word_1_351' title='bbox 1028 1294 1100 1315; x_wconf 89' lang='lat' dir='ltr'>rum</span> <span class='ocrx_word' id='word_1_352' title='bbox 1118 1295 1341 1329; x_wconf 79' lang='lat' dir='ltr'>quascumque</span> <span class='ocrx_word' id='word_1_353' title='bbox 1360 1296 1513 1329; x_wconf 80' lang='lat' dir='ltr'>personas</span> <span class='ocrx_word' id='word_1_354' title='bbox 1533 1297 1549 1318; x_wconf 87' lang='lat' dir='ltr'>a</span> <span class='ocrx_word' id='word_1_355' title='bbox 1567 1287 1703 1327; x_wconf 81' lang='lat' dir='ltr'>delictis,</span> <span class='ocrx_word' id='word_1_356' title='bbox 1726 1298 1784 1330; x_wconf 86' lang='lat' dir='ltr'>per</span> 
     </span>
     <span class='ocr_line' id='line_1_66' title="bbox 1028 1338 1782 1383; baseline 0.007 -15"><span class='ocrx_word' id='word_1_357' title='bbox 1028 1348 1110 1380; x_wconf 76' lang='lat' dir='ltr'>quae</span> <span class='ocrx_word' id='word_1_358' title='bbox 1132 1338 1352 1380; x_wconf 75' lang='lat' dir='ltr'>irregularitas</span> <span class='ocrx_word' id='word_1_359' title='bbox 1373 1340 1577 1372; x_wconf 88' lang='lat' dir='ltr'>contrabitur</span> <span class='ocrx_word' id='word_1_360' title='bbox 1593 1340 1782 1383; x_wconf 85' lang='lat' dir='ltr'>(homicidio</span> 
     </span>
     <span class='ocr_line' id='line_1_67' title="bbox 1029 1391 1782 1426; baseline 0.004 -3"><span class='ocrx_word' id='word_1_361' title='bbox 1029 1391 1209 1425; x_wconf 81' lang='lat' dir='ltr'>voluntario</span> <span class='ocrx_word' id='word_1_362' title='bbox 1231 1398 1319 1425; x_wconf 84' lang='lat' dir='ltr'>extra</span> <span class='ocrx_word' id='word_1_363' title='bbox 1338 1393 1460 1425; x_wconf 90' lang='lat' dir='ltr'>bellum</span> <span class='ocrx_word' id='word_1_364' title='bbox 1483 1393 1655 1426; x_wconf 88' lang='lat' dir='ltr'>commisso</span> <span class='ocrx_word' id='word_1_365' title='bbox 1676 1404 1712 1426; x_wconf 87' lang='lat' dir='ltr'>ac</span> <span class='ocrx_word' id='word_1_366' title='bbox 1739 1394 1782 1426; x_wconf 88' lang='lat' dir='ltr'>si-</span> 
     </span>
     <span class='ocr_line' id='line_1_68' title="bbox 1030 1444 1783 1489; baseline 0.003 -13"><span class='ocrx_word' id='word_1_367' title='bbox 1030 1444 1238 1478; x_wconf 88' lang='lat' dir='ltr'>moniaelabe</span> <span class='ocrx_word' id='word_1_368' title='bbox 1252 1445 1416 1478; x_wconf 83' lang='lat' dir='ltr'>dumtaxat</span> <span class='ocrx_word' id='word_1_369' title='bbox 1432 1446 1586 1489; x_wconf 78' lang='lat' dir='ltr'>excepta),</span> <span class='ocrx_word' id='word_1_370' title='bbox 1607 1446 1783 1489; x_wconf 86' lang='lat' dir='ltr'>apostolica</span> 
     </span>
     <span class='ocr_line' id='line_1_69' title="bbox 1029 1498 1782 1539; baseline 0.004 -10"><span class='ocrx_word' id='word_1_371' title='bbox 1029 1498 1229 1539; x_wconf 78' lang='lat' dir='ltr'>auctoritate,</span> <span class='ocrx_word' id='word_1_372' title='bbox 1259 1499 1461 1537; x_wconf 85' lang='lat' dir='ltr'>absolvendi,</span> <span class='ocrx_word' id='word_1_373' title='bbox 1495 1510 1531 1532; x_wconf 87' lang='lat' dir='ltr'>ac</span> <span class='ocrx_word' id='word_1_374' title='bbox 1563 1510 1635 1532; x_wconf 87' lang='lat' dir='ltr'>cum</span> <span class='ocrx_word' id='word_1_375' title='bbox 1663 1500 1782 1533; x_wconf 85' lang='lat' dir='ltr'>eisdem</span> 
     </span>
     <span class='ocr_line' id='line_1_70' title="bbox 1030 1551 1783 1597; baseline 0.005 -14"><span class='ocrx_word' id='word_1_376' title='bbox 1030 1551 1180 1585; x_wconf 88' lang='lat' dir='ltr'>omnibus</span> <span class='ocrx_word' id='word_1_377' title='bbox 1196 1559 1226 1585; x_wconf 87' lang='lat' dir='ltr'>et</span> <span class='ocrx_word' id='word_1_378' title='bbox 1241 1553 1385 1596; x_wconf 75' lang='lat' dir='ltr'>singulis,</span> <span class='ocrx_word' id='word_1_379' title='bbox 1404 1563 1490 1585; x_wconf 91' lang='lat' dir='ltr'>nunc</span> <span class='ocrx_word' id='word_1_380' title='bbox 1507 1558 1536 1585; x_wconf 87' lang='lat' dir='ltr'>ct</span> <span class='ocrx_word' id='word_1_381' title='bbox 1557 1564 1615 1596; x_wconf 90' lang='lat' dir='ltr'>pro</span> <span class='ocrx_word' id='word_1_382' title='bbox 1638 1559 1783 1597; x_wconf 87' lang='lat' dir='ltr'>tempore</span> 
     </span>
     <span class='ocr_line' id='line_1_71' title="bbox 1030 1604 1783 1651; baseline 0.005 -14"><span class='ocrx_word' id='word_1_383' title='bbox 1030 1604 1220 1648; x_wconf 88' lang='lat' dir='ltr'>inpartibus</span> <span class='ocrx_word' id='word_1_384' title='bbox 1240 1606 1405 1639; x_wconf 90' lang='lat' dir='ltr'>Indiarum</span> <span class='ocrx_word' id='word_1_385' title='bbox 1427 1606 1648 1647; x_wconf 82' lang='lat' dir='ltr'>existentibus,</span> <span class='ocrx_word' id='word_1_386' title='bbox 1672 1618 1783 1651; x_wconf 84' lang='lat' dir='ltr'>perso-</span> 
     </span>
     <span class='ocr_line' id='line_1_72' title="bbox 1030 1658 1783 1704; baseline 0.004 -14"><span class='ocrx_word' id='word_1_387' title='bbox 1030 1658 1097 1699; x_wconf 90' lang='lat' dir='ltr'>nis,</span> <span class='ocrx_word' id='word_1_388' title='bbox 1127 1670 1210 1702; x_wconf 85' lang='lat' dir='ltr'>quae</span> <span class='ocrx_word' id='word_1_389' title='bbox 1238 1659 1509 1703; x_wconf 77' lang='lat' dir='ltr'>irregularitatem</span> <span class='ocrx_word' id='word_1_390' title='bbox 1531 1671 1566 1693; x_wconf 83' lang='lat' dir='ltr'>ex</span> <span class='ocrx_word' id='word_1_391' title='bbox 1591 1660 1662 1693; x_wconf 85' lang='lat' dir='ltr'>aliis</span> <span class='ocrx_word' id='word_1_392' title='bbox 1686 1672 1783 1704; x_wconf 88' lang='lat' dir='ltr'>quam</span> 
     </span>
     <span class='ocr_line' id='line_1_73' title="bbox 1031 1713 1785 1758; baseline 0.004 -14"><span class='ocrx_word' id='word_1_393' title='bbox 1031 1723 1067 1744; x_wconf 81' lang='lat' dir='ltr'>ex</span> <span class='ocrx_word' id='word_1_394' title='bbox 1088 1713 1193 1746; x_wconf 87' lang='lat' dir='ltr'>causis</span> <span class='ocrx_word' id='word_1_395' title='bbox 1220 1713 1395 1757; x_wconf 86' lang='lat' dir='ltr'>praedictis</span> <span class='ocrx_word' id='word_1_396' title='bbox 1420 1714 1659 1754; x_wconf 78' lang='lat' dir='ltr'>contraxerint,</span> <span class='ocrx_word' id='word_1_397' title='bbox 1688 1725 1785 1758; x_wconf 90' lang='lat' dir='ltr'>super</span> 
     </span>
     <span class='ocr_line' id='line_1_74' title="bbox 1031 1766 1784 1812; baseline 0.001 -13"><span class='ocrx_word' id='word_1_398' title='bbox 1031 1766 1268 1809; x_wconf 75' lang='lat' dir='ltr'>irregularitate</span> <span class='ocrx_word' id='word_1_399' title='bbox 1291 1767 1479 1800; x_wconf 89' lang='lat' dir='ltr'>huiusmodi</span> <span class='ocrx_word' id='word_1_400' title='bbox 1508 1778 1543 1800; x_wconf 80' lang='lat' dir='ltr'>ex</span> <span class='ocrx_word' id='word_1_401' title='bbox 1569 1768 1784 1812; x_wconf 85' lang='lat' dir='ltr'>quibuscum-</span> 
     </span>
     <span class='ocr_line' id='line_1_75' title="bbox 1031 1820 1785 1864; baseline 0.004 -13"><span class='ocrx_word' id='word_1_402' title='bbox 1031 1831 1094 1863; x_wconf 73' lang='lat' dir='ltr'>que</span> <span class='ocrx_word' id='word_1_403' title='bbox 1115 1820 1231 1861; x_wconf 83' lang='lat' dir='ltr'>causis,</span> <span class='ocrx_word' id='word_1_404' title='bbox 1256 1826 1482 1864; x_wconf 85' lang='lat' dir='ltr'>praeterquam</span> <span class='ocrx_word' id='word_1_405' title='bbox 1501 1821 1669 1854; x_wconf 88' lang='lat' dir='ltr'>homicidii</span> <span class='ocrx_word' id='word_1_406' title='bbox 1692 1827 1723 1854; x_wconf 91' lang='lat' dir='ltr'>et</span> <span class='ocrx_word' id='word_1_407' title='bbox 1742 1822 1785 1854; x_wconf 88' lang='lat' dir='ltr'>si-</span> 
     </span>
     <span class='ocr_line' id='line_1_76' title="bbox 1032 1874 1786 1918; baseline 0.003 -13"><span class='ocrx_word' id='word_1_408' title='bbox 1032 1874 1159 1907; x_wconf 89' lang='lat' dir='ltr'>moniae</span> <span class='ocrx_word' id='word_1_409' title='bbox 1171 1874 1341 1907; x_wconf 87' lang='lat' dir='ltr'>occasione</span> <span class='ocrx_word' id='word_1_410' title='bbox 1355 1880 1531 1915; x_wconf 85' lang='lat' dir='ltr'>contracta,</span> <span class='ocrx_word' id='word_1_411' title='bbox 1548 1879 1582 1907; x_wconf 86' lang='lat' dir='ltr'>ut</span> <span class='ocrx_word' id='word_1_412' title='bbox 1595 1875 1786 1918; x_wconf 81' lang='lat' dir='ltr'>praefertur,</span> 
     </span>
     <span class='ocr_line' id='line_1_77' title="bbox 1032 1927 1784 1972; baseline 0.001 -13"><span class='ocrx_word' id='word_1_413' title='bbox 1032 1927 1144 1960; x_wconf 85' lang='lat' dir='ltr'>eadem</span> <span class='ocrx_word' id='word_1_414' title='bbox 1159 1928 1352 1961; x_wconf 82' lang='lat' dir='ltr'>auctoritate</span> <span class='ocrx_word' id='word_1_415' title='bbox 1371 1928 1547 1972; x_wconf 79' lang='lat' dir='ltr'>apostolica</span> <span class='ocrx_word' id='word_1_416' title='bbox 1564 1928 1784 1971; x_wconf 87' lang='lat' dir='ltr'>dispensandi,</span> 
     </span>
     <span class='ocr_line' id='line_1_78' title="bbox 1032 1981 1785 2014; baseline 0.001 -2"><span class='ocrx_word' id='word_1_417' title='bbox 1032 1986 1062 2013; x_wconf 82' lang='lat' dir='ltr'>et</span> <span class='ocrx_word' id='word_1_418' title='bbox 1082 1981 1154 2013; x_wconf 91' lang='lat' dir='ltr'>illos</span> <span class='ocrx_word' id='word_1_419' title='bbox 1174 1981 1213 2013; x_wconf 87' lang='lat' dir='ltr'>ad</span> <span class='ocrx_word' id='word_1_420' title='bbox 1235 1981 1364 2014; x_wconf 89' lang='lat' dir='ltr'>obtenta</span> <span class='ocrx_word' id='word_1_421' title='bbox 1385 1988 1413 2014; x_wconf 89' lang='lat' dir='ltr'>et</span> <span class='ocrx_word' id='word_1_422' title='bbox 1436 1981 1610 2014; x_wconf 88' lang='lat' dir='ltr'>obtinenda</span> <span class='ocrx_word' id='word_1_423' title='bbox 1627 1981 1785 2014; x_wconf 89' lang='lat' dir='ltr'>beneficia</span> 
     </span>
     <span class='ocr_line' id='line_1_79' title="bbox 1032 2034 1784 2078; baseline 0 -12"><span class='ocrx_word' id='word_1_424' title='bbox 1032 2034 1248 2067; x_wconf 82' lang='lat' dir='ltr'>ecclesiastica</span> <span class='ocrx_word' id='word_1_425' title='bbox 1265 2041 1294 2067; x_wconf 88' lang='lat' dir='ltr'>et</span> <span class='ocrx_word' id='word_1_426' title='bbox 1310 2035 1414 2068; x_wconf 84' lang='lat' dir='ltr'>officia</span> <span class='ocrx_word' id='word_1_427' title='bbox 1430 2045 1670 2078; x_wconf 78' lang='lat' dir='ltr'>quaecumque,</span> <span class='ocrx_word' id='word_1_428' title='bbox 1690 2035 1784 2067; x_wconf 86' lang='lat' dir='ltr'>etiam</span> 
     </span>
     <span class='ocr_line' id='line_1_80' title="bbox 1032 2088 1785 2129; baseline 0.003 -10"><span class='ocrx_word' id='word_1_429' title='bbox 1032 2088 1069 2119; x_wconf 89' lang='lat' dir='ltr'>ad</span> <span class='ocrx_word' id='word_1_430' title='bbox 1091 2088 1201 2121; x_wconf 82' lang='lat' dir='ltr'>altaris</span> <span class='ocrx_word' id='word_1_431' title='bbox 1221 2089 1451 2129; x_wconf 88' lang='lat' dir='ltr'>ministerium,</span> <span class='ocrx_word' id='word_1_432' title='bbox 1469 2088 1710 2127; x_wconf 83' lang='lat' dir='ltr'>rehabilitandi‚</span> <span class='ocrx_word' id='word_1_433' title='bbox 1733 2098 1785 2121; x_wconf 87' lang='lat' dir='ltr'>re-</span> 
     </span>
     <span class='ocr_line' id='line_1_81' title="bbox 1033 2141 1785 2187; baseline 0.001 -14"><span class='ocrx_word' id='word_1_434' title='bbox 1033 2141 1186 2174; x_wconf 85' lang='lat' dir='ltr'>stituendi</span> <span class='ocrx_word' id='word_1_435' title='bbox 1202 2149 1230 2175; x_wconf 85' lang='lat' dir='ltr'>ct</span> <span class='ocrx_word' id='word_1_436' title='bbox 1249 2143 1440 2187; x_wconf 83' lang='lat' dir='ltr'>reponendi,</span> <span class='ocrx_word' id='word_1_437' title='bbox 1459 2143 1586 2186; x_wconf 87' lang='lat' dir='ltr'>plenam</span> <span class='ocrx_word' id='word_1_438' title='bbox 1600 2146 1630 2174; x_wconf 86' lang='lat' dir='ltr'>et</span> <span class='ocrx_word' id='word_1_439' title='bbox 1644 2142 1785 2186; x_wconf 85' lang='lat' dir='ltr'>amplam</span> 
     </span>
     <span class='ocr_line' id='line_1_82' title="bbox 1033 2195 1785 2239; baseline 0 -12"><span class='ocrx_word' id='word_1_440' title='bbox 1033 2195 1195 2228; x_wconf 78' lang='lat' dir='ltr'>licentiam</span> <span class='ocrx_word' id='word_1_441' title='bbox 1217 2202 1243 2229; x_wconf 86' lang='lat' dir='ltr'>et</span> <span class='ocrx_word' id='word_1_442' title='bbox 1267 2197 1465 2236; x_wconf 83' lang='lat' dir='ltr'>facultatem,</span> <span class='ocrx_word' id='word_1_443' title='bbox 1484 2195 1676 2228; x_wconf 84' lang='lat' dir='ltr'>auctoritate</span> <span class='ocrx_word' id='word_1_444' title='bbox 1692 2205 1785 2239; x_wconf 87' lang='lat' dir='ltr'>prae-</span> 
     </span>
     <span class='ocr_line' id='line_1_83' title="bbox 1032 2249 1787 2294; baseline -0.001 -12"><span class='ocrx_word' id='word_1_445' title='bbox 1032 2249 1126 2288; x_wconf 87' lang='lat' dir='ltr'>dicta,</span> <span class='ocrx_word' id='word_1_446' title='bbox 1140 2255 1296 2293; x_wconf 87' lang='lat' dir='ltr'>perpetuo</span> <span class='ocrx_word' id='word_1_447' title='bbox 1308 2260 1366 2293; x_wconf 89' lang='lat' dir='ltr'>per</span> <span class='ocrx_word' id='word_1_448' title='bbox 1378 2254 1563 2294; x_wconf 86' lang='lat' dir='ltr'>praesentes</span> <span class='ocrx_word' id='word_1_449' title='bbox 1577 2249 1787 2281; x_wconf 81' lang='lat' dir='ltr'>concedimus</span> 
     </span>
     <span class='ocr_line' id='line_1_84' title="bbox 1033 2301 1788 2346; baseline -0.001 -11"><span class='ocrx_word' id='word_1_450' title='bbox 1033 2310 1060 2336; x_wconf 92' lang='lat' dir='ltr'>et</span> <span class='ocrx_word' id='word_1_451' title='bbox 1087 2303 1280 2346; x_wconf 79' lang='lat' dir='ltr'>elargimur;</span> <span class='ocrx_word' id='word_1_452' title='bbox 1312 2312 1438 2335; x_wconf 86' lang='lat' dir='ltr'>necnon</span> <span class='ocrx_word' id='word_1_453' title='bbox 1470 2301 1730 2335; x_wconf 86' lang='lat' dir='ltr'>absolutionibus</span> <span class='ocrx_word' id='word_1_454' title='bbox 1757 2307 1788 2334; x_wconf 88' lang='lat' dir='ltr'>et</span> 
     </span>
     <span class='ocr_line' id='line_1_85' title="bbox 1032 2356 1787 2400; baseline -0.001 -11"><span class='ocrx_word' id='word_1_455' title='bbox 1032 2356 1339 2400; x_wconf 83' lang='lat' dir='ltr'>dispensationibus,</span> <span class='ocrx_word' id='word_1_456' title='bbox 1362 2366 1421 2399; x_wconf 85' lang='lat' dir='ltr'>per</span> <span class='ocrx_word' id='word_1_457' title='bbox 1441 2365 1495 2388; x_wconf 87' lang='lat' dir='ltr'>eos</span> <span class='ocrx_word' id='word_1_458' title='bbox 1515 2361 1544 2388; x_wconf 91' lang='lat' dir='ltr'>et</span> <span class='ocrx_word' id='word_1_459' title='bbox 1565 2365 1624 2399; x_wconf 88' lang='lat' dir='ltr'>pro</span> <span class='ocrx_word' id='word_1_460' title='bbox 1641 2360 1787 2399; x_wconf 88' lang='lat' dir='ltr'>tempore</span> 
     </span>
     <span class='ocr_line' id='line_1_86' title="bbox 1033 2408 1788 2453; baseline -0.003 -10"><span class='ocrx_word' id='word_1_461' title='bbox 1033 2410 1203 2443; x_wconf 77' lang='lat' dir='ltr'>existentes</span> <span class='ocrx_word' id='word_1_462' title='bbox 1229 2409 1442 2453; x_wconf 69' lang='lat' dir='ltr'>patriarchas.</span> <span class='ocrx_word' id='word_1_463' title='bbox 1471 2408 1733 2453; x_wconf 85' lang='lat' dir='ltr'>archiepiscopos</span> <span class='ocrx_word' id='word_1_464' title='bbox 1757 2415 1788 2442; x_wconf 87' lang='lat' dir='ltr'>et</span> 
     </span>
     <span class='ocr_line' id='line_1_87' title="bbox 1033 2457 1787 2503; baseline 0 -11"><span class='ocrx_word' id='word_1_465' title='bbox 1033 2459 1203 2503; x_wconf 84' lang='lat' dir='ltr'>episcopos</span> <span class='ocrx_word' id='word_1_466' title='bbox 1216 2458 1386 2502; x_wconf 61' lang='lat' dir='ltr'>praedictos</span> <span class='ocrx_word' id='word_1_467' title='bbox 1406 2457 1569 2497; x_wconf 84' lang='lat' dir='ltr'>faciendis,</span> <span class='ocrx_word' id='word_1_468' title='bbox 1583 2457 1658 2491; x_wconf 86' lang='lat' dir='ltr'>stari</span> <span class='ocrx_word' id='word_1_469' title='bbox 1669 2458 1787 2492; x_wconf 87' lang='lat' dir='ltr'>debere</span> 
     </span>
     <span class='ocr_line' id='line_1_88' title="bbox 1034 2506 1786 2551; baseline -0.001 -10"><span class='ocrx_word' id='word_1_470' title='bbox 1034 2508 1167 2551; x_wconf 84' lang='lat' dir='ltr'>perinde</span> <span class='ocrx_word' id='word_1_471' title='bbox 1188 2519 1225 2540; x_wconf 84' lang='lat' dir='ltr'>ac</span> <span class='ocrx_word' id='word_1_472' title='bbox 1245 2507 1270 2540; x_wconf 86' lang='lat' dir='ltr'>si</span> <span class='ocrx_word' id='word_1_473' title='bbox 1285 2518 1302 2540; x_wconf 87' lang='lat' dir='ltr'>a</span> <span class='ocrx_word' id='word_1_474' title='bbox 1323 2507 1402 2540; x_wconf 81' lang='lat' dir='ltr'>Sede</span> <span class='ocrx_word' id='word_1_475' title='bbox 1418 2507 1602 2551; x_wconf 85' lang='lat' dir='ltr'>Apostolica</span> <span class='ocrx_word' id='word_1_476' title='bbox 1622 2506 1786 2550; x_wconf 84' lang='lat' dir='ltr'>praedicta</span> 
     </span>
    </p>
   </div>
   <div class='ocr_carea' id='block_1_13' title="bbox 1033 2554 1784 2638">
    <p class='ocr_par' dir='ltr' id='par_1_32' title="bbox 1033 2554 1784 2638">
     <span class='ocr_line' id='line_1_89' title="bbox 1033 2554 1784 2595; baseline -0.001 -6"><span class='ocrx_word' id='word_1_477' title='bbox 1033 2562 1256 2595; x_wconf 81' lang='lat' dir='ltr'>emanassent,</span> <span class='ocrx_word' id='word_1_478' title='bbox 1279 2556 1364 2589; x_wconf 88' lang='lat' dir='ltr'>dicta</span> <span class='ocrx_word' id='word_1_479' title='bbox 1384 2555 1573 2588; x_wconf 87' lang='lat' dir='ltr'>auctoritate</span> <span class='ocrx_word' id='word_1_480' title='bbox 1598 2554 1693 2589; x_wconf 86' lang='lat' dir='ltr'>etiam</span> <span class='ocrx_word' id='word_1_481' title='bbox 1722 2562 1784 2589; x_wconf 45' lang='lat' dir='ltr'>sta‘</span> 
     </span>
     <span class='ocr_line' id='line_1_90' title="bbox 1033 2605 1438 2638; baseline -0.002 0"><span class='ocrx_word' id='word_1_482' title='bbox 1033 2606 1154 2638; x_wconf 83' lang='lat' dir='ltr'>tuituus</span> <span class='ocrx_word' id='word_1_483' title='bbox 1174 2611 1201 2638; x_wconf 85' lang='lat' dir='ltr'>et</span> <span class='ocrx_word' id='word_1_484' title='bbox 1225 2605 1438 2638; x_wconf 84' lang='lat' dir='ltr'>declaramus.</span> 
     </span>
    </p>
   </div>
   <div class='ocr_carea' id='block_1_14' title="bbox 1077 2653 1788 2698">
    <p class='ocr_par' dir='ltr' id='par_1_33' title="bbox 1077 2653 1788 2698">
     <span class='ocr_line' id='line_1_91' title="bbox 1077 2653 1788 2698; baseline -0.003 -10"><span class='ocrx_word' id='word_1_485' title='bbox 1077 2656 1092 2697; x_wconf 63' lang='grc' dir='ltr'><strong>ἓ</strong></span> <span class='ocrx_word' id='word_1_486' title='bbox 1111 2655 1143 2688; x_wconf 94' lang='grc'>3.</span> <span class='ocrx_word' id='word_1_487' title='bbox 1167 2655 1282 2697; x_wconf 84' lang='lat' dir='ltr'>Sicque</span> <span class='ocrx_word' id='word_1_488' title='bbox 1297 2664 1356 2698; x_wconf 89' lang='lat' dir='ltr'>per</span> <span class='ocrx_word' id='word_1_489' title='bbox 1375 2664 1600 2698; x_wconf 85' lang='lat' dir='ltr'>quoscumque</span> <span class='ocrx_word' id='word_1_490' title='bbox 1620 2653 1743 2688; x_wconf 84' lang='lat' dir='ltr'>iudices</span> <span class='ocrx_word' id='word_1_491' title='bbox 1757 2658 1788 2686; x_wconf 85' lang='lat' dir='ltr'>et</span> 
     </span>
    </p>
   </div>
  </div>
 </body>
</html>
