2237 3100
283 288 329 315 An,
346 288 374 316 c.
399 289 466 317 1565
524 277 588 313 260

479 340 640 383 ginalibus
660 342 876 383 adhiberetur,
898 344 923 377 si
944 345 1047 379 forent
1075 347 1232 381 exhibitae

480 395 528 426 vel
548 400 703 429 ostensae.
726 397 763 429 Et
779 398 865 440 quod
890 399 928 432 ad
959 410 1071 433 causas
1091 400 1123 433 in
1144 401 1230 435 sutu-

478 458 550 480 rum
572 450 742 483 movendas
768 455 903 485 tantum.

520 501 633 535 Datum
655 503 773 537 Romae
802 505 889 548 apud
917 505 949 539 S.
980 506 1134 549 Marcum,
1161 510 1227 553 pri—

476 554 527 588 die
548 565 648 589 nonas
668 557 869 600 septembris,
896 570 981 593 anno
1002 571 1042 594 iv,

511 607 572 638 Dat.
593 609 639 639 die
659 610 677 640 4
696 612 872 650 septembris
896 613 984 651 1563,
1004 620 1082 653 pont.
1104 625 1149 646 an.
1169 626 1206 647 iv.

783 691 913 700 .----

764 777 931 812 LXXXVII.

476 848 651 883 Renovatio
663 853 874 896 antiquarum
883 856 1141 899 ordinationum,
1151 870 1224 903 yra-

517 904 638 937 tiarum
654 910 683 939 et
694 907 941 951 pririleyioram
958 909 1091 944 Ordinis
1103 912 1222 946 Cister-

515 958 631 991 cz'ensis
651 961 882 994 monachorum
906 962 1023 997 Sancti
1040 966 1219 1008 Benedicti,

514 1011 808 1058 iztrisdictionisque
828 1019 856 1048 ct
877 1019 1082 1052 auctoritatis
1096 1021 1223 1055 abbatis

470 1083 472 1085 >
515 1069 544 1097 et
564 1066 703 1099 oliorum
720 1069 943 1110 praelatormn
968 1071 1048 1105 dicti
1073 1073 1217 1108 Ordinis.

560 1145 622 1175 Pius
641 1147 780 1184 episeopus
800 1157 895 1179 servus
912 1159 1052 1181 servorum
1067 1153 1123 1188 Dei,

616 1202 649 1230 ad
667 1204 827 1238 perpetuam
846 1205 887 1233 rei
905 1206 1072 1236 memoriam.

512 1271 546 1304 ln
571 1273 724 1307 eminenti
749 1274 910 1318 dignitatis
929 1280 1124 1321 apostolicae
1145 1294 1217 1327 spe-

468 1325 557 1366 cula,
581 1327 703 1361 meritis
723 1328 798 1362 licet
814 1329 1008 1374 imparibus,
1031 1333 1136 1368 divina
1152 1337 1216 1370 dis-

468 1380 626 1422 positione
645 1382 765 1422 vocati,
796 1384 834 1415 ad
856 1394 892 1416 ea
918 1384 1057 1420 libenter
1077 1388 1215 1423 intendi-

467 1442 539 1466 mus
551 1445 608 1477 per
617 1446 698 1479 quae
715 1435 831 1480 singuli
846 1437 1051 1482 Religionum
1068 1442 1212 1484 Ordines,

466 1485 620 1521 abusibus
652 1495 681 1521 et
715 1489 950 1532 incommodis,
983 1505 1065 1537 quae
1100 1496 1133 1529 in
1162 1509 1215 1531 eos

466 1544 568 1574 tractu
593 1543 747 1586 temporis
767 1544 978 1580 diversimode
999 1548 1211 1593 irrepserunt,

465 1593 648 1636 eliminatis,
670 1607 735 1630 non
755 1599 859 1631 solum
880 1600 1019 1644 antiquis
1038 1603 1104 1636 suis
1124 1616 1214 1648 prae-

465 1648 613 1689 rogativis
632 1655 660 1682 et
682 1650 827 1693 dignitati
852 1654 1078 1698 restituantur,
1101 1659 1155 1691 sed
1179 1670 1212 1692 e-

465 1700 540 1733 tiam
558 1704 718 1745 regularia
730 1716 842 1739 eorum
863 1706 1018 1748 instituta,
1032 1711 1070 1743 ad
1087 1711 1211 1747 divinae

464 1754 631 1789 Maiestatis
651 1758 779 1791 laudem
796 1766 824 1793 et
842 1761 988 1803 gloriam,
1001 1763 1032 1796 in
1045 1770 1210 1808 posterum

461 1807 673 1844 stabiliantur.
692 1812 740 1853 Et,
760 1819 791 1846 ut
809 1814 837 1845 id
856 1815 955 1849 votive
972 1818 1133 1859 succedat,
1148 1820 1208 1861 his,

459 1872 541 1905 quae
563 1874 621 1906 per
639 1864 800 1900 Romanos
819 1868 1001 1909 Pontifices,
1024 1874 1210 1915 praedeces-

460 1926 548 1948 sores
580 1925 726 1959 nostros,
749 1922 926 1964 prudenter
950 1936 1101 1960 concessa
1121 1929 1208 1961 ordi-

461 1975 597 2013 nataque
618 1973 759 2015 suerunt,
780 1981 813 2007 ut
834 1976 927 2009 tirma
942 1985 1099 2023 perpetuo
1120 1988 1148 2014 et
1170 1983 1208 2015 il—

460 2022 555 2056 libata
584 2027 771 2069 persistant,
798 2029 946 2072 libenter,
974 2044 1048 2066 cum
1073 2045 1091 2067 a
1115 2036 1208 2069 nobis

459 2077 590 2120 petitur,
604 2082 771 2124 apostolici
788 2083 914 2118 roboris
930 2085 1114 2121 firmitatem
1130 2090 1207 2123 adii-

458 2129 584 2170 cimus,
606 2133 723 2178 illaque
744 2146 989 2182 nonnumquam
1018 2141 1207 2177 innovamus

457 2190 488 2216 et
507 2187 712 2230 ampliamus,
729 2200 766 2223 ae
778 2191 856 2224 alias
876 2202 974 2237 super
993 2194 1042 2228 his
1061 2196 1205 2240 disponi-

457 2248 543 2278 mus,
580 2247 686 2284 prout,
709 2254 922 2287 personarum
956 2252 1204 2294 temporumque

457 2293 640 2328 conditione
675 2304 824 2340 pensata,
848 2300 1066 2344 conspicimus
1091 2304 1122 2336 in
1143 2305 1203 2339 Do-

457 2346 545 2380 mino
566 2349 738 2384 salubriter
758 2352 919 2397 expedire.
956 2358 958 2361 '

499 2400 514 2442 ξ
534 2401 564 2433 l.
588 2402 689 2443 Sane,
712 2406 851 2439 exhibita
885 2408 976 2441 nobis
1009 2420 1114 2454 nuper
1144 2423 1203 2456 pro

259 2451 344 2499 Chfflffi
362 2457 441 2498 332⁵:ss
457 2459 545 2495 parte
566 2455 672 2489 dilecti
707 2457 762 2491 filii
792 2460 961 2501 Ludovici,
989 2463 1112 2498 abbatis
1133 2476 1202 2498 mo-

259 2506 360 2526 cansam·
389 2506 440 2525 ⁵⁴⁸¹-
456 2508 583 2540 nasterii
605 2509 763 2551 Cistercii,
786 2513 1004 2549 Cabilonensis
1029 2517 1200 2558 dioecesis,

259 2534 291 2552 diu
320 2534 340 2552 iu
363 2538 440 2551 summa

258 2563 347 2585 1‘¹·¹¹¹·⁸¹⁶¹
372 2564 440 2605 ‘¹³33
456 2560 565 2602 petitio
586 2563 766 2598 continebat
789 2567 874 2609 quod
895 2568 966 2601 licet
984 2570 1067 2603 Ordo
1088 2571 1202 2606 Cister-

258 2592 296 2611 qne
328 2587 402 2605 <antth

257 2613 352 2634 ¹¹⁴·‘¹¹i²=³
370 2614 398 2638 ⁶¹*
416 2620 440 2632 ¹¹·
455 2612 569 2647 ciensis
603 2616 634 2648 in
664 2628 789 2652 summa
810 2620 957 2664 puritatis
977 2629 1006 2656 et
1027 2625 1203 2660 devotionis

256 2639 291 2659 l.ti
302 2648 311 2659 ιι
324 2646 342 2659 ιιι
354 2640 439 2659 dvsota-

255 2667 439 2714 ὲζξξζὶῡϊῡῑύν
453 2668 649 2709 perfectione
661 2697 669 2711 ,
692 2682 749 2714 per
769 2673 869 2706 multa
888 2681 1123 2712 retroactorum
1143 2692 1200 2713 an-

297 1329 413 1350 Exordium.

1076 293 1255 318 BULLARIUM
1278 293 1428 319 ROMANUM

2026 294 2086 324 -Αῐι,
2103 296 2132 325 C.
2151 297 2219 327 ¹5⁶⁵

1273 357 1391 380 norum
1411 346 1540 380 saecula
1560 356 1596 380 ac
1614 345 1737 380 tamdiu
1757 346 1929 391 exemplari
1951 346 2024 380 reli-

1272 400 1440 442 giosorum
1457 410 1592 433 suorum
1607 399 1669 433 vita
1684 406 1779 444 atque
1795 400 2020 441 sanctimonia,

1272 463 1335 486 non
1356 453 1461 486 solum
1483 453 1515 486 in
1536 464 1636 497 regno
1655 454 1820 495 Franciae,
1838 454 1894 488 ubi
1911 465 2022 498 supre-

1271 518 1361 540 mum
1381 507 1451 540 eius
1471 512 1579 552 caput,
1601 507 1747 541 videlicet
1767 507 1910 542 Cistercii
1926 518 2020 552 prae-

1271 560 1404 601 dictum,
1425 572 1499 594 cum
1527 561 1596 594 aliis
1623 566 1763 605 quatuor
1787 561 1874 594 illius
1894 560 2020 606 praeci-

1269 613 1361 657 puis,
1384 625 1501 659 nempe
1521 614 1710 656 munitatis,
1732 615 1930 656 Ponfiniaci,
1952 615 2021 649 Cla-

1268 668 1394 702 revallis
1409 674 1440 701 et
1459 669 1653 702 Morimundi
1666 695 1673 709 ‚
1695 668 1913 703 Cabilonensis
1928 680 2020 713 prae-

1267 721 1370 756 dictae
1400 733 1436 756 ac
1464 722 1735 756 Antisiodorensis
1760 730 1791 757 et
1810 722 2020 767 Lingonensis

1267 775 1423 809 dioecesis
1442 776 1619 821 respective
1639 777 1853 819 monasteriis,
1876 788 1959 821 quae
1979 777 2018 811 fi-

1266 829 1327 862 liae
1347 829 1490 864 Cistercii
1511 837 1754 874 nuncupantur,
1777 832 1833 866 sed
1847 832 1944 865 etiam
1960 842 2019 876 per

1265 883 1327 915 alia
1343 883 1409 917 fere
1425 884 1573 918 universa
1588 884 1752 919 christiani
1773 886 1860 920 orbis
1875 886 2016 926 climata,

1265 947 1339 969 cum
1360 938 1464 972 bonae
1484 939 1587 972 famae
1608 944 1639 972 et
1654 939 1810 973 virtutum
1825 941 1937 981 odore,
1955 939 2019 974 exi-

1264 990 1394 1035 mioque
1415 992 1581 1035 religionis
1602 994 1738 1035 decore,
1761 994 1800 1027 ad
1820 993 2017 1028 aedificatio-

1264 1055 1338 1078 nem
1359 1045 1525 1080 militantis
1545 1048 1721 1088 Ecclesiae,
1743 1048 1912 1092 quamdiu,
1930 1048 2017 1083 iuxta

1262 1104 1447 1133 sanctorum
1468 1101 1600 1134 Patrum
1630 1102 1846 1136 institutiones
1870 1107 1901 1135 et
1919 1114 2016 1146 regu-

1262 1152 1340 1185 laria
1356 1153 1442 1187 illius
1458 1155 1613 1196 instituta,
1628 1156 1780 1199 praefatis
1797 1155 1932 1199 aliisque
1948 1168 2016 1191 mo-

1261 1207 1420 1248 nasteriis,
1439 1209 1477 1242 de
1493 1220 1705 1243 monacorum
1718 1210 1794 1244 dicti
1807 1209 1933 1243 Ordinis
1943 1221 2016 1254 per-

1261 1259 1346 1293 sonis
1367 1262 1542 1305 provisum,
1566 1263 1702 1307 eiusque
1723 1263 1898 1297 laudabilia
1923 1263 2014 1298 insti-

1259 1318 1343 1354 tuta,
1371 1315 1471 1356 ritus,
1499 1317 1752 1350 consuetudines
1786 1322 1817 1350 et
1849 1317 2015 1362 privilegia

1259 1367 1396 1402 firmiter
1415 1370 1580 1404 observata
1605 1371 1758 1411 fuerunt,
1780 1371 1916 1405 Domino
1937 1383 2012 1407 coo-

1258 1427 1404 1465 perante,
1422 1422 1587 1465 ssoruerit3
1605 1424 1817 1458 nihilominus
1831 1436 1850 1458 a
1865 1426 2013 1470 pluribus

1257 1475 1349 1509 annis
1370 1476 1461 1517 citra,
1487 1477 1677 1522 praesertim
1703 1484 1875 1522 postquam
1904 1480 2011 1524 plera-

1256 1539 1319 1572 que
1340 1531 1612 1564 monasteriorum
1645 1537 1676 1565 et
1709 1532 1914 1576 prioratuum
1934 1544 2010 1580 suo-

1256 1593 1328 1615 rum
1363 1583 1433 1617 aliis
1467 1595 1565 1628 quam
1595 1585 1671 1619 dicti
1701 1585 1830 1620 Ordinis
1861 1587 2010 1631 personis

1255 1637 1488 1678 commendari,
1506 1650 1524 1671 a
1541 1639 1720 1683 superioris
1736 1640 1932 1682 obedientia,
1950 1652 2009 1686 per

1254 1691 1508 1733 exemptionum,
1531 1691 1690 1726 unionum
1703 1694 1846 1738 aliasque
1867 1693 2007 1728 diversas

1253 1742 1328 1782 vias,
1351 1749 1515 1787 tamquam
1528 1746 1674 1780 membra
1689 1757 1707 1780 a
1723 1758 1781 1781 suo
1797 1759 1944 1792 corpore,
1961 1747 2006 1781 di-

1251 1796 1336 1837 velli,
1358 1798 1499 1832 abstrahi
1519 1806 1550 1833 et
1570 1800 1795 1834 dismembrari
1811 1808 2001 1846 coeperunt,

1252 1850 1397 1893 specioso
1418 1851 1473 1885 illo
1489 1854 1648 1896 regularis
1664 1854 1852 1899 disciplinae
1864 1857 2003 1890 candore

1251 1904 1405 1946 paulatim
1426 1906 1595 1947 offuscato,
1619 1908 1788 1942 universus
1803 1909 1929 1944 Ordinis
1944 1915 2005 1943 sta-

1250 1961 1301 1989 tus
1321 1957 1353 1989 in
1375 1958 1591 1993 miserabilem
1608 1961 1844 2005 dispersionem
1864 1968 1895 1996 et
1913 1963 2004 1998 deso-

1250 2010 1402 2044 lationem
1423 2014 1594 2058 prolapsus
1615 2021 1671 2048 est.

1293 2064 1307 2107 ἓ
1328 2064 1357 2097 2.
1389 2065 1469 2099 Cum
1497 2073 1627 2108 autem,
1651 2069 1733 2102 sicut
1757 2070 1869 2103 eadem
1890 2070 2002 2116 petitio
2043 2082 2105 2120 casus
2130 2082 2198 2120 ret-›5-

1249 2117 1474 2162 subiungebat,
1497 2121 1593 2155 tantis
1612 2122 1709 2155 huius
1729 2123 1809 2156 olim
1825 2124 1890 2158 Deo
1914 2135 2001 2158 mor·
2015 2118 2198 2166 Ξῗξζοῑξζξῗζζῖ

1247 2171 1429 2216 talibusque
1450 2179 1557 2217 gratae
1578 2175 1752 2219 Religionis
1772 2177 1997 2220 incommodis,
2014 2181 2077 2229 232⁵:
2107 2182 2197 2232 {5¹³2}ss

1247 2224 1340 2258 aliter
1359 2237 1456 2269 quam
1478 2239 1536 2271 per
1556 2229 1764 2274 antiquorum
1785 2236 1996 2274 statutorum,
2013 2225 2131 2275 ῑιιειῐιῖιιυιιι
2175 2243 2196 2262 0¹

1247 2280 1538 2321 consuetudinum,
1561 2282 1684 2316 rituum
1706 2290 1736 2318 et
1756 2284 1997 2329 privilegiorum
2013 2274 2065 2329 [ff
2079 2277 2196 2327 02⁸⁰&ss

1248 2332 1487 2374 praedictorum
1526 2336 1670 2380 undique
1704 2339 1932 2373 convulsorum
1968 2346 1999 2373 et
2013 2337 2098 2388 {³:22⁸ss
2108 2337 2194 2389 ἑζηξζζ·

1246 2385 1458 2421 diversimode
1493 2399 1724 2437 oppressoer
1762 2392 1998 2427 restitutionem
2012 2404 2039 2419 ⁵ae
2047 2402 2191 2420 amn-¹¹¹⁰*

1245 2439 1367 2473 mederi
1401 2452 1465 2475 non
1499 2453 1592 2486 posse
1626 2444 1783 2486 videatur,
1818 2457 1878 2490 pro
1907 2453 1996 2491 parte

1245 2487 1388 2522 eiusdem
1409 2491 1560 2525 Ludovici
1581 2493 1703 2527 abbatis
1718 2521 1728 2534 ,
1764 2496 1934 2530 asserentis
1963 2508 1995 2530 se

1244 2536 1378 2571 Romam
1399 2539 1449 2572 his
1468 2541 1659 2585 periculosis
1683 2544 1902 2587 temporibus,
1925 2546 1996 2590 opis

1244 2595 1342 2629 super
1376 2588 1438 2621 hoe
1472 2600 1489 2622 a
1523 2590 1614 2623 nobis
1634 2591 1857 2635 implorandae
1879 2594 1993 2638 gratia,

1243 2638 1457 2677 personaliter
1480 2640 1671 2681 accessisse,
1694 2642 1787 2676 nobis
1806 2643 1866 2676 fuit
1885 2644 1993 2678 humi-

1241 2683 1314 2717 liter
1334 2687 1551 2731 supplicatum
1570 2695 1741 2732 quatenus,
1763 2693 1889 2727 afflictis
1905 2693 1992 2729 eius-
