<?xml version="1.0" encoding="UTF-8"?>
<!DOCTYPE html PUBLIC "-//W3C//DTD XHTML 1.0 Transitional//EN"
    "http://www.w3.org/TR/xhtml1/DTD/xhtml1-transitional.dtd">
<html xmlns="http://www.w3.org/1999/xhtml" xml:lang="en" lang="en">
 <head>
  <title>
</title>
<meta http-equiv="Content-Type" content="text/html;charset=utf-8" />
  <meta name='ocr-system' content='tesseract 3.04.00' />
  <meta name='ocr-capabilities' content='ocr_page ocr_carea ocr_par ocr_line ocrx_word'/>
</head>
<body>
  <div class='ocr_page' id='page_1' title='image "./bullarumdiplomat07cath_0129.png"; bbox 0 0 2237 3100; ppageno 0'>
   <div class='ocr_carea' id='block_1_1' title="bbox 66 293 243 321">
    <p class='ocr_par' dir='ltr' id='par_1_1' title="bbox 66 293 243 321">
     <span class='ocr_line' id='line_1_1' title="bbox 66 293 243 321; baseline -0.011 0"><span class='ocrx_word' id='word_1_1' title='bbox 66 297 115 321; x_wconf 79' lang='lat' dir='ltr'>An.</span> <span class='ocrx_word' id='word_1_2' title='bbox 133 293 162 321; x_wconf 90' lang='lat' dir='ltr'>C.</span> <span class='ocrx_word' id='word_1_3' title='bbox 180 294 243 321; x_wconf 84' lang='grc'><strong>1561</strong></span> 
     </span>
    </p>
   </div>
   <div class='ocr_carea' id='block_1_2' title="bbox 56 1263 239 1412">
    <p class='ocr_par' dir='ltr' id='par_1_2' title="bbox 56 1263 239 1412">
     <span class='ocr_line' id='line_1_2' title="bbox 70 1263 239 1286; baseline 0.006 -1"><span class='ocrx_word' id='word_1_4' title='bbox 70 1263 125 1286; x_wconf 69' lang='lat' dir='ltr'>Haec</span> <span class='ocrx_word' id='word_1_5' title='bbox 159 1267 239 1286; x_wconf 82' lang='lat' dir='ltr'>consti-</span> 
     </span>
     <span class='ocr_line' id='line_1_3' title="bbox 58 1295 239 1322; baseline 0.017 -7"><span class='ocrx_word' id='word_1_6' title='bbox 58 1296 109 1316; x_wconf 74' lang='lat' dir='ltr'>tutio</span> <span class='ocrx_word' id='word_1_7' title='bbox 123 1295 174 1322; x_wconf 78' lang='lat' dir='ltr'>ligat</span> <span class='ocrx_word' id='word_1_8' title='bbox 192 1297 239 1318; x_wconf 81' lang='lat' dir='ltr'>ubi-</span> 
     </span>
     <span class='ocr_line' id='line_1_4' title="bbox 58 1327 237 1354; baseline 0.017 -8"><span class='ocrx_word' id='word_1_9' title='bbox 58 1332 96 1353; x_wconf 79' lang='lat' dir='ltr'>que</span> <span class='ocrx_word' id='word_1_10' title='bbox 111 1328 176 1354; x_wconf 73' lang='lat' dir='ltr'>quoad</span> <span class='ocrx_word' id='word_1_11' title='bbox 189 1327 237 1354; x_wconf 81' lang='lat' dir='ltr'>legi-</span> 
     </span>
     <span class='ocr_line' id='line_1_5' title="bbox 56 1358 238 1379; baseline 0.005 -1"><span class='ocrx_word' id='word_1_12' title='bbox 56 1358 174 1379; x_wconf 71' lang='lat' dir='ltr'>timaiiones</span> <span class='ocrx_word' id='word_1_13' title='bbox 207 1359 238 1379; x_wconf 79' lang='lat' dir='ltr'>fa-</span> 
     </span>
     <span class='ocr_line' id='line_1_6' title="bbox 56 1392 238 1412; baseline 0.016 -3"><span class='ocrx_word' id='word_1_14' title='bbox 56 1394 101 1410; x_wconf 77' lang='lat' dir='ltr'>ctu</span> <span class='ocrx_word' id='word_1_15' title='bbox 112 1392 238 1412; x_wconf 71' lang='lat' dir='ltr'>auctoritaie</span> 
     </span>
    </p>
   </div>
   <div class='ocr_carea' id='block_1_3' title="bbox 937 288 1003 311">
    <p class='ocr_par' dir='ltr' id='par_1_3' title="bbox 937 288 1003 311">
     <span class='ocr_line' id='line_1_7' title="bbox 937 288 1003 311; baseline 0.015 -1"><span class='ocrx_word' id='word_1_16' title='bbox 937 288 1003 311; x_wconf 69' lang='lat' dir='ltr'>1³1th</span> 
     </span>
    </p>
   </div>
   <div class='ocr_carea' id='block_1_4' title="bbox 254 343 1015 1300">
    <p class='ocr_par' dir='ltr' id='par_1_4' title="bbox 254 343 1015 1192">
     <span class='ocr_line' id='line_1_8' title="bbox 261 343 1014 388; baseline -0.008 -9"><span class='ocrx_word' id='word_1_17' title='bbox 261 347 321 379; x_wconf 87' lang='lat' dir='ltr'>hac</span> <span class='ocrx_word' id='word_1_18' title='bbox 341 345 408 378; x_wconf 91' lang='lat' dir='ltr'>vice</span> <span class='ocrx_word' id='word_1_19' title='bbox 419 345 600 385; x_wconf 73' lang='lat' dir='ltr'>dumtaxat,</span> <span class='ocrx_word' id='word_1_20' title='bbox 614 343 796 388; x_wconf 68' lang='lat' dir='ltr'>specialiter</span> <span class='ocrx_word' id='word_1_21' title='bbox 816 347 847 375; x_wconf 83' lang='lat' dir='ltr'>et</span> <span class='ocrx_word' id='word_1_22' title='bbox 867 353 1014 386; x_wconf 75' lang='lat' dir='ltr'>expresse</span> 
     </span>
     <span class='ocr_line' id='line_1_9' title="bbox 261 397 1015 442; baseline -0.005 -10"><span class='ocrx_word' id='word_1_23' title='bbox 261 400 466 442; x_wconf 79' lang='lat' dir='ltr'>derogamus,</span> <span class='ocrx_word' id='word_1_24' title='bbox 485 397 655 431; x_wconf 77' lang='lat' dir='ltr'>contrariis</span> <span class='ocrx_word' id='word_1_25' title='bbox 672 397 947 441; x_wconf 77' lang='lat' dir='ltr'>quibiisciimqiie3</span> <span class='ocrx_word' id='word_1_26' title='bbox 960 401 1015 428; x_wconf 86' lang='lat' dir='ltr'>aut</span> 
     </span>
     <span class='ocr_line' id='line_1_10' title="bbox 261 449 1014 496; baseline -0.004 -11"><span class='ocrx_word' id='word_1_27' title='bbox 261 452 286 485; x_wconf 89' lang='lat' dir='ltr'>si</span> <span class='ocrx_word' id='word_1_28' title='bbox 313 451 486 496; x_wconf 77' lang='lat' dir='ltr'>aliquibus,</span> <span class='ocrx_word' id='word_1_29' title='bbox 517 451 734 484; x_wconf 88' lang='lat' dir='ltr'>communiter</span> <span class='ocrx_word' id='word_1_30' title='bbox 762 451 809 483; x_wconf 80' lang='lat' dir='ltr'>vel</span> <span class='ocrx_word' id='word_1_31' title='bbox 831 449 966 490; x_wconf 74' lang='lat' dir='ltr'>divisim,</span> <span class='ocrx_word' id='word_1_32' title='bbox 996 461 1014 482; x_wconf 90' lang='lat' dir='ltr'>a</span> 
     </span>
     <span class='ocr_line' id='line_1_11' title="bbox 260 503 1012 550; baseline -0.004 -12"><span class='ocrx_word' id='word_1_33' title='bbox 260 505 424 550; x_wconf 86' lang='lat' dir='ltr'>praedicta</span> <span class='ocrx_word' id='word_1_34' title='bbox 444 504 483 537; x_wconf 89' lang='lat' dir='ltr'>sit</span> <span class='ocrx_word' id='word_1_35' title='bbox 503 504 584 538; x_wconf 87' lang='lat' dir='ltr'>Sede</span> <span class='ocrx_word' id='word_1_36' title='bbox 614 504 774 537; x_wconf 87' lang='lat' dir='ltr'>indultum</span> <span class='ocrx_word' id='word_1_37' title='bbox 805 504 891 547; x_wconf 89' lang='lat' dir='ltr'>quod</span> <span class='ocrx_word' id='word_1_38' title='bbox 913 503 1012 536; x_wconf 88' lang='lat' dir='ltr'>inter-</span> 
     </span>
     <span class='ocr_line' id='line_1_12' title="bbox 260 557 1012 603; baseline -0.003 -10"><span class='ocrx_word' id='word_1_39' title='bbox 260 559 342 600; x_wconf 88' lang='lat' dir='ltr'><strong>dici,</strong></span> <span class='ocrx_word' id='word_1_40' title='bbox 378 558 531 603; x_wconf 77' lang='lat' dir='ltr'>suspendi</span> <span class='ocrx_word' id='word_1_41' title='bbox 563 559 611 591; x_wconf 74' lang='lat' dir='ltr'>vel</span> <span class='ocrx_word' id='word_1_42' title='bbox 645 557 919 591; x_wconf 81' lang='lat' dir='ltr'>excommunicari</span> <span class='ocrx_word' id='word_1_43' title='bbox 948 568 1012 591; x_wconf 87' lang='lat' dir='ltr'>non</span> 
     </span>
     <span class='ocr_line' id='line_1_13' title="bbox 258 611 1012 658; baseline -0.004 -12"><span class='ocrx_word' id='word_1_44' title='bbox 258 612 384 658; x_wconf 87' lang='lat' dir='ltr'>possint</span> <span class='ocrx_word' id='word_1_45' title='bbox 416 623 474 657; x_wconf 89' lang='lat' dir='ltr'>per</span> <span class='ocrx_word' id='word_1_46' title='bbox 507 612 616 645; x_wconf 79' lang='lat' dir='ltr'>literas</span> <span class='ocrx_word' id='word_1_47' title='bbox 649 612 843 656; x_wconf 88' lang='lat' dir='ltr'>apostolicas</span> <span class='ocrx_word' id='word_1_48' title='bbox 867 621 931 644; x_wconf 93' lang='lat' dir='ltr'>non</span> <span class='ocrx_word' id='word_1_49' title='bbox 966 611 1012 644; x_wconf 87' lang='lat' dir='ltr'>fa-</span> 
     </span>
     <span class='ocr_line' id='line_1_14' title="bbox 259 665 1011 712; baseline -0.005 -11"><span class='ocrx_word' id='word_1_50' title='bbox 259 667 379 701; x_wconf 81' lang='lat' dir='ltr'>cientes</span> <span class='ocrx_word' id='word_1_51' title='bbox 399 667 529 712; x_wconf 79' lang='lat' dir='ltr'>plenam</span> <span class='ocrx_word' id='word_1_52' title='bbox 546 672 577 700; x_wconf 84' lang='lat' dir='ltr'>et</span> <span class='ocrx_word' id='word_1_53' title='bbox 597 677 779 711; x_wconf 75' lang='lat' dir='ltr'>expressam</span> <span class='ocrx_word' id='word_1_54' title='bbox 800 677 837 699; x_wconf 83' lang='lat' dir='ltr'>ac</span> <span class='ocrx_word' id='word_1_55' title='bbox 861 665 899 698; x_wconf 92' lang='lat' dir='ltr'>de</span> <span class='ocrx_word' id='word_1_56' title='bbox 914 665 1011 698; x_wconf 83' lang='lat' dir='ltr'>verbo</span> 
     </span>
     <span class='ocr_line' id='line_1_15' title="bbox 258 718 1011 754; baseline -0.003 -1"><span class='ocrx_word' id='word_1_57' title='bbox 258 720 297 754; x_wconf 91' lang='lat' dir='ltr'>ad</span> <span class='ocrx_word' id='word_1_58' title='bbox 315 720 450 753; x_wconf 88' lang='lat' dir='ltr'>verbum</span> <span class='ocrx_word' id='word_1_59' title='bbox 481 720 518 753; x_wconf 93' lang='lat' dir='ltr'>de</span> <span class='ocrx_word' id='word_1_60' title='bbox 546 720 671 753; x_wconf 84' lang='lat' dir='ltr'>indulto</span> <span class='ocrx_word' id='word_1_61' title='bbox 705 718 893 753; x_wconf 89' lang='lat' dir='ltr'>huiusmodi</span> <span class='ocrx_word' id='word_1_62' title='bbox 923 729 1011 751; x_wconf 89' lang='lat' dir='ltr'>men-</span> 
     </span>
     <span class='ocr_line' id='line_1_16' title="bbox 258 772 1010 818; baseline -0.004 -10"><span class='ocrx_word' id='word_1_63' title='bbox 258 775 392 815; x_wconf 81' lang='lat' dir='ltr'>tionem,</span> <span class='ocrx_word' id='word_1_64' title='bbox 422 780 453 808; x_wconf 86' lang='lat' dir='ltr'>et</span> <span class='ocrx_word' id='word_1_65' title='bbox 486 774 629 818; x_wconf 88' lang='lat' dir='ltr'>qualibet</span> <span class='ocrx_word' id='word_1_66' title='bbox 653 773 755 807; x_wconf 90' lang='lat' dir='ltr'>dictae</span> <span class='ocrx_word' id='word_1_67' title='bbox 789 773 878 806; x_wconf 86' lang='lat' dir='ltr'>Sedis</span> <span class='ocrx_word' id='word_1_68' title='bbox 903 772 1010 805; x_wconf 90' lang='lat' dir='ltr'>indul-</span> 
     </span>
     <span class='ocr_line' id='line_1_17' title="bbox 257 826 1010 872; baseline -0.004 -11"><span class='ocrx_word' id='word_1_69' title='bbox 257 828 363 872; x_wconf 82' lang='lat' dir='ltr'>gentia</span> <span class='ocrx_word' id='word_1_70' title='bbox 378 828 520 871; x_wconf 81' lang='lat' dir='ltr'>generali</span> <span class='ocrx_word' id='word_1_71' title='bbox 541 829 588 861; x_wconf 79' lang='lat' dir='ltr'>vel</span> <span class='ocrx_word' id='word_1_72' title='bbox 610 827 752 872; x_wconf 86' lang='lat' dir='ltr'>speciali,</span> <span class='ocrx_word' id='word_1_73' title='bbox 776 826 1010 869; x_wconf 90' lang='lat' dir='ltr'>cuiuscumque</span> 
     </span>
     <span class='ocr_line' id='line_1_18' title="bbox 256 879 1010 925; baseline -0.005 -10"><span class='ocrx_word' id='word_1_74' title='bbox 256 881 376 915; x_wconf 87' lang='lat' dir='ltr'>tenoris</span> <span class='ocrx_word' id='word_1_75' title='bbox 386 881 508 922; x_wconf 84' lang='lat' dir='ltr'>existat,</span> <span class='ocrx_word' id='word_1_76' title='bbox 520 893 577 925; x_wconf 89' lang='lat' dir='ltr'>per</span> <span class='ocrx_word' id='word_1_77' title='bbox 587 892 696 925; x_wconf 88' lang='lat' dir='ltr'>quam,</span> <span class='ocrx_word' id='word_1_78' title='bbox 711 879 934 925; x_wconf 86' lang='lat' dir='ltr'>praesentibus</span> <span class='ocrx_word' id='word_1_79' title='bbox 945 889 1010 913; x_wconf 91' lang='lat' dir='ltr'>non</span> 
     </span>
     <span class='ocr_line' id='line_1_19' title="bbox 256 934 1009 980; baseline -0.004 -11"><span class='ocrx_word' id='word_1_80' title='bbox 256 946 438 980; x_wconf 81' lang='lat' dir='ltr'>expressam</span> <span class='ocrx_word' id='word_1_81' title='bbox 463 936 512 969; x_wconf 87' lang='lat' dir='ltr'>vel</span> <span class='ocrx_word' id='word_1_82' title='bbox 531 935 672 969; x_wconf 85' lang='lat' dir='ltr'>totaliter</span> <span class='ocrx_word' id='word_1_83' title='bbox 691 945 755 968; x_wconf 93' lang='lat' dir='ltr'>non</span> <span class='ocrx_word' id='word_1_84' title='bbox 776 934 940 974; x_wconf 82' lang='lat' dir='ltr'>insertam,</span> <span class='ocrx_word' id='word_1_85' title='bbox 963 934 1009 967; x_wconf 88' lang='lat' dir='ltr'>es-</span> 
     </span>
     <span class='ocr_line' id='line_1_20' title="bbox 255 987 1009 1031; baseline -0.004 -9"><span class='ocrx_word' id='word_1_86' title='bbox 255 990 358 1023; x_wconf 84' lang='lat' dir='ltr'>fectus</span> <span class='ocrx_word' id='word_1_87' title='bbox 378 989 565 1022; x_wconf 88' lang='lat' dir='ltr'>huiusmodi</span> <span class='ocrx_word' id='word_1_88' title='bbox 591 988 757 1022; x_wconf 86' lang='lat' dir='ltr'>literarum</span> <span class='ocrx_word' id='word_1_89' title='bbox 788 987 938 1031; x_wconf 87' lang='lat' dir='ltr'>impediri</span> <span class='ocrx_word' id='word_1_90' title='bbox 959 998 1009 1020; x_wconf 83' lang='lat' dir='ltr'>va-</span> 
     </span>
     <span class='ocr_line' id='line_1_21' title="bbox 254 1041 1008 1086; baseline -0.001 -11"><span class='ocrx_word' id='word_1_91' title='bbox 254 1043 318 1075; x_wconf 88' lang='lat' dir='ltr'>leat</span> <span class='ocrx_word' id='word_1_92' title='bbox 337 1043 581 1086; x_wconf 74' lang='lat' dir='ltr'>quomodolibet</span> <span class='ocrx_word' id='word_1_93' title='bbox 600 1043 647 1075; x_wconf 78' lang='lat' dir='ltr'>vel</span> <span class='ocrx_word' id='word_1_94' title='bbox 668 1041 806 1081; x_wconf 86' lang='lat' dir='ltr'>diss&#39;erri,</span> <span class='ocrx_word' id='word_1_95' title='bbox 829 1046 859 1074; x_wconf 91' lang='lat' dir='ltr'>et</span> <span class='ocrx_word' id='word_1_96' title='bbox 886 1041 924 1074; x_wconf 87' lang='lat' dir='ltr'>dc</span> <span class='ocrx_word' id='word_1_97' title='bbox 945 1052 1008 1085; x_wconf 90' lang='lat' dir='ltr'>qua</span> 
     </span>
     <span class='ocr_line' id='line_1_22' title="bbox 255 1095 1007 1140; baseline 0 -11"><span class='ocrx_word' id='word_1_98' title='bbox 255 1095 413 1140; x_wconf 88' lang='lat' dir='ltr'>cuiusque</span> <span class='ocrx_word' id='word_1_99' title='bbox 433 1102 499 1130; x_wconf 88' lang='lat' dir='ltr'>toto</span> <span class='ocrx_word' id='word_1_100' title='bbox 526 1102 638 1129; x_wconf 91' lang='lat' dir='ltr'>tenore</span> <span class='ocrx_word' id='word_1_101' title='bbox 666 1095 814 1128; x_wconf 86' lang='lat' dir='ltr'>habenda</span> <span class='ocrx_word' id='word_1_102' title='bbox 835 1095 875 1129; x_wconf 90' lang='lat' dir='ltr'>sit</span> <span class='ocrx_word' id='word_1_103' title='bbox 894 1095 927 1128; x_wconf 91' lang='lat' dir='ltr'>in</span> <span class='ocrx_word' id='word_1_104' title='bbox 948 1106 1007 1129; x_wconf 90' lang='lat' dir='ltr'>no-</span> 
     </span>
     <span class='ocr_line' id='line_1_23' title="bbox 255 1147 761 1192; baseline -0.002 -10"><span class='ocrx_word' id='word_1_105' title='bbox 255 1149 328 1182; x_wconf 87' lang='lat' dir='ltr'>stris</span> <span class='ocrx_word' id='word_1_106' title='bbox 342 1149 443 1183; x_wconf 91' lang='lat' dir='ltr'>literis</span> <span class='ocrx_word' id='word_1_107' title='bbox 462 1148 582 1182; x_wconf 91' lang='lat' dir='ltr'>mentio</span> <span class='ocrx_word' id='word_1_108' title='bbox 603 1147 761 1192; x_wconf 84' lang='lat' dir='ltr'>specialis.</span> 
     </span>
    </p>

    <p class='ocr_par' dir='ltr' id='par_1_5' title="bbox 255 1201 1007 1300">
     <span class='ocr_line' id='line_1_24' title="bbox 298 1201 1007 1247; baseline 0 -11"><span class='ocrx_word' id='word_1_109' title='bbox 298 1203 356 1247; x_wconf 73' lang='lat'>§7.</span> <span class='ocrx_word' id='word_1_110' title='bbox 379 1203 418 1236; x_wconf 92' lang='lat' dir='ltr'>Ut</span> <span class='ocrx_word' id='word_1_111' title='bbox 437 1207 543 1235; x_wconf 90' lang='lat' dir='ltr'>autem</span> <span class='ocrx_word' id='word_1_112' title='bbox 564 1206 750 1245; x_wconf 87' lang='lat' dir='ltr'>praesentes</span> <span class='ocrx_word' id='word_1_113' title='bbox 760 1201 872 1235; x_wconf 90' lang='lat' dir='ltr'>literae</span> <span class='ocrx_word' id='word_1_114' title='bbox 889 1203 929 1235; x_wconf 89' lang='lat' dir='ltr'>ad</span> <span class='ocrx_word' id='word_1_115' title='bbox 941 1214 1007 1236; x_wconf 90' lang='lat' dir='ltr'>om-</span> 
     </span>
     <span class='ocr_line' id='line_1_25' title="bbox 255 1255 1005 1300; baseline 0.001 -11"><span class='ocrx_word' id='word_1_116' title='bbox 255 1256 345 1290; x_wconf 89' lang='lat' dir='ltr'>nium</span> <span class='ocrx_word' id='word_1_117' title='bbox 365 1255 509 1289; x_wconf 74' lang='lat' dir='ltr'>notitiam</span> <span class='ocrx_word' id='word_1_118' title='bbox 535 1255 750 1296; x_wconf 81' lang='lat' dir='ltr'>deducantur,</span> <span class='ocrx_word' id='word_1_119' title='bbox 774 1267 833 1290; x_wconf 90' lang='lat' dir='ltr'>nec</span> <span class='ocrx_word' id='word_1_120' title='bbox 854 1256 1005 1300; x_wconf 81' lang='lat' dir='ltr'>aliquide</span> 
     </span>
    </p>
   </div>
   <div class='ocr_carea' id='block_1_5' title="bbox 254 1308 1027 1353">
    <p class='ocr_par' dir='ltr' id='par_1_6' title="bbox 254 1308 1027 1353">
     <span class='ocr_line' id='line_1_26' title="bbox 254 1308 1027 1353; baseline 0.001 -10"><span class='ocrx_word' id='word_1_121' title='bbox 254 1309 316 1343; x_wconf 89' lang='lat' dir='ltr'>illis</span> <span class='ocrx_word' id='word_1_122' title='bbox 335 1308 548 1352; x_wconf 83' lang='lat' dir='ltr'>ignorantiam</span> <span class='ocrx_word' id='word_1_123' title='bbox 570 1308 711 1352; x_wconf 84' lang='lat' dir='ltr'>aliquam</span> <span class='ocrx_word' id='word_1_124' title='bbox 733 1311 945 1353; x_wconf 82' lang='lat' dir='ltr'>praetendere</span> <span class='ocrx_word' id='word_1_125' title='bbox 956 1322 1006 1344; x_wconf 78' lang='lat' dir='ltr'>va-</span> <span class='ocrx_word' id='word_1_126' title='bbox 1025 1324 1027 1330; x_wconf 43' lang='lat' dir='ltr'><strong>f</strong></span> 
     </span>
    </p>
   </div>
   <div class='ocr_carea' id='block_1_6' title="bbox 252 1361 1003 1407">
    <p class='ocr_par' dir='ltr' id='par_1_7' title="bbox 252 1361 1003 1407">
     <span class='ocr_line' id='line_1_27' title="bbox 252 1361 1003 1407; baseline 0.001 -11"><span class='ocrx_word' id='word_1_127' title='bbox 252 1364 337 1396; x_wconf 88' lang='lat' dir='ltr'>leant</span> <span class='ocrx_word' id='word_1_128' title='bbox 354 1362 403 1395; x_wconf 90' lang='lat' dir='ltr'>vel</span> <span class='ocrx_word' id='word_1_129' title='bbox 428 1361 587 1405; x_wconf 82' lang='lat' dir='ltr'>allegare,</span> <span class='ocrx_word' id='word_1_130' title='bbox 617 1363 766 1396; x_wconf 89' lang='lat' dir='ltr'>volumus</span> <span class='ocrx_word' id='word_1_131' title='bbox 799 1362 882 1407; x_wconf 86' lang='lat' dir='ltr'>ipsas</span> <span class='ocrx_word' id='word_1_132' title='bbox 910 1375 1003 1407; x_wconf 88' lang='lat' dir='ltr'>prae-</span> 
     </span>
    </p>
   </div>
   <div class='ocr_carea' id='block_1_7' title="bbox 53 1415 1003 1461">
    <p class='ocr_par' dir='ltr' id='par_1_8' title="bbox 53 1415 1003 1461">
     <span class='ocr_line' id='line_1_28' title="bbox 53 1415 1003 1461; baseline 0.005 -14"><span class='ocrx_word' id='word_1_133' title='bbox 53 1422 178 1448; x_wconf 66' lang='lat' dir='ltr'>np⁰s1⁰¹ic÷u</span> <span class='ocrx_word' id='word_1_134' title='bbox 197 1429 236 1450; x_wconf 77' lang='lat' dir='ltr'>quo</span> <span class='ocrx_word' id='word_1_135' title='bbox 251 1420 354 1449; x_wconf 88' lang='lat' dir='ltr'>sentes</span> <span class='ocrx_word' id='word_1_136' title='bbox 378 1415 499 1455; x_wconf 81' lang='lat' dir='ltr'>literas,</span> <span class='ocrx_word' id='word_1_137' title='bbox 522 1416 628 1459; x_wconf 88' lang='lat' dir='ltr'>quoad</span> <span class='ocrx_word' id='word_1_138' title='bbox 649 1417 896 1460; x_wconf 84' lang='lat' dir='ltr'>legitimationes</span> <span class='ocrx_word' id='word_1_139' title='bbox 925 1429 1003 1461; x_wconf 89' lang='lat' dir='ltr'>apo-</span> 
     </span>
    </p>
   </div>
   <div class='ocr_carea' id='block_1_8' title="bbox 52 1454 235 1474">
    <p class='ocr_par' dir='ltr' id='par_1_9' title="bbox 52 1454 235 1474">
     <span class='ocr_line' id='line_1_29' title="bbox 52 1454 235 1474; baseline 0.011 -2"><span class='ocrx_word' id='word_1_140' title='bbox 52 1457 103 1473; x_wconf 70' lang='grc' dir='ltr'>νει-α</span> <span class='ocrx_word' id='word_1_141' title='bbox 135 1454 160 1473; x_wconf 74' lang='lat' dir='ltr'>ad</span> <span class='ocrx_word' id='word_1_142' title='bbox 184 1454 235 1474; x_wconf 66' lang='lat' dir='ltr'>alias</span> 
     </span>
    </p>
   </div>
   <div class='ocr_carea' id='block_1_9' title="bbox 51 1469 1000 1512">
    <p class='ocr_par' dir='ltr' id='par_1_10' title="bbox 51 1469 1000 1512">
     <span class='ocr_line' id='line_1_30' title="bbox 51 1469 1000 1512; baseline 0.004 -11"><span class='ocrx_word' id='word_1_143' title='bbox 51 1481 116 1503; x_wconf 68' lang='lat' dir='ltr'>tactas</span> <span class='ocrx_word' id='word_1_144' title='bbox 132 1483 234 1510; x_wconf 59' lang='lat' dir='ltr'>imperatu</span> <span class='ocrx_word' id='word_1_145' title='bbox 250 1469 361 1502; x_wconf 90' lang='lat' dir='ltr'>stolica</span> <span class='ocrx_word' id='word_1_146' title='bbox 381 1470 573 1503; x_wconf 86' lang='lat' dir='ltr'>auctoritate</span> <span class='ocrx_word' id='word_1_147' title='bbox 593 1471 703 1511; x_wconf 84' lang='lat' dir='ltr'>factas,</span> <span class='ocrx_word' id='word_1_148' title='bbox 716 1471 819 1504; x_wconf 78' lang='lat' dir='ltr'>ubivis</span> <span class='ocrx_word' id='word_1_149' title='bbox 839 1472 1000 1512; x_wconf 74' lang='lat' dir='ltr'>locorum,</span> 
     </span>
    </p>
   </div>
   <div class='ocr_carea' id='block_1_10' title="bbox 48 1515 233 1599">
    <p class='ocr_par' dir='ltr' id='par_1_11' title="bbox 48 1515 233 1599">
     <span class='ocr_line' id='line_1_31' title="bbox 50 1515 231 1539; baseline 0.006 -5"><span class='ocrx_word' id='word_1_150' title='bbox 50 1515 197 1539; x_wconf 81' lang='lat' dir='ltr'>concessione,</span> <span class='ocrx_word' id='word_1_151' title='bbox 208 1515 231 1535; x_wconf 91' lang='lat' dir='ltr'>li-</span> 
     </span>
     <span class='ocr_line' id='line_1_32' title="bbox 49 1546 233 1571; baseline 0.016 -6"><span class='ocrx_word' id='word_1_152' title='bbox 49 1548 83 1571; x_wconf 78' lang='lat' dir='ltr'>gat</span> <span class='ocrx_word' id='word_1_153' title='bbox 114 1546 135 1566; x_wconf 81' lang='lat' dir='ltr'>in</span> <span class='ocrx_word' id='word_1_154' title='bbox 170 1547 233 1568; x_wconf 77' lang='lat' dir='ltr'>terris</span> 
     </span>
     <span class='ocr_line' id='line_1_33' title="bbox 48 1575 233 1599; baseline 0.016 -3"><span class='ocrx_word' id='word_1_155' title='bbox 48 1575 152 1598; x_wconf 74' lang='lat' dir='ltr'>Romanae</span> <span class='ocrx_word' id='word_1_156' title='bbox 161 1575 233 1599; x_wconf 73' lang='lat' dir='ltr'>Ecde-</span> 
     </span>
    </p>
   </div>
   <div class='ocr_carea' id='block_1_11' title="bbox 49 1608 216 1630">
    <p class='ocr_par' dir='ltr' id='par_1_12' title="bbox 49 1608 216 1630">
     <span class='ocr_line' id='line_1_34' title="bbox 49 1608 216 1630; baseline 0.012 -2"><span class='ocrx_word' id='word_1_157' title='bbox 49 1609 92 1629; x_wconf 74' lang='lat' dir='ltr'>siue</span> <span class='ocrx_word' id='word_1_158' title='bbox 108 1608 216 1630; x_wconf 79' lang='lat' dir='ltr'>subiectis.</span> 
     </span>
    </p>
   </div>
   <div class='ocr_carea' id='block_1_12' title="bbox 248 1524 1002 1619">
    <p class='ocr_par' dir='ltr' id='par_1_13' title="bbox 248 1524 1002 1619">
     <span class='ocr_line' id='line_1_35' title="bbox 248 1524 1002 1570; baseline 0.004 -15"><span class='ocrx_word' id='word_1_159' title='bbox 248 1533 312 1567; x_wconf 92' lang='lat' dir='ltr'>quo</span> <span class='ocrx_word' id='word_1_160' title='bbox 332 1534 406 1557; x_wconf 90' lang='lat' dir='ltr'>vero</span> <span class='ocrx_word' id='word_1_161' title='bbox 427 1524 466 1556; x_wconf 88' lang='lat' dir='ltr'>ad</span> <span class='ocrx_word' id='word_1_162' title='bbox 487 1524 570 1565; x_wconf 85' lang='lat' dir='ltr'>illas,</span> <span class='ocrx_word' id='word_1_163' title='bbox 593 1535 676 1568; x_wconf 88' lang='lat' dir='ltr'>quae</span> <span class='ocrx_word' id='word_1_164' title='bbox 692 1536 729 1558; x_wconf 81' lang='lat' dir='ltr'>ex</span> <span class='ocrx_word' id='word_1_165' title='bbox 750 1525 911 1570; x_wconf 86' lang='lat' dir='ltr'>imperiali</span> <span class='ocrx_word' id='word_1_166' title='bbox 927 1537 1002 1559; x_wconf 87' lang='lat' dir='ltr'>con-</span> 
     </span>
     <span class='ocr_line' id='line_1_36' title="bbox 248 1577 1002 1619; baseline 0.004 -9"><span class='ocrx_word' id='word_1_167' title='bbox 248 1577 392 1611; x_wconf 84' lang='lat' dir='ltr'>cessione</span> <span class='ocrx_word' id='word_1_168' title='bbox 413 1578 514 1611; x_wconf 79' lang='lat' dir='ltr'>sactae</span> <span class='ocrx_word' id='word_1_169' title='bbox 534 1579 678 1619; x_wconf 83' lang='lat' dir='ltr'>suerunt,</span> <span class='ocrx_word' id='word_1_170' title='bbox 701 1579 733 1612; x_wconf 92' lang='lat' dir='ltr'>in</span> <span class='ocrx_word' id='word_1_171' title='bbox 754 1580 848 1613; x_wconf 84' lang='lat' dir='ltr'>terris</span> <span class='ocrx_word' id='word_1_172' title='bbox 866 1580 960 1613; x_wconf 89' lang='lat' dir='ltr'>nobis</span> <span class='ocrx_word' id='word_1_173' title='bbox 972 1585 1002 1613; x_wconf 89' lang='lat' dir='ltr'>et</span> 
     </span>
    </p>
   </div>
   <div class='ocr_carea' id='block_1_13' title="bbox 245 1631 1022 1786">
    <p class='ocr_par' dir='ltr' id='par_1_14' title="bbox 245 1631 1022 1786">
     <span class='ocr_line' id='line_1_37' title="bbox 246 1631 1022 1668; baseline 0.004 -4"><span class='ocrx_word' id='word_1_174' title='bbox 246 1631 410 1665; x_wconf 85' lang='lat' dir='ltr'>Romanae</span> <span class='ocrx_word' id='word_1_175' title='bbox 422 1632 584 1666; x_wconf 84' lang='lat' dir='ltr'>Ecclesiae</span> <span class='ocrx_word' id='word_1_176' title='bbox 601 1633 739 1666; x_wconf 88' lang='lat' dir='ltr'>mediate</span> <span class='ocrx_word' id='word_1_177' title='bbox 764 1639 793 1666; x_wconf 91' lang='lat' dir='ltr'>et</span> <span class='ocrx_word' id='word_1_178' title='bbox 815 1634 1000 1668; x_wconf 86' lang='lat' dir='ltr'>immediate</span> <span class='ocrx_word' id='word_1_179' title='bbox 1020 1650 1022 1659; x_wconf 71' lang='grc' dir='ltr'>ι</span> 
     </span>
     <span class='ocr_line' id='line_1_38' title="bbox 245 1684 1021 1731; baseline 0.004 -14"><span class='ocrx_word' id='word_1_180' title='bbox 245 1684 398 1718; x_wconf 88' lang='lat' dir='ltr'>subiectis</span> <span class='ocrx_word' id='word_1_181' title='bbox 413 1712 420 1726; x_wconf 95' lang='lat'>,</span> <span class='ocrx_word' id='word_1_182' title='bbox 441 1686 473 1718; x_wconf 91' lang='lat' dir='ltr'>in</span> <span class='ocrx_word' id='word_1_183' title='bbox 504 1686 630 1720; x_wconf 85' lang='lat' dir='ltr'>casibus</span> <span class='ocrx_word' id='word_1_184' title='bbox 646 1714 653 1727; x_wconf 87' lang='lat'>,</span> <span class='ocrx_word' id='word_1_185' title='bbox 686 1686 718 1720; x_wconf 89' lang='lat' dir='ltr'>in</span> <span class='ocrx_word' id='word_1_186' title='bbox 737 1687 856 1731; x_wconf 88' lang='lat' dir='ltr'>quibus</span> <span class='ocrx_word' id='word_1_187' title='bbox 880 1688 933 1721; x_wconf 90' lang='lat' dir='ltr'>illa</span> <span class='ocrx_word' id='word_1_188' title='bbox 968 1688 1000 1720; x_wconf 92' lang='lat' dir='ltr'>in</span> <span class='ocrx_word' id='word_1_189' title='bbox 1019 1700 1021 1708; x_wconf 60' lang='lat'><strong>¹</strong></span> 
     </span>
     <span class='ocr_line' id='line_1_39' title="bbox 247 1740 1020 1786; baseline 0.005 -14"><span class='ocrx_word' id='word_1_190' title='bbox 247 1740 339 1773; x_wconf 83' lang='lat' dir='ltr'>terris</span> <span class='ocrx_word' id='word_1_191' title='bbox 358 1740 546 1774; x_wconf 89' lang='lat' dir='ltr'>huiusmodi</span> <span class='ocrx_word' id='word_1_192' title='bbox 563 1741 601 1774; x_wconf 90' lang='lat' dir='ltr'>de</span> <span class='ocrx_word' id='word_1_193' title='bbox 618 1741 688 1775; x_wconf 89' lang='lat' dir='ltr'>iure</span> <span class='ocrx_word' id='word_1_194' title='bbox 700 1742 770 1775; x_wconf 88' lang='lat' dir='ltr'>fieri</span> <span class='ocrx_word' id='word_1_195' title='bbox 787 1742 996 1786; x_wconf 82' lang='lat' dir='ltr'>permittitur,</span> <span class='ocrx_word' id='word_1_196' title='bbox 1018 1762 1020 1777; x_wconf 64' lang='grc' dir='ltr'><strong><em>ι</em></strong></span> 
     </span>
    </p>
   </div>
   <div class='ocr_carea' id='block_1_14' title="bbox 239 1792 997 2548">
    <p class='ocr_par' dir='ltr' id='par_1_15' title="bbox 239 1792 997 2207">
     <span class='ocr_line' id='line_1_40' title="bbox 243 1792 995 1838; baseline 0.007 -13"><span class='ocrx_word' id='word_1_197' title='bbox 243 1792 352 1826; x_wconf 88' lang='lat' dir='ltr'>locum</span> <span class='ocrx_word' id='word_1_198' title='bbox 374 1793 494 1828; x_wconf 86' lang='lat' dir='ltr'>habere</span> <span class='ocrx_word' id='word_1_199' title='bbox 515 1800 545 1828; x_wconf 92' lang='lat' dir='ltr'>et</span> <span class='ocrx_word' id='word_1_200' title='bbox 565 1796 716 1828; x_wconf 79' lang='lat' dir='ltr'>effectum</span> <span class='ocrx_word' id='word_1_201' title='bbox 738 1796 844 1829; x_wconf 86' lang='lat' dir='ltr'>sortiri</span> <span class='ocrx_word' id='word_1_202' title='bbox 865 1797 995 1838; x_wconf 84' lang='lat' dir='ltr'>debere,</span> 
     </span>
     <span class='ocr_line' id='line_1_41' title="bbox 243 1847 997 1894; baseline 0.007 -15"><span class='ocrx_word' id='word_1_203' title='bbox 243 1857 371 1880; x_wconf 91' lang='lat' dir='ltr'>necnon</span> <span class='ocrx_word' id='word_1_204' title='bbox 393 1847 425 1880; x_wconf 93' lang='lat' dir='ltr'>in</span> <span class='ocrx_word' id='word_1_205' title='bbox 447 1849 541 1882; x_wconf 86' lang='lat' dir='ltr'>valvis</span> <span class='ocrx_word' id='word_1_206' title='bbox 556 1850 774 1884; x_wconf 83' lang='lat' dir='ltr'>Cancellariae</span> <span class='ocrx_word' id='word_1_207' title='bbox 794 1851 997 1894; x_wconf 81' lang='lat' dir='ltr'>Apostolicae</span> 
     </span>
     <span class='ocr_line' id='line_1_42' title="bbox 242 1901 997 1948; baseline 0.004 -14"><span class='ocrx_word' id='word_1_208' title='bbox 242 1912 279 1934; x_wconf 85' lang='lat' dir='ltr'>ac</span> <span class='ocrx_word' id='word_1_209' title='bbox 300 1901 368 1935; x_wconf 86' lang='lat' dir='ltr'>acie</span> <span class='ocrx_word' id='word_1_210' title='bbox 393 1901 504 1947; x_wconf 86' lang='lat' dir='ltr'>Campi</span> <span class='ocrx_word' id='word_1_211' title='bbox 524 1904 626 1937; x_wconf 56' lang='lat' dir='ltr'>Florae</span> <span class='ocrx_word' id='word_1_212' title='bbox 643 1905 729 1947; x_wconf 78' lang='lat' dir='ltr'>affigi</span> <span class='ocrx_word' id='word_1_213' title='bbox 750 1909 779 1937; x_wconf 87' lang='lat' dir='ltr'>et</span> <span class='ocrx_word' id='word_1_214' title='bbox 791 1905 951 1948; x_wconf 87' lang='lat' dir='ltr'>publicari</span> <span class='ocrx_word' id='word_1_215' title='bbox 961 1916 997 1938; x_wconf 84' lang='lat' dir='ltr'>ac</span> 
     </span>
     <span class='ocr_line' id='line_1_43' title="bbox 242 1960 996 2004; baseline 0.005 -15"><span class='ocrx_word' id='word_1_216' title='bbox 242 1966 297 1989; x_wconf 86' lang='lat' dir='ltr'>eos</span> <span class='ocrx_word' id='word_1_217' title='bbox 317 1967 399 2000; x_wconf 89' lang='lat' dir='ltr'>quos</span> <span class='ocrx_word' id='word_1_218' title='bbox 420 1964 623 1992; x_wconf 89' lang='lat' dir='ltr'>concernunt</span> <span class='ocrx_word' id='word_1_219' title='bbox 653 1960 789 2004; x_wconf 88' lang='lat' dir='ltr'>perinde</span> <span class='ocrx_word' id='word_1_220' title='bbox 814 1966 938 1993; x_wconf 85' lang='lat' dir='ltr'>arctare</span> <span class='ocrx_word' id='word_1_221' title='bbox 959 1972 996 1993; x_wconf 90' lang='lat' dir='ltr'>ac</span> 
     </span>
     <span class='ocr_line' id='line_1_44' title="bbox 241 2011 993 2055; baseline 0.005 -12"><span class='ocrx_word' id='word_1_222' title='bbox 241 2011 266 2044; x_wconf 88' lang='lat' dir='ltr'>si</span> <span class='ocrx_word' id='word_1_223' title='bbox 287 2011 332 2044; x_wconf 88' lang='lat' dir='ltr'>eis</span> <span class='ocrx_word' id='word_1_224' title='bbox 358 2013 574 2055; x_wconf 87' lang='lat' dir='ltr'>personaliter</span> <span class='ocrx_word' id='word_1_225' title='bbox 594 2013 758 2047; x_wconf 84' lang='lat' dir='ltr'>intimatae</span> <span class='ocrx_word' id='word_1_226' title='bbox 779 2015 895 2055; x_wconf 83' lang='lat' dir='ltr'>forent,</span> <span class='ocrx_word' id='word_1_227' title='bbox 920 2026 993 2047; x_wconf 82' lang='lat' dir='ltr'>eum</span> 
     </span>
     <span class='ocr_line' id='line_1_45' title="bbox 241 2065 995 2112; baseline 0.007 -15"><span class='ocrx_word' id='word_1_228' title='bbox 241 2075 305 2098; x_wconf 90' lang='lat' dir='ltr'>non</span> <span class='ocrx_word' id='word_1_229' title='bbox 327 2065 366 2098; x_wconf 89' lang='lat' dir='ltr'>sit</span> <span class='ocrx_word' id='word_1_230' title='bbox 384 2066 557 2100; x_wconf 87' lang='lat' dir='ltr'>verisimile</span> <span class='ocrx_word' id='word_1_231' title='bbox 578 2068 664 2112; x_wconf 88' lang='lat' dir='ltr'>apud</span> <span class='ocrx_word' id='word_1_232' title='bbox 685 2079 739 2101; x_wconf 90' lang='lat' dir='ltr'>eos</span> <span class='ocrx_word' id='word_1_233' title='bbox 760 2080 927 2103; x_wconf 82' lang='lat' dir='ltr'>remanere</span> <span class='ocrx_word' id='word_1_234' title='bbox 948 2070 995 2102; x_wconf 93' lang='lat' dir='ltr'>in-</span> 
     </span>
     <span class='ocr_line' id='line_1_46' title="bbox 241 2120 993 2168; baseline 0.005 -15"><span class='ocrx_word' id='word_1_235' title='bbox 241 2120 405 2163; x_wconf 81' lang='lat' dir='ltr'>cognitum</span> <span class='ocrx_word' id='word_1_236' title='bbox 440 2121 527 2165; x_wconf 88' lang='lat' dir='ltr'>quod</span> <span class='ocrx_word' id='word_1_237' title='bbox 549 2127 611 2155; x_wconf 83' lang='lat' dir='ltr'>tam</span> <span class='ocrx_word' id='word_1_238' title='bbox 633 2128 781 2165; x_wconf 84' lang='lat' dir='ltr'>patenter</span> <span class='ocrx_word' id='word_1_239' title='bbox 801 2123 899 2156; x_wconf 80' lang='lat' dir='ltr'>extitit</span> <span class='ocrx_word' id='word_1_240' title='bbox 932 2135 993 2168; x_wconf 89' lang='lat' dir='ltr'>pu-</span> 
     </span>
     <span class='ocr_line' id='line_1_47' title="bbox 239 2173 408 2207; baseline -0.006 0"><span class='ocrx_word' id='word_1_241' title='bbox 239 2173 408 2207; x_wconf 86' lang='lat' dir='ltr'>blicatum.</span> 
     </span>
    </p>

    <p class='ocr_par' dir='ltr' id='par_1_16' title="bbox 283 2227 536 2272">
     <span class='ocr_line' id='line_1_48' title="bbox 283 2227 536 2272; baseline 0.016 -13"><span class='ocrx_word' id='word_1_242' title='bbox 283 2227 369 2260; x_wconf 89' lang='lat' dir='ltr'>Nulli</span> <span class='ocrx_word' id='word_1_243' title='bbox 385 2239 462 2272; x_wconf 79' lang='lat' dir='ltr'>ergo</span> <span class='ocrx_word' id='word_1_244' title='bbox 478 2234 536 2263; x_wconf 81' lang='lat' dir='ltr'>etc.</span> 
     </span>
    </p>

    <p class='ocr_par' dir='ltr' id='par_1_17' title="bbox 239 2283 992 2492">
     <span class='ocr_line' id='line_1_49' title="bbox 283 2283 991 2329; baseline 0.007 -13"><span class='ocrx_word' id='word_1_245' title='bbox 283 2283 398 2317; x_wconf 86' lang='lat' dir='ltr'>Datum</span> <span class='ocrx_word' id='word_1_246' title='bbox 418 2283 540 2317; x_wconf 83' lang='lat' dir='ltr'>Romae</span> <span class='ocrx_word' id='word_1_247' title='bbox 561 2286 647 2329; x_wconf 88' lang='lat' dir='ltr'>apud</span> <span class='ocrx_word' id='word_1_248' title='bbox 667 2286 698 2319; x_wconf 95' lang='lat' dir='ltr'>S.</span> <span class='ocrx_word' id='word_1_249' title='bbox 722 2286 850 2320; x_wconf 84' lang='lat' dir='ltr'>Petrum</span> <span class='ocrx_word' id='word_1_250' title='bbox 870 2315 877 2327; x_wconf 86' lang='lat'>,</span> <span class='ocrx_word' id='word_1_251' title='bbox 907 2299 991 2321; x_wconf 87' lang='lat' dir='ltr'>anno</span> 
     </span>
     <span class='ocr_line' id='line_1_50' title="bbox 240 2339 991 2386; baseline 0.005 -15"><span class='ocrx_word' id='word_1_252' title='bbox 240 2339 473 2373; x_wconf 86' lang='lat' dir='ltr'>lncarnationis</span> <span class='ocrx_word' id='word_1_253' title='bbox 492 2340 673 2374; x_wconf 84' lang='lat' dir='ltr'>dominicae</span> <span class='ocrx_word' id='word_1_254' title='bbox 694 2341 866 2375; x_wconf 87' lang='lat' dir='ltr'>millesimo</span> <span class='ocrx_word' id='word_1_255' title='bbox 895 2343 991 2386; x_wconf 89' lang='lat' dir='ltr'>quin-</span> 
     </span>
     <span class='ocr_line' id='line_1_51' title="bbox 239 2394 992 2439; baseline 0.005 -13"><span class='ocrx_word' id='word_1_256' title='bbox 239 2394 416 2436; x_wconf 79' lang='lat' dir='ltr'>gentesimo</span> <span class='ocrx_word' id='word_1_257' title='bbox 451 2394 648 2438; x_wconf 79' lang='lat' dir='ltr'>sexagesimo</span> <span class='ocrx_word' id='word_1_258' title='bbox 684 2395 790 2439; x_wconf 88' lang='lat' dir='ltr'>primo</span> <span class='ocrx_word' id='word_1_259' title='bbox 803 2424 810 2436; x_wconf 84' lang='lat'>,</span> <span class='ocrx_word' id='word_1_260' title='bbox 847 2397 992 2430; x_wconf 80' lang='lat' dir='ltr'>kalendis</span> 
     </span>
     <span class='ocr_line' id='line_1_52' title="bbox 239 2447 909 2492; baseline 0.007 -12"><span class='ocrx_word' id='word_1_261' title='bbox 239 2447 393 2488; x_wconf 86' lang='lat' dir='ltr'>ianuarii,</span> <span class='ocrx_word' id='word_1_262' title='bbox 416 2448 622 2492; x_wconf 88' lang='lat' dir='ltr'>pontificatus</span> <span class='ocrx_word' id='word_1_263' title='bbox 643 2449 743 2483; x_wconf 88' lang='lat' dir='ltr'>nostri</span> <span class='ocrx_word' id='word_1_264' title='bbox 767 2462 852 2485; x_wconf 88' lang='lat' dir='ltr'>anno</span> <span class='ocrx_word' id='word_1_265' title='bbox 877 2462 909 2485; x_wconf 87' lang='lat'>11.</span> 
     </span>
    </p>

    <p class='ocr_par' dir='ltr' id='par_1_18' title="bbox 285 2505 949 2548">
     <span class='ocr_line' id='line_1_53' title="bbox 285 2505 949 2548; baseline 0.008 -13"><span class='ocrx_word' id='word_1_266' title='bbox 285 2505 345 2536; x_wconf 74' lang='lat' dir='ltr'>Dat.</span> <span class='ocrx_word' id='word_1_267' title='bbox 363 2506 410 2536; x_wconf 90' lang='lat' dir='ltr'>die</span> <span class='ocrx_word' id='word_1_268' title='bbox 427 2508 439 2537; x_wconf 97' lang='grc'><strong>1</strong></span> <span class='ocrx_word' id='word_1_269' title='bbox 463 2508 589 2538; x_wconf 85' lang='lat' dir='ltr'>ianuarii</span> <span class='ocrx_word' id='word_1_270' title='bbox 608 2509 694 2545; x_wconf 78' lang='lat'>1561,</span> <span class='ocrx_word' id='word_1_271' title='bbox 713 2510 815 2548; x_wconf 87' lang='lat' dir='ltr'>pontis.</span> <span class='ocrx_word' id='word_1_272' title='bbox 831 2520 949 2542; x_wconf 79' lang='lat' dir='ltr'>annon.</span> 
     </span>
    </p>
   </div>
   <div class='ocr_carea' id='block_1_15' title="bbox 577 2618 689 2625">
    <p class='ocr_par' dir='ltr' id='par_1_19' title="bbox 577 2618 689 2625">
     <span class='ocr_line' id='line_1_54' title="bbox 577 2618 689 2625; baseline 0 0"><span class='ocrx_word' id='word_1_273' title='bbox 577 2618 689 2625; x_wconf 51' lang='grc' dir='ltr'>ψ,-</span> 
     </span>
    </p>
   </div>
   <div class='ocr_carea' id='block_1_16' title="bbox 1727 274 1770 309">
    <p class='ocr_par' dir='ltr' id='par_1_20' title="bbox 1727 274 1770 309">
     <span class='ocr_line' id='line_1_55' title="bbox 1727 274 1770 309; baseline 0.047 -2"><span class='ocrx_word' id='word_1_274' title='bbox 1727 274 1770 309; x_wconf 84' lang='grc'>95</span> 
     </span>
    </p>
   </div>
   <div class='ocr_carea' id='block_1_17' title="bbox 1027 288 1129 311">
    <p class='ocr_par' dir='ltr' id='par_1_21' title="bbox 1027 288 1129 311">
     <span class='ocr_line' id='line_1_56' title="bbox 1027 288 1129 311; baseline -0.01 0"><span class='ocrx_word' id='word_1_275' title='bbox 1027 288 1057 311; x_wconf 88' lang='lat' dir='ltr'>lv</span> <span class='ocrx_word' id='word_1_276' title='bbox 1082 288 1129 311; x_wconf 81' lang='lat' dir='ltr'>PP.</span> 
     </span>
    </p>
   </div>
   <div class='ocr_carea' id='block_1_18' title="bbox 1386 338 1474 371">
    <p class='ocr_par' dir='ltr' id='par_1_22' title="bbox 1386 338 1474 371">
     <span class='ocr_line' id='line_1_57' title="bbox 1386 338 1474 371; baseline -0.011 0"><span class='ocrx_word' id='word_1_277' title='bbox 1386 338 1474 371; x_wconf 89' lang='lat' dir='ltr'>XXX.</span> 
     </span>
    </p>
   </div>
   <div class='ocr_carea' id='block_1_19' title="bbox 1056 424 1812 684">
    <p class='ocr_par' dir='ltr' id='par_1_23' title="bbox 1056 424 1812 684">
     <span class='ocr_line' id='line_1_58' title="bbox 1056 424 1812 469; baseline -0.007 -9"><span class='ocrx_word' id='word_1_278' title='bbox 1056 426 1271 469; x_wconf 76' lang='lat' dir='ltr'>Confirmatio</span> <span class='ocrx_word' id='word_1_279' title='bbox 1319 429 1348 457; x_wconf 79' lang='grc' dir='ltr'>ει</span> <span class='ocrx_word' id='word_1_280' title='bbox 1396 425 1538 457; x_wconf 66' lang='lat' dir='ltr'>emensio</span> <span class='ocrx_word' id='word_1_281' title='bbox 1575 424 1812 456; x_wconf 67' lang='lat' dir='ltr'>iurisdictionis</span> 
     </span>
     <span class='ocr_line' id='line_1_59' title="bbox 1096 477 1810 523; baseline -0.004 -11"><span class='ocrx_word' id='word_1_282' title='bbox 1096 479 1314 523; x_wconf 74' lang='lat' dir='ltr'>praesidentis</span> <span class='ocrx_word' id='word_1_283' title='bbox 1334 482 1363 511; x_wconf 77' lang='lat' dir='ltr'>et</span> <span class='ocrx_word' id='word_1_284' title='bbox 1383 477 1559 510; x_wconf 74' lang='lat' dir='ltr'>camerarii</span> <span class='ocrx_word' id='word_1_285' title='bbox 1578 477 1741 520; x_wconf 77' lang='lat' dir='ltr'>Riparum</span> <span class='ocrx_word' id='word_1_286' title='bbox 1761 477 1810 509; x_wconf 86' lang='lat' dir='ltr'>al-</span> 
     </span>
     <span class='ocr_line' id='line_1_60' title="bbox 1099 531 1812 566; baseline -0.004 0"><span class='ocrx_word' id='word_1_287' title='bbox 1099 545 1169 566; x_wconf 75' lang='lat' dir='ltr'>mae</span> <span class='ocrx_word' id='word_1_288' title='bbox 1189 533 1282 566; x_wconf 74' lang='lat' dir='ltr'>Urbis</span> <span class='ocrx_word' id='word_1_289' title='bbox 1302 533 1338 565; x_wconf 74' lang='lat' dir='ltr'>in</span> <span class='ocrx_word' id='word_1_290' title='bbox 1358 532 1463 564; x_wconf 78' lang='lat' dir='ltr'>causis</span> <span class='ocrx_word' id='word_1_291' title='bbox 1484 531 1631 564; x_wconf 71' lang='lat' dir='ltr'>civilibus</span> <span class='ocrx_word' id='word_1_292' title='bbox 1651 535 1680 563; x_wconf 77' lang='lat' dir='ltr'>el</span> <span class='ocrx_word' id='word_1_293' title='bbox 1701 531 1812 563; x_wconf 77' lang='lat' dir='ltr'>crimi-</span> 
     </span>
     <span class='ocr_line' id='line_1_61' title="bbox 1099 586 1811 627; baseline -0.004 -7"><span class='ocrx_word' id='word_1_294' title='bbox 1099 588 1238 627; x_wconf 69' lang='lat' dir='ltr'>nalibus,</span> <span class='ocrx_word' id='word_1_295' title='bbox 1252 590 1281 619; x_wconf 78' lang='lat' dir='ltr'>et</span> <span class='ocrx_word' id='word_1_296' title='bbox 1297 587 1396 619; x_wconf 71' lang='lat' dir='ltr'>ettam</span> <span class='ocrx_word' id='word_1_297' title='bbox 1413 586 1615 618; x_wconf 72' lang='lat' dir='ltr'>indzdtorum</span> <span class='ocrx_word' id='word_1_298' title='bbox 1631 589 1811 618; x_wconf 76' lang='lat' dir='ltr'>nautarum</span> 
     </span>
     <span class='ocr_line' id='line_1_62' title="bbox 1098 638 1593 684; baseline -0.004 -11"><span class='ocrx_word' id='word_1_299' title='bbox 1098 645 1127 674; x_wconf 78' lang='lat' dir='ltr'>ec</span> <span class='ocrx_word' id='word_1_300' title='bbox 1147 645 1363 673; x_wconf 64' lang='lat' dir='ltr'>mercatorum</span> <span class='ocrx_word' id='word_1_301' title='bbox 1384 640 1552 684; x_wconf 76' lang='lat' dir='ltr'>Ripalium</span> <span class='ocrx_word' id='word_1_302' title='bbox 1567 638 1593 671; x_wconf 85' lang='lat'>1.</span> 
     </span>
    </p>
   </div>
   <div class='ocr_carea' id='block_1_20' title="bbox 1179 729 1679 767">
    <p class='ocr_par' dir='ltr' id='par_1_24' title="bbox 1179 729 1679 767">
     <span class='ocr_line' id='line_1_63' title="bbox 1179 729 1679 767; baseline -0.002 -8"><span class='ocrx_word' id='word_1_303' title='bbox 1179 731 1240 760; x_wconf 84' lang='lat' dir='ltr'>Pius</span> <span class='ocrx_word' id='word_1_304' title='bbox 1254 733 1324 767; x_wconf 77' lang='lat' dir='ltr'>Papa</span> <span class='ocrx_word' id='word_1_305' title='bbox 1338 731 1379 764; x_wconf 83' lang='lat' dir='ltr'>tv.</span> <span class='ocrx_word' id='word_1_306' title='bbox 1395 731 1471 760; x_wconf 81' lang='lat' dir='ltr'>motu</span> <span class='ocrx_word' id='word_1_307' title='bbox 1483 729 1603 766; x_wconf 81' lang='lat' dir='ltr'>proprio.</span> <span class='ocrx_word' id='word_1_308' title='bbox 1624 730 1679 759; x_wconf 78' lang='lat' dir='ltr'>etc.</span> 
     </span>
    </p>
   </div>
   <div class='ocr_carea' id='block_1_21' title="bbox 1016 811 1808 2638">
    <p class='ocr_par' dir='ltr' id='par_1_25' title="bbox 1020 811 1808 1759">
     <span class='ocr_line' id='line_1_64' title="bbox 1096 811 1808 856; baseline 0.003 -13"><span class='ocrx_word' id='word_1_309' title='bbox 1096 811 1348 856; x_wconf 86' lang='lat' dir='ltr'>Cupientes,pro</span> <span class='ocrx_word' id='word_1_310' title='bbox 1365 811 1530 845; x_wconf 88' lang='lat' dir='ltr'>communi</span> <span class='ocrx_word' id='word_1_311' title='bbox 1551 821 1588 844; x_wconf 86' lang='lat' dir='ltr'>ac</span> <span class='ocrx_word' id='word_1_312' title='bbox 1603 811 1737 853; x_wconf 81' lang='lat' dir='ltr'>publica</span> <span class='ocrx_word' id='word_1_313' title='bbox 1747 811 1808 845; x_wconf 88' lang='lat' dir='ltr'>uti-</span> 
     </span>
     <span class='ocr_line' id='line_1_65' title="bbox 1052 864 1808 910; baseline 0.001 -13"><span class='ocrx_word' id='word_1_314' title='bbox 1052 864 1137 897; x_wconf 81' lang='lat' dir='ltr'>litate</span> <span class='ocrx_word' id='word_1_315' title='bbox 1160 871 1186 897; x_wconf 86' lang='lat' dir='ltr'>et</span> <span class='ocrx_word' id='word_1_316' title='bbox 1210 865 1382 898; x_wconf 83' lang='lat' dir='ltr'>commodo</span> <span class='ocrx_word' id='word_1_317' title='bbox 1398 865 1492 898; x_wconf 88' lang='lat' dir='ltr'>Urbis</span> <span class='ocrx_word' id='word_1_318' title='bbox 1511 870 1652 906; x_wconf 83' lang='lat' dir='ltr'>nostrae,</span> <span class='ocrx_word' id='word_1_319' title='bbox 1671 870 1701 898; x_wconf 89' lang='lat' dir='ltr'>et</span> <span class='ocrx_word' id='word_1_320' title='bbox 1716 877 1808 910; x_wconf 80' lang='lat' dir='ltr'>prae-</span> 
     </span>
     <span class='ocr_line' id='line_1_66' title="bbox 1051 918 1806 962; baseline 0.003 -11"><span class='ocrx_word' id='word_1_321' title='bbox 1051 919 1147 962; x_wconf 83' lang='lat' dir='ltr'>cipue</span> <span class='ocrx_word' id='word_1_322' title='bbox 1168 918 1354 959; x_wconf 85' lang='lat' dir='ltr'>curialium,</span> <span class='ocrx_word' id='word_1_323' title='bbox 1376 919 1570 959; x_wconf 79' lang='lat' dir='ltr'>incolarum,</span> <span class='ocrx_word' id='word_1_324' title='bbox 1588 924 1806 953; x_wconf 87' lang='lat' dir='ltr'>mercatorum</span> 
     </span>
     <span class='ocr_line' id='line_1_67' title="bbox 1051 972 1807 1017; baseline 0.004 -13"><span class='ocrx_word' id='word_1_325' title='bbox 1051 978 1081 1005; x_wconf 89' lang='lat' dir='ltr'>et</span> <span class='ocrx_word' id='word_1_326' title='bbox 1101 977 1274 1005; x_wconf 88' lang='lat' dir='ltr'>nautarum</span> <span class='ocrx_word' id='word_1_327' title='bbox 1312 972 1343 1004; x_wconf 93' lang='lat' dir='ltr'>in</span> <span class='ocrx_word' id='word_1_328' title='bbox 1378 972 1522 1005; x_wconf 77' lang='lat' dir='ltr'>Romana</span> <span class='ocrx_word' id='word_1_329' title='bbox 1546 977 1656 1005; x_wconf 87' lang='lat' dir='ltr'>nostra</span> <span class='ocrx_word' id='word_1_330' title='bbox 1676 973 1756 1017; x_wconf 88' lang='lat' dir='ltr'>Ripa</span> <span class='ocrx_word' id='word_1_331' title='bbox 1777 978 1807 1007; x_wconf 88' lang='lat' dir='ltr'>et</span> 
     </span>
     <span class='ocr_line' id='line_1_68' title="bbox 1051 1025 1808 1070; baseline 0.004 -13"><span class='ocrx_word' id='word_1_332' title='bbox 1051 1026 1175 1070; x_wconf 83' lang='lat' dir='ltr'>Ripetta</span> <span class='ocrx_word' id='word_1_333' title='bbox 1188 1025 1382 1059; x_wconf 80' lang='lat' dir='ltr'>commercia</span> <span class='ocrx_word' id='word_1_334' title='bbox 1395 1025 1626 1067; x_wconf 80' lang='lat' dir='ltr'>exercentium,</span> <span class='ocrx_word' id='word_1_335' title='bbox 1646 1026 1808 1060; x_wconf 84' lang='lat' dir='ltr'>favoribus</span> 
     </span>
     <span class='ocr_line' id='line_1_69' title="bbox 1050 1078 1807 1124; baseline 0.004 -13"><span class='ocrx_word' id='word_1_336' title='bbox 1050 1079 1259 1119; x_wconf 79' lang='lat' dir='ltr'>incumbere,</span> <span class='ocrx_word' id='word_1_337' title='bbox 1296 1084 1323 1112; x_wconf 90' lang='lat' dir='ltr'>et</span> <span class='ocrx_word' id='word_1_338' title='bbox 1347 1078 1484 1112; x_wconf 89' lang='lat' dir='ltr'>scientes</span> <span class='ocrx_word' id='word_1_339' title='bbox 1513 1079 1609 1112; x_wconf 84' lang='lat' dir='ltr'>etiam</span> <span class='ocrx_word' id='word_1_340' title='bbox 1644 1080 1721 1114; x_wconf 88' lang='lat' dir='ltr'>alias</span> <span class='ocrx_word' id='word_1_341' title='bbox 1750 1091 1807 1124; x_wconf 92' lang='lat' dir='ltr'>per</span> 
     </span>
     <span class='ocr_line' id='line_1_70' title="bbox 1049 1132 1805 1174; baseline 0.003 -9"><span class='ocrx_word' id='word_1_342' title='bbox 1049 1132 1150 1166; x_wconf 89' lang='lat' dir='ltr'>felicis</span> <span class='ocrx_word' id='word_1_343' title='bbox 1188 1132 1421 1166; x_wconf 87' lang='lat' dir='ltr'>recordationis</span> <span class='ocrx_word' id='word_1_344' title='bbox 1456 1133 1680 1166; x_wconf 87' lang='lat' dir='ltr'>Innocentium</span> <span class='ocrx_word' id='word_1_345' title='bbox 1715 1134 1779 1167; x_wconf 90' lang='lat' dir='ltr'>VIII</span> <span class='ocrx_word' id='word_1_346' title='bbox 1797 1161 1805 1174; x_wconf 90' lang='lat'>,</span> 
     </span>
     <span class='ocr_line' id='line_1_71' title="bbox 1048 1187 1803 1229; baseline 0.003 -10"><span class='ocrx_word' id='word_1_347' title='bbox 1048 1187 1186 1219; x_wconf 87' lang='lat' dir='ltr'>Leonem</span> <span class='ocrx_word' id='word_1_348' title='bbox 1207 1187 1245 1229; x_wconf 87' lang='lat' dir='ltr'>X,</span> <span class='ocrx_word' id='word_1_349' title='bbox 1268 1187 1529 1220; x_wconf 79' lang='lat' dir='ltr'>ClementemVII</span> <span class='ocrx_word' id='word_1_350' title='bbox 1550 1191 1581 1220; x_wconf 88' lang='lat' dir='ltr'>et</span> <span class='ocrx_word' id='word_1_351' title='bbox 1600 1187 1737 1220; x_wconf 88' lang='lat' dir='ltr'>Paulum</span> <span class='ocrx_word' id='word_1_352' title='bbox 1753 1188 1803 1229; x_wconf 86' lang='grc' dir='ltr'><strong>ΙΙΙ,</strong></span> 
     </span>
     <span class='ocr_line' id='line_1_72' title="bbox 1048 1240 1805 1284; baseline 0.004 -12"><span class='ocrx_word' id='word_1_353' title='bbox 1048 1240 1210 1273; x_wconf 88' lang='lat' dir='ltr'>Romanos</span> <span class='ocrx_word' id='word_1_354' title='bbox 1243 1240 1415 1273; x_wconf 84' lang='lat' dir='ltr'>Pontifices</span> <span class='ocrx_word' id='word_1_355' title='bbox 1449 1241 1714 1284; x_wconf 86' lang='lat' dir='ltr'>praedecessores</span> <span class='ocrx_word' id='word_1_356' title='bbox 1746 1253 1805 1275; x_wconf 90' lang='lat' dir='ltr'>no—</span> 
     </span>
     <span class='ocr_line' id='line_1_73' title="bbox 1047 1294 1805 1336; baseline 0.001 -9"><span class='ocrx_word' id='word_1_357' title='bbox 1047 1300 1140 1335; x_wconf 86' lang='lat' dir='ltr'>stros,</span> <span class='ocrx_word' id='word_1_358' title='bbox 1155 1294 1251 1327; x_wconf 86' lang='lat' dir='ltr'>fuisse</span> <span class='ocrx_word' id='word_1_359' title='bbox 1272 1299 1424 1327; x_wconf 87' lang='lat' dir='ltr'>statutum</span> <span class='ocrx_word' id='word_1_360' title='bbox 1443 1294 1681 1336; x_wconf 84' lang='lat' dir='ltr'>etordinatum,</span> <span class='ocrx_word' id='word_1_361' title='bbox 1704 1300 1740 1328; x_wconf 91' lang='lat' dir='ltr'>ut</span> <span class='ocrx_word' id='word_1_362' title='bbox 1759 1296 1805 1329; x_wconf 86' lang='lat' dir='ltr'>sa-</span> 
     </span>
     <span class='ocr_line' id='line_1_74' title="bbox 1046 1347 1806 1382; baseline 0.004 -3"><span class='ocrx_word' id='word_1_363' title='bbox 1046 1347 1221 1380; x_wconf 84' lang='lat' dir='ltr'>vorabilius</span> <span class='ocrx_word' id='word_1_364' title='bbox 1252 1347 1345 1380; x_wconf 83' lang='lat' dir='ltr'>dictis</span> <span class='ocrx_word' id='word_1_365' title='bbox 1374 1347 1610 1381; x_wconf 82' lang='lat' dir='ltr'>mercatoribus</span> <span class='ocrx_word' id='word_1_366' title='bbox 1644 1354 1673 1382; x_wconf 92' lang='lat' dir='ltr'>et</span> <span class='ocrx_word' id='word_1_367' title='bbox 1699 1348 1806 1382; x_wconf 88' lang='lat' dir='ltr'>nautis</span> 
     </span>
     <span class='ocr_line' id='line_1_75' title="bbox 1046 1400 1806 1446; baseline 0.003 -12"><span class='ocrx_word' id='word_1_368' title='bbox 1046 1400 1159 1434; x_wconf 79' lang='lat' dir='ltr'>liceret</span> <span class='ocrx_word' id='word_1_369' title='bbox 1174 1407 1392 1435; x_wconf 84' lang='lat' dir='ltr'>mercaturam</span> <span class='ocrx_word' id='word_1_370' title='bbox 1404 1401 1561 1446; x_wconf 85' lang='lat' dir='ltr'>profiteri,</span> <span class='ocrx_word' id='word_1_371' title='bbox 1574 1402 1660 1445; x_wconf 91' lang='lat' dir='ltr'>quod</span> <span class='ocrx_word' id='word_1_372' title='bbox 1672 1408 1806 1446; x_wconf 88' lang='lat' dir='ltr'>possent</span> 
     </span>
     <span class='ocr_line' id='line_1_76' title="bbox 1023 1455 1802 1499; baseline 0.005 -13"><span class='ocrx_word' id='word_1_373' title='bbox 1023 1481 1025 1486; x_wconf 95' lang='lat'>.</span> <span class='ocrx_word' id='word_1_374' title='bbox 1045 1455 1091 1488; x_wconf 80' lang='lat' dir='ltr'>uti</span> <span class='ocrx_word' id='word_1_375' title='bbox 1113 1455 1264 1489; x_wconf 89' lang='lat' dir='ltr'>omnibus</span> <span class='ocrx_word' id='word_1_376' title='bbox 1285 1456 1395 1498; x_wconf 79' lang='lat' dir='ltr'>gratiis</span> <span class='ocrx_word' id='word_1_377' title='bbox 1416 1460 1445 1489; x_wconf 90' lang='lat' dir='ltr'>et</span> <span class='ocrx_word' id='word_1_378' title='bbox 1464 1455 1640 1499; x_wconf 78' lang='lat' dir='ltr'>privilegiis</span> <span class='ocrx_word' id='word_1_379' title='bbox 1660 1456 1698 1489; x_wconf 90' lang='lat' dir='ltr'>ab</span> <span class='ocrx_word' id='word_1_380' title='bbox 1719 1456 1802 1490; x_wconf 90' lang='lat' dir='ltr'>anti-</span> 
     </span>
     <span class='ocr_line' id='line_1_77' title="bbox 1044 1508 1804 1552; baseline 0.004 -11"><span class='ocrx_word' id='word_1_381' title='bbox 1044 1519 1108 1552; x_wconf 88' lang='lat' dir='ltr'>quo</span> <span class='ocrx_word' id='word_1_382' title='bbox 1130 1508 1193 1541; x_wconf 71' lang='lat' dir='ltr'>iilis</span> <span class='ocrx_word' id='word_1_383' title='bbox 1213 1509 1374 1542; x_wconf 69' lang='lat' dir='ltr'>concessis</span> <span class='ocrx_word' id='word_1_384' title='bbox 1395 1514 1507 1542; x_wconf 84' lang='lat' dir='ltr'>contra</span> <span class='ocrx_word' id='word_1_385' title='bbox 1527 1514 1554 1542; x_wconf 83' lang='lat' dir='ltr'>et</span> <span class='ocrx_word' id='word_1_386' title='bbox 1577 1509 1729 1543; x_wconf 89' lang='lat' dir='ltr'>adversus</span> <span class='ocrx_word' id='word_1_387' title='bbox 1750 1521 1804 1544; x_wconf 89' lang='lat' dir='ltr'>eo-</span> 
     </span>
     <span class='ocr_line' id='line_1_78' title="bbox 1044 1562 1802 1607; baseline 0.005 -12"><span class='ocrx_word' id='word_1_388' title='bbox 1044 1574 1116 1595; x_wconf 89' lang='lat' dir='ltr'>rum</span> <span class='ocrx_word' id='word_1_389' title='bbox 1151 1562 1310 1596; x_wconf 82' lang='lat' dir='ltr'>debitores</span> <span class='ocrx_word' id='word_1_390' title='bbox 1330 1563 1480 1607; x_wconf 85' lang='lat' dir='ltr'>bonaque</span> <span class='ocrx_word' id='word_1_391' title='bbox 1501 1563 1632 1597; x_wconf 88' lang='lat' dir='ltr'>illorum</span> <span class='ocrx_word' id='word_1_392' title='bbox 1667 1569 1697 1597; x_wconf 91' lang='lat' dir='ltr'>et</span> <span class='ocrx_word' id='word_1_393' title='bbox 1722 1566 1802 1599; x_wconf 89' lang='lat' dir='ltr'>hae-</span> 
     </span>
     <span class='ocr_line' id='line_1_79' title="bbox 1020 1616 1800 1661; baseline 0.005 -13"><span class='ocrx_word' id='word_1_394' title='bbox 1020 1634 1022 1648; x_wconf 71' lang='lat'>·</span> <span class='ocrx_word' id='word_1_395' title='bbox 1043 1616 1147 1657; x_wconf 89' lang='lat' dir='ltr'>redes,</span> <span class='ocrx_word' id='word_1_396' title='bbox 1170 1617 1340 1650; x_wconf 83' lang='lat' dir='ltr'>occasione</span> <span class='ocrx_word' id='word_1_397' title='bbox 1361 1627 1471 1650; x_wconf 89' lang='lat' dir='ltr'>rerum</span> <span class='ocrx_word' id='word_1_398' title='bbox 1492 1617 1666 1661; x_wconf 88' lang='lat' dir='ltr'>ripalium‚</span> <span class='ocrx_word' id='word_1_399' title='bbox 1698 1624 1733 1651; x_wconf 91' lang='lat' dir='ltr'>ut</span> <span class='ocrx_word' id='word_1_400' title='bbox 1753 1619 1800 1652; x_wconf 83' lang='lat' dir='ltr'>la-</span> 
     </span>
     <span class='ocr_line' id='line_1_80' title="bbox 1042 1670 1799 1716; baseline 0.007 -14"><span class='ocrx_word' id='word_1_401' title='bbox 1042 1670 1105 1703; x_wconf 82' lang='lat' dir='ltr'>tius</span> <span class='ocrx_word' id='word_1_402' title='bbox 1134 1671 1166 1703; x_wconf 87' lang='lat' dir='ltr'>in</span> <span class='ocrx_word' id='word_1_403' title='bbox 1200 1670 1302 1704; x_wconf 88' lang='lat' dir='ltr'>literis</span> <span class='ocrx_word' id='word_1_404' title='bbox 1327 1671 1489 1704; x_wconf 86' lang='lat' dir='ltr'>dictorum</span> <span class='ocrx_word' id='word_1_405' title='bbox 1511 1671 1799 1716; x_wconf 85' lang='lat' dir='ltr'>praedecessorum</span> 
     </span>
     <span class='ocr_line' id='line_1_81' title="bbox 1041 1724 1560 1759; baseline 0.004 -3"><span class='ocrx_word' id='word_1_406' title='bbox 1041 1729 1228 1757; x_wconf 91' lang='lat' dir='ltr'>nostrorum</span> <span class='ocrx_word' id='word_1_407' title='bbox 1249 1724 1367 1758; x_wconf 86' lang='lat' dir='ltr'>dieitur</span> <span class='ocrx_word' id='word_1_408' title='bbox 1390 1725 1560 1759; x_wconf 88' lang='lat' dir='ltr'>contineri.</span> 
     </span>
    </p>

    <p class='ocr_par' dir='ltr' id='par_1_26' title="bbox 1016 1778 1798 2638">
     <span class='ocr_line' id='line_1_82' title="bbox 1084 1778 1798 1824; baseline 0.006 -13"><span class='ocrx_word' id='word_1_409' title='bbox 1084 1778 1098 1821; x_wconf 62' lang='lat' dir='ltr'>g</span> <span class='ocrx_word' id='word_1_410' title='bbox 1116 1778 1146 1811; x_wconf 79' lang='lat' dir='ltr'>t.</span> <span class='ocrx_word' id='word_1_411' title='bbox 1169 1779 1243 1819; x_wconf 84' lang='lat' dir='ltr'>Nos,</span> <span class='ocrx_word' id='word_1_412' title='bbox 1262 1779 1461 1813; x_wconf 85' lang='lat' dir='ltr'>attendentes</span> <span class='ocrx_word' id='word_1_413' title='bbox 1471 1780 1556 1824; x_wconf 86' lang='lat' dir='ltr'>quod</span> <span class='ocrx_word' id='word_1_414' title='bbox 1571 1780 1798 1815; x_wconf 85' lang='lat' dir='ltr'>favorabilibus</span> 
     </span>
     <span class='ocr_line' id='line_1_83' title="bbox 1040 1832 1795 1877; baseline 0.005 -13"><span class='ocrx_word' id='word_1_415' title='bbox 1040 1837 1070 1865; x_wconf 89' lang='lat' dir='ltr'>et</span> <span class='ocrx_word' id='word_1_416' title='bbox 1090 1832 1229 1876; x_wconf 90' lang='lat' dir='ltr'>publicis</span> <span class='ocrx_word' id='word_1_417' title='bbox 1244 1832 1437 1867; x_wconf 87' lang='lat' dir='ltr'>utilitatibus</span> <span class='ocrx_word' id='word_1_418' title='bbox 1457 1839 1501 1867; x_wconf 89' lang='lat' dir='ltr'>est</span> <span class='ocrx_word' id='word_1_419' title='bbox 1524 1835 1795 1877; x_wconf 87' lang='lat' dir='ltr'>succurrendum,</span> 
     </span>
     <span class='ocr_line' id='line_1_84' title="bbox 1016 1886 1796 1929; baseline 0.005 -11"><span class='ocrx_word' id='word_1_420' title='bbox 1016 1898 1018 1917; x_wconf 70' lang='lat'><em>1</em></span> <span class='ocrx_word' id='word_1_421' title='bbox 1039 1890 1069 1919; x_wconf 89' lang='lat' dir='ltr'>et</span> <span class='ocrx_word' id='word_1_422' title='bbox 1089 1896 1148 1929; x_wconf 84' lang='lat' dir='ltr'>per</span> <span class='ocrx_word' id='word_1_423' title='bbox 1169 1886 1368 1919; x_wconf 87' lang='lat' dir='ltr'>contrarium</span> <span class='ocrx_word' id='word_1_424' title='bbox 1400 1887 1587 1928; x_wconf 79' lang='lat' dir='ltr'>fraudibus,</span> <span class='ocrx_word' id='word_1_425' title='bbox 1615 1889 1796 1922; x_wconf 87' lang='lat' dir='ltr'>calliditati-</span> 
     </span>
     <span class='ocr_line' id='line_1_85' title="bbox 1038 1939 1797 1984; baseline 0.007 -12"><span class='ocrx_word' id='word_1_426' title='bbox 1038 1939 1098 1972; x_wconf 89' lang='lat' dir='ltr'>bus</span> <span class='ocrx_word' id='word_1_427' title='bbox 1114 1945 1144 1972; x_wconf 82' lang='lat' dir='ltr'>et</span> <span class='ocrx_word' id='word_1_428' title='bbox 1160 1941 1416 1975; x_wconf 70' lang='lat' dir='ltr'>cavillationibus</span> <span class='ocrx_word' id='word_1_429' title='bbox 1433 1942 1641 1984; x_wconf 82' lang='lat' dir='ltr'>obviandum,</span> <span class='ocrx_word' id='word_1_430' title='bbox 1660 1943 1797 1978; x_wconf 84' lang='lat' dir='ltr'>maxime</span> 
     </span>
     <span class='ocr_line' id='line_1_86' title="bbox 1038 1993 1796 2041; baseline 0.008 -15"><span class='ocrx_word' id='word_1_431' title='bbox 1038 1993 1182 2035; x_wconf 87' lang='lat' dir='ltr'>illorum,</span> <span class='ocrx_word' id='word_1_432' title='bbox 1201 1995 1257 2039; x_wconf 85' lang='lat' dir='ltr'>qui</span> <span class='ocrx_word' id='word_1_433' title='bbox 1278 2000 1391 2028; x_wconf 90' lang='lat' dir='ltr'>curant</span> <span class='ocrx_word' id='word_1_434' title='bbox 1414 2001 1443 2029; x_wconf 88' lang='lat' dir='ltr'>et</span> <span class='ocrx_word' id='word_1_435' title='bbox 1464 1997 1594 2030; x_wconf 88' lang='lat' dir='ltr'>student</span> <span class='ocrx_word' id='word_1_436' title='bbox 1614 1997 1796 2041; x_wconf 88' lang='lat' dir='ltr'>perniciose</span> 
     </span>
     <span class='ocr_line' id='line_1_87' title="bbox 1037 2049 1796 2092; baseline 0.005 -11"><span class='ocrx_word' id='word_1_437' title='bbox 1037 2049 1227 2092; x_wconf 87' lang='lat' dir='ltr'>protrahere</span> <span class='ocrx_word' id='word_1_438' title='bbox 1257 2060 1391 2090; x_wconf 84' lang='lat' dir='ltr'>causas,</span> <span class='ocrx_word' id='word_1_439' title='bbox 1423 2051 1587 2091; x_wconf 81' lang='lat' dir='ltr'>retardare</span> <span class='ocrx_word' id='word_1_440' title='bbox 1617 2051 1796 2086; x_wconf 81' lang='lat' dir='ltr'>solutiones</span> 
     </span>
     <span class='ocr_line' id='line_1_88' title="bbox 1036 2103 1795 2147; baseline 0.005 -12"><span class='ocrx_word' id='word_1_441' title='bbox 1036 2108 1067 2135; x_wconf 83' lang='lat' dir='ltr'>et</span> <span class='ocrx_word' id='word_1_442' title='bbox 1096 2103 1253 2147; x_wconf 89' lang='lat' dir='ltr'>impedire</span> <span class='ocrx_word' id='word_1_443' title='bbox 1283 2104 1499 2145; x_wconf 84' lang='lat' dir='ltr'>executiones,</span> <span class='ocrx_word' id='word_1_444' title='bbox 1523 2111 1553 2138; x_wconf 82' lang='lat' dir='ltr'>et</span> <span class='ocrx_word' id='word_1_445' title='bbox 1578 2106 1795 2140; x_wconf 87' lang='lat' dir='ltr'>indemnitati-</span> 
     </span>
     <span class='ocr_line' id='line_1_89' title="bbox 1036 2157 1795 2201; baseline 0.007 -12"><span class='ocrx_word' id='word_1_446' title='bbox 1036 2157 1095 2190; x_wconf 91' lang='lat' dir='ltr'>bus</span> <span class='ocrx_word' id='word_1_447' title='bbox 1128 2158 1267 2201; x_wconf 89' lang='lat' dir='ltr'>publicis</span> <span class='ocrx_word' id='word_1_448' title='bbox 1287 2170 1324 2191; x_wconf 88' lang='lat' dir='ltr'>ac</span> <span class='ocrx_word' id='word_1_449' title='bbox 1344 2158 1505 2192; x_wconf 84' lang='lat' dir='ltr'>dictorum</span> <span class='ocrx_word' id='word_1_450' title='bbox 1527 2165 1747 2194; x_wconf 84' lang='lat' dir='ltr'>mercatorum</span> <span class='ocrx_word' id='word_1_451' title='bbox 1763 2166 1795 2194; x_wconf 86' lang='lat' dir='ltr'>et</span> 
     </span>
     <span class='ocr_line' id='line_1_90' title="bbox 1036 2213 1793 2259; baseline 0.008 -16"><span class='ocrx_word' id='word_1_452' title='bbox 1036 2217 1208 2245; x_wconf 87' lang='lat' dir='ltr'>nautarum</span> <span class='ocrx_word' id='word_1_453' title='bbox 1247 2213 1423 2257; x_wconf 87' lang='lat' dir='ltr'>curiaeque</span> <span class='ocrx_word' id='word_1_454' title='bbox 1450 2214 1549 2258; x_wconf 82' lang='lat' dir='ltr'>Ripae</span> <span class='ocrx_word' id='word_1_455' title='bbox 1583 2220 1614 2247; x_wconf 86' lang='lat' dir='ltr'>et</span> <span class='ocrx_word' id='word_1_456' title='bbox 1646 2215 1793 2259; x_wconf 86' lang='lat' dir='ltr'>Ripettae</span> 
     </span>
     <span class='ocr_line' id='line_1_91' title="bbox 1035 2267 1791 2314; baseline 0.005 -15"><span class='ocrx_word' id='word_1_457' title='bbox 1035 2267 1224 2305; x_wconf 84' lang='lat' dir='ltr'>consulere;</span> <span class='ocrx_word' id='word_1_458' title='bbox 1247 2272 1274 2300; x_wconf 90' lang='lat' dir='ltr'>et</span> <span class='ocrx_word' id='word_1_459' title='bbox 1306 2268 1449 2301; x_wconf 84' lang='lat' dir='ltr'>volentes</span> <span class='ocrx_word' id='word_1_460' title='bbox 1477 2268 1548 2301; x_wconf 91' lang='lat' dir='ltr'>illos</span> <span class='ocrx_word' id='word_1_461' title='bbox 1578 2274 1605 2302; x_wconf 86' lang='lat' dir='ltr'>et</span> <span class='ocrx_word' id='word_1_462' title='bbox 1628 2269 1698 2303; x_wconf 88' lang='lat' dir='ltr'>illas</span> <span class='ocrx_word' id='word_1_463' title='bbox 1719 2281 1791 2314; x_wconf 87' lang='lat' dir='ltr'>spe-</span> 
     </span>
     <span class='ocr_line' id='line_1_92' title="bbox 1035 2320 1790 2366; baseline 0.007 -14"><span class='ocrx_word' id='word_1_464' title='bbox 1035 2320 1124 2354; x_wconf 87' lang='lat' dir='ltr'>cialis</span> <span class='ocrx_word' id='word_1_465' title='bbox 1139 2321 1259 2363; x_wconf 74' lang='lat' dir='ltr'>gratiae</span> <span class='ocrx_word' id='word_1_466' title='bbox 1273 2323 1378 2355; x_wconf 75' lang='lat' dir='ltr'>lavore</span> <span class='ocrx_word' id='word_1_467' title='bbox 1394 2322 1560 2366; x_wconf 80' lang='lat' dir='ltr'>prosequi,</span> <span class='ocrx_word' id='word_1_468' title='bbox 1584 2328 1674 2356; x_wconf 86' lang='lat' dir='ltr'>motu</span> <span class='ocrx_word' id='word_1_469' title='bbox 1695 2324 1790 2357; x_wconf 89' lang='lat' dir='ltr'>simili</span> 
     </span>
     <span class='ocr_line' id='line_1_93' title="bbox 1034 2376 1788 2422; baseline 0.008 -15"><span class='ocrx_word' id='word_1_470' title='bbox 1034 2380 1060 2407; x_wconf 81' lang='lat' dir='ltr'>et</span> <span class='ocrx_word' id='word_1_471' title='bbox 1097 2387 1133 2408; x_wconf 84' lang='lat' dir='ltr'>ex</span> <span class='ocrx_word' id='word_1_472' title='bbox 1163 2381 1249 2408; x_wconf 85' lang='lat' dir='ltr'>certa</span> <span class='ocrx_word' id='word_1_473' title='bbox 1284 2376 1415 2409; x_wconf 86' lang='lat' dir='ltr'>scientia</span> <span class='ocrx_word' id='word_1_474' title='bbox 1442 2382 1515 2415; x_wconf 58' lang='lat' dir='ltr'>ele,</span> <span class='ocrx_word' id='word_1_475' title='bbox 1544 2379 1788 2422; x_wconf 81' lang='lat' dir='ltr'>concessiones,</span> 
     </span>
     <span class='ocr_line' id='line_1_94' title="bbox 1032 2429 1791 2474; baseline 0.009 -13"><span class='ocrx_word' id='word_1_476' title='bbox 1032 2429 1162 2472; x_wconf 76' lang='lat' dir='ltr'>gratias,</span> <span class='ocrx_word' id='word_1_477' title='bbox 1186 2429 1309 2462; x_wconf 86' lang='lat' dir='ltr'>indulta</span> <span class='ocrx_word' id='word_1_478' title='bbox 1330 2435 1358 2463; x_wconf 89' lang='lat' dir='ltr'>et</span> <span class='ocrx_word' id='word_1_479' title='bbox 1380 2430 1557 2474; x_wconf 75' lang='lat' dir='ltr'>privilegia,</span> <span class='ocrx_word' id='word_1_480' title='bbox 1580 2432 1707 2474; x_wconf 86' lang='lat' dir='ltr'>literas,</span> <span class='ocrx_word' id='word_1_481' title='bbox 1731 2440 1791 2468; x_wconf 87' lang='lat' dir='ltr'>sta-</span> 
     </span>
     <span class='ocr_line' id='line_1_95' title="bbox 1034 2483 1790 2528; baseline 0.009 -13"><span class='ocrx_word' id='word_1_482' title='bbox 1034 2488 1101 2516; x_wconf 84' lang='lat' dir='ltr'>tuta</span> <span class='ocrx_word' id='word_1_483' title='bbox 1121 2489 1151 2516; x_wconf 88' lang='lat' dir='ltr'>et</span> <span class='ocrx_word' id='word_1_484' title='bbox 1172 2483 1311 2527; x_wconf 89' lang='lat' dir='ltr'>capitula</span> <span class='ocrx_word' id='word_1_485' title='bbox 1327 2495 1503 2528; x_wconf 87' lang='lat' dir='ltr'>omnesque</span> <span class='ocrx_word' id='word_1_486' title='bbox 1524 2485 1602 2519; x_wconf 87' lang='lat' dir='ltr'>alias</span> <span class='ocrx_word' id='word_1_487' title='bbox 1617 2489 1790 2522; x_wconf 81' lang='lat' dir='ltr'>sententias</span> 
     </span>
     <span class='ocr_line' id='line_1_96' title="bbox 1033 2537 1789 2586; baseline 0.008 -16"><span class='ocrx_word' id='word_1_488' title='bbox 1033 2538 1111 2570; x_wconf 83' lang='lat' dir='ltr'>latas</span> <span class='ocrx_word' id='word_1_489' title='bbox 1128 2549 1186 2582; x_wconf 89' lang='lat' dir='ltr'>per</span> <span class='ocrx_word' id='word_1_490' title='bbox 1206 2537 1372 2571; x_wconf 88' lang='lat' dir='ltr'>Cameram</span> <span class='ocrx_word' id='word_1_491' title='bbox 1390 2543 1544 2580; x_wconf 88' lang='lat' dir='ltr'>nostram,</span> <span class='ocrx_word' id='word_1_492' title='bbox 1563 2545 1594 2573; x_wconf 87' lang='lat' dir='ltr'>et</span> <span class='ocrx_word' id='word_1_493' title='bbox 1609 2540 1693 2574; x_wconf 87' lang='lat' dir='ltr'>inter</span> <span class='ocrx_word' id='word_1_494' title='bbox 1704 2542 1789 2586; x_wconf 86' lang='lat' dir='ltr'>ipsos</span> 
     </span>
     <span class='ocr_line' id='line_1_97' title="bbox 1033 2592 1789 2638; baseline 0.007 -14"><span class='ocrx_word' id='word_1_495' title='bbox 1033 2597 1229 2625; x_wconf 88' lang='lat' dir='ltr'>mercatores</span> <span class='ocrx_word' id='word_1_496' title='bbox 1249 2597 1280 2625; x_wconf 87' lang='lat' dir='ltr'>et</span> <span class='ocrx_word' id='word_1_497' title='bbox 1299 2592 1494 2627; x_wconf 85' lang='lat' dir='ltr'>dohanerios</span> <span class='ocrx_word' id='word_1_498' title='bbox 1513 2594 1658 2638; x_wconf 79' lang='lat' dir='ltr'>gabellae</span> <span class='ocrx_word' id='word_1_499' title='bbox 1677 2595 1741 2629; x_wconf 89' lang='lat' dir='ltr'>vini</span> <span class='ocrx_word' id='word_1_500' title='bbox 1758 2602 1789 2630; x_wconf 88' lang='lat' dir='ltr'>et</span> 
     </span>
    </p>
   </div>
   <div class='ocr_carea' id='block_1_22' title="bbox 1011 1254 1028 2641">
    <p class='ocr_par' dir='ltr' id='par_1_27' title="bbox 1011 1254 1028 2641">
     <span class='ocr_line' id='line_1_98' title="bbox 1011 1254 1028 2641; baseline 0 0"><span class='ocrx_word' id='word_1_501' title='bbox 1011 1254 1028 2641; x_wconf 95' lang='lat' dir='ltr'> </span> 
     </span>
    </p>
   </div>
   <div class='ocr_carea' id='block_1_23' title="bbox 1032 2658 1786 2743">
    <p class='ocr_par' dir='ltr' id='par_1_28' title="bbox 1032 2658 1786 2743">
     <span class='ocr_line' id='line_1_99' title="bbox 1069 2658 1786 2690; baseline 0.007 -5"><span class='ocrx_word' id='word_1_502' title='bbox 1069 2659 1081 2685; x_wconf 85' lang='lat'>1</span> <span class='ocrx_word' id='word_1_503' title='bbox 1099 2658 1172 2685; x_wconf 85' lang='lat' dir='ltr'>Hanc</span> <span class='ocrx_word' id='word_1_504' title='bbox 1183 2659 1392 2687; x_wconf 82' lang='lat' dir='ltr'>iurisdictionem</span> <span class='ocrx_word' id='word_1_505' title='bbox 1409 2664 1436 2688; x_wconf 85' lang='lat' dir='ltr'>et</span> <span class='ocrx_word' id='word_1_506' title='bbox 1453 2660 1555 2688; x_wconf 81' lang='lat' dir='ltr'>indulta</span> <span class='ocrx_word' id='word_1_507' title='bbox 1566 2661 1627 2688; x_wconf 85' lang='lat' dir='ltr'>vide</span> <span class='ocrx_word' id='word_1_508' title='bbox 1643 2661 1669 2688; x_wconf 90' lang='lat' dir='ltr'>in</span> <span class='ocrx_word' id='word_1_509' title='bbox 1685 2663 1786 2690; x_wconf 86' lang='lat' dir='ltr'>consti-</span> 
     </span>
     <span class='ocr_line' id='line_1_100' title="bbox 1032 2702 1766 2743; baseline 0.01 -14"><span class='ocrx_word' id='word_1_510' title='bbox 1032 2702 1135 2731; x_wconf 83' lang='lat' dir='ltr'>tutione</span> <span class='ocrx_word' id='word_1_511' title='bbox 1153 2703 1226 2733; x_wconf 79' lang='lat' dir='ltr'>Pauli</span> <span class='ocrx_word' id='word_1_512' title='bbox 1241 2705 1287 2740; x_wconf 88' lang='lat'>111,</span> <span class='ocrx_word' id='word_1_513' title='bbox 1299 2705 1365 2735; x_wconf 82' lang='lat' dir='ltr'>Cum</span> <span class='ocrx_word' id='word_1_514' title='bbox 1382 2707 1464 2741; x_wconf 75' lang='lat' dir='ltr'>nobis,</span> <span class='ocrx_word' id='word_1_515' title='bbox 1484 2709 1548 2734; x_wconf 86' lang='lat' dir='ltr'>tom.</span> <span class='ocrx_word' id='word_1_516' title='bbox 1567 2713 1604 2740; x_wconf 81' lang='lat' dir='ltr'>vi,</span> <span class='ocrx_word' id='word_1_517' title='bbox 1626 2714 1685 2743; x_wconf 86' lang='lat' dir='ltr'>pag.</span> <span class='ocrx_word' id='word_1_518' title='bbox 1704 2707 1766 2737; x_wconf 72' lang='lat' dir='ltr'>19ti.</span> 
     </span>
    </p>
   </div>
   <div class='ocr_carea' id='block_1_24' title="bbox 1830 283 2008 312">
    <p class='ocr_par' dir='ltr' id='par_1_29' title="bbox 1830 283 2008 312">
     <span class='ocr_line' id='line_1_101' title="bbox 1830 283 2008 312; baseline 0.011 -2"><span class='ocrx_word' id='word_1_519' title='bbox 1830 284 1878 310; x_wconf 72' lang='lat' dir='ltr'>An.</span> <span class='ocrx_word' id='word_1_520' title='bbox 1896 283 1926 311; x_wconf 89' lang='lat' dir='ltr'>C.</span> <span class='ocrx_word' id='word_1_521' title='bbox 1946 285 2008 312; x_wconf 75' lang='grc'><strong>1561</strong></span> 
     </span>
    </p>
   </div>
   <div class='ocr_carea' id='block_1_25' title="bbox 1822 822 2010 1033">
    <p class='ocr_par' dir='ltr' id='par_1_30' title="bbox 1822 822 2010 1033">
     <span class='ocr_line' id='line_1_102' title="bbox 1851 822 2009 845; baseline 0.013 -2"><span class='ocrx_word' id='word_1_522' title='bbox 1851 822 1927 844; x_wconf 71' lang='lat' dir='ltr'>Paulus</span> <span class='ocrx_word' id='word_1_523' title='bbox 1942 822 1971 844; x_wconf 88' lang='grc' dir='ltr'>ΙΙΙ</span> <span class='ocrx_word' id='word_1_524' title='bbox 1987 827 2009 845; x_wconf 77' lang='lat' dir='ltr'>et</span> 
     </span>
     <span class='ocr_line' id='line_1_103' title="bbox 1824 854 2010 877; baseline 0.016 -3"><span class='ocrx_word' id='word_1_525' title='bbox 1824 854 1858 874; x_wconf 83' lang='lat' dir='ltr'>alii</span> <span class='ocrx_word' id='word_1_526' title='bbox 1896 855 1929 876; x_wconf 79' lang='lat' dir='ltr'>his</span> <span class='ocrx_word' id='word_1_527' title='bbox 1952 861 2010 877; x_wconf 76' lang='lat' dir='ltr'>mar-</span> 
     </span>
     <span class='ocr_line' id='line_1_104' title="bbox 1824 886 2010 908; baseline 0.011 -2"><span class='ocrx_word' id='word_1_528' title='bbox 1824 886 1930 907; x_wconf 81' lang='lat' dir='ltr'>catoribus</span> <span class='ocrx_word' id='word_1_529' title='bbox 1943 887 2010 908; x_wconf 85' lang='lat' dir='ltr'>indul·</span> 
     </span>
     <span class='ocr_line' id='line_1_105' title="bbox 1824 920 2009 939; baseline 0.011 -2"><span class='ocrx_word' id='word_1_530' title='bbox 1824 920 1844 937; x_wconf 78' lang='lat' dir='ltr'>ta</span> <span class='ocrx_word' id='word_1_531' title='bbox 1890 923 2009 939; x_wconf 77' lang='lat' dir='ltr'>concesse-</span> 
     </span>
     <span class='ocr_line' id='line_1_106' title="bbox 1823 950 2009 973; baseline 0.005 -4"><span class='ocrx_word' id='word_1_532' title='bbox 1823 951 1879 973; x_wconf 83' lang='lat' dir='ltr'>runt,</span> <span class='ocrx_word' id='word_1_533' title='bbox 1895 952 1917 970; x_wconf 82' lang='lat' dir='ltr'>ut</span> <span class='ocrx_word' id='word_1_534' title='bbox 1932 950 1952 969; x_wconf 90' lang='lat' dir='ltr'>in</span> <span class='ocrx_word' id='word_1_535' title='bbox 1963 951 2009 970; x_wconf 77' lang='lat' dir='ltr'>eius</span> 
     </span>
     <span class='ocr_line' id='line_1_107' title="bbox 1823 980 2008 1002; baseline 0.011 -2"><span class='ocrx_word' id='word_1_536' title='bbox 1823 980 1879 1001; x_wconf 80' lang='lat' dir='ltr'>bulla</span> <span class='ocrx_word' id='word_1_537' title='bbox 1902 982 1966 1001; x_wconf 75' lang='lat' dir='ltr'>citata</span> <span class='ocrx_word' id='word_1_538' title='bbox 1987 983 2008 1002; x_wconf 83' lang='lat' dir='ltr'>in</span> 
     </span>
     <span class='ocr_line' id='line_1_108' title="bbox 1822 1011 1979 1033; baseline 0 -1"><span class='ocrx_word' id='word_1_539' title='bbox 1822 1014 1874 1032; x_wconf 75' lang='lat' dir='ltr'>nota</span> <span class='ocrx_word' id='word_1_540' title='bbox 1882 1011 1907 1032; x_wconf 70' lang='lat' dir='ltr'>nd</span> <span class='ocrx_word' id='word_1_541' title='bbox 1923 1011 1979 1033; x_wconf 83' lang='lat' dir='ltr'>rubr.</span> 
     </span>
    </p>
   </div>
   <div class='ocr_carea' id='block_1_26' title="bbox 1814 1801 1999 1861">
    <p class='ocr_par' dir='ltr' id='par_1_31' title="bbox 1814 1801 1999 1861">
     <span class='ocr_line' id='line_1_109' title="bbox 1841 1801 1999 1824; baseline 0.006 -2"><span class='ocrx_word' id='word_1_542' title='bbox 1841 1801 1878 1823; x_wconf 86' lang='lat' dir='ltr'>Hic</span> <span class='ocrx_word' id='word_1_543' title='bbox 1902 1802 1999 1824; x_wconf 74' lang='lat' dir='ltr'>Pontifex</span> 
     </span>
     <span class='ocr_line' id='line_1_110' title="bbox 1814 1834 1972 1861; baseline 0.013 -7"><span class='ocrx_word' id='word_1_544' title='bbox 1814 1839 1839 1854; x_wconf 75' lang='lat' dir='ltr'>oa</span> <span class='ocrx_word' id='word_1_545' title='bbox 1855 1834 1957 1861; x_wconf 67' lang='lat' dir='ltr'>approbat</span> <span class='ocrx_word' id='word_1_546' title='bbox 1967 1842 1972 1860; x_wconf 84' lang='lat'>;</span> 
     </span>
    </p>
   </div>
  </div>
 </body>
</html>
