2237 3100
37 260 90 289 An.
107 260 136 288 C.
156 260 224 289 ¹567

923 255 992 280 PIUS
1017 255 1036 279 V
1060 255 1107 280 PP.

238 315 315 343 tunc
335 309 505 354 episcopos
531 310 633 355 ipsius
661 309 787 344 insulae
820 310 908 351 inita,
938 320 991 343 ca-

235 363 375 407 demque
396 363 570 397 concordia
587 363 685 397 suerit
705 363 896 397 auctoritate
916 374 991 408 apo-

234 417 348 452 stolica
367 418 571 458 confirmata,
595 424 626 451 et
645 417 792 451 similiter
812 428 829 451 a
844 423 991 462 tempore

233 470 485 505 immemorabili
503 470 619 505 usitata
631 499 638 513 ,
660 481 720 516 per
739 482 837 515 quam
858 476 991 515 apparet

232 525 356 559 dictum
376 525 427 558 ius
441 525 620 569 sepeliendi
640 525 718 569 ipsis
737 525 890 559 fratribus
910 536 989 558 con-

231 578 315 620 cedi,
345 583 444 623 prout
463 579 651 613 constat‘de
681 578 766 612 dicta
793 579 987 619 concordia,

231 632 339 676 quoad
359 633 474 666 fratres
494 632 601 667 Sancti
613 632 774 666 Dominici
785 632 986 674 huiusmodi,

229 696 290 731 per
309 685 496 719 authentica
525 686 751 727 instrumenta,
772 686 859 727 licet,
881 687 988 730 quoad

228 740 343 773 fratres
354 739 493 773 aliorum
505 739 674 780 Ordinum,
690 740 895 774 solummodo
907 741 988 784 frag-

228 799 337 828 menta
347 793 507 838 quaedam
523 793 686 827 dictorum
695 793 987 827 instrumentorum

228 847 400 893 dispersim
437 848 654 892 reperiantur.
693 847 858 891 Cumque,
886 853 987 882 stante

227 901 305 936 dicti
329 901 410 936 iuris
438 901 614 945 sepeliendi
642 901 846 946 possessione
874 902 986 936 imme-

226 955 389 996 morabili,
417 960 448 989 et
472 954 612 989 stabilita
632 955 820 995 concordia,
843 955 985 989 auctori-

224 1014 289 1044 tate
317 1010 495 1054 apostolica
520 1009 731 1050 confirmata,
761 1020 826 1043 non
855 1010 985 1043 debuis-

225 1068 297 1098 sent
319 1062 445 1108 priores
461 1069 492 1097 et
509 1063 623 1097 fratres
643 1062 805 1097 dictorum
827 1063 983 1097 Ordinum

224 1117 258 1151 in
277 1128 336 1151 sua
352 1117 577 1161 antiquissima
592 1117 795 1161 possessione
807 1117 984 1162 praemissa

223 1171 420 1215 perturbari,
447 1170 659 1204 nihilominus
684 1171 716 1203 in
737 1170 876 1204 concilio
910 1181 984 1214 pro-

223 1224 364 1266 vinciali,
387 1225 420 1257 in
433 1224 558 1258 civitate
568 1224 735 1257 valentina
746 1224 916 1258 novissime
934 1236 984 1259 ce-

223 1278 360 1319 lebrato,
388 1278 512 1311 dictum
542 1278 593 1311 ius
621 1278 981 1322 sepeliendi'dictorum

223 1331 380 1366 Ordinum
397 1331 550 1365 fratribus
570 1331 666 1365 fuerit
679 1332 855 1373 sublatum,
868 1332 901 1365 in
917 1343 982 1365 ma-

222 1385 345 1419 ximum
371 1386 517 1431 ipsorum
538 1385 792 1430 praeiudicium,
814 1392 845 1420 et
869 1392 982 1420 contra

223 1450 353 1474 omnem
387 1439 467 1474 iuris
500 1440 708 1484 aequitatem,
746 1452 821 1474 cum
851 1442 980 1475 concilii

222 1493 428 1539 provincialis
447 1505 513 1528 non
533 1494 573 1528 sit
598 1500 684 1528 tanta
703 1496 749 1529 vis
769 1501 805 1529 ut
824 1496 874 1530 ius
893 1508 981 1530 com-

222 1558 323 1582 mune
342 1548 459 1590 vincat,
482 1554 513 1583 et
528 1550 730 1590 concordias,
751 1550 889 1584 maxime
909 1552 979 1584 lau-

221 1602 344 1636 dabiles
364 1607 395 1636 et
413 1603 453 1636 ab
472 1602 725 1637 immemorabili
754 1610 901 1650 tempore
921 1606 978 1638 oh-

220 1662 371 1699 servatas,
386 1657 490 1697 tollat;
507 1663 539 1691 et
554 1657 637 1691 sicut
652 1659 765 1692 eadem
782 1660 892 1703 petitio
905 1660 979 1693 sub-

219 1706 385 1751 iungebat,
408 1707 434 1740 si
454 1707 577 1741 dictum
589 1708 640 1741 ius
661 1708 837 1753 sepeliendi
853 1721 870 1743 a
886 1711 978 1745 dictis

219 1760 372 1795 fratribus
396 1761 541 1803 tollatur,
571 1761 631 1805 ipsi
651 1761 684 1795 in
705 1768 825 1796 tantam
851 1764 978 1798 deveni-

218 1815 290 1843 rent
323 1811 564 1845 mendicitatem
579 1838 586 1852 ,
623 1817 658 1845 ut
687 1818 882 1856 cogerentur
920 1825 976 1847 sua

217 1860 413 1894 monasteria
437 1861 598 1902 deserere,
635 1871 701 1894 non
739 1862 807 1895 sine
838 1863 976 1896 maxima

217 1908 315 1943 divini
336 1910 443 1944 cultus
463 1910 691 1951 diminutione,
714 1912 769 1954 qui
791 1923 849 1955 per
873 1912 975 1946 dictos

216 1958 331 1992 fratres
351 1959 384 1992 in
412 1960 519 1993 insula
543 1961 685 2003 praefata
707 1961 891 2002 decoratur,
925 1974 973 1996 se-

216 2013 438 2053 quereturque
459 2009 648 2042 scandalum
669 2010 864 2049 incolarum,
896 2011 972 2044 dum

215 2057 392 2102 praecipue
417 2068 578 2091 memores
611 2064 707 2092 erunt
736 2060 972 2093 beneficiorum

215 2111 361 2150 tempore
382 2107 480 2151 pestis
500 2108 692 2152 praeteritae
713 2119 771 2152 pcr
791 2120 846 2142 cos
870 2122 887 2143 a
909 2111 972 2143 sra-

216 2155 319 2189 tribus
352 2156 526 2201 praedietis
559 2163 767 2202 receptorum
798 2159 883 2192 circa
922 2171 971 2193 se-

214 2205 380 2250 pulturam
411 2211 441 2239 et
466 2212 743 2240 sacramentorum
765 2208 971 2242 administra-

214 2254 347 2295 tionem,
370 2255 592 2289 deserentibus
614 2261 690 2288 tunc
714 2257 840 2290 clericis
860 2258 970 2292 civita-

214 2309 277 2337 tem
298 2304 777 2349 Maioricenseni;etpropterea
795 2307 920 2350 priores
941 2313 971 2341 ct

213 2354 327 2388 fratres
342 2354 498 2399 praedicti
515 2360 544 2388 et
561 2366 676 2389 corum
693 2355 810 2398 singuli
823 2356 966 2400 cupiant,

213 2403 327 2437 eodem
344 2403 484 2437 concilio
499 2404 701 2448 provinciali,
721 2405 752 2438 in
769 2405 893 2438 cix-itate
912 2406 968 2439 Ya-

212 2452 347 2494 lentina‚
360 2458 396 2486 ut
415 2454 610 2497 praefertur,
633 2455 808 2496 celebrato,
828 2465 892 2488 non
913 2456 969 2488 ob—

212 2505 327 2543 stante,
342 2502 534 2536 concordias
549 2508 580 2536 et
598 2503 872 2538 immemorabiles
889 2515 967 2538 con-

212 2551 400 2586 suetudines
412 2552 499 2585 circa
518 2552 569 2586 ius
580 2553 760 2596 praefatum
774 2553 963 2598 sepeliendi,

211 2599 300 2643 ipsis,
322 2606 358 2634 ut
377 2600 504 2643 dicitur,
530 2607 729 2646 competens,
743 2613 760 2636 a
778 2602 872 2636 nobis
892 2614 967 2637 con-

210 2648 347 2683 firmari.

288 2702 364 2734 Bull.
385 2703 464 2736 Rom.
492 2703 547 2735 Vol.
570 2703 627 2737 VII.
828 2705 866 2736 (39

1684 245 1748 279 545

1081 309 1096 352 ἓ
1119 308 1151 342 3.
1182 308 1297 349 Quare,
1328 318 1386 352 pro
1405 312 1496 353 parte
1521 308 1683 342 dictorum
1703 307 1792 353 prio-

1034 374 1106 396 rum
1128 369 1157 396 et
1179 363 1325 404 fratrum,
1342 362 1435 396 nobis
1454 363 1513 396 suit
1532 362 1699 397 humiliter
1714 376 1791 408 sup·

1034 416 1202 461 plicatum,
1217 422 1252 450 ut
1270 417 1461 452 concordias
1488 424 1519 452 et
1539 420 1790 453 consuetudines

1034 469 1119 502 circa
1144 470 1196 504 ius
1228 471 1405 515 sepeliendi
1439 472 1627 506 huiusmodi
1659 479 1789 517 aposto-

1032 523 1093 556 lica
1111 524 1302 558 auctoritate
1314 525 1519 571 confirmare,
1537 532 1634 570 atque
1650 527 1682 560 in
1698 538 1791 572 prae-

1031 576 1138 610 missis
1157 584 1341 622 opportune
1367 579 1536 623 providere
1550 607 1558 622 ,
1584 581 1624 615 de
1644 581 1790 625 benigni-

1030 635 1093 663 tate
1118 632 1296 674 apostolica
1325 633 1545 677 dignaremur.
1582 635 1646 669 Nos
1674 635 1785 679 igitur,

1030 684 1086 728 qui
1107 696 1220 729 pacem
1242 692 1273 719 et
1292 688 1561 731 tranquillitatem
1580 689 1665 723 inter
1692 701 1789 734 quos-

1030 747 1171 781 cumque
1189 738 1297 782 vigere
1318 746 1349 773 et
1376 742 1500 784 augeri,
1520 743 1638 776 nostris
1658 744 1786 788 potissi-

1028 802 1119 824 mum
1131 794 1346 837 tcmporibus,
1361 794 1494 829 sinceris
1509 803 1698 842 exoptamus
1707 798 1787 832 desi-

1029 845 1136 885 deriis,
1157 847 1289 881 eosdem
1299 849 1424 891 priores
1445 855 1475 883 et
1489 851 1651 896 s1·atres[et
1671 863 1785 886 eorum

1028 899 1173 942 singulos
1198 912 1216 933 a
1240 901 1406 945 quibusvis
1426 905 1782 948 excommunicationis,

1028 952 1249 995 suspensionis
1274 959 1306 987 et
1331 955 1493 990 interdicti
1521 958 1657 1003 aliisque
1680 961 1784 995 eccle-

1027 1005 1163 1039 siasticis
1191 1009 1370 1049 sententiis,
1403 1011 1549 1045 censuris
1569 1018 1598 1046 et
1619 1015 1744 1057 poenis,
1767 1027 1785 1048 a

1026 1059 1097 1092 iure
1121 1061 1171 1093 vel
1190 1061 1230 1093 ab
1250 1061 1394 1103 homine,
1421 1065 1532 1108 quavis
1552 1068 1722 1102 occasione
1736 1070 1783 1103 vel

1026 1124 1124 1147 causa
1144 1114 1227 1155 latis,
1251 1116 1276 1148 si
1297 1116 1416 1159 quibus
1432 1120 1675 1162 quomodolibet
1691 1123 1783 1157 inno-

1025 1167 1090 1200 dati
1129 1168 1282 1209 existant,
1306 1170 1345 1203 ad
1373 1171 1524 1205 effectum
1562 1177 1782 1218 praesentium

1025 1220 1190 1255 dumtaxat
1202 1225 1481 1267 consequendum,
1495 1226 1611 1260 harum
1628 1229 1709 1263 serie
1730 1231 1783 1264 ab-

1025 1276 1183 1310 solventes
1199 1283 1230 1310 ct
1246 1278 1411 1312 absolutos
1430 1280 1499 1313 sore
1515 1288 1695 1323 censentes;
1709 1295 1784 1318 nec-

1024 1340 1088 1362 non
1106 1332 1356 1365 concordiarum
1374 1338 1404 1366 et
1414 1336 1686 1370 consuetiulinum
1698 1349 1782 1382 prse-

1024 1384 1184 1418 dictarum
1197 1396 1234 1419 ac
1246 1386 1540 1421 instrumentorum
1557 1395 1587 1423 et
1602 1390 1781 1426 documen-

1024 1443 1131 1472 torum
1152 1440 1357 1484 aliarumque
1381 1442 1618 1486 scripturarum
1641 1444 1782 1489 desuper

1022 1494 1270 1536 quomodolibet
1290 1497 1518 1539 apparentium
1540 1503 1569 1530 et
1590 1499 1664 1532 inde
1686 1510 1780 1533 secu-

1022 1552 1130 1580 torum
1158 1559 1445 1593 quorumcumque
1472 1552 1613 1586 veriores
1639 1564 1675 1587 ac
1696 1558 1780 1588 totos

1022 1607 1150 1635 tenores
1170 1603 1396 1646 praesentibus
1416 1615 1476 1649 pro
1497 1602 1654 1650 expressis
1675 1612 1706 1640 et
1728 1607 1778 1641 in-

1021 1655 1114 1688 sertis
1134 1656 1302 1698 habentes,
1324 1657 1513 1692 huiusmodi
1534 1661 1778 1704 supplicationi-

1019 1709 1080 1742 bus
1100 1710 1258 1751 inclinati‚
1277 1713 1468 1746 concordias
1485 1719 1513 1747 et
1527 1715 1778 1750 consuetudines

1020 1763 1107 1796 circa
1136 1764 1259 1798 dictum
1289 1765 1339 1799 ius
1369 1768 1546 1811 sepeliendi
1574 1768 1775 1812 huiusmodi,

1004 1818 1146 1862 aliaque
1166 1820 1356 1863 praemissa,
1379 1822 1506 1865 priores
1521 1828 1551 1856 et
1567 1823 1681 1874 fratres
1696 1836 1778 1869 pree-

1018 1872 1098 1905 satos
1118 1874 1361 1916 quomodolibet
1383 1877 1626 1919 concernentia,
1648 1888 1776 1912 necnon

1018 1926 1091 1959 inde
1102 1932 1238 1969 sequuta
1248 1934 1276 1960 et
1287 1929 1449 1972 sequenda
1459 1940 1687 1975 quaecumque,
1699 1932 1776 1976 ipsis

1016 1979 1180 2022 prioribus
1200 1985 1231 2013 ct
1251 1982 1405 2016 fratribus
1427 1989 1455 2016 et
1473 1994 1587 2018 eorum
1608 1996 1775 2021 successo-

1015 2033 1106 2066 ribus
1132 2039 1161 2066 ct
1189 2035 1421 2076 conventibus,
1453 2038 1560 2081 quoad
1589 2050 1625 2072 ea
1648 2045 1774 2073 tantum

1015 2098 1097 2131 quae
1118 2088 1255 2121 decretis
1283 2090 1412 2123 concilii
1434 2091 1612 2125 Tridentini
1633 2104 1699 2127 non
1720 2106 1772 2129 re-

1013 2148 1156 2185 pugnant
1170 2170 1177 2183 ,
1214 2144 1405 2178 auctoritate
1439 2147 1628 2189 apostolica,
1661 2154 1772 2182 tenore

1012 2196 1241 2238 praesentium,
1254 2204 1410 2242 perpetuo
1427 2200 1661 2234 confirmamus
1676 2208 1705 2236 et
1717 2213 1772 2246 ap—

1012 2250 1201 2293 probamus,
1218 2262 1253 2284 ac
1268 2251 1331 2285 illis
1352 2252 1514 2296 plenariae
1531 2259 1559 2287 et
1576 2254 1772 2290 inviolabilis

1013 2303 1173 2338 firmitatis
1199 2306 1300 2338 robur
1328 2306 1511 2347 adjicimus,
1539 2318 1718 2353 omnesque
1739 2315 1770 2343 et

1011 2357 1154 2400 singulos
1187 2365 1250 2392 tam
1271 2360 1352 2393 iuris
1381 2371 1478 2404 quam
1505 2361 1580 2394 sacti
1611 2362 1766 2404 defectus,

1010 2411 1034 2443 si
1056 2411 1112 2455 qui
1133 2412 1240 2445 forsan
1258 2413 1501 2453 intervenerint,
1521 2415 1768 2458 quomodolibet.

1009 2460 1042 2492 in
1063 2461 1183 2495 eisdem
1205 2464 1408 2506 supplemus,
1430 2463 1567 2508 illasque
1587 2470 1618 2498 et.
1638 2465 1693 2500 illa
1712 2478 1766 2501 va-

1008 2508 1089 2543 lidas
1109 2516 1139 2543 et
1165 2511 1330 2552 efficaces,
1367 2512 1536 2556 validaque
1563 2520 1594 2547 et
1622 2515 1766 2551 efficacia

1008 2558 1105 2592 fuisse
1130 2565 1161 2592 et
1189 2571 1257 2594 esse
1287 2566 1317 2594 et
1336 2568 1495 2606 perpetuo
1520 2562 1600 2605 fore,
1627 2575 1665 2598 ac
1688 2576 1765 2600 suos

1007 2608 1169 2652 plenarios
1204 2614 1235 2643 et
1268 2610 1411 2654 integros
1435 2612 1570 2646 effectus
1599 2614 1706 2647 sortiri
1732 2620 1763 2648 et

1007 2657 1166 2700 obtinere,
1189 2669 1317 2694 necnon
1337 2660 1376 2693 ab
1397 2661 1549 2696 omnibus
1566 2662 1761 2698 inviolabili-

1808 252 1856 280 An.
1876 252 1904 280 C.
1925 251 1992 280 ¹567

1856 315 1991 335 confirmatio

1807 348 1942 368 concordiae,
