2237 3100
65 227 118 256 An.
139 228 168 256 C.
181 228 250 256 (560

140 1192 252 1214 (Ji-antibus

68 1228 131 1245 ebir.
157 1228 252 1250 tempore

68 1257 170 1277 madonis
197 1256 253 1276 indi-

68 1288 149 1307 ‘cintae
165 1293 176 1306 a
199 1291 254 1306 cou-

66 1317 199 1338 traternitate
210 1333 215 1343 ,

117 2004 260 2026 Consi-utribus

77 2043 161 2066 quoque
176 2038 194 2058 1.

939 226 1007 249 rtrs
1030 226 1060 249 lv
1084 226 1132 249 Pr.

267 280 379 325 spitale
400 280 580 324 praefatum
601 290 656 312 seu
687 278 772 312 illius
794 290 852 322 pro
874 284 1020 324 tempore

1733 217 1775 250 ⁶25
1836 227 1886 253 An.
1902 227 1931 254 c.
1952 227 2020 254 ¹560

1063 285 1098 312 ut
1117 279 1241 312 facilius
1262 287 1289 313 et
1312 279 1515 313 commodius
1535 280 1573 312 ad
1595 281 1768 323 praemissa
1787 292 1818 311 sc
1863 286 1958 337 rgenti?
1983 288 2020 308 elt-

1836 324 1859 334 Ῥ
1909 324 1947 338 ΕῡΙΙ
1960 324 2019 338 *35³0-

267 333 436 366 ecclesiam
448 333 495 366 vel
514 334 707 377 cappellam,
728 333 759 365 iu
781 333 925 366 eiusdem
943 334 1020 366 San-
1063 334 1233 377 disponere
1252 334 1383 378 possint,
1400 335 1486 378 quod
1500 334 1700 378 temporibus
1713 340 1740 367 et
1754 334 1818 367 dic-
1834 325 1878 371 ficii,
1893 324 1912 369 ἰ,

269 387 427 420 ctissimae
459 386 621 419 Trinitatis
655 392 684 419 et
718 386 822 420 Sancti
858 387 1021 421 Benedicti

269 439 441 473 cuiuslibet
456 439 530 472 anni
549 439 784 480 festivitatibus,
813 440 925 473 devote
950 440 1022 473 visi-

267 494 400 527 taverint
413 493 593 533 annuatim,
605 499 633 526 et
646 493 763 526 ibidem
777 499 824 526 ter
835 493 1020 526 Orationem

266 547 466 581 Dominicam
488 553 517 579 et
531 547 624 579 toties
636 547 869 580 Salutationem
891 547 1020 589 Angeli-

267 612 338 634 cam
354 602 465 635 devote
482 601 696 639 recitaverint,
719 607 749 633 et
770 601 808 633 dc
828 600 921 633 bonis
932 600 1020 633 sibia

266 657 330 690 Deo
351 656 475 689 collatis
498 667 558 700 pro
584 655 772 688 corumdem
794 655 1019 687 convalescen-

267 710 347 743 tium
367 716 395 744 et
417 710 665 755 peregrinorum
686 708 942 748 manutentione,
965 718 1020 741 eo-

266 775 340 797 rum
355 765 502 805 arbitrio,
524 764 665 808 aliquam
690 764 927 807 eleemosynam
947 773 1022 806 por-

266 818 417 859 rexerint,
440 817 619 863 plenariam
645 816 791 850 omnium
810 820 1019 860 peccatorum

266 883 401 907 suorum
421 871 644 905 remissionem
660 876 691 904 et
710 869 942 913 indulgentiam
965 869 1022 902 mi-

267 926 472 960 sericorditer
489 926 521 958 in
541 925 689 964 Domino,
715 922 905 956 auctoritate
925 928 953 956 et
975 928 1022 956 te-

267 992 346 1015 nore
371 980 561 1025 praedictis,
591 991 627 1012 ex
655 984 742 1012 certa
769 976 901 1010 scientia
926 988 961 1010 ac
983 977 1021 1010 de

267 1035 462 1079 apostolicae
490 1033 655 1078 potestatis
684 1031 883 1076 plenitudine
904 1041 1022 1064 conce-

268 1090 374 1124 dimus
400 1095 429 1122 et
450 1087 637 1131 elargimur.

312 1143 370 1187 {bh
384 1142 448 1176 Illis
458 1152 532 1175 vero
548 1140 614 1184 qui,
628 1139 740 1173 ultima
752 1138 923 1172 cuiuslibet
935 1149 1024 1172 men—

270 1198 311 1231 sis
323 1195 484 1231 dominica
501 1195 548 1227 vel
561 1194 647 1226 illam
659 1192 844 1226 immediate
861 1192 1020 1235 sequenti,

269 1253 366 1285 lunae
393 1249 456 1283 sive
484 1248 594 1281 martis
624 1252 679 1280 aut
703 1246 773 1279 aliis
794 1245 925 1286 diebus,
949 1257 1022 1279 ora-

270 1305 348 1339 tioni
374 1315 432 1348 per
459 1303 562 1336 dictos
587 1302 765 1335 confratres
790 1311 861 1344 pro-
877 1306 1024 1343 tempore

269 1358 393 1392 fiendae
410 1363 438 1391 et
455 1355 695 1390 continuandae
725 1353 967 1393 intervenerint,
995 1359 1023 1386 et

269 1412 356 1444 illam
373 1422 432 1456 per
451 1419 550 1443 unam
570 1409 685 1441 horam
706 1408 766 1448 vel,
786 1407 811 1439 si
826 1407 908 1440 vires
933 1407 973 1439 ad
994 1407 1024 1439 id

269 1476 334 1500 non
350 1469 533 1509 suppetant,
546 1462 685 1496 breviori
698 1467 842 1505 tempore
859 1461 1027 1494 continua-

268 1521 383 1560 verint,
398 1529 456 1563 pro
467 1517 666 1562 reipublicae
683 1515 876 1549 christianae
894 1526 1026 1549 conser-

271 1574 395 1608 vatione
416 1580 444 1607 et
466 1577 652 1615 augmento,
676 1581 712 1604 ac
732 1569 918 1614 principum
939 1570 1026 1603 chri-

271 1628 450 1661 stianorum
472 1632 585 1659 mutua
605 1630 635 1658 ct
660 1623 832 1658 universali
854 1634 945 1667 pace,
967 1634 1026 1656 nec

271 1692 337 1715 non
357 1686 468 1714 nostro
489 1686 517 1713 et
534 1690 593 1724 pro
614 1684 761 1722 tempore
782 1677 944 1710 existentis
964 1677 1028 1709 Ro-

272 1735 359 1768 mani
374 1732 539 1768 Pontificis
562 1743 599 1765 ac
611 1732 774 1764 Romanae
795 1730 955 1763 Ecclesiae
966 1730 1028 1762 hu-

273 1788 413 1822 iusmodi
441 1793 469 1820 et
491 1787 577 1820 illius
598 1791 764 1830 pastorum
792 1783 877 1816 t'elici
903 1789 931 1816 et
953 1794 1029 1827 pro-

273 1854 367 1888 spero
388 1847 469 1875 statu
499 1841 567 1885 pias
588 1840 627 1873 ad
647 1838 809 1872 Christum
830 1838 934 1871 Iesum
956 1848 1030 1882 pre-

273 1909 326 1931 ces
345 1895 555 1935 effundendo,
577 1893 704 1937 quoties
724 1893 755 1925 id
776 1892 922 1925 fecerint.

318 1951 378 1995 {5-
401 1950 533 1984 Necnon
554 1948 609 1993 qui
631 1947 669 1980 de
689 1945 812 1990 gremio
833 1945 937 1978 dictae
957 1956 1033 1979 con-

275 2003 483 2038 fraternitatis
503 2013 570 2036 esse
592 2012 651 2046 pro
667 2006 813 2044 tempore
835 1999 1034 2033 desiderave-

276 2059 352 2099 rint,
366 2058 399 2091 in
411 2058 479 2102 ipsa
495 2067 608 2090 eorum
619 2056 651 2088 in
662 2055 839 2088 confratres
849 2054 1034 2098 receptione

277 2117 309 2145 et
328 2111 555 2154 descriptione,
578 2108 756 2143 dummodo
777 2117 890 2141 omnes
915 2113 943 2141 et
969 2108 1034 2141 sin-

278 2165 345 2210 guli
373 2163 597 2197 christifideles
613 2161 765 2207 praefatis
781 2161 984 2205 temporibus
1005 2168 1035 2195 et

279 2218 393 2252 diebus
412 2217 490 2262 ipsis
510 2217 712 2261 poenitentes
725 2221 753 2249 et
766 2214 904 2249 confessi
924 2215 985 2249 sint
1007 2221 1037 2249 et

279 2271 532 2306 sacratissimum
558 2270 593 2303 D.
616 2270 653 2303 N.
682 2270 753 2303 Iesu
773 2268 888 2302 Christi
912 2269 1037 2313 Corpus

282 2325 475 2370 receperint,
491 2329 622 2357 centum
639 2333 741 2355 annos
762 2328 792 2355 et
810 2322 943 2355 totidem
960 2334 1038 2367 qua·

282 2381 439 2423 dragenas
453 2379 491 2412 de
509 2377 662 2410 iniunctis
671 2376 716 2409 eis
728 2376 933 2420 poenitentiis
943 2377 1037 2410 etiam

282 2428 536 2464 misericorditer
556 2427 588 2460 in
603 2426 740 2460 Domino
759 2427 952 2461 relaxamus.

327 2479 342 2522 ξ,
371 2478 402 2511 6.
425 2478 595 2511 Praeterea
616 2475 736 2508 eisdem
768 2486 805 2508 ac
830 2475 981 2508 omnibus
1010 2481 1038 2508 et

283 2526 419 2572 singulis
438 2526 508 2560 aliis
529 2524 680 2570 praefatis
704 2530 735 2558 et
759 2535 871 2558 eorum
893 2523 1037 2564 cuilibet,

321 2595 332 2621 1
346 2593 412 2621 Vide
422 2592 510 2630 quoad
522 2592 700 2628 indulgentias
710 2591 736 2618 id
746 2591 818 2627 quod
830 2591 921 2619 notavi
932 2591 956 2618 in
966 2598 1042 2626 prae—

284 2639 387 2667 cedenti
403 2642 474 2666 nota.

367 2684 441 2716 Bull.
457 2684 535 2715 Rom.
567 2683 622 2714 vol.
645 2682 703 2713 VII.
882 2682 901 2711 4

1063 387 1123 420 bus
1138 388 1300 431 praefatis,
1328 393 1555 432 praeterquam
1577 393 1722 431 tempore
1742 389 1819 421 Pas-

1064 443 1165 476 chatis
1190 442 1449 475 Resurrectionis
1475 441 1620 475 eiusdem
1654 443 1690 475 D.
1725 443 1762 475 N.
1793 442 1815 475 l.

1063 495 1190 536 Christi,
1215 506 1456 540 quemcumque
1478 496 1677 528 saecularem
1693 497 1740 528 vel
1761 507 1819 528 cu-

1064 549 1171 589 iusvis,
1185 551 1281 582 etiam
1293 549 1556 587 Mendicautiuiu,
1579 548 1706 582 Ordinis
1722 559 1819 591 regu-

1065 604 1164 636 larem
1196 604 1417 648 presbvterum
1447 603 1479 636 in
1503 613 1598 635 suum
1623 602 1746 646 possint
1766 602 1822 635 eli-

1064 668 1138 699 gere
1151 660 1381 698 confessorem,
1395 657 1450 701 qui
1467 668 1522 690 eos
1533 662 1563 689 ct
1579 667 1693 690 eorum
1705 668 1822 700 quem·

1064 710 1137 742 libet
1166 711 1204 743 ab
1221 711 1373 744 omuibus
1398 716 1429 744 et
1448 710 1584 754 singulis
1609 721 1723 743 eorum
1744 720 1821 753 pec-

1065 765 1160 805 catis,
1192 766 1400 806 criminibus,
1429 765 1611 798 excessibus
1640 769 1671 797 et
1685 763 1821 800 delictis.

1064 826 1367 863 quantumcumque
1388 820 1538 862 gravibus
1558 824 1587 852 et
1613 818 1821 857 enormibus,

1065 874 1159 907 etiam
1170 873 1243 907 Sedi
1252 874 1414 917 praefatae
1424 873 1592 905 reservatis
1606 872 1717 916 (nullis
1729 882 1822 915 pror-

1065 940 1130 969 sus,
1153 934 1382 973 praeterquam
1408 927 1439 958 in
1465 927 1553 959 bulla
1574 927 1606 959 in
1631 926 1682 958 die
1698 925 1823 959 Coenae

1065 982 1190 1015 Domini
1211 981 1274 1024 legi
1293 980 1385 1014 solita
1402 980 1573 1020 contentis,
1586 979 1751 1023 exceptis),
1767 979 1823 1012 ab-

1066 1037 1200 1077 solvere,
1215 1041 1243 1069 ct
1257 1046 1316 1080 pro
1331 1034 1511 1068 commissis
1526 1033 1757 1078 poenitentiam
1775 1044 1823 1066 sa-

1065 1091 1203 1123 lutarem
1225 1090 1394 1132 iniungere
1414 1088 1512 1133 possit
1533 1093 1561 1121 et
1583 1088 1700 1127 valeat,
1722 1086 1822 1120 licen-

1065 1144 1142 1177 tiam
1164 1149 1191 1176 et
1208 1143 1394 1176 facultatem
1414 1141 1632 1186 impartimur.

1110 1198 1125 1241 ξ
1145 1198 1176 1230 7.
1199 1197 1236 1229 Et
1256 1197 1388 1229 demum
1403 1195 1474 1228 aliis
1493 1194 1658 1239 quibusvis
1678 1194 1824 1238 personis
1864 1206 2025 1234 Eleemosynam

1068 1251 1236 1294 utriusque
1268 1260 1361 1283 sexus
1394 1248 1657 1282 christifidelibus
1690 1247 1825 1280 ubilibet
1840 1239 2026 1295 ξζζῗζῇἶξωᾟζ

1067 1305 1260 1345 constitutis,
1276 1315 1359 1348 quae
1376 1304 1480 1337 eidem
1492 1301 1656 1347 hospitali,
1668 1312 1728 1346 pro
1753 1300 1824 1334 eius
1841 1304 1872 1321 *Ut
1889 1301 1906 1320 '²-

1067 1370 1103 1392 ac
1124 1358 1418 1392 convalescentium
1430 1363 1458 1390 et
1477 1355 1723 1400 peregrinorum
1737 1366 1826 1399 prae—

1067 1413 1207 1446 fatorum
1220 1411 1464 1445 niauutentione
1475 1416 1505 1444 et
1517 1409 1758 1449 sustentatione,
1767 1409 1825 1442 ali-

1068 1479 1166 1511 quam
1187 1468 1424 1510 eleemosynam
1446 1476 1560 1498 eorum
1586 1463 1719 1496 arbitrio
1744 1474 1826 1506 quo-

1069 1521 1247 1555 modolibet
1277 1519 1478 1564 porrexerint
1511 1519 1560 1551 vel
1597 1518 1826 1560 undecumque

1070 1575 1319 1615 transmiserint,
1342 1574 1437 1607 etiam
1467 1572 1595 1617 quoties
1624 1571 1655 1604 id
1679 1570 1824 1609 fecerint,

1070 1635 1231 1662 trecentos
1243 1639 1343 1661 annos
1355 1634 1383 1661 et
1397 1627 1529 1660 totidem
1551 1625 1773 1670 quadragenas
1789 1625 1826 1657 de

1072 1683 1225 1716 iniunctis
1245 1682 1290 1715 eis
1310 1679 1690 1726 poenitentiissimiliter
1710 1678 1741 1711 in
1766 1677 1828 1711 [to-

1072 1739 1160 1772 mino
1180 1738 1373 1771 relaxamus.

1117 1793 1131 1835 ,ξ
1152 1792 1181 1825 8.
1205 1791 1448 1830 Praesentibus,
1477 1801 1557 1834 quas
1582 1788 1641 1822 sub
1666 1788 1830 1831 quibusvis
1872 1806 1981 1826 mausum
1996 1806 2032 1825 Lu.

1074 1842 1228 1876 similium
1243 1842 1292 1874 vel
1313 1840 1518 1874 dissimilium
1539 1837 1828 1880 indulgentiarum,
1847 1839 1877 1858 5¹¹⁵
1896 1838 2033 1857 ‘mmmm-

1822 1875 1825 1878 ‘
1846 1875 1879 1890 nis
1903 1873 2031 1894 praetexu<

1074 1892 1249 1936 gratiarum
1280 1896 1308 1924 et
1340 1890 1530 1923 facultatum
1555 1887 1830 1928 revocationibus,
1848 1902 1911 1920 time.

1075 1941 1362 1986 suspensionibus,
1385 1938 1632 1972 limitationibus
1662 1943 1717 1970 aut
1737 1937 1832 1970 dero-

1075 1991 1277 2035 gationibus,
1300 1990 1396 2023 etiam
1418 1989 1535 2022 intuitu
1556 1987 1697 2020 fabricae
1712 1987 1835 2020 Princi-

1076 2042 1124 2086 pis
1153 2041 1382 2085 Apostolorum
1404 2040 1442 2072 de
1464 2038 1547 2071 dicta
1568 2038 1652 2071 Urbe
1679 2042 1732 2069 aut
1753 2036 1832 2069 Cru-

1078 2091 1178 2125 ciatae
1190 2091 1326 2129 Sauctae,
1350 2094 1380 2122 et
1401 2100 1437 2121 ex
1457 2087 1633 2132 quibusvis,
1655 2091 1829 2130 quantum-

1078 2152 1218 2185 cumque
1244 2137 1481 2182 urgentissimis
1497 2136 1618 2177 causis,
1645 2147 1705 2180 per
1724 2146 1783 2169 nos
1804 2140 1831 2168 et

1079 2189 1193 2223 Sedem
1214 2188 1412 2233 praedictam
1429 2192 1482 2219 aut
1504 2186 1584 2219 alios
1596 2196 1833 2229 quoscumque,

1079 2239 1174 2272 etiam
1191 2244 1281 2271 motu
1297 2237 1431 2281 proprio
1448 2241 1476 2268 et
1488 2235 1565 2267 alias
1577 2234 1833 2278 quomodolibet,

1080 2299 1138 2333 pro
1168 2294 1315 2331 tempore
1340 2286 1447 2325 factis,
1476 2284 1661 2317 nullatenus
1687 2295 1836 2328 compre-

1080 2338 1215 2377 hensas,
1237 2336 1292 2370 sed
1317 2345 1446 2378 semper
1471 2334 1510 2366 ab
1531 2333 1594 2366 illis
1620 2338 1779 2377 exceptas,
1808 2338 1837 2365 et

1081 2386 1207 2431 quoties
1227 2386 1300 2418 illae
1321 2383 1516 2422 emanabunt
1529 2409 1536 2423 ,
1564 2381 1656 2415 toties
1677 2382 1709 2414 in
1729 2381 1837 2425 pristi-

1082 2447 1161 2469 num
1179 2441 1296 2469 statum
1316 2433 1481 2468 restitutas
1502 2443 1570 2465 esse
1590 2436 1619 2465 et
1641 2430 1764 2464 censeri
1787 2431 1840 2464 de-

1081 2487 1160 2520 bere
1187 2484 1411 2523 decernimus,
1434 2480 1600 2527 perpetuis
1620 2481 1738 2514 futuris
1757 2485 1839 2513 tem-

1082 2535 1219 2580 poribus
1238 2532 1415 2567 duraturis.

1122 2595 1130 2619 l
1151 2593 1224 2620 Hauc
1248 2591 1374 2618 limitavit
1389 2589 1510 2617 Clemens
1527 2589 1596 2616 vlu.
1635 2589 1652 2615 2
1683 2588 1749 2618 Vide
1775 2596 1837 2615 mox

1084 2641 1191 2666 citatam
1208 2637 1405 2665 revocationem
1422 2635 1460 2664 Pii
1480 2635 1512 2661 V.
