2237 3100
60 255 243 284 An.c.1568

79 958 180 978 Clausulae
190 964 239 985 prze-

56 993 182 1010 sensurae.

940 255 1008 279 Plus
1032 256 1049 278 V
1075 256 1121 279 PP.

259 305 421 349 deinceps,
442 305 611 339 occasione
636 306 901 350 praemissorum,
938 307 1013 340 alibi

258 369 354 401 quam
381 369 489 391 coram
527 359 691 403 praedicto
726 366 907 403 protectore
938 372 1013 394 con-

257 411 373 452 veniri,
405 417 460 444 aut
485 412 523 444 ad
550 412 630 445 alios
655 413 911 446 conveniendum
935 425 1012 447 con-

257 464 369 508 stringi
388 475 453 498 non
476 476 586 508 posse·‚
620 477 657 499 ac
677 477 860 510 processus,
884 472 1013 500 senten-

257 519 316 551 tias
336 524 367 552 et
386 519 528 559 decreta,
556 530 614 563 per
634 519 732 552 aliun}
755 531 811 553 seu
832 520 923 561 alius,
950 527 1012 553 tam

256 571 437 605 ordinarios
470 583 566 617 quam
606 574 780 615 delegatos,
804 573 944 611 iudices,
982 574 1013 606 in

256 625 407 658 omnibus
445 626 618 669 praedictis
664 626 909 669 quomodolibet
956 638 1013 670 pro

255 683 402 722 ternpore
419 679 572 712 formatos
584 706 592 719 ,
610 680 689 712 latas
709 685 740 712 et
759 680 853 720 sacta,
877 691 950 713 cum
968 681 1015 713 in-

256 732 295 765 de
315 732 434 765 secutis
453 732 729 776 quibuscumque,
753 734 855 774 nulla,
879 733 970 767 irrita
984 739 1013 766 et

255 784 376 825 inania,
399 785 588 828 nulliusque
615 785 742 818 roboris
775 787 823 819 vel
858 786 1013 819 momenti

254 838 335 872 sore.

299 892 314 935 ἓ
335 892 364 925 7.
389 893 660 936 Praesentemque
681 893 842 933 cedulam,
862 893 921 926 sub
941 894 1013 937 qui-

254 945 362 980 busvis
393 946 655 980 revocationibus
679 975 685 987 ‚
718 946 1012 991 suspensionibus,

254 998 502 1032 limitationibus
534 1010 589 1033 seu
620 999 882 1033 renovationibus
924 1000 1013 1033 simi-

254 1052 334 1086 lium
374 1053 421 1086 vel
460 1053 667 1086 dissimilium
703 1054 951 1087 concessionum
985 1058 1013 1087 et

254 1106 432 1149 gratiarum
447 1133 454 1146 ‚
478 1106 574 1140 etiam
596 1117 654 1150 per
676 1116 735 1140 nos
756 1113 783 1140 et
810 1118 1015 1141 successores

255 1165 382 1194 nostros
416 1161 578 1194 Romanos
612 1161 786 1194 Pontifices
825 1168 851 1194 et
899 1162 1013 1195 Sedem

255 1214 452 1258 praedictam
483 1215 530 1247 vel
562 1214 632 1248 eius
663 1215 782 1257 legatos
800 1242 807 1255 ,
831 1216 926 1247 etiam
958 1226 1014 1258 per

254 1267 382 1310 regulas
398 1267 617 1301 Cancellariae
629 1268 844 1312 Apostolicae,
862 1278 918 1311 pro
935 1274 1014 1301 tcm-

255 1332 334 1365 pore
352 1322 463 1361 sactas,
487 1323 673 1355 nullatenus
692 1322 940 1365 comprehendi,
958 1324 1012 1355 sed

254 1385 383 1419 semper
394 1375 433 1407 ab
445 1375 508 1408 illis
521 1375 651 1418 penitus
662 1381 690 1408 et
703 1375 837 1409 0111111110
850 1382 1011 1420 exceptas,

253 1432 284 1461 et
295 1428 422 1471 quoties
438 1428 512 1461 illae
524 1429 734 1469 emanabunt,
748 1434 950 1473 praesentem
964 1441 1012 1462 ce-

253 1483 363 1516 dulam
373 1482 406 1515 in
417 1482 590 1527 pristinum
604 1488 720 1516 statum
749 1484 928 1516 restitutam
945 1494 1012 1516 esse

253 1542 284 1569 et
304 1536 429 1569 censeri
446 1536 577 1575 debere;
601 1547 660 1569 nec
678 1537 782 1570 eidem
805 1537 939 1569 cedulae
956 1548 1013 1581 per

253 1601 476 1635 quascumque
488 1590 619 1631 litteras,
636 1591 732 1624 etiam
745 1591 871 1635 quasvis
887 1592 1013 1625 clausu—

252 1646 299 1678 las
309 1644 477 1689 generales
496 1646 545 1678 vel
565 1645 733 1690 speciales,
757 1644 851 1678 etiam
874 1646 1010 1689 deroga-

253 1698 411 1732 toriarum
445 1699 691 1742 derogatorias,
727 1699 951 1742 irritantiaque
982 1705 1011 1733 et

253 1753 315 1788 alia
336 1754 464 1787 decreta
481 1781 488 1794 ,
511 1754 571 1787 sub
601 1764 810 1797 quacumque
839 1754 1009 1787 verborum

251 1808 471 1853 expressione,
489 1807 704 1847 continentes,
727 1808 874 1849 derogari
904 1819 1007 1851 posse.

251 1863 346 1897 etiarn
374 1862 412 1895 >si
451 1862 518 1895 ullo
557 1872 713 1904 umquam
752 1867 898 1904 tempore
927 1888 932 1898 ,
975 1872 1010 1893 ex

251 1917 360 1961 aliqua
379 1916 501 1956 etiam,
531 1915 738 1959 quantumvis
770 1916 951 1947 necessaria
981 1922 1008 1947 et

252 1971 379 2013 urgenti
392 1981 488 2004 causa
499 1970 647 2012 derogari
661 1969 835 2011 contingat,
846 1969 905 2000 nisi
917 1975 1011 2002 tenor

250 2024 395 2058 eiusdem
417 2024 552 2057 cedulae
568 2024 605 2056 de
627 2023 724 2055 verbo
745 2023 783 2055 ad
796 2023 943 2061 verbum,
964 2023 1010 2055 ni-

250 2078 295 2111 hil
312 2078 441 2122 penitus
453 2077 586 2118 omisso,
610 2076 761 2116 insertus,
775 2081 803 2108 et
822 2075 1008 2109 huiusmodi

250 2131 416 2174 derogatio
430 2141 487 2174 per
498 2130 598 2163 trinas
609 2129 775 2163 distinctas
789 2129 909 2161 litteras
921 2139 1007 2161 eum-

250 2186 323 2219 dem
345 2189 491 2218 tenorem
505 2184 717 2223 continentes,
735 2182 837 2216 tribus
850 2183 1009 2215 similibus

250 2239 408 2272 distinctis
428 2230 563 2277 vicibus,
585 2236 920 2276 administratoribus,
950 2248 1008 2279 gu.-

249 2292 501 2331 bernatoribus,
534 2290 695 2336 deputatis
729 2296 759 2323 et
793 2290 1009 2323 confratribus

250 2345 437 2380 huiusmodi
466 2345 617 2378 omnibus
643 2349 674 2377 et
701 2343 837 2387 singulis
869 2343 1008 2385 legitime

249 2399 411 2433 insinuata
440 2404 470 2432 et
498 2397 643 2431 intimata
678 2397 801 2433 fuerit,
828 2407 1007 2440 eorumque

250 2459 421 2492 expressus
438 2448 477 2481 ad
498 2447 528 2480 id
549 2446 718 2480 accesserit
738 2456 899 2483 assensus,
918 2446 1008 2479 dero-

249 2497 412 2542 gationem
443 2496 631 2530 huiusmodi
666 2495 787 2528 nemini
818 2495 1005 2537 suffragari,

249 2547 373 2581 nullius
392 2558 461 2580 esse
481 2546 608 2579 roboris
628 2546 676 2578 vel
697 2545 824 2584 valoris,
844 2549 875 2576 et.
894 2544 939 2577 sic
952 2555 1008 2587 per

249 2607 476 2641 quoscumque
511 2595 648 2635 iudices,
680 2594 792 2638 quavis
815 2594 1007 2626 auctoritate

249 2647 430 2689 fungentes,
447 2645 542 2679 etiam
564 2644 747 2688 praedictae
761 2643 922 2677 Ecclesiae
940 2653 1008 2676 car-

329 2696 404 2726 Bull.
422 2695 502 2727 Rom.
531 2694 585 2725 Vol.
609 2693 666 2725 VII.
890 2692 928 2723 83

1703 248 1765 281 657

1056 307 1205 346 dinales,
1233 315 1261 341 et
1289 319 1460 341 causarum
1492 309 1602 342 Palatii
1637 310 1811 353 Δ4005101101

1056 361 1230 399 auditores,
1251 362 1374 394 sublata
1390 366 1462 402 elr.;
1485 373 1521 394 ac
1542 362 1669 396 irritum
1682 368 1739 396 etc.
1763 364 1812 397 iu-

1056 414 1156 448 dicari
1179 421 1210 448 ct
1229 415 1358 448 deliniri
1375 415 1503 448 debere.

1101 469 1115 510 ξ
1137 469 1167 500 δ’.
1192 468 1260 500 Non
1282 468 1483 501 obstantibus
1499 469 1696 512 praemissis,
1715 481 1751 502 ac
1768 470 1812 503 se-

1057 520 1126 553 licis
1148 521 1382 555 recordationis
1407 522 1562 555 Bonil'acii
1596 523 1701 567 Papae
1736 524 1811 563 Vlll,

1057 574 1315 617 praedecessoris
1336 575 1448 614 nostri,
1467 575 1506 608 de
1524 586 1599 616 una,
1611 582 1637 609 et
1655 577 1686 609 in
1703 577 1813 610 conci-

1058 626 1099 659 lio
1119 628 1261 668 generali
1279 628 1363 661 edita
1381 629 1419 661 de
1437 629 1562 662 duabus
1579 629 1704 670 diaetis,
1723 631 1814 663 dum-

1058 680 1155 712 modo
1193 681 1275 713 ultra
1307 687 1370 713 tres
1399 680 1521 715 <tinetas
1554 682 1672 726 aliquis
1703 684 1811 726 vigore

1058 734 1278 776 praesentium
1300 736 1338 768 ad
1360 735 1515 768 iudicium
1546 746 1611 769 non
1640 738 1811 777 trabatur,

1056 786 1192 829 aliisque
1203 788 1487 822 constitutionibus
1504 794 1534 822 et
1554 790 1814 825 ordinationibus

1057 840 1266 882 apostolicis3
1303 853 1431 875 necnon
1467 842 1618 876 basilicae
1656 844 1814 888 Principis

1057 894 1279 936 apostolorum
1299 895 1338 927 de
1357 895 1450 935 t‘rho,
1465 908 1501 929 :tc
1517 896 1740 940 hospitalium,
1764 909 1815 931 ec-

1057 946 1243 987 clesiarum,
1259 950 1530 982 monasteriorum
1545 955 1574 982 et
1585 950 1722 984 aliorum
1735 963 1813 995 quo-

1057 1010 1275 1044 rumcumque
1298 1002 1444 1035 locorum
1475 1008 1505 1035 et
1533 1003 1702 1043 Ordintun,
1727 1004 1812 1038 iura-

1059 1058 1167 1087 mento
1192 1059 1248 1087 etr.
1279 1056 1449 1093 roboratis,
1477 1057 1601 1090 statutis
1621 1064 1649 1090 et
1676 1069 1812 1092 consue-

1057 1107 1223 1141 tudinibus
1243 1120 1248 1144 3
1288 1109 1460 1152 privilegiis
1493 1121 1623 1154 qnoque
1642 1138 1648 1149 ,
1684 1111 1814 1146 indultis

1057 1162 1351 1201 conservatoribus,
1374 1163 1632 1206 exemptionibus
1650 1170 1676 1197 et
1701 1165 1814 1198 litteris

1056 1215 1242 1257 apostolicis
1271 1216 1391 1248 eisdem
1431 1228 1466 1249 ac
1496 1217 1622 1251 dilectis
1651 1218 1725 1251 liliis
1755 1231 1813 1263 po-

1058 1269 1134 1311 pulo
1156 1269 1314 1309 11011111110,
1335 1280 1461 1303 necnon
1479 1270 1654 1311 iudicibus,
1669 1273 1768 1305 curiis
1785 1278 1812 1306 et

1058 1321 1274 1356 tribunalibus
1288 1333 1468 1367 eortunque
1482 1325 1639 1367 personis,
1649 1337 1705 1369 per
1719 1338 1814 1370 quos-

1057 1386 1197 1418 cumque
1223 1376 1385 1409 Romanos
1419 1378 1590 1411 Pontifices
1621 1380 1812 1422 praedeces-

1056 1439 1144 1462 sores
1170 1435 1297 1463 nostros
1327 1437 1353 1463 et
1382 1442 1440 1464 nos
1465 1443 1502 1464 ac
1534 1432 1652 1465 dictant
1683 1433 1810 1470 Sedent,

1056 1484 1149 1516 ctiam
1161 1490 1250 1517 motu
1261 1490 1288 1517 et
1303 1485 1435 1517 scicntia
1451 1485 1619 1526 similibus,
1637 1488 1809 1526 0011005515,

1055 1537 1240 1580 approbatis
1261 1544 1288 1570 et
1311 1538 1488 1578 innovatis,
1516 1539 1610 1572 etiam
1637 1540 1812 1583 disponen-

1056 1593 1149 1627 tibus,
1163 1592 1250 1635 quod
1268 1603 1373 1625 caus-{e
1389 1592 1622 1626 liuiusmodiad
1634 1594 1740 1627 sorum
1756 1606 1813 1628 seu

1055 1647 1180 1680 curiam
1192 1646 1341 1690 Capitolii
1358 1647 1514 1680 reassumi
1529 1648 1679 1687 debeant,
1694 1649 1812 1691 quibus

1054 1701 1206 1734 omnibus
1218 1707 1245 1733 01
1264 1701 1411 1742 singulis,
1427 1701 1522 1734 etiam
1545 1702 1582 1740 si,
1606 1712 1663 1745 pro
1681 1701 1811 1735 illorum

1055 1755 1225 1787 sufficienti
1247 1754 1469 1797 derogatione,
1492 1755 1570 1788 alias
1600 1756 1638 1788 de
1665 1756 1726 1788 illis
1757 1768 1812 1790 eo-

1055 1820 1192 1852 rumque
1206 1808 1277 1842 totis
1289 1808 1455 1841 tenoribus
1468 1809 1628 1852 specialis,
1644 1810 1808 1853 specifica.

1054 1874 1203 1907 expressa
1224 1869 1252 1896 et
1275 1862 1439 1895 individua
1460 1863 1550 1896 aede
1568 1863 1664 1896 verbo
1681 1864 1719 1896 ad
1740 1874 1810 1896 ver-

1054 1918 1141 1956 bum,
1157 1917 1235 1949 nibil
1251 1916 1380 1960 penitus
1393 1916 1525 1954 omisso,
1537 1922 1563 1950 et
1581 1917 1682 1950 forma
1703 1917 1734 1950 in
1751 1917 1811 1950 illis

1054 1976 1203 2004 contenta
1216 1971 1392 2009 observata,
1409 1970 1517 2003 inserti
1533 1971 1646 2007 forent,
1662 1982 1809 2014 praesen-

1054 2025 1138 2057 tibus
1160 2035 1216 2067 pro
1239 2023 1437 2057 sufficienter
1462 2024 1621 2066 expressis
1642 2024 1808 2060 habentes.

1054 2077 1213 2111 illis-alias
1234 2077 1266 2110 in
1286 2088 1344 2110 suo
1367 2078 1483 2110 robort¹
1500 2078 1732 2120 permansuris,
1749 2078 1808 2110 bac

1053 2131 1119 2164 rice
1139 2131 1316 2170 dumtaxat,
1335 2130 1520 2173 specialiter
1539 2136 1566 2162 ct
1585 2141 1732 2174 expresse
1755 2132 1810 2163 de-

1054 2195 1216 2226 rogamus,
1240 2184 1410 2217 contrariis
1435 2184 1698 2227 quibuscumque
1718 2195 1724 2221 ·,
1757 2190 1809 2217 aut

1052 2239 1075 2272 si
1099 2239 1250 2282 praefatis
1269 2244 1320 2271 aut
1345 2238 1510 2281 quibusvis
1530 2238 1810 2277 Ι111115,0011111111111-

1052 2298 1100 2325 ter
1120 2294 1167 2325 101
1188 2292 1326 2331 1111151111,
1350 2293 1389 2324 ab
1404 2292 1514 2324 eadem
1542 2291 1579 2323 sit
1597 2292 1677 2324 Sede
1699 2291 1807 2324 indul-

1053 2352 1119 2379 tum
1145 2347 1231 2390 qnod
1260 2346 1407 2380 interdici
1433 2345 1586 2388 suspendi
1608 2351 1660 2377 aut
1682 2356 1809 2378 excom-

1052 2400 1210 2433 municari
1231 2429 1237 2437 ,
1262 2401 1307 2433 vel
1329 2405 1416 2433 extra
1436 2404 1489 2431 aut
1518 2400 1600 2431 ultra
1617 2404 1703 2432 certa
1724 2400 1805 2437 loca,

1051 2449 1158 2482 curias
1197 2456 1224 2482 ct
1258 2448 1430 2482 tribunalia
1456 2449 1495 2480 ad
1535 2447 1692 2481 iudicium
1724 2450 1807 2481 trabi

1052 2509 1115 2531 11011
1143 2499 1262 2542 possint
1286 2510 1342 2542 per
1377 2498 1498 2530 litteras
1519 2497 1712 2540 apostolicas
1743 2508 1807 2531 non

1050 2547 1204 2581 facientes
1244 2548 1370 2591 plenam
1414 2553 1441 2579 et
1477 2557 1660 2589 expressam
1695 2557 1731 2580 ac
1769 2547 1806 2580 de

1051 2598 1146 2630 verbo
1167 2597 1360 2630 adverbum
1392 2597 1430 2629 de
1463 2596 1587 2629 indulto
1619 2596 1806 2629 huiusmodi

1050 2648 1262 2688 mentionem,
1281 2653 1311 2681 et
1324 2646 1521 2691 quibuslibet
1535 2645 1607 2679 aliis
1621 2645 1805 2690 privilegii».

1828 258 1864 283 Au
1894 257 1921 281 i)
1945 256 2013 283 1562

1853 481 1962 501 Clausulao
1979 481 2013 500 rte*

1829 513 1957 538 της-1101100,
