2237 3100
1643 250 1726 285 1031

655 397 876 472 INDEX
941 394 1419 471 RUBRICARUM

528 1191 631 1240 ''Pms
652 1206 699 1240 lv.

238 1307 262 1341 1.
292 1306 475 1340 iurisdictio
503 1306 731 1349 gubernatoris
765 1306 868 1339 almae
896 1305 991 1338 Urbis

326 1361 523 1405 procedendi
546 1368 657 1394 contra
678 1365 873 1393 mercatores
903 1370 990 1392 cam-

327 1414 380 1448 bia
408 1414 493 1448 sicca
526 1419 557 1448 et
597 1413 710 1447 illicita
750 1414 989 1453 contrahentes,

323 1479 400 1513 pay.
425 1468 457 1502 t.

239 1521 276 1556 ll.
298 1522 470 1556 Francisco
490 1523 527 1563 II,
551 1522 617 1566 regi
637 1521 850 1563 Francorum,
873 1521 992 1555 confir—

328 1582 394 1610 rnat
413 1582 444 1610 et
465 1577 613 1610 concedit
633 1576 671 1609 ad
692 1576 788 1609 vitam
809 1576 859 1609 ius
890 1576 994 1609 nomi-

327 1631 425 1664 nandi
458 1631 497 1664 ad
533 1630 698 1671 ecclesias,
738 1630 933 1663 monasteria
965 1635 994 1662 et

327 1684 489 1728 prioratus
509 1684 685 1717 nonnullos
696 1683 798 1728 regni,
820 1683 994 1727 Delphina-

328 1743 391 1778 tus,
402 1738 572 1771 comitatus
582 1738 783 1778 Viennensis,
793 1737 996 1770 Valentinen-

328 1791 371 1824 sis
380 1797 457 1833 etc.,
474 1792 561 1825 iuxta
572 1798 679 1825 tamen
691 1797 808 1825 statuta
819 1792 851 1824 in
863 1801 995 1824 concor-

328 1845 412 1878 datis
441 1845 524 1879 inter
544 1846 751 1880 Franciscum
780 1846 790 1879 l
817 1857 925 1891 regem
967 1851 996 1879 et

329 1899 469 1933 Leonem
492 1900 516 1932 X
536 1900 668 1944 Papam,
690 1900 722 1933 4.

240 1951 292 1986 111.
322 1952 503 1987 iurisdictio
536 1954 708 1987 cardinalis
739 1954 932 1998 protectoris
965 1960 996 1987 et

329 2006 445 2040 iudicis
456 2018 627 2041 causarum
639 2008 901 2052 archiliospitalis
915 2019 994 2053 pau-

329 2071 444 2105 perum
466 2061 672 2096 infirmorum
698 2062 929 2096 incurabilium
957 2063 995 2095 de

331 2114 428 2156 Urbe,
450 2116 504 2149 4⁹2.

241 2167 289 2201 lv.
313 2167 490 2203 Moderatio
502 2170 742 2204 constitutionis
759 2170 909 2211 PaulilV‚
931 2170 996 2203 edi-

331 2228 379 2256 tae
400 2229 513 2257 contra
541 2224 709 2268 religiosos
739 2230 911 2269 apostatas,
941 2231 997 2258 aut

330 2278 414 2310 male
442 2279 626 2320 translatos,
657 2280 706 2312 vel
738 2285 826 2313 extra
857 2280 996 2313 claustra

329 2336 492 2375 vagantes,
513 2332 568 2365 15.

242 2382 277 2417 V.
300 2382 419 2418 Contra
438 2386 619 2420 detinentes
639 2386 753 2420 iocalia
774 2392 802 2420 et
815 2387 877 2420 alia
897 2398 995 2431 quac·
1032 2384 1036 2389 ’

331 2449 471 2482 cumque
491 2440 575 2473 bona
593 2441 632 2473 ad
648 2440 762 2474 Sedem
779 2441 996 2484 Apostolicam

330 2493 519 2537 spectantia,
539 2505 576 2527 ac
596 2494 734 2528 scientes
761 2500 792 2528 et
812 2505 876 2529 non
906 2506 995 2529 reve-

331 2546 443 2588 lantes,
463 2547 517 2582 18.

243 2600 292 2634 vl.
315 2600 484 2645 Exemptio
505 2602 696 2635 monialium
718 2608 748 2636 et
768 2613 916 2636 sororum
943 2614 997 2636 cu-

332 2654 525 2700 iuscumque
558 2655 685 2690 Ordinis
730 2657 931 2700 regularium
980 2668 997 2689 a

1121 1201 1268 1241 decimis,
1290 1200 1443 1235 subsidiis
1462 1200 1597 1244 aliisque
1623 1197 1789 1239 oneribus,

1121 1256 1175 1289 ⁶21.

1033 1309 1095 1343 VII.
1118 1308 1316 1354 Approbatio
1337 1307 1608 1342 confraternitatis
1619 1307 1677 1340 sub
1696 1307 1790 1340 invo—

1123 1363 1250 1397 catione
1270 1363 1325 1396 SS.
1348 1362 1524 1403 Trinitatis,
1539 1372 1644 1406 nuper
1654 1361 1685 1394 in
1707 1360 1791 1393 L‘rbe

1125 1417 1288 1450 institutae
1325 1417 1364 1449 ad
1391 1416 1618 1460 hospitandum
1651 1414 1793 1459 peregri-

1123 1482 1182 1504 nos
1193 1471 1231 1504 ad
1245 1471 1363 1504 Urbem
1375 1470 1554 1504 devotionis
1571 1480 1684 1503 caussa
1704 1479 1792 1501 acce-

1125 1525 1260 1565 dentes3
1311 1536 1348 1557 ac
1382 1524 1592 1557 reficiendum
1631 1533 1791 1567 pauperes

1125 1579 1384 1612 convalescentes
1404 1589 1441 1611 ex
1475 1577 1545 1610 aliis
1577 1576 1793 1621 hospitalibus

1125 1632 1285 1672 dimissos,
1326 1637 1356 1665 et
1384 1637 1448 1665 tam
1480 1631 1552 1664 illos
1581 1641 1679 1674 quam
1714 1630 1793 1662 istos

1126 1686 1301 1720 salubriter
1321 1686 1354 1719 in
1375 1686 1534 1719 mandatis
1567 1684 1694 1718 Domini
1721 1694 1794 1717 cru-

1125 1740 1274 1781 diendos,
1296 1739 1350 1773 23.

1131 1793 1279 1827 Facultas
1294 1794 1515 1838 praelatorum
1535 1791 1794 1836 congregationis

1125 1848 1361 1881 monachorum
1375 1847 1408 1880 B.
1423 1847 1539 1880 Mariae
1547 1845 1791 1885 MontisOliveti,

1125 1901 1255 1935 Ordinis
1275 1902 1306 1935 S.
1338 1901 1516 1941 Benedicti,
1548 1901 1634 1933 circa
1662 1900 1793 1933 absolu-

1129 1956 1253 1989 tionem
1268 1961 1297 1989 et
1318 1955 1591 2000 dispensationem
1618 1954 1795 1987 monacho-

1128 2007 1201 2043 rum
1232 2010 1271 2043 ab
1298 2009 1551 2052 irregularitate,
1581 2008 1794 2052 quibuscum-

1127 2075 1190 2108 que
1208 2063 1348 2104 casibus,
1370 2061 1672 2107 quatuorexceptis,
1688 2061 1795 2094 incur-

1127 2125 1173 2154 sa,
1195 2113 1249 2147 026.

1038 2162 1087 2196 IX.
1111 2162 1220 2206 Spolia
1243 2172 1455 2206 personarum
1486 2159 1791 2200 ecclesiasticarum,

1126 2212 1165 2245 de
1186 2223 1301 2245 eorum
1329 2210 1435 2250 bonis,
1465 2210 1560 2243 etiam
1588 2210 1627 2242 ad
1653 2209 1791 2241 favorem

1036 1793 1111 1827 VIII.

1127 2262 1274 2294 locorum
1295 2261 1436 2304 piorum,
1459 2260 1579 2302 absque
1604 2257 1693 2290 Sedis
1706 2259 1791 2300 Apo-

1125 2311 1258 2343 stolicae
1278 2309 1419 2348 licentia,
1442 2307 1699 2351 disponentium,
1722 2316 1794 2350 spe-

1127 2366 1215 2393 ctant
1234 2359 1273 2392 ad
1294 2358 1504 2392 reverendam
1525 2356 1692 2390 Cameram
1706 2357 1792 2401 Apo-

1127 2409 1288 2449 stolicam,
1312 2408 1366 2441 27.

1039 2459 1075 2492 X.
1127 2457 1307 2503 Applicatio
1339 2467 1519 2501 poenarum
1555 2455 1791 2489 maleficiorum

1128 2517 1287 2541 summam
1305 2506 1417 2539 decem
1437 2505 1630 2538 clm-atoma]
1651 2515 1716 2537 non
1737 2515 1791 2537 ex-

1128 2557 1338 2596 cedentium,
1374 2555 1453 2588 alias
1481 2554 1558 2587 tisco
1587 2553 1795 2592 debitorum,

1128 2603 1474 2639 arehieonsraternitati
1491 2602 1661 2637 Charitatis
1676 2603 1714 2636 de
1736 2602 1795 2635 Ur-

1129 2656 1182 2696 be,
1204 2654 1260 2688 ⁹29.
