2237 3100
26 292 75 318 An.
93 291 120 318 C.
142 291 208 319 ¹562

41 1213 211 1233 Gonu-aventem-

28 1246 77 1265 tium
93 1249 181 1271 poenae.

57 1592 167 1613 Decretum
184 1592 213 1612 it-

29 1625 103 1645 rit-ans.

58 1861 215 1881 Contrariorum

31 1893 146 1918 derogatio.

892 288 959 312 PIUS
978 289 1008 312 IV
1027 289 1074 312 PP.

1659 274 1671 305 rl
1680 273 1721 306 ([13

224 352 296 375 rum
316 341 364 374 vel
384 339 520 373 aliarum
542 350 719 384 poenarum
732 340 876 381 incursu,
899 351 971 384 pro-
1013 341 1149 374 trarium
1184 338 1376 372 facientibus
1391 337 1668 381 quibuscumque,
1691 347 1764 368 cum

224 395 337 429 cedere
371 394 480 438 possit.
517 394 580 426 Nec
614 404 678 426 non
712 393 970 438 quilmscumque
1014 394 1167 428 clausulis
1193 392 1385 437 opportunis
1406 396 1433 423 ct
1457 389 1628 423 consuetis.

224 447 506 493 appellationibus,
528 448 820 491 provocationibus,
848 448 972 481 nullita-

224 509 292 536 tum
320 501 525 541 dictionibus,
561 501 853 543 commissionilms,
888 502 971 534 inhi-

223 556 399 590 bitionibus
415 561 445 588 et
464 556 533 588 aliis
548 556 684 589 ‹elecretis
705 561 814 589 contra
837 556 971 589 sormam

225 609 374 654 superius
394 609 540 642 traditam
562 620 619 653 per
637 620 861 653 quoscumque
878 609 972 642 etiam

225 663 347 696 iudices
367 662 525 706 praefatos
541 673 598 705 pro
628 667 772 706 tempore
793 663 972 706 quomodo-

225 717 301 750 libet
328 715 484 749 emanatis
508 720 538 747 et
563 715 652 748 factis
679 726 744 748 non
769 716 913 755 attentis,
937 716 972 748 li-

225 771 301 803 bere
317 774 347 802 et.
366 769 452 802 licite
468 780 526 812 per
546 768 631 812 ipsos
651 768 783 809 iudices,
800 781 817 801 a
837 769 971 812 quibus,

225 825 264 858 ad
284 834 416 857 suarum
433 822 739 856 coiiil-t·iniiation111u
760 824 890 856 totalem
907 835 975 856 exe-

225 878 405 918 cutionem,
435 877 512 909 alias
538 882 644 910 tamen
664 877 822 920 legitime,
853 878 911 910 sub
932 878 973 910 si-

226 931 310 965 milis
337 931 564 974 indignationis
584 936 615 964 et
634 931 976 965 excommunicationis

225 997 348 1030 poena,
379 986 510 1030 procedi
532 997 624 1030 posse
645 992 675 1019 et
699 985 831 1019 omnino
858 986 975 1020 debere

225 1051 262 1074 ac
285 1046 321 1074 ut
349 1041 526 1084 procedant
545 1039 762 1083 praecipimus
783 1045 814 1072 et
842 1040 974 1073 manda-

226 1105 307 1127 mus.

269 1148 284 1191 5
304 1147 357 1180 13.
380 1147 418 1180 Et
437 1147 569 1191 insuper
588 1151 652 1179 tam
678 1146 839 1179 iudicibus
854 1147 977 1191 praefa-

226 1202 265 1235 tis
285 1212 382 1245 quam
399 1201 543 1241 notariis,
566 1200 625 1234 sub
653 1200 762 1233 eadem
791 1211 976 1234 excommu-

228 1254 398 1288 nicationis
430 1266 466 1287 ac
496 1253 725 1297 indignationis
754 1259 881 1287 nostrae
916 1255 976 1298 pri-

228 1308 427 1351 vationisque
447 1307 628 1340 officiorum
649 1318 772 1351 poena,
807 1318 847 1341 ne
867 1314 978 1342 contra

228 1361 403 1407 praemissa
436 1366 490 1394 aut
523 1360 696 1404 quicquam
726 1361 977 1404 praemissorum

228 1417 332 1450 facere
353 1420 547 1449 etattentare
562 1420 782 1459 praesumant,
805 1415 980 1449 districtius

228 1470 423 1504 inhibemus.

272 1525 287 1569 ἕ
306 1524 358 1557 14.
383 1523 499 1567 Sicque
520 1528 550 1556 et
570 1533 635 1556 non
652 1523 755 1562 aliter,
779 1523 811 1556 in
828 1524 981 1567 praemis-

229 1578 271 1613 sis
290 1577 441 1611 omnibus
461 1582 491 1611 et
511 1577 656 1620 singulis,
679 1588 736 1620 per
756 1588 980 1622 quoscumque

229 1637 301 1673 etc„
323 1632 447 1666 sublata
466 1636 537 1671 etc„
558 1631 705 1671 iudicari,
728 1636 758 1664 et
778 1631 980 1675 interpretari

229 1687 261 1720 in
281 1686 391 1732 quavis
411 1697 507 1719 causa
530 1691 561 1719 et
579 1684 729 1718 instantia
754 1685 883 1727 debere;
906 1686 981 1718 irri-

230 1747 297 1775 tum
318 1751 448 1784 quoque
469 1744 525 1773 etc.
549 1739 765 1773 decernimus.

274 1796 288 1839 ξ
308 1795 361 1828 15.
398 1795 467 1828 Non
501 1794 700 1827 obstantibus
734 1793 918 1838 praemissis
946 1805 982 1827 ac

230 1849 396 1894 quibusvis
416 1848 700 1882 constitutionibus
721 1853 749 1881 et
771 1848 982 1881 ordinationi-

230 1904 290 1937 bus
309 1902 510 1947 apostolicis,
542 1901 731 1945 statutisque
751 1907 782 1935 et
813 1908 983 1934 consuetu-

230 1957 361 1990 dinibus
388 1955 589 1999 singularum
618 1955 860 1999 provinciarum
893 1966 982 1999 prae-

231 2011 404 2051 dictarum,
425 2010 605 2050 civitatum)
629 2010 823 2054 oppidorum
845 2014 875 2042 et
894 2010 982 2043 loeo-

230 2076 303 2099 rum
324 2065 526 2104 eorumdem⁷
558 2064 652 2097 etiam
674 2064 856 2096 iuramento
870 2091 877 2103 ,
909 2075 984 2097 eon-

232 2119 411 2152 firmatione
432 2119 608 2163 apostolica
632 2119 680 2151 vel
702 2117 813 2162 quavis
833 2118 983 2152 firmitate

231 2172 293 2205 alia
308 2172 477 2213 roboratis,
497 2171 671 2216 privilegiis
686 2182 828 2214 quoque,
851 2171 984 2204 indultis

232 2232 263 2260 et
278 2226 378 2260 literis
393 2226 588 2270 apostolicis,
607 2225 880 2265 universitatibus,
899 2236 984 2258 com-

232 2280 443 2313 munitatibus
463 2285 494 2313 et
513 2279 700 2312 hominibus
724 2278 981 2323 provinciarum,

232 2333 394 2367 civitatum
423 2339 453 2366 et
482 2333 629 2366 locorum
659 2332 917 2376 praedictorum,
948 2343 984 2365 ac

233 2393 328 2427 etiam
349 2392 484 2436 singulis
500 2390 752 2436 praenominatis
773 2396 803 2424 et
823 2390 892 2424 aliis
911 2392 983 2436 qui·

233 2452 437 2494 buscumque
470 2449 650 2489 iudicibus,
686 2452 742 2482 etc.
780 2459 838 2492 per
870 2460 929 2482 nos
955 2455 986 2483 et

234 2509 498 2553 praedecessores
514 2512 639 2540 nostros
651 2505 821 2546 concessis,
837 2517 874 2540 ac
889 2507 984 2540 etiam

234 2567 355 2601 iteratis
374 2567 496 2600 vicibus
529 2565 701 2605 innovatis,
737 2565 856 2609 quibus
884 2566 986 2599 omni-

235 2627 294 2660 bus
313 2630 369 2660 etc.
394 2626 525 2659 illorum
546 2630 673 2659 tenores
693 2629 750 2657 etc.
773 2624 833 2657 hac
851 2623 918 2658 vice
943 2625 987 2658 la-

235 2684 354 2723 tissime
387 2684 598 2727 derogamus,
640 2682 818 2726 ceterisque
851 2683 884 2715 in
908 2693 985 2716 con-

313 2737 390 2768 Ruti.
417 2736 493 2768 Rom.
520 2737 574 2768 Vol.
602 2736 659 2767 VII.
831 2735 868 2766 ⁶25

1188 447 1266 485 Fiat,
1288 451 1376 479 motu
1399 444 1541 489 proprio.
1562 444 1583 475 Ι.

1058 503 1072 545 ξ
1099 502 1152 535 16.
1188 501 1226 533 Et
1254 511 1328 533 cmn
1361 498 1589 537 declaratione,
1625 502 1760 535 statuto,

1015 556 1229 595 ordinatione,
1266 553 1468 589 inhibitione,
1498 551 1643 589 decretis,
1673 552 1765 583 dero-

1015 610 1140 652 gatione
1162 615 1188 641 ct
1212 609 1281 642 aliis
1301 607 1502 652 praemissis,
1529 616 1611 648 quae
1633 606 1671 637 ad
1696 616 1765 648 par-

1016 660 1091 695 tem,
1124 654 1217 687 etiam
1239 653 1345 697 quoad
1366 652 1507 693 singulas
1527 655 1644 694 partes,
1676 660 1766 694 repe-

1017 704 1071 736 tita
1084 715 1150 736 esse
1163 708 1353 736 censeantur
1371 707 1396 734 et
1412 702 1484 739 sint,
1497 699 1647 733 latissime
1664 705 1769 732 exten-

1017 754 1139 787 dendis.
1164 753 1200 786 Et
1220 753 1325 795 quoad
1343 751 1593 795 praemissorum
1621 749 1766 782 munium

1017 809 1044 836 et
1067 803 1268 846 singulorum
1299 806 1329 833 et
1349 800 1537 844 praesertim
1568 799 1767 842 singularum

1018 852 1182 885 literarum
1196 856 1491 895 praenarratarimi,
1515 848 1770 892 privilegiorum-

1017 913 1091 946 que,
1114 901 1314 933 indultorum
1331 906 1358 932 et
1376 900 1514 932 alituum
1531 898 1769 931 eontrarimum

1018 952 1271 996 praedictorum,
1308 951 1511 993 aliorumspie
1542 949 1647 980 forsan
1677 948 1770 980 latius

1018 1001 1302 1043 exprimendorum
1334 1005 1469 1037 tenores,
1497 1009 1554 1041 pro
1576 997 1772 1030 sullieienter

1019 1050 1176 1093 expressis
1195 1049 1387 1087 habeantur,
1410 1059 1446 1079 ac
1468 1046 1614 1090 exprimi,
1647 1045 1771 1078 narrari

1019 1103 1049 1131 et
1068 1098 1165 1131 inseri
1194 1098 1315 1141 possint
1340 1097 1372 1129 in
1393 1096 1493 1129 literis
1516 1106 1574 1139 per
1598 1095 1693 1126 breve
1714 1104 1771 1126 no-

1019 1153 1121 1181 strum
1156 1146 1380 1192 expediendis,
1413 1156 1495 1189 quae
1517 1145 1549 1176 in
1582 1144 1684 1176 dictae
1717 1143 1772 1175 Ca-

1020 1208 1127 1231 merae
1148 1203 1177 1230 et
1197 1196 1412 1230 Cancellariae
1434 1199 1560 1227 nostrae
1582 1198 1612 1225 et
1635 1191 1773 1225 Audien-

1019 1248 1081 1282 tiae
1116 1257 1287 1280 causarum
1322 1244 1432 1278 Palatii
1460 1241 1632 1286 Apostoliei
1662 1240 1772 1280 valvis,

1020 1304 1050 1331 et
1070 1297 1102 1329 in
1126 1297 1194 1329 acie
1214 1296 1325 1339 Campi
1349 1294 1474 1333 Florae,
1497 1290 1635 1324 dimissis
1656 1290 1696 1322 ibi
1719 1300 1773 1322 co-

1022 1346 1094 1391 piis,
1117 1346 1237 1384 affixae,
1259 1350 1330 1389 post
1347 1354 1490 1377 mensem
1512 1353 1529 1374 a
1549 1341 1599 1373 die
1618 1338 1774 1372 atlixionis

1021 1396 1206 1429 huiusmodi
1216 1393 1481 1439 computandum,
1495 1402 1606 1425 omues
1618 1395 1645 1423 ct
1664 1389 1773 1430 singu-

1021 1446 1069 1479 los
1089 1446 1131 1478 ita
1155 1446 1294 1478 afficiant,
1319 1451 1413 1487 atque
1434 1447 1567 1481 arctent,
1598 1450 1633 1471 ac
1663 1438 1687 1471 si
1712 1438 1774 1471 illis

1024 1496 1235 1541 personaliter
1255 1494 1419 1526 intimatae
1441 1492 1584 1525 fuissent.

1332 1543 1410 1576 Fiat.
1430 1543 1452 1575 Ι.

1065 1597 1179 1629 Datum
1201 1594 1321 1627 Romae
1342 1593 1427 1637 apud
1448 1593 1478 1625 S.
1501 1592 1631 1625 Petrum
1652 1601 1692 1623 xii
1718 1591 1773 1623 ka-

1023 1645 1133 1678 lendas
1158 1644 1250 1683 iunii,
1273 1654 1357 1676 anno
1374 1648 1471 1675 sexto.

1067 1695 1158 1727 Anno
1179 1706 1196 1726 a
1217 1693 1377 1725 nativitate
1408 1691 1533 1724 Domini
1552 1701 1669 1727 Manv,
1696 1691 1776 1723 indi-

1024 1746 1128 1779 ctione
1144 1744 1267 1783 nonat,
1280 1742 1330 1775 die
1342 1753 1415 1775 vero
1427 1752 1498 1774 xxvi
1520 1741 1637 1774 mensis
1655 1742 1773 1783 martii,

1024 1796 1231 1840 pontificatus
1255 1792 1446 1826 sanctissimi
1474 1791 1504 1824 in
1533 1791 1658 1825 Christo
1677 1792 1776 1836 patris

1024 1850 1053 1879 et
1073 1846 1109 1878 D.
1132 1845 1168 1877 N.
1191 1844 1226 1876 D.
1254 1842 1300 1876 Pii
1329 1842 1433 1874 diviua
1455 1841 1653 1884 providentia
1673 1841 1776 1885 Papae

1023 1894 1130 1939 quarti
1145 1904 1228 1927 anno
1249 1903 1291 1931 vi,
1312 1891 1549 1936 suprascriptae
1571 1890 1680 1923 literae
1701 1902 1777 1935 apo-

1025 1944 1167 1985 stolicae,
1190 1945 1303 1982 lectae,
1326 1942 1436 1975 affixae
1457 1947 1483 1974 et
1508 1940 1689 1985 publicatae
1707 1942 1775 1974 l'ue-

1025 1999 1100 2027 runt
1119 1994 1151 2026 in
1171 1993 1250 2026 loeis
1270 1990 1497 2036 suprascriptis
1511 2017 1518 2029 ,
1542 1995 1576 2022 ut
1597 1989 1695 2022 moris
1716 1996 1773 2030 est,

1025 2043 1162 2077 dimissis
1190 2042 1319 2075 illarum
1353 2040 1454 2085 copiis
1483 2039 1603 2079 affixis,
1636 2052 1694 2084 per
1718 2050 1777 2072 nos

1024 2092 1258 2127 Bernardinum
1279 2089 1491 2123 Andreutium
1513 2094 1542 2121 et
1559 2088 1674 2121 Iulium
1692 2089 1777 2122 Pari-

1025 2154 1114 2182 num,
1126 2141 1321 2185 apostolicos
1347 2150 1506 2172 cursores.

1112 2191 1155 2224 Io.
1184 2190 1309 2231 Freille,
1331 2188 1481 2232 magister
1501 2198 1684 2222 cursorum.

1025 2371 1226 2414 Reformatio
1237 2370 1332 2414 officii
1346 2369 1627 2402 Poemtentz'ariae
1641 2367 1667 2401 A
1670 2372 1776 2412 posto-

1071 2421 1160 2453 licae.

1104 2483 1166 2512 Pius
1190 2484 1331 2519 episcopus
1356 2489 1452 2510 servus
1471 2488 1611 2510 servorum
1629 2480 1690 2513 Dei,

1170 2534 1203 2561 ad
1225 2533 1388 2569 perpetuam
1408 2532 1449 2560 rei
1465 2531 1635 2560 memoriam.

1071 2587 1106 2619 In
1136 2586 1266 2619 sublimi
1295 2586 1379 2619 beati
1409 2585 1493 2619 Petri
1527 2586 1625 2626 solio,
1657 2585 1778 2618 meritis

1027 2636 1101 2670 licet
1121 2636 1309 2680 imparibus,
1336 2646 1477 2679 superna
1501 2635 1709 2680 dispositione
1731 2635 1778 2667 lo-

1066 2696 1077 2721 1
1096 2695 1163 2729 Lege
1179 2698 1272 2721 octava
1288 2694 1325 2730 (rt.
1344 2694 1396 2730 T.)-

1782 282 1830 307 Αιι.
1849 280 1877 307 C.
1898 281 1964 308 ¹563

1806 508 1879 528 Forma
1895 511 1914 527 et
1931 508 1964 527 el'-

1779 538 1846 558 tectu<
1896 539 1964 565 publi-

1779 574 1875 591 calionis.

1817 1699 1939 1720 Publii-atio.

1822 2600 1870 2621 Emi
1877 2598 1937 2618 dixtin.
