2237 3100
238 317 286 342 An.
306 315 335 343 C.
356 316 421 344 ¹567

267 1599 422 1627 Exequutorum

240 1631 355 1658 deputatio.

482 307 546 341 546

437 376 485 402 ter
505 374 532 401 et
554 368 593 401 ad
615 378 754 410 unguem
778 372 935 411 perpetuo
956 364 1118 397 observari
1139 363 1191 396 de-

436 424 526 459 bere,
538 422 705 464 dictosque
722 421 846 464 priores
861 425 889 451 et
908 418 1020 450 fratres
1031 423 1061 450 et
1077 428 1190 450 eornm

436 485 650 515 successores,
667 484 764 516 super
784 473 853 504 iure
874 476 902 503 et
925 470 1125 513 possessione
1155 482 1190 503 ae

436 540 496 562 usu
519 527 708 572 sepeliendi,
744 526 881 568 aliisque
906 524 1093 568 praemissis
1121 535 1191 557 om-

438 582 533 615 nibus
543 586 571 614 et
583 580 729 623 siugulis,
748 589 807 623 per
818 588 1056 621 quoscumque,
1069 578 1190 621 quavis,

436 636 531 668 etiam
548 632 779 677 apostolicavel
790 631 966 672 ordinaria,
985 632 1189 673 auctoritate,

436 689 510 721 dieti
533 686 661 720 concilii
691 685 898 730 provincialis
927 685 959 717 in
981 685 1105 718 civitate
1134 686 1191 718 Ya-

435 742 556 775 lentiua
572 740 723 773 celebrati
740 746 792 772 aut
809 739 922 783 quovis
942 738 1004 772 alio
1020 744 1189 783 praetextu,

435 794 679 838 quomodolibet
692 793 876 837 inquietari,
891 793 1054 825 molestari
1070 794 1117 825 vel
1130 793 1191 825 im-

435 848 539 891 pediri
568 847 754 880 nullatenus
780 856 924 889 unquam
954 856 1047 889 posse.
1085 856 1192 890 neque

436 901 566 941 debere,
589 906 620 933 et.
639 900 684 933 sic
705 899 744 932 ab
765 899 917 932 omnibus
937 899 1075 939 censeri,
1098 911 1134 933 ac
1150 901 1191 933 ita

437 965 495 998 per
510 964 746 998 quoscumque,
761 958 825 985 tam
841 953 1006 986 ordinaria
1021 964 1119 997 quam
1136 953 1191 986 dc-

436 1009 539 1051 legata
560 1014 589 1041 et
611 1008 707 1040 mixta
727 1007 917 1040 auctoritate
937 1007 1118 1049 fungentes,
1142 1008 1192 1040 iu-

436 1062 523 1095 dices
543 1067 573 1094 et
595 1071 760 1105 personas,
783 1061 894 1104 quavis
906 1061 1109 1101 auctoritate,
1123 1061 1193 1093 nbi-

436 1126 499 1158 que
520 1115 671 1155 iudicari,
697 1114 847 1157 cognosci
868 1125 904 1147 ac
926 1114 1031 1147 decidi
1060 1115 1189 1155 debere,

436 1169 561 1202 sublata
582 1169 627 1202 eis
657 1174 687 1202 et
713 1178 827 1201 eorum
849 1167 983 1200 cuilibet
1002 1168 1113 1211 quavis
1133 1169 1191 1201 ali-

435 1227 485 1255 ter
505 1221 681 1263 iudicandi,
708 1221 877 1254 decidendi
903 1227 933 1254 et
959 1222 1192 1265 interpretandi

437 1276 588 1308 facultate
612 1280 641 1307 et
667 1274 872 1314 auet01·itate;
902 1274 1031 1307 irritum
1060 1286 1191 1319 quoque

438 1334 467 1361 ct
488 1329 583 1361 inane
605 1328 764 1371 quidquid
781 1338 873 1361 secus
889 1339 988 1371 super
1008 1328 1058 1361 his
1078 1339 1095 1361 a
1115 1340 1193 1372 quo-

437 1392 546 1425 quam,
556 1381 666 1424 quavis
678 1381 880 1421 auctoritate,
896 1381 1034 1414 scienter
1044 1381 1092 1414 vel
1104 1382 1193 1425 igno-

438 1441 557 1475 ranter,
577 1434 745 1477 contigerit
762 1434 922 1475 attentari,
937 1434 1142 1468 decernimus
1155 1446 1192 1469 ac

436 1490 651 1523 declaramus

481 1544 496 1587 ξ
515 1543 546 1576 4.
570 1542 728 1582 Quocirca
759 1542 883 1575 dilectis
901 1541 974 1574 filiis
994 1542 1099 1575 abbati
1116 1543 1192 1576 San-

437 1597 478 1630 cti
499 1596 653 1630 Bernardi
674 1596 712 1629 de
732 1596 761 1628 la
782 1596 878 1637 Real,
901 1595 1132 1637 Cisterciensis,
1156 1608 1192 1630 ac

436 1650 538 1694 priori
559 1650 597 1684 de
618 1650 685 1682 Vall
701 1650 739 1683 de
755 1650 866 1685 Mossa,
896 1649 1109 1683 Cartusiensis
1133 1651 1192 1684 Or-

437 1705 550 1738 dinum
572 1704 857 1741 monasteriorum,
877 1703 1095 1737 Maioriceusis
1112 1705 1192 1737 dioe-

438 1759 528 1799 cesis,
545 1769 581 1792 ac
593 1758 822 1792 archidiacono
839 1758 994 1791 ecclesiae
1004 1758 1192 1791 Maioricen-

438 1814 479 1844 sis
500 1817 527 1844 et
550 1821 663 1844 eorum
686 1811 817 1843 cuilibet
840 1822 898 1854 per
913 1811 1091 1854 apostolica
1115 1812 1193 1845 scri-

438 1871 489 1909 pta
528 1865 719 1897 mandamus
752 1869 912 1907 quatenus
946 1864 1005 1908 ipsi
1040 1866 1088 1897 vel
1127 1866 1192 1898 duo

438 1924 490 1952 aut
522 1929 606 1952 unus
636 1929 762 1956 eorum,
790 1929 848 1962 per
877 1929 910 1951 se
934 1919 980 1950 vel
1009 1919 1109 1951 alium
1136 1930 1190 1953 seu

437 1973 527 2015 alios,
543 1973 707 2017 prioribus
728 1978 756 2005 et
781 1972 953 2009 fratribus,
983 1973 1193 2007 conventibus

438 2033 465 2060 et
487 2026 730 2060 successoribus
750 2026 917 2070 praefatis,
946 2026 978 2058 in
1008 2027 1193 2071 praemissis

437 2080 575 2114 efficacis
596 2079 792 2113 defensionis
809 2079 970 2123 praesidio
995 2080 1190 2121 assistentes,

437 2134 555 2167 faciant
586 2138 769 2177 praesentes
798 2133 908 2166 literas
937 2134 1020 2166 etin
1041 2135 1085 2167 eis
1117 2145 1192 2168 con-

437 2194 522 2221 tcnta
548 2198 787 2231 quaecumque,
820 2187 887 2227 ubi,
910 2187 1040 2231 quando
1061 2192 1090 2221 et
1110 2199 1192 2232 quo-

439 2242 495 2274 ties
515 2252 597 2285 opus
617 2242 724 2282 fuerit,
747 2241 880 2285 plenum
911 2241 1061 2274 effectum
1085 2243 1191 2275 sortiri

438 2307 473 2328 ac
503 2296 542 2327 ab
577 2295 728 2328 omnibus
761 2294 987 2328 inviolabiliter
1015 2296 1190 2337 ohse1·vari;

438 2349 589 2392 ipsosque
615 2349 760 2392 priores,
792 2350 924 2389 fratres,
961 2355 1138 2383 conventus
1162 2356 1190 2383 et

439 2413 641 2435 successores
671 2414 706 2435 ac
736 2412 846 2435 omnes
874 2407 900 2436 et
925 2402 1068 2445 singulos
1098 2404 1190 2444 alios,

439 2466 520 2498 quos
541 2457 661 2489 eaedem
683 2461 848 2499 presentes
867 2456 979 2489 literae
1009 2458 1191 2499 quomodo-

440 2504 517 2536 libet
532 2511 745 2545 concernunt,
764 2505 828 2538 illis
845 2504 978 2548 pacifice
995 2506 1056 2538 frui
1070 2511 1101 2538 et
1115 2518 1192 2549 gau-

439 2554 527 2593 dere,
546 2564 609 2586 non
626 2555 850 2597 permittentes
865 2564 919 2587 eos
931 2564 986 2587 seu
999 2565 1191 2597 quemcum-

439 2613 502 2645 que
521 2603 634 2644 alium,
655 2609 765 2636 contra
786 2603 1006 2647 praesentium
1024 2604 1191 2638 literarum

440 2652 628 2685 earumdem
648 2658 806 2693 tenorem,
834 2652 929 2686 niodo
950 2653 1060 2696 aliquo
1090 2656 1191 2688 mole-

440 2699 528 2741 stari,
551 2701 701 2745 impediri
728 2708 782 2735 aut
807 2701 992 2745 inquietari.
1024 2702 1191 2738 Contradi-

1036 311 1218 336 BULLARIUM
1243 311 1395 336 ROMANUM

1234 368 1339 397 ctores
1357 368 1416 396 ete.
1439 363 1593 403 remedia,
1614 363 1831 406 appellatione
1851 366 1924 403 etc.;
1946 367 1991 401 et,

1234 416 1374 450 eonstito
1403 417 1450 449 eis
1481 417 1664 449 summarie
1690 417 1728 449 de
1755 426 1821 450 non
1840 421 1910 449 tuto
1939 426 1992 448 ac-

1234 481 1338 510 cessu,
1361 470 1533 502 citationes
1553 469 1724 513 quaslibet,
1743 469 1839 503 etiam
1854 480 1912 514 per
1928 469 1993 503 edi-

1235 529 1322 555 ctum
1335 523 1515 566 publicum,
1528 522 1746 563 decernendo,
1758 523 1907 566 ipsasque
1920 533 1993 556 oen-

1235 586 1326 609 suras
1336 582 1364 609 et
1380 587 1505 620 poenas,
1516 576 1642 620 quoties
1659 575 1885 617 eisvidebitur,
1896 576 1991 609 etiam

1234 629 1356 662 iteratis
1379 629 1504 662 vicibus
1537 628 1755 672 aggravando,
1775 633 1807 662 et
1834 629 1991 663 auxilium

1234 683 1358 716 brachii
1377 687 1435 716 etc.

1279 736 1294 779 ξ
1314 736 1344 769 5.
1367 736 1438 769 Non
1468 736 1671 769 obstantibus
1700 736 1839 769 coneilio
1860 736 1991 780 provin·
2005 741 2170 800 ggssgfflgfum-

1235 789 1307 821 ciali
1330 790 1487 832 praefato,
1510 789 1646 832 aliisque
1665 789 1853 834 praemissis
1876 800 1914 823 ac
1930 801 1993 834 piae

1236 843 1413 876 memoriae
1434 842 1582 876 Bonifatii
1599 843 1658 876 PP.
1686 843 1763 883 VllI,
1785 844 1882 876 etiam
1911 854 1993 888 prae-

1235 896 1413 929 decessoris
1424 896 1538 937 nostri,
1557 897 1596 930 de
1612 907 1689 937 una,
1703 902 1733 930 et
1743 896 1873 930 concilii
1894 907 1992 940 gene-

1235 949 1310 982 ralis
1329 950 1367 983 de
1385 950 1512 983 duabus
1527 950 1642 983 diaetis
1661 950 1757 991 edita,
1776 956 1807 984 et
1826 951 1898 984 aliis
1913 961 1992 995 apo-

1235 1003 1356 1036 stolicis
1376 1014 1413 1037 ac
1434 1004 1531 1037 etiam
1558 1004 1592 1037 in
1612 1004 1866 1047 provincialibus
1892 1009 1923 1037 et
1942 1015 1992 1048 sy-

1235 1057 1407 1091 nodalibus
1433 1063 1463 1091 et
1489 1057 1696 1100 generalibus
1724 1057 1871 1091 conciliis
1899 1058 1993 1091 editis

1235 1116 1262 1143 ct
1274 1110 1406 1144 edendis
1421 1111 1627 1154 generalibus
1636 1112 1684 1144 vel
1702 1111 1897 1155 specialibus
1917 1122 1992 1145 con-

1235 1162 1456 1197 stitutionibus
1490 1169 1521 1197 et
1554 1164 1832 1205 ordinationibus,
1864 1174 1993 1199 necnon

1235 1216 1401 1260 quibusvis
1410 1217 1536 1251 statutis
1547 1223 1575 1251 et
1587 1218 1888 1260 consuetudinibus,
1896 1218 1992 1252 etiam

1234 1270 1428 1312 iuramento,
1449 1276 1522 1311 etc.;
1536 1271 1599 1305 sive
1614 1271 1639 1305 si
1655 1271 1830 1315 aliquibus,
1843 1283 1992 1306 commu-

1235 1324 1320 1357 niter
1335 1325 1384 1358 vel
1404 1324 1542 1366 divisim,
1565 1330 1622 1359 ele.
1645 1336 1711 1359 non
1732 1324 1855 1369 possint
1873 1336 1933 1369 per
1951 1326 1992 1359 li-

1235 1384 1319 1411 teras
1343 1378 1536 1422 apostolicas
1560 1389 1626 1412 non
1647 1379 1801 1413 facientes
1819 1380 1951 1424 plenam
1961 1385 1991 1414 et

1236 1441 1419 1475 expressam
1448 1443 1485 1465 ae
1522 1432 1561 1466 de
1587 1432 1685 1466 verbo
1719 1433 1760 1466 ad
1784 1433 1919 1467 verbum
1952 1433 1992 1468 de

1234 1485 1361 1519 indulto
1387 1486 1575 1520 huiusmodi
1595 1487 1808 1521 mentionem.

1277 1540 1395 1573 Datum
1415 1541 1535 1575 Romae
1561 1542 1649 1585 apud
1668 1542 1824 1576 Sanctum
1843 1542 1989 1585 Petrum,

1235 1594 1294 1627 sub
1315 1595 1436 1627 annulo
1457 1595 1640 1637 piscatoris,
1670 1596 1721 1629 die
1757 1606 1809 1630 xiv
1837 1596 1992 1630 februarii

1235 1657 1378 1689 MDvan,
1400 1648 1609 1693 pontificatus
1629 1649 1730 1682 nostri
1751 1660 1836 1683 anno
1856 1659 1890 1683 11.

1250 1706 1311 1737 Dat.
1333 1706 1381 1736 die
1399 1707 1434 1736 14
1453 1706 1596 1737 februarii
1614 1707 1705 1744 1567,
1725 1707 1828 1747 pontif.
1844 1717 1922 1739 anno
1938 1717 1969 1739 Π.

1546 1854 1673 1887 XLVIII.

1236 1932 1413 1966 Provincia
1451 1933 1629 1967 Hiberniae
1670 1934 1815 1976 fratrum
1858 1937 1992 1972 Ordinis

1282 1986 1547 2019 praedicatorum
1576 1988 1678 2020 variis
1697 1994 1836 2022 ornatur
1854 1992 1990 2034 privile-

1278 2040 1342 2083 {siis
1360 2041 1386 2073 ¹.

1334 2121 1396 2150 Pius
1415 2121 1557 2158 episcopus
1576 2130 1672 2152 servus
1691 2131 1832 2154 servorum
1849 2125 1912 2160 Dei.

1378 2172 1412 2200 ad
1431 2173 1595 2208 perpetuam
1613 2174 1655 2202 rei
1672 2174 1844 2204 memoriam.

1280 2248 1342 2281 Pro
1363 2249 1503 2293 suscepti
1521 2260 1537 2282 a
1558 2249 1651 2283 nobis
1678 2251 1846 2293 regiminis
1868 2253 1987 2295 officio,

1235 2307 1271 2329 ca
1292 2308 1375 2341 quae
1402 2298 1576 2331 Ordinibus
1602 2304 1633 2332 et
1657 2300 1736 2333 locis
1769 2301 1988 2345 regularibus,

1235 2356 1415 2391 eorumque
1426 2348 1654 2391 personis,'pro
1667 2349 1752 2382 felici
1768 2354 1800 2383 et
1814 2351 1990 2395 tranquillo

1236 2395 1381 2438 ipsorum
1397 2401 1492 2437 statu,
1507 2402 1537 2429 et
1557 2397 1638 2430 Sede
1658 2398 1842 2442 Apostolica
1857 2400 1990 2443 provide

1235 2455 1388 2478 concessa
1408 2446 1504 2479 fuisse
1525 2445 1688 2487 dicuntur,
1711 2452 1747 2480 ut
1766 2447 1894 2481 firmius
1912 2449 1989 2482 sub-

1235 2494 1359 2535 sistant,
1372 2494 1522 2536 libenter,
1540 2506 1615 2529 cum
1635 2506 1653 2528 a
1672 2496 1765 2529 nobis
1779 2497 1911 2540 petitur,
1929 2507 1988 2531 no-

1235 2548 1300 2576 stro
1317 2543 1477 2587 praesidio
1490 2545 1742 2587 communimus,
1751 2550 1782 2579 et
1790 2545 1899 2587 etiam,
1917 2558 1989 2581 sua-

1235 2592 1329 2625 dente
1350 2603 1461 2626 rerum
1482 2599 1513 2626 et
1534 2599 1718 2636 temporum
1745 2594 1911 2638 qualitate,
1933 2596 1988 2630 illa

1236 2642 1282 2674 eis
1298 2641 1516 2685 indulgemus,
1529 2643 1649 2686 quibus
1659 2643 1800 2684 subnixi,
1818 2644 1942 2687 possint
1955 2645 1989 2678 in

1274 2714 1283 2739 t
1302 2713 1340 2740 Ex
1353 2713 1450 2741 Bullar.
1463 2713 1529 2742 Ord.
1539 2713 1570 2742 fr.
1585 2714 1743 2749 Praedicat„
1756 2717 1820 2744 tom.
1832 2723 1861 2750 v,
1873 2724 1900 2753 p.
1914 2717 1973 2745 ¹1⁸9.

2008 308 2060 335 An.
2079 307 2191 336 &156⁷

2231 1507 2237 1514 k
2228 1212 2237 1469 Αμ,ι,ἀᾼ...ε.-ι.-.-«Α..Δ
2229 1171 2237 1193 α,
2227 1144 2233 1159 ⁴⁴
2226 1079 2237 1111 t...
2232 1048 2237 1058 ι.
2235 1027 2237 1034 ,.
2233 979 2237 1012 ‚m
2233 936 2237 957 ,,
2233 900 2237 910 -

2031 2261 2148 2285 Exordium.
