2237 3100
88 282 140 310 A-n.
157 281 188 309 C.
203 281 273 311 ¹⁸66

115 982 200 1008 Signum
215 981 275 1002 delo-

87 1015 176 1036 rendum
203 1019 215 1034 a
242 1014 276 1035 iu-

89 1045 147 1066 daei·
163 1044 265 1070 declat-³23

118 1244 161 1266 Hoc
174 1245 276 1273 publicari

90 1278 150 1298 iubet
190 1278 276 1298 ordina-

89 1314 136 1334 τηις

119 1623 174 1645 obse
178 1623 279 1644 nautium

93 1655 146 1682 petit
170 1661 182 1674 a
200 1654 280 1680 prinei-

91 1686 161 1713 pihu=;

125 2212 242 2234 contrait·
252 2213 290 2233 ‹lv-

100 2247 168 2271 rogat.

972 277 1039 301 PIUS
1062 277 1080 300 V
1104 277 1153 301 FP.

286 331 341 364 illa
361 335 575 371 concernunt,
596 332 704 364 omnia
725 336 756 364 et
773 330 898 373 singula
917 330 948 364 in
965 329 1039 363 dieti

287 383 546 427 praedecessoris
565 383 666 418 literis
686 389 837 417 contenta
856 389 887 417 et
902 384 976 417 inde
993 395 1041 418 se-

287 441 362 471 cuta
380 437 619 481 quaecumque,
641 437 831 471 auctoritate
851 437 1038 481 apostoliea,

287 490 507 534 praesentium
519 496 643 531 tenore,
657 491 888 535 approbamus,
908 491 1040 524 innova-

286 554 359 576 mus
379 548 410 576 et
429 543 673 584 confirmamus,
695 549 726 576 et
745 544 847 577 robur
866 550 1041 588 perpetuae

287 596 448 630 firmitatis
471 597 618 630 obtinere
637 597 856 637 decernimus,
878 598 1038 637 volumus,

286 654 318 683 et
341 649 401 682 sub
421 650 684 684 interminatione
699 649 797 683 divini
816 650 929 683 iudicii
951 661 1042 693 prae-

287 702 426 747 cipimus
441 708 474 736 et
491 703 695 744 mandamus,
714 708 745 736 et
761 703 869 736 omnia
890 703 923 735 in
938 708 1042 747 poste-

286 767 360 789 rum
381 756 543 789 observari
559 757 707 797 firmiter,
725 767 791 790 non
806 757 911 789 solum
932 756 964 789 in
980 762 1042 790 ter-

287 809 331 842 ris
351 814 382 842 et
400 809 552 843 dominiis
570 810 664 843 nobis
684 809 847 850 subiectis,
870 810 926 843 sed
946 810 1042 843 etiam

288 862 410 906 ubique
434 863 595 896 locorum.

332 916 347 960 §
366 915 398 950 3.
420 916 468 957 Et,
489 916 529 949 ad
548 927 679 950 omnem
700 917 787 950 cirea
813 917 955 950 colorem
975 916 1043 949 bir-

288 970 349 1004 reti
368 981 428 1014 per
446 972 621 1011 masculos,
649 976 681 1004 et
700 970 782 1012 signi
802 980 862 1014 per
886 969 1044 1003 foeminas

289 1024 541 1058 deferendorum
570 1023 758 1058 huiusmodi
791 1023 1044 1057 submovendam

288 1077 546 1119 haesitationem,
576 1078 781 1112 declaramus
804 1077 926 1110 dictum
955 1077 1044 1110 eolo-

289 1131 359 1165 r'em
379 1142 460 1173 esse,
482 1132 539 1176 qui
558 1132 654 1175 vulgo
673 1131 788 1175 qiczldo-
805 1129 935 1164 dieitur.

334 1186 350 1229 ἓ
368 1185 400 1218 4.
423 1185 620 1227 Mandantes,
634 1184 667 1218 in
678 1185 795 1218 virtute
819 1188 948 1217 sanctae
968 1183 1045 1217 obe-

289 1238 442 1280 dientiae,
455 1239 608 1272 omnibus
619 1243 650 1271 et
664 1237 800 1281 singulis
810 1237 1047 1271 venerabilibus

290 1292 456 1333 fratribus,
477 1291 682 1336 patriarchis,
696 1290 900 1335 primatibus,
918 1290 1046 1324 arehie-

289 1345 432 1390 piscopis
455 1350 487 1378 et
509 1344 682 1388 episcopis,
705 1349 865 1387 quatenus
884 1343 917 1376 in
937 1343 1047 1378 civita-

289 1399 376 1433 tibus
404 1403 436 1432 et
459 1398 663 1432 dioecesibus
691 1397 832 1442 propriis
863 1402 1048 1441 praesentes

290 1457 418 1486 nostras
445 1451 555 1485 literas
583 1451 745 1496 publicari
765 1456 797 1485 et
816 1451 978 1484 observari
1002 1451 1047 1484 fa-

292 1505 389 1540 ciant.
598 1541 601 1543 .

336 1560 352 1603 ἓ
371 1559 403 1594 5.
425 1559 464 1592 Et
482 1569 595 1592 omnes
623 1558 790 1603 principes
810 1558 994 1591 saeculares
1019 1563 1050 1591 et

293 1613 373 1646 alios
401 1612 551 1646 dominos
570 1617 601 1645 et
620 1612 827 1655 magistratus
855 1612 1050 1654 temporales

293 1677 458 1710 rogamus,
486 1665 683 1710 requirimus
709 1670 741 1699 et
760 1665 969 1699 obsecramus
993 1676 1051 1709 per

293 1719 416 1754 viscera
429 1719 678 1763 ,misericordiae
696 1719 768 1753 Iesu
783 1718 910 1759 Christi,
929 1718 1051 1751 eisdem

294 1774 329 1807 in
349 1773 574 1807 remissionem
603 1778 813 1817 peccatorum
838 1772 1052 1805 nihilominus

294 1827 501 1871 iniungentes
520 1826 628 1870 quod,
643 1826 676 1859 in
692 1825 878 1869 praemissis
889 1825 1050 1865 omnibus,

295 1881 415 1915 eisdem
432 1879 637 1925 patriarchis,
659 1878 865 1924 primatibus,
887 1878 1051 1923 archiepi-

296 1934 402 1978 scopis
421 1939 453 1967 et
472 1933 634 1977 episeopis
657 1933 816 1972 assistant,
839 1937 869 1965 et
889 1943 983 1965 suum
1006 1933 1051 1965 sa-

295 1998 406 2021 vorem
432 1992 464 2021 et
486 1986 643 2020 auxilium
670 1991 844 2030 praestent,
866 1996 903 2018 ac
923 1991 1052 2018 contra-

297 2041 450 2075 facientes
464 2040 590 2084 poenis,
611 2039 707 2073 etiam
724 2038 969 2082 temporalibus,
987 2039 1054 2071 assi-

300 2094 397 2128 ciant.

344 2148 360 2192 §
388 2147 420 2182 6.
450 2147 522 2181 Non
549 2145 751 2180 obstantibus
780 2145 943 2185 omnibus,
971 2156 1054 2189 quae

300 2202 388 2236 idem
406 2201 527 2235 Paulus
555 2199 784 2244 praedecessor
810 2199 843 2232 in
863 2199 1056 2243 supradietis

301 2255 402 2290 literis
421 2254 522 2288 voluit
540 2264 606 2287 non
626 2253 766 2293 obstare,
785 2252 957 2296 privilegiis
977 2264 1056 2296 quo-

302 2320 379 2354 que,
400 2307 534 2342 indultis
553 2313 584 2341 et
602 2306 705 2341 literis
725 2305 909 2351 apostolicis
930 2317 987 2350 per
1007 2318 1056 2340 re-

302 2362 457 2397 colendae
486 2360 662 2395 memoriae
690 2359 782 2393 Pium
804 2364 969 2403 quartum,
993 2361 1056 2394 Ro-

303 2426 437 2450 manum
466 2414 656 2448 Pontificem
690 2413 971 2457 praedecessorem
998 2424 1057 2447 no-

303 2470 417 2506 strum,
427 2470 457 2497 et
469 2463 584 2497 Sedem
595 2462 826 2507 Apostolieam,
840 2461 935 2494 etiam
951 2462 1058 2495 forsan

305 2512 581 2553 consistorialiter,
603 2522 640 2545 ac
660 2521 718 2555 per
736 2510 819 2543 viam
839 2511 997 2551 generalis
1011 2511 1057 2544 le-

305 2563 353 2606 gis
372 2567 403 2596 et
422 2561 542 2602 statuti,
565 2571 603 2594 ac
623 2560 656 2592 in
672 2559 736 2593 vim
756 2559 899 2603 stipulati
915 2565 1059 2593 contrac-

305 2618 370 2653 tus,
388 2622 426 2645 ex
436 2610 558 2655 quavis,
578 2609 673 2643 etiam
692 2607 918 2652 urgentissima
937 2613 968 2642 et
986 2619 1060 2642 one-

306 2671 392 2702 rosa,
407 2670 515 2701 causa,
537 2670 575 2693 ac
594 2664 684 2692 motu
702 2657 848 2703 proprio,
866 2664 898 2692 et
916 2668 954 2692 ex
974 2663 1061 2692 certa

1724 264 1789 299 439

1082 328 1226 369 scientia,
1249 328 1333 362 etde
1354 326 1549 372 apostolicae
1577 326 1739 370 potestatis
1765 327 1835 369 ple-

1082 382 1241 421 nitudine,
1263 381 1358 415 etiam
1371 392 1446 414 cum
1466 380 1643 424 quibusvis,
1666 380 1761 413 etiam
1779 380 1834 413 dc-

1082 435 1320 478 rogatoriarum
1340 434 1550 477 derogatoriis
1572 433 1708 476 aliisque
1731 433 1836 466 essiea-

1083 489 1225 522 cioribus
1240 494 1271 521 et
1285 488 1431 528 insolitis,
1448 487 1612 527 clausulis,
1623 486 1838 519 irritantibus-

1082 553 1145 586 que
1165 547 1195 575 et
1211 542 1281 575 aliis
1296 541 1433 575 decretis
1449 539 1837 584 quomodolibetconces-

1083 596 1137 635 sis,
1160 595 1359 628 confirmatis
1387 601 1418 628 et
1447 594 1616 634 innovatis,
1639 593 1734 626 etiam
1755 593 1781 626 si
1805 594 1838 626 in

1083 649 1129 681 eis
1156 649 1384 691 disponeretur
1417 653 1447 682 et
1481 652 1647 681 caveretur
1675 657 1836 690 expresse,

1083 701 1191 745 quoad
1219 702 1411 735 delationem
1440 701 1552 734 birreti
1585 700 1691 744 glauci
1722 700 1841 733 coloris

1083 754 1271 788 huiusmodi
1302 755 1334 787 in
1362 755 1489 794 itinere,
1522 765 1558 787 ac
1587 754 1674 797 quod
1704 764 1782 794 non,
1806 760 1841 786 ut

1084 807 1313 852 praemittitur,
1336 808 1368 840 in
1388 809 1460 842 loco
1487 808 1597 841 clauso
1625 807 1772 841 habitare
1792 813 1840 841 te-

1084 867 1253 901 nerentur,
1275 866 1306 894 et
1325 862 1411 905 quod
1432 862 1518 894 bona
1537 861 1663 894 stabilia
1681 872 1786 904 usque
1801 861 1841 894 ad

1085 920 1206 948 certam
1227 925 1387 948 summam
1408 915 1590 958 acquirere,
1603 925 1640 948 ac
1656 915 1840 949 societatem

1086 979 1161 1001 eum
1182 968 1365 1002 christianis
1385 978 1483 1012 super
1502 968 1600 1001 rebus
1619 969 1659 1002 ad
1679 979 1841 1002 annonam

1086 1021 1305 1065 spectantibus
1315 1021 1408 1062 inire,
1427 1032 1463 1054 ac
1476 1021 1750 1055 conversationem
1767 1033 1842 1056 cum

1087 1076 1206 1109 eisdem
1228 1075 1490 1108 christifidelibus
1505 1075 1636 1116 habere,
1655 1086 1691 1109 ac
1708 1076 1842 1119 pignora

1087 1129 1165 1162 alias
1185 1139 1282 1173 quam
1308 1128 1508 1172 praescripto
1535 1128 1631 1161 modo
1652 1128 1841 1169 distrahere,

1087 1194 1125 1216 ac
1146 1183 1255 1226 plures
1275 1192 1451 1225 synagogas
1478 1181 1617 1215 retinere
1644 1188 1774 1225 possent
1793 1182 1843 1215 in-

1089 1235 1235 1276 dulserit,
1258 1240 1313 1268 aut
1328 1235 1406 1268 alias
1422 1234 1668 1278 quomodolibet
1685 1235 1730 1268 eis
1745 1235 1844 1268 dietas

1089 1290 1196 1322 literas
1225 1289 1316 1322 Pauli
1351 1288 1608 1332 praedecessoris
1637 1288 1669 1320 in
1704 1289 1844 1321 savorem
1891 1296 1896 1300 ·

1088 1343 1304 1376 hebraeorum
1317 1341 1558 1385 praedictorum
1567 1341 1760 1374 limitaverit.
1772 1341 1847 1380 Qui-

1089 1397 1150 1429 bus
1170 1395 1331 1435 omnibus,
1356 1395 1452 1428 etiam
1470 1395 1510 1435 si,
1534 1405 1593 1438 pro
1605 1394 1735 1428 illorum
1755 1394 1846 1427 suffi-

1091 1449 1187 1483 cienti
1204 1449 1425 1491 derogatione,
1447 1448 1487 1481 de
1507 1447 1569 1481 illis
1595 1458 1777 1492 corumque
1796 1453 1846 1481 to-

1091 1503 1130 1537 tis
1150 1503 1318 1536 tenoribus
1337 1501 1498 1546 specialis,
1516 1500 1679 1545 specifica,
1698 1512 1845 1545 expressa

1092 1561 1122 1589 et
1142 1555 1306 1589 individua
1322 1566 1358 1588 ae
1376 1555 1415 1588 de
1430 1555 1529 1587 verbo
1546 1555 1585 1587 ad
1600 1555 1735 1588 verbum
1748 1581 1756 1594 ,
1781 1565 1846 1588 non

1092 1615 1200 1643 autem
1222 1619 1279 1653 per
1300 1609 1462 1641 clausulas
1487 1608 1655 1651 generales
1675 1608 1760 1641 idem
1786 1608 1848 1641 irn-

1093 1668 1268 1706 portantes,
1292 1662 1413 1695 mentio
1429 1672 1485 1695 seu
1501 1661 1632 1704 quaevis
1646 1661 1708 1694 alia
1724 1672 1850 1705 expres-

1093 1717 1140 1749 sio
1160 1716 1321 1756 habenda,
1344 1721 1399 1749 aut
1413 1715 1475 1748 alia
1491 1715 1648 1759 exquisita
1664 1716 1768 1748 forma
1787 1726 1850 1748 ser-

1093 1771 1195 1804 vanda
1214 1771 1308 1810 soret,
1330 1775 1361 1803 et
1379 1769 1413 1802 in
1433 1769 1479 1802 eis
1504 1774 1654 1802 caveatur
1673 1769 1761 1813 quod
1781 1770 1851 1802 nul-

1093 1825 1220 1857 latcnus
1240 1823 1389 1867 derogari
1409 1822 1521 1867 possit,
1544 1822 1676 1856 illorum
1703 1823 1851 1856 omnium

1095 1883 1222 1910 tenores
1251 1876 1474 1920 praesentibus
1495 1886 1554 1919 pro
1575 1876 1774 1909 sufficienter
1798 1887 1851 1909 ex-

1096 1931 1212 1973 pressis
1245 1941 1282 1963 ac
1302 1930 1341 1963 de
1373 1930 1470 1963 verbo
1498 1929 1537 1962 ad
1557 1929 1690 1962 verbum
1724 1929 1852 1962 insertis

1094 1984 1260 2024 habentes,
1282 1993 1409 2016 necnon
1430 1982 1543 2016 modos
1554 1987 1583 2015 et
1603 1982 1735 2023 formas,
1758 1983 1798 2016 ad
1821 1983 1853 2016 id

1095 2037 1276 2080 servandas,
1290 2047 1350 2081 pro
1367 2036 1532 2069 individuo
1547 2035 1678 2069 servatis
1688 2036 1852 2077 habentes,

1095 2092 1211 2124 harum
1233 2091 1316 2124 serie
1335 2090 1518 2135 specialiter
1539 2095 1569 2123 et
1589 2100 1738 2134 expresse
1757 2090 1853 2123 dero-

1097 2155 1221 2188 gamus,
1245 2150 1275 2178 et
1294 2144 1403 2178 literas
1431 2143 1574 2177 eiusdem
1600 2143 1692 2176 Pauli
1717 2144 1853 2188 praede-

1098 2199 1244 2240 cessoris,
1267 2204 1298 2232 et
1317 2198 1425 2232 omnia
1449 2197 1483 2230 in
1507 2197 1552 2230 eis
1573 2203 1723 2230 contenta
1742 2197 1854 2231 obser-

1097 2253 1163 2286 vari
1182 2253 1215 2286 in
1236 2252 1388 2286 omnibus
1407 2256 1439 2285 et
1453 2251 1632 2295 peromnia
1648 2252 1851 2293 mandamus,

1099 2306 1231 2350 perinde
1251 2317 1288 2339 ac
1308 2306 1333 2339 si
1353 2305 1466 2338 literae
1480 2304 1538 2346 Pii,
1557 2304 1704 2338 similiter
1718 2305 1854 2349 praede-

1099 2359 1236 2393 cessoris
1265 2359 1387 2399 nostri,
1410 2368 1476 2392 non
1497 2363 1718 2398 emanassent,
1744 2363 1801 2392 aut
1828 2359 1854 2391 si

1099 2413 1274 2456 aliquibus,
1297 2411 1516 2445 communiter
1525 2412 1574 2444 vel
1589 2411 1726 2452 divisim,
1748 2412 1788 2445 ab
1804 2423 1856 2446 ea-

1100 2463 1172 2496 dem
1189 2462 1319 2496 sitSede
1334 2461 1496 2495 indultum
1511 2462 1599 2504 quod
1614 2461 1775 2502 interdici,
1788 2472 1855 2494 sus-

1100 2511 1196 2555 pendi
1211 2512 1259 2545 vel
1283 2510 1558 2544 excommunicari
1577 2520 1643 2543 non
1660 2510 1783 2554 possint
1798 2521 1856 2554 per

1101 2559 1209 2592 literas
1235 2558 1428 2604 apostolicas
1455 2568 1520 2591 non
1545 2558 1699 2592 facientes
1727 2559 1854 2602 plenam

1101 2613 1132 2641 et
1151 2618 1334 2651 expressam
1359 2618 1396 2641 ae
1416 2608 1455 2641 de
1473 2608 1572 2641 verbo
1598 2607 1637 2640 ad
1657 2607 1791 2641 verbum
1816 2607 1855 2640 dc

1101 2657 1227 2692 indulto
1246 2657 1434 2692 huiusmodi
1453 2656 1663 2691 mentionem.

1848 274 1896 300 An.
1915 273 1944 300 C.
1965 273 2033 300 1566
2053 251 2064 260 ·
