2237 3100
38 267 90 295 Αη.
106 266 136 295 C.
154 266 221 295 {560

39 325 83 372 21150
92 323 224 372 :guwggffi
238 318 298 362 ipsi
319 316 499 362 specialiter
519 315 557 350 ad
578 327 708 350 causam
728 315 829 349 vocati
852 316 968 349 suerint
981 343 988 355 ‚

39 389 81 403 non
105 381 223 434 dprmqffi·
239 382 336 416 super
354 370 575 404 iurisdictione
597 370 760 414 praedicta
780 375 811 402 et
830 380 888 402 sua
908 369 991 402 civili

40 419 88 435 care
120 418 209 437 ‘rernm

55 751 158 772 Peranna·
173 750 226 771 Rett-

42 784 108 808 giouis
121 783 140 802 in
156 783 225 802 causi·

42 815 107 839 ipsius
151 817 224 839 testu,

43 846 60 865 ut
72 846 88 865 ts
106 845 225 865 deficienti-

42 875 87 900 bus,
96 876 161 902 recipi
170 881 225 895 mun·

43 906 75 926 dut
87 914 92 932 ;

69 1232 94 1254 ΣΙ.
125 1234 226 1258 „tagini-0

40 1266 122 1291 priore·
142 1270 225 1284 necnon

40 1301 162 1322 quo-eumq,
182 1295 225 1315 tra-

40 1331 84 1347 tre·
99 1327 226 1352 delinquen-

41 1363 74 1377 tes
94 1358 170 1384 ubique
188 1362 225 1377 ca-

40 1394 90 1415 pcto
103 1393 164 1415 posse
173 1393 224 1408 con-

41 1420 104 1442 ce·]tt;

908 261 974 285 PIUS
994 260 1024 285 IV
1045 259 1091 284 Pr.

238 435 351 458 eorum
372 423 573 467 possessione
594 423 809 467 praeiudicari
826 428 880 456 aut
895 433 991 466 prae-

239 478 416 511 iudicatum
450 477 575 510 censeri
610 487 674 510 non
708 487 800 521 posse
815 503 822 517 ,
849 476 903 508 sed
938 486 992 508 eos

239 542 388 575 semper,
409 541 444 563 re
478 530 618 563 iudicata
646 530 832 564 huiusmodi
853 540 917 563 non
937 530 993 562 ob-

239 590 353 625 stante,
376 596 473 629 super
488 584 686 628 possessorio
697 583 883 617 huiusmodi
898 594 992 626 agere

240 644 271 672 et
290 638 328 671 de
349 638 453 682 spolio
473 638 549 671 dare
575 648 679 682 posse.

284 693 299 735 ἓ
319 691 371 725 69.
394 693 548 736 Ipsosque
570 692 771 734 magistrum,
793 691 927 735 priores,
940 690 994 723 ba-

241 745 364 786 iulivos,
380 751 619 789 praeceptore&
638 745 764 783 milites,
786 744 910 783 fratres,
922 754 994 787 per-

240 807 344 838 sonas,
364 799 534 837 vassallos,
555 798 700 831 subditos
711 803 741 830 ct
757 797 938 836 servitores,
961 796 993 828 in

240 851 341 895 ipsius
371 852 538 896 hospitalis
567 858 597 885 et
629 850 853 893 religiosorum
876 850 991 889 causis,

241 905 272 937 in
292 905 380 938 omni
410 905 530 939 iudicio
556 911 586 938 et
619 910 731 938 contra
750 915 993 948 quoscumque,

241 958 295 991 ubi
315 958 396 992 aliae
417 959 623 1003 probationes
643 968 707 991 non
728 957 873 998 existant,
898 958 993 991 etiam

241 1011 326 1044 iuxta
359 1012 497 1046 formam
531 1011 823 1045 stabilimentorum
849 1016 879 1044 et
900 1011 995 1054 privi-

241 1065 398 1108 legiorum
430 1065 688 1109 praedictorum,
721 1064 751 1096 in
780 1069 875 1097 testes
902 1064 994 1097 adhi-

239 1117 320 1151 beri.

285 1172 299 1215 g
316 1172 368 1206 70.
391 1172 520 1206 Necnon
537 1172 725 1215 magistrum
743 1177 773 1204 et
789 1177 993 1211 conventum,

241 1236 463 1269 quoscumque
492 1231 523 1259 et
546 1224 690 1268 singulos
714 1225 859 1269 prioreS,
882 1226 995 1258 baiuli-

241 1289 306 1319 ros,
330 1279 538 1312 castellanum
568 1284 742 1323 empostae,
762 1290 895 1312 suorum
910 1280 995 1323 prio-

242 1337 385 1372 ratuum,
406 1332 632 1365 baiuliviarum
654 1338 682 1365 et
704 1333 908 1366 castellaniae
933 1334 995 1366 sra-

240 1391 303 1418 tres
337 1396 394 1418 seu
419 1385 586 1428 religiosos
605 1385 829 1430 delinquentes
852 1387 901 1419 rel
927 1387 995 1420 ino-

240 1438 414 1477 bedientes,
438 1439 673 1482 cuiuscumque
694 1439 866 1482 dignitatis,
883 1446 993 1481 status,

238 1492 367 1533 gradus,
387 1492 508 1526 ordinis
528 1498 558 1525 et
578 1493 841 1536 praeeminentiat·
858 1494 995 1527 existen-

240 1551 294 1585 tes,
307 1546 402 1579 etiam
411 1547 435 1579 si
448 1546 570 1590 quavis,
583 1547 678 1579 etiam
690 1547 876 1590 apostolica,
889 1559 994 1581 exem-

240 1598 347 1641 ptione
372 1600 598 1643 fungerentur,
622 1600 654 1632 in
674 1611 882 1645 quocumque
908 1602 992 1641 loco,

238 1653 441 1696 quantumvis
458 1654 675 1697 privilegiato,
698 1659 729 1687 et
752 1655 874 1697 quavis,
898 1655 992 1688 etiam

239 1705 460 1749 imperatoris,
487 1718 599 1750 regum
629 1718 685 1740 seu
715 1708 853 1741 aliorum
876 1709 995 1752 priuci-

239 1770 315 1802 pum
330 1786 337 1800 ,
361 1761 454 1793 etiam
477 1761 784 1800 ecclesiasticorum,
803 1762 893 1794 curia
906 1787 913 1801 ‚
938 1773 995 1805 per

239 1824 271 1845 se
292 1819 346 1847 aut
367 1825 442 1847 suos
461 1815 614 1848 officiales
641 1821 668 1848 et
691 1815 854 1849 ministros
880 1826 994 1860 capere

239 1872 270 1900 et
288 1867 509 1908 incarcerare,
529 1880 566 1902 ac
587 1874 697 1912 captos
718 1881 734 1902 a
760 1880 791 1902 se
812 1870 859 1901 vel
881 1880 993 1902 eorum

237 1921 369 1955 nomine
389 1922 538 1963 liberare,
562 1929 592 1955 et
625 1923 663 1956 ad
689 1923 846 1967 hospitale
867 1923 994 1967 praedi-

238 1979 325 2007 ctum
346 1986 405 2019 per
421 1976 609 2019 magistrum
636 1982 664 2009 et
691 1982 883 2009 conventum
907 1988 996 2020 prae-

239 2027 353 2069 dictos,
375 2029 462 2063 iuxta
482 2041 595 2063 eorum
617 2030 862 2064 constitutiones
882 2036 912 2063 et
933 2036 995 2063 sta-

241 2080 407 2115 bilimenta
427 2083 620 2126 puniendos,
645 2083 704 2116 sub
724 2082 829 2116 debita
851 2084 995 2116 custodia

243 2135 457 2169 transmittere
478 2141 509 2169 et
529 2136 698 2170 transmitti
721 2137 825 2170 facere
846 2136 945 2170 libere
966 2142 993 2169 et

242 2187 327 2221 licite
348 2199 453 2232 posse.
482 2190 537 2229 Ac,
560 2196 623 2223 tam
645 2189 878 2223 ecclesiasticos
898 2201 994 2233 quam

242 2242 425 2275 saeculares
449 2242 603 2276 officiales
633 2249 661 2276 et
688 2244 833 2276 locorum
860 2249 996 2287 potesta-

243 2301 307 2332 tes,
331 2295 369 2328 ad
401 2295 519 2329 eisdem
555 2296 708 2339 magistro
742 2302 768 2329 et
805 2297 995 2335 conventui,

243 2348 418 2391 prioribus,
441 2349 589 2383 baiulivis
608 2355 639 2383 et
659 2350 832 2383 castellano
852 2350 883 2382 in
906 2361 996 2394 prae-

244 2401 347 2435 missis
372 2403 603 2441 assistendum,
626 2414 661 2436 ac
686 2403 840 2436 auxilium
855 2431 862 2444 ‚
888 2404 995 2437 consi-

245 2450 321 2484 lium
334 2478 343 2491 ,
367 2452 506 2485 savorem
526 2458 556 2485 et
576 2452 723 2485 iuvamen
749 2454 993 2496 praestandum,

243 2499 302 2532 suli
322 2500 665 2534 excommunicationis
685 2506 715 2533 et
734 2501 804 2534 aliis
818 2501 994 2539 sententiis,

244 2549 389 2582 censuris
409 2555 439 2582 et
458 2549 572 2594 poenis
592 2549 825 2588 ecclesiasticis,
846 2550 946 2584 teneri
968 2555 999 2582 et

245 2597 402 2641 obligatos
422 2599 501 2632 sore¹

289 2647 303 2690 ἓ
324 2647 376 2681 71.
399 2648 530 2683 Necnon
553 2647 770 2692 praesentium
791 2653 821 2680 et
840 2658 997 2692 quorum-

1803 260 1854 287 An.
1872 260 1901 288 C.
1919 259 1990 288 ¹56⁰

1701 250 1742 284 553

1034 324 1173 356 cumque
1199 312 1439 357 privilegiorum
1466 311 1717 357 apostolicorum
1744 315 1788 348 eis
1803 319 1989 370 nutii‡''i⁰tii¹i¹i'.⁹¹ss'.

1034 368 1189 400 hactenus
1223 377 1451 400 concessorum
1492 373 1521 400 et
1562 367 1592 399 in
1622 373 1787 411 posterum
1804 380 1988 415 paneg-..imre-

1034 420 1317 454 concedendorum
1345 420 1575 465 transumptis,
1604 432 1701 454 manu
1728 432 1788 454 no·
1805 412 1822 433 ⁴¹¹
1841 412 1910 431 '‘me''

1034 474 1104 507 tarii
1126 473 1247 518 publici
1267 473 1468 517 subscriptis,
1482 479 1510 507 et
1528 474 1631 517 sigillo
1652 474 1791 508 alicuius

1035 538 1191 571 personae
1211 528 1243 560 in
1263 527 1416 570 dignitate
1437 527 1653 562 ecelesiastica
1674 529 1791 561 consti-

1035 585 1134 622 tutae,
1166 587 1220 613 aut
1239 581 1349 614 curiae
1374 581 1609 614 ecclesiasticae
1638 581 1789 618 munitis,

1036 635 1165 678 plenam
1195 640 1225 667 et
1254 645 1334 673 eam,
1355 645 1438 678 quae
1459 634 1682 678 praesentibus
1702 635 1791 668 adhi—

1036 687 1184 723 beretur,
1208 688 1317 728 fidem,
1335 688 1367 720 in
1383 688 1504 722 iudicio
1525 694 1553 721 et
1576 694 1679 728 extra,
1703 689 1791 722 adhi-

1036 740 1104 773 beri
1124 741 1241 774 debere
1262 741 1480 775 decernimus.

1080 794 1095 836 ᾗ
1115 793 1167 826 72.
1191 795 1235 827 Ac
1255 794 1405 828 volumus
1425 795 1522 838 quod,
1544 801 1608 828 tam
1640 807 1791 839 praesen·
1832 809 1880 830 atus
1896 813 1916 830 n
1937 815 1992 829 nm„-

1036 848 1116 879 tium
1132 858 1229 890 quam
1250 848 1386 881 aliarum
1417 860 1700 893 quarumcumque.
1721 851 1791 883 lite·
1805 841 1992 897 ἓξᾙῗᾞιᾋᾍῗξζ

1037 911 1146 934 rarum
1159 902 1423 945 apostolicarum,
1436 914 1491 935 seu
1503 914 1614 935 earum
1631 909 1792 936 transum-
1805 907 1884 954 :132⁰ss
1897 903 1992 955 Ρᾚζζ

1039 954 1092 998 pti,
1112 965 1149 988 ac
1173 956 1399 988 mandatorum
1416 956 1559 999 magistri
1571 962 1599 989 et
1617 962 1791 990 conventus
1806 968 1888 1001 nictare
1914 966 1988 986 decer-

1038 1008 1281 1051 praedictorum
1302 1009 1476 1052 publicatio
1498 1015 1526 1042 et
1549 1010 1664 1048 affixio,
1678 1010 1709 1043 in
1728 1010 1791 1043 sin·
1807 1000 1845 1017 ”¹¹³

1037 1061 1120 1102 gulis
1149 1062 1366 1106 prioratibus,
1393 1062 1637 1103 hainin-atibus,
1660 1074 1792 1107 praece-

1039 1115 1167 1158 ptoriiS,
1192 1116 1345 1149 membris
1365 1122 1395 1149 et
1419 1116 1585 1149 beneficiis
1605 1117 1679 1150 dicti
1705 1117 1793 1151 Ordi-

1036 1169 1086 1201 nis
1106 1170 1219 1209 sactae,
1253 1170 1387 1213 perinde
1417 1175 1557 1209 arctent,
1579 1181 1615 1203 ac
1636 1171 1660 1203 si
1682 1176 1793 1204 contra

1038 1228 1205 1256 contentos
1229 1224 1289 1257 sub
1310 1224 1429 1257 eisdem
1452 1224 1665 1268 personaliter
1691 1225 1793 1258 factae

1037 1281 1160 1317 essent,
1183 1278 1266 1310 sacta
1292 1278 1323 1310 in
1348 1277 1462 1321 primis
1487 1277 1651 1320 diligentia
1672 1278 1710 1311 de
1731 1278 1794 1311 illis

1038 1330 1251 1373 personaliter
1270 1331 1469 1375 reperiendis
1491 1331 1521 1364 in
1543 1331 1635 1364 dictis
1655 1332 1745 1365 locis

1082 1383 1160 1426 §73
1176 1385 1211 1417 Et
1227 1384 1439 1418 nihilominus
1456 1385 1628 1417 statuimus
1647 1396 1684 1418 ac
1700 1385 1793 1418 dictis
1826 1399 1921 1420 emtum
1932 1405 1991 1421 em.

1038 1437 1189 1480 magistro
1217 1443 1247 1470 et
1275 1438 1443 1471 conventui
1466 1444 1623 1482 perpetuo
1645 1439 1793 1472 concedi·
1807 1434 1936 1487 ξ’,ἳζζζζζζᾙ
1956 1437 1991 1481 ζ’,ζ

1037 1501 1109 1523 mus
1134 1492 1220 1534 quod
1246 1492 1270 1524 si
1297 1492 1467 1535 quisquam
1490 1492 1656 1535 priorum,
1679 1492 1793 1526 baiuli·
1808 1493 1992 1544 '‘gssffiffssfflres‘i‘flj

1037 1554 1162 1585 vorum,
1177 1550 1437 1588 praeceptorum,
1455 1544 1592 1578 militum
1610 1551 1639 1578 et
1657 1546 1791 1578 fratrum
1806 1531 1841 1576 iia(
1853 1561 1928 1575 anuum
1947 1540 1991 1590 'aqu

1037 1596 1110 1629 dicti
1132 1597 1299 1641 hospitalis
1320 1608 1451 1632 crucem
1462 1599 1510 1631 vel
1527 1598 1689 1639 habitum,
1705 1605 1792 1632 extra
1807 1590 1991 1640 ssfffifssiffifsssssj

1037 1652 1157 1685 dictum
1192 1658 1385 1685 conventum
1403 1664 1435 1685 'a
1469 1653 1614 1686 Romano
1638 1654 1793 1688 Pontifice
1808 1654 1929 1700 ζζῇζιῗοδςὲ
1944 1654 1991 1667 ⁰⁰¹¹

1038 1706 1083 1737 vel
1118 1706 1157 1737 de
1190 1705 1259 1738 eius
1288 1705 1418 1739 licentia
1438 1712 1618 1749 receptum,
1641 1713 1790 1749 gestans,

1039 1759 1119 1792 intra
1140 1770 1273 1799 annum,
1297 1765 1466 1803 postquam
1487 1760 1574 1793 illam
1596 1761 1792 1805 susceperit.

1038 1819 1088 1846 aut
1112 1813 1170 1846 sibi
1192 1814 1230 1846 de
1246 1813 1392 1857 prioratu
1409 1814 1455 1846 rel
1473 1814 1639 1854 baiulivia,
1664 1826 1793 1858 praece-

1039 1866 1140 1911 ptoria
1153 1894 1160 1906 ,
1183 1867 1288 1900 officio
1309 1868 1354 1900 vel
1372 1867 1531 1901 beneficio
1547 1868 1715 1912 hospitalis
1734 1869 1794 1902 hu-

1039 1920 1174 1954 iusmodi
1195 1920 1357 1964 provisum
1370 1923 1415 1955 vel
1434 1921 1511 1955 alias
1527 1921 1557 1954 in
1572 1922 1641 1955 eius
1653 1923 1790 1956 savorem

1038 1974 1230 2018 dispositum
1266 1975 1378 2014 sueritj,
1413 1986 1450 2008 ac
1483 1975 1683 2019 quicumque
1712 1976 1793 2009 alius

1038 2027 1113 2060 dicti
1147 2028 1273 2061 Ordinis
1307 2028 1501 2061 beneficium
1529 2029 1574 2062 rel
1605 2029 1792 2072 pensionem

1038 2081 1186 2115 obtinens
1206 2087 1261 2114 aut
1281 2081 1405 2115 fructus
1431 2082 1628 2126 percipiens,
1651 2083 1794 2126 quando-

1039 2146 1179 2178 cumque
1207 2146 1266 2179 pro
1292 2135 1425 2168 servitiis
1446 2135 1621 2177 Religionis
1641 2142 1696 2169 aut
1716 2137 1794 2169 alias

1038 2194 1198 2229 evocatnS,
1217 2200 1273 2222 seu
1290 2189 1321 2222 in
1339 2189 1498 2222 solutione
1511 2189 1630 2222 iurium
1649 2201 1794 2223 commu-

1038 2242 1087 2275 nis
1116 2243 1230 2276 aerarii
1261 2254 1409 2276 morosus
1437 2243 1548 2280 fuerit,
1572 2255 1679 2277 coram
1702 2244 1794 2277 dictis
1823 2279 1825 2282 ,

1040 2296 1190 2340 magistro
1225 2303 1253 2330 et
1289 2302 1447 2331 conventu
1482 2298 1696 2341 personaliter
1728 2309 1793 2331 non

1039 2350 1272 2393 comparuerit,
1293 2355 1321 2383 et
1339 2350 1555 2383 obedientiam
1577 2350 1703 2395 aliaque
1724 2351 1794 2385 iura

1039 2403 1143 2435 debita
1164 2403 1284 2436 eisdem
1306 2403 1457 2446 magistro
1483 2408 1511 2436 et
1535 2405 1705 2438 conventui
1731 2415 1794 2438 non

1040 2451 1249 2495 praestiterit,
1273 2463 1311 2485 eo
1331 2453 1450 2496 elapso,
1476 2453 1599 2493 habitu,
1623 2453 1792 2495 dignitate.

1039 2501 1316 2534 administratione
1342 2507 1371 2533 et
1391 2501 1549 2535 beneficio
1579 2514 1614 2534 ac
1639 2513 1796 2545 ‹piorum-

1040 2560 1102 2593 que
1122 2549 1247 2583 honore
1272 2555 1303 2582 et
1327 2550 1448 2591 officio,
1470 2550 1556 2583 iuxta
1577 2551 1656 2583 alias
1676 2552 1795 2585 formas

1041 2598 1332 2632 stabilimentorum
1358 2605 1386 2632 et
1411 2599 1652 2643 privilegiorum
1671 2599 1796 2643 praedi-

1041 2653 1180 2682 ctorum.
1204 2659 1242 2681 co
1264 2648 1334 2691 ipso
1357 2654 1472 2688 careat,
1495 2648 1700 2692 privatusque
1720 2659 1795 2680 ren-
