2237 3100
76 298 126 325 An.
144 298 174 326 C.
194 299 256 327 ¹56¹

89 1640 199 1664 clausulae
215 1643 248 1664 de·

62 1673 189 1701 rogator-iao.

950 294 1017 319 PIUS
1036 295 1067 320 tv
1091 296 1138 320 PP.

1719 290 1783 324 105

273 350 375 384 dictas
395 349 568 383 sententias
583 360 599 382 a
611 348 765 382 ministris
786 348 936 387 iustitiae,
954 349 1026 383 abs·
1069 349 1227 393 specialis,
1250 360 1343 393 quae,
1359 351 1466 393 quoad
1484 351 1556 392 hoc,
1569 352 1722 397 cuiquam
1735 354 1826 388 nolu-

273 415 336 448 que
349 402 898 446 alicuiusincursuirregularitatis,
913 404 1026 447 exequi
1069 414 1141 436 mus
1161 404 1324 437 ullatenus
1345 404 1525 447 suffragari.

271 461 461 502 procurent,
475 456 605 490 realiter
619 467 655 489 ac
676 456 940 490 irremissibiliter
959 457 1025 489 exi-

271 514 358 553 gant,
373 510 519 543 invocato
536 509 631 542 etiam
648 510 687 542 ad
697 510 771 549 hoc,
785 510 810 542 si
823 520 904 553 opus
916 510 1023 550 suerit,

272 563 390 596 auxilio
401 562 526 597 brachii
539 562 712 596 saecularis
722 575 729 603 ·,
741 573 869 596 necnon
882 574 940 607 pro
953 574 1024 596 exa-

271 616 377 650 ctione
391 626 571 661 poenarum
583 615 845 659 pecuniariarum
858 615 1026 648 huiusmo-

270 670 302 703 di
320 669 689 703 contracommunitates
698 674 727 702 et
737 668 970 710 universitates,
989 681 1025 702 ac

270 724 303 756 in
324 724 515 757 eorumdem
536 723 792 757 inobedientium
809 722 841 756 in
862 727 1024 766 tempora-

268 777 355 811 libus
367 778 575 811 dominorum
592 777 755 817 vassallos,
769 782 1024 821 proptereorum

268 831 456 865 huiusmodi
472 831 736 871 inobedientiam,
747 830 938 876 represalias
949 841 1025 864 con-

268 886 399 927 cedant,
428 896 555 919 necnon
587 885 718 918 realiter
747 890 777 918 et
803 895 877 918 cum
907 884 1024 918 effectu

268 938 382 983 exequi
403 939 532 972 saciant.
556 939 714 971 Attentius
737 939 902 971 hortantes
922 942 953 971 et
972 948 1024 971 re-

268 992 434 1036 quirentes
455 992 487 1025 in
502 992 638 1025 Domino
658 992 797 1025 barones
817 996 848 1024 et
867 991 1023 1024 domicel-

268 1047 315 1079 los
357 1057 394 1080 ac
427 1046 459 1078 in
492 1046 728 1090 temporalibus
765 1044 914 1078 dominos
947 1045 1023 1079 dicti

268 1100 360 1143 regni
394 1110 521 1133 necnon
542 1099 629 1133 illius
649 1098 901 1142 provinciarum,
918 1098 1025 1133 civita-

267 1158 336 1186 tum
358 1158 388 1186 et
406 1153 555 1186 locorum
566 1152 799 1196 gubernatores
819 1156 851 1185 et
870 1151 1024 1186 officiales

268 1217 328 1251 pro
348 1212 494 1251 tempore
515 1206 696 1246 existentes,
723 1212 758 1238 ut
783 1205 944 1250 praefatos
963 1206 1022 1240 lio-

267 1259 412 1300 micidas‚
431 1260 572 1292 fautores
593 1263 623 1292 et
643 1258 819 1303 complices
834 1259 974 1303 capiant,
994 1266 1024 1293 et

268 1313 339 1358 capi
355 1317 541 1357 procurent,
554 1318 729 1356 captosque
740 1313 779 1346 ad
791 1312 955 1358 praesides
966 1324 1023 1348 no-

267 1372 407 1400 strarum
427 1366 682 1410 provinciarum,
702 1366 788 1399 unde
804 1366 864 1410 ipsi
884 1367 1022 1401 homici-

266 1420 337 1460 dae,
363 1419 506 1453 fautores
531 1426 561 1453 et
581 1420 757 1464 complices
777 1420 936 1463 originem
957 1426 1022 1454 tra-

266 1478 393 1515 xerunt,
416 1474 555 1507 conduci
575 1479 606 1508 et
626 1473 671 1507 eis
687 1474 817 1508 realiter
837 1475 1022 1518 consignari

264 1528 412 1562 similiter
432 1539 507 1562 cum
528 1528 646 1561 effectu
668 1529 797 1562 faciant.

308 1583 323 1627 ξ
342 1582 374 1617 8.
396 1583 466 1616 Non
486 1583 686 1616 obstantibus
696 1583 981 1617 constitutionibus
993 1589 1023 1617 et

266 1636 524 1670 ordinationibus
548 1636 733 1681 apostolicis
744 1648 781 1670 ac
798 1638 949 1671 omnibus
961 1638 1022 1671 illis

263 1701 346 1735 quae
366 1690 442 1724 dicti
463 1690 727 1735 praedecessores
744 1691 775 1724 in
796 1691 947 1735 praefatis
967 1703 1021 1725 eo-

264 1755 337 1778 rum
362 1744 463 1778 literis
487 1745 661 1778 voluerunt
685 1755 751 1778 non
772 1746 911 1787 obstare,
935 1752 1021 1780 cete-

263 1799 372 1843 risque
401 1798 572 1832 contrariis
600 1799 873 1844 quibuscumque.
906 1800 968 1833 Aut
996 1801 1021 1833 si

264 1853 438 1898 aliquibus,
457 1853 676 1886 communiter
695 1854 743 1887 vel
760 1854 896 1893 divisim,
916 1855 954 1887 ab
967 1865 1018 1888 ea-

263 1908 336 1941 dem
365 1907 405 1940 sit
430 1908 511 1942 Sede
540 1908 701 1941 indultum
731 1908 819 1953 quod
853 1909 1019 1951 interdici,

264 1961 418 2006 suspendi
438 1962 486 1995 vel
507 1961 783 1995 excommunicari
804 1973 869 1995 non
899 1964 1022 2007 possint

264 2027 322 2061 per
341 2016 451 2049 literas
475 2015 668 2060 apostolicas
692 2027 757 2049 non
779 2016 931 2050 facientes
951 2018 1020 2062 ple-

266 2079 340 2102 nam
361 2075 392 2102 et
406 2080 590 2114 expressam
606 2080 642 2102 ac
658 2070 697 2103 de
718 2070 815 2103 verbo
828 2070 867 2103 ad
886 2071 1021 2105 verbum

265 2122 304 2156 de
324 2122 448 2156 indulto
469 2123 657 2156 huiusmodi
677 2123 888 2164 mentionem,
907 2126 1021 2168 etqui-

263 2176 467 2221 buscumque
484 2177 554 2210 aliis
571 2176 760 2220 privilegiis,
787 2177 1019 2221 indulgentiist

265 2236 293 2264 et
311 2231 412 2264 literis
423 2231 608 2276 apostolicis
617 2232 880 2275 generalibusvel
896 2235 1021 2278 specia-

265 2285 349 2319 libus
370 2297 468 2330 super
495 2285 690 2330 recipiendis
716 2286 877 2327 bannitis,
914 2288 1021 2323 homi-

265 2334 344 2368 cidis
372 2346 409 2368 ac
428 2335 565 2378 brigosis
585 2340 615 2368 et
640 2335 711 2368 aliis
732 2336 915 2380 praedictis,
938 2349 1022 2382 quo-

264 2395 481 2429 rumcumque
503 2390 651 2418 tenorum
674 2384 819 2426 existant,
848 2397 905 2430 per
924 2398 1020 2431 quae,

265 2433 489 2478 praesentibus
499 2444 564 2467 non
577 2445 726 2478 expressa
748 2435 796 2467 vel
806 2436 946 2469 totaliter
957 2448 1022 2471 non

266 2483 396 2523 inserta,
406 2483 540 2516 effectus
550 2494 661 2516 earnm
672 2482 820 2527 impediri
831 2485 933 2518 valeat
943 2497 1023 2530 quo-

266 2531 443 2565 modolibet
457 2533 505 2565 vel
521 2532 659 2572 differri,
687 2536 718 2565 et
741 2532 781 2565 de
802 2532 920 2576 quibus
939 2545 1021 2579 quo-

266 2581 488 2624 rumquetotis
508 2581 675 2614 tenoribus
701 2581 740 2614 de
762 2582 858 2615 verbo
887 2584 926 2617 ad
952 2595 1022 2617 ver-

265 2630 343 2663 bum
364 2630 513 2664 habenda
532 2630 572 2664 sit
591 2631 624 2663 in
645 2631 763 2665 nostris
778 2631 879 2666 literis
899 2634 1020 2667 mentio

302 2694 313 2720 1
332 2694 454 2726 lndnltis,
475 2693 589 2721 Cherub.
608 2693 646 2729 (a.
668 2693 716 2729 τ.).

344 2737 419 2769 Ball.
438 2737 516 2770 Rom.
538 2738 593 2769 vol.
616 2738 673 2770 VII.
866 2740 902 2771 14

1040 2724 1045 2748 l

1112 457 1127 500 ᾗ
1151 456 1181 490 9.
1206 457 1361 490 Volumus
1386 463 1494 490 autem
1519 459 1606 502 quod
1640 465 1825 503 praesentes

1068 510 1826 558 literae,postquaminvalvisbasilicaePrincipis

1068 565 1296 607 Apostolorum
1317 570 1348 598 et
1368 565 1399 598 in
1415 565 1534 610 Campo
1553 567 1665 600 Florae
1686 568 1724 601 de
1741 568 1826 603 Urbe

1067 618 1178 651 affixae
1205 619 1354 659 suerunt,
1381 630 1493 653 omnes
1518 625 1548 653 et
1574 619 1718 663 singulos
1742 622 1826 656 cives

1069 670 1231 705 Romanos
1257 678 1287 705 et
1317 672 1395 706 alios
1421 673 1454 706 in
1470 673 1554 707 Urbe
1571 681 1823 717 commorantes,

1068 724 1193 758 effluxis
1203 726 1389 768 quindecim
1399 727 1524 767 diebus,
1538 727 1618 760 alios
1627 739 1703 761 vero
1716 729 1825 771 duces,

1068 777 1214 818 comites,
1235 780 1451 821 marchiones,
1468 780 1668 822 domicellos,
1688 783 1827 817 barones

1067 836 1097 863 et
1123 831 1202 864 alios
1227 834 1422 876 temporales
1446 834 1596 867 dominos
1621 839 1651 868 et
1676 835 1824 878 vicarios,

1068 885 1318 919 communitates
1338 892 1369 919 et
1389 887 1611 921 universitates
1641 888 1803 924 civitatum
1816 919 1823 930 ,

1068 942 1227 971 terrarum
1244 944 1275 972 et
1287 940 1433 973 locorum
1448 941 1519 974 Sedi
1532 942 1694 985 praefatae
1707 944 1825 978 inedia-

1067 996 1096 1023 te
1113 992 1160 1024 vel
1179 991 1363 1027 immediate
1382 994 1614 1034 subiectorum,
1636 996 1826 1032 huiusmodi

1066 1044 1203 1078 decurso
1221 1057 1343 1087 mense,
1366 1053 1501 1087 arctent,
1515 1052 1546 1080 et
1557 1050 1826 1085 contrafacientes

1068 1109 1188 1141 poenas
1209 1100 1368 1143 praefatas
1389 1100 1557 1134 incurrant
1577 1102 1609 1134 in
1628 1103 1779 1138 omnibus
1796 1111 1826 1139 et

1066 1162 1125 1196 per
1144 1153 1253 1186 omnia
1267 1181 1274 1194 ‚
1298 1154 1433 1198 perinde
1458 1165 1494 1188 ac
1515 1154 1541 1188 si
1562 1155 1608 1188 eis
1628 1157 1780 1191 omnibus
1796 1165 1827 1193 et

1066 1205 1201 1248 singulis
1222 1208 1530 1242 contrafacientibus
1560 1211 1775 1252 personaliter
1795 1218 1826 1247 et

1065 1259 1306 1303 particulariter
1322 1262 1486 1296 intimatae
1507 1262 1652 1296 fuissent.

1109 1312 1194 1346 Nulli
1213 1325 1289 1357 ergo
1312 1320 1370 1348 etc.

1108 1365 1224 1400 Datum
1249 1368 1370 1403 Rornae
1391 1370 1477 1415 apud
1502 1370 1656 1404 Sanctum
1677 1371 1821 1415 Petrum,

1064 1429 1150 1453 anno
1178 1421 1413 1456 Incarnationis
1441 1423 1623 1457 dominicae
1652 1425 1824 1461 millesimo

1065 1473 1325 1517 quingentesimo
1343 1477 1541 1521 sexagesimo
1554 1478 1673 1522 primo,
1686 1488 1740 1513 V111
1753 1480 1824 1514 idus

1064 1527 1215 1569 ianuarii,
1234 1530 1442 1574 pontificatus
1458 1531 1559 1565 nostri
1580 1542 1664 1565 anno
1680 1543 1713 1566 11.

1108 1581 1200 1615 Anno
1225 1594 1242 1616 a
1272 1584 1438 1618 Nativitate
1453 1585 1581 1619 Domini
1607 1595 1716 1627 MDLXI,
1738 1587 1824 1621 indi-

1064 1635 1169 1669 ctione
1186 1647 1228 1678 iv,
1247 1637 1297 1672 die
1317 1649 1391 1672 vero
1412 1649 1462 1672 xvi
1475 1639 1597 1683 aprilis,
1616 1641 1824 1684 pontificatus

1064 1690 1257 1724 sanctissimi
1279 1692 1310 1724 in
1322 1692 1448 1726 Christo
1465 1693 1565 1737 patris
1581 1698 1611 1727 et
1625 1694 1660 1727 D.
1675 1694 1710 1727 N.
1726 1695 1760 1729 D.
1776 1696 1822 1731 Pii

1065 1742 1168 1777 divina
1190 1745 1390 1788 providentia
1417 1747 1520 1791 Papae
1540 1747 1577 1780 IV
1601 1757 1687 1781 anno
1707 1759 1741 1789 11,
1769 1760 1822 1784 re-

1065 1798 1254 1842 troscriptae
1284 1799 1395 1833 literae
1425 1800 1620 1844 apostolicae
1654 1803 1765 1838 affixae
1792 1811 1823 1840 et

1064 1851 1247 1895 publicatae
1264 1854 1395 1887 suerunt
1407 1855 1446 1887 ad
1454 1855 1558 1887 valvas
1567 1855 1719 1890 basilicae
1731 1858 1821 1892 Prin-

1064 1904 1144 1948 cipis
1175 1906 1406 1951 Apostolorum
1446 1908 1484 1941 de
1517 1909 1601 1942 Urbe
1632 1921 1668 1942 ac
1694 1910 1726 1943 in
1751 1913 1819 1948 acie

1063 1959 1173 2004 Campi
1194 1961 1319 2003 Florae,
1343 1962 1481 1995 dimissis
1502 1963 1621 1996 ibidem
1643 1965 1743 2008 copiis
1754 1967 1821 2000 affi-

1064 2013 1121 2055 xis,
1144 2025 1202 2058 per
1226 2026 1284 2048 nos
1313 2016 1430 2049 Iulium
1455 2017 1607 2050 Parinum
1630 2023 1660 2051 et
1689 2019 1819 2053 Franci-

1064 2078 1154 2101 scum
1167 2068 1331 2103 Sottocasa
1344 2071 1512 2114 praelibati
1524 2071 1715 2105 sanctissimi
1726 2073 1761 2106 D.
1780 2074 1816 2107 N.

1063 2122 1167 2165 Papae
1189 2133 1349 2157 cursores.

1063 2176 1321 2211 Bartholomaeus
1338 2178 1513 2219 Sottocasa,
1529 2190 1612 2223 mag.
1633 2191 1817 2215 cursorum

1090 2229 1151 2260 Dat.
1171 2231 1218 2260 die
1241 2232 1258 2261 6
1282 2233 1408 2262 ianuarii
1434 2232 1520 2269 1561,
1544 2233 1647 2272 pontif.
1670 2244 1746 2278 anno
1766 2244 1795 2266 11.

1063 2338 1216 2382 Sequitur
1234 2339 1410 2372 declaratio
1435 2340 1520 2372 circa
1544 2340 1733 2382 facultatem
1754 2343 1820 2386 offi-

1108 2392 1244 2425 cialibus
1256 2393 1465 2426 interdictam
1473 2394 1646 2437 qratiancli
1670 2399 1726 2428 aut
1738 2406 1820 2428 com-

1104 2447 1249 2490 ponendi
1268 2447 1420 2480 bmmitos
1440 2458 1479 2481 ex
1498 2458 1596 2481 causa
1618 2448 1798 2483 homicidii.

1180 2519 1243 2548 Pius
1264 2519 1334 2555 Papa
1352 2519 1393 2552 lV.
1413 2520 1491 2548 motu
1505 2520 1627 2556 proprio,
1648 2522 1702 2550 etc.

1107 2586 1217 2630 Nuper
1237 2585 1395 2629 siquidem
1413 2597 1486 2620 cum
1509 2596 1568 2620 nos
1587 2592 1659 2630 post
1675 2592 1818 2622 nostiam

1063 2640 1103 2673 ad
1123 2639 1241 2673 summi
1261 2640 1459 2684 apostolatus
1475 2640 1599 2685 apicem
1622 2643 1816 2687 assumptio-

1063 2703 1151 2733 nem,
1168 2693 1209 2727 ob
1224 2704 1291 2728 non
1311 2693 1566 2729 observationem
1587 2694 1754 2730 literarum
1775 2696 1818 2730 se-

1841 298 1892 326 Αη.
1910 300 1938 327 C.
1953 300 2016 327 1561

1866 470 1940 492 Forma
1956 474 1977 492 et
1993 471 2026 492 et-

1839 504 1907 526 tectun
1930 504 2028 532 publiea-

1840 537 1912 557 tionis.

1866 1601 1992 1624 Publtcntto.

1861 2604 1978 2628 Exordium.
