2237 3100
487 264 550 297 1136

445 325 636 361 tlrmatione,
661 324 882 363 innovatione,
906 323 1123 359 concessione,
1145 323 1193 354 in—
1214 362 1216 372 k

443 380 543 419 dulto‚
561 379 772 417 restitutione,
790 377 995 421 repositione.
1018 377 1193 418 reintegra-

444 433 545 472 tione,
574 431 794 469 revocatione,
822 432 1018 466 cassatione,
1046 427 1216 461 amunta-³

444 487 550 526 tione,
582 492 718 522 statuto,
751 484 969 523 ordinatione,
1001 483 1131 515 decreto
1166 488 1196 515 et
1215 473 1216 497 l

443 540 649 584 derogatione
684 537 883 582 praemissis,
921 542 952 568 ut
988 547 1097 580 supra,
1121 547 1194 580 per-

445 599 551 638 petuo.
576 594 609 626 Et
632 592 718 637 quod
740 591 805 623 sola
821 590 1038 633 praesentium
1060 590 1194 623 sufficiat

444 647 607 690 signatura
628 652 655 678 ot
679 645 818 687 ubique,
841 644 937 676 etiam
953 644 983 676 in
1003 643 1134 681 iudicio,
1158 644 1195 676 fi-

444 701 515 733 dem
529 700 632 739 saciat,
652 699 763 739 regula
779 697 940 730 contraria
957 707 1021 729 non
1037 697 1194 737 obstante3

444 766 498 787 seu
518 781 525 793 ,
557 753 581 785 si
612 752 789 791 ridebitur,
827 750 937 783 literae
968 750 1108 793 desuper
1140 762 1198 794 per

444 808 537 839 breve
558 812 717 843 nostrum,
732 805 826 838 etiam
844 815 918 837 cum
939 804 1105 837 literarum
1117 815 1197 848 praw-

444 861 650 893 decessorum
670 859 912 903 praedictorum
935 864 962 891 et
984 858 1057 890 inde
1078 869 1196 900 sequu-

445 920 551 947 torum
581 920 730 947 tenorum
765 912 969 955 aliorumque
1000 911 1197 944 necessario-

447 979 517 1000 rum
559 967 672 1000 maiori
708 972 734 999 et
767 966 882 999 veriori
891 964 1125 1009 „expressionffi
1145 976 1197 997 ex-

447 1022 550 1065 pediri
571 1021 705 1065 possint.

491 1076 505 1116 ,Q
526 1075 579 1107 11.
604 1075 640 1107 Et
660 1074 747 1117 quod
763 1074 801 1106 ad
822 1072 1034 1115 obligationes
1049 1072 1081 1104 in
1098 1072 1200 1104 forma

247 1131 430 1189 ‹iiiimgiinissrip'iti
447 1128 598 1162 Gamerae
619 1132 764 1160 servetur
784 1127 885 1159 forma
906 1125 1007 1169 ipsius
1032 1125 1200 1167 obligatio-

247 1194 314 1215 trihus
330 1194 420 1215 casibus.
448 1182 508 1221 nis,
528 1187 562 1214 ut
596 1181 634 1213 sit
662 1181 693 1213 in
713 1185 867 1224 potestate
899 1178 1040 1211 auctoris
1060 1179 1106 1211 vel
1134 1190 1203 1211 crc-

448 1236 560 1268 ditoris
580 1234 751 1268 convenire
772 1234 950 1267 debitorem
973 1244 1067 1265 suuni
1088 1232 1203 1265 Roma-

452 1300 529 1322 num
550 1289 596 1321 vel
616 1288 754 1321 incolam
784 1287 916 1324 laicum,
935 1297 1000 1319 non
1021 1287 1124 1318 solum
1152 1297 1204 1319 co-

450 1354 517 1376 ram
534 1347 664 1385 regente
680 1341 727 1374 vel
740 1341 885 1374 auditore
895 1340 1047 1377 Camerfe,
1061 1340 1202 1384 ipsarum

450 1396 683 1439 obligationum
705 1394 809 1427 iudice
830 1394 1006 1430 ordinario,
1025 1394 1079 1426 sed
1108 1393 1202 1426 etiam

453 1452 482 1484 in
512 1449 607 1484 Curia
636 1449 795 1493 Capitolii.
823 1449 933 1487 Quoad
964 1449 1104 1493 reliquas
1130 1459 1204 1481 vero

452 1515 564 1539 causas
585 1503 702 1543 civiles,
726 1514 790 1536 non
806 1508 912 1535 tamen
948 1503 1084 1541 fiscales,
1109 1502 1206 1546 possit

453 1570 527 1593 reus
543 1559 707 1591 Romanus
725 1557 773 1589 vel
799 1557 903 1589 incola
924 1557 1086 1590 declinare
1102 1556 1204 1600 quod-

454 1624 594 1657 cumque
615 1611 702 1644 aliud
724 1611 842 1650 sorum,
862 1616 892 1643 et
908 1616 1017 1655 petere
1038 1624 1070 1645 se
1087 1610 1205 1644 remitti

454 1669 492 1702 ad
502 1666 630 1701 Curiam
647 1664 805 1707 Capitolii,
816 1664 877 1697 nisi
886 1665 1018 1699 alterius
1030 1666 1144 1700 iudicis
1157 1665 1206 1697 iu-

455 1721 675 1756 risdietionem
688 1719 908 1763 prorogaverit
917 1725 969 1752 aut
982 1721 1013 1752 in
1023 1732 1096 1754 eum
1113 1720 1207 1753 tacite

456 1778 503 1810 vel
536 1785 683 1819 expresse
717 1774 933 1814 consenserit3
955 1781 986 1808 ct
1005 1776 1097 1809 aliter
1118 1777 1208 1808 sactae

458 1829 730 1874 reassumptiones
742 1828 790 1861 vel
803 1828 1011 1862 inhibitiones
1026 1830 1208 1874 perdictam

455 1885 584 1919 Curiam
610 1883 755 1928 Capitolii
784 1882 904 1915 nullius
925 1883 987 1915 sint
1016 1884 1143 1917 roboris
1163 1884 1209 1916 vel

459 1938 624 1973 momenti.

244 275 293 300 An.
310 274 339 301 C.
361 274 422 301 1561

457 2046 608 2088 Sequitur
640 2044 815 2077 declaratio
844 2044 948 2076 (lictae
973 2044 1212 2076 constitutionis

502 2102 640 2142 respectu
663 2098 898 2130 iurisdictionis
912 2097 1136 2140 otcbemmtoris
1155 2097 1213 2129 Ur-

503 2155 562 2186 bis.

582 2226 644 2255 Pius
662 2225 732 2261 Papa
751 2225 791 2256 lv.
813 2225 891 2253 motu
910 2225 1031 2260 proprio,
1053 2225 1105 2253 etc.

507 2290 548 2322 Ne
569 2300 627 2333 per
644 2288 880 2332 praeinsertun‘i
904 2294 1027 2320 motum
1045 2288 1214 2332 proprium

259 2342 446 2394 tffiffibfffl‘ffl·
462 2343 592 2386 aliquod
629 2342 866 2387 praeiudicium
896 2342 981 2374 bono
1017 2349 1047 2375 et
1081 2342 1215 2386 pacifico

464 2396 610 2440 regimini
645 2397 747 2429 almae
782 2395 889 2428 Urbis*
910 2401 1047 2437 nostrae,
1077 2397 1162 2440 quod
1186 2396 1216 2428 in

466 2451 719 2494 praesentiarum
742 2449 916 2483 venerabili
946 2450 1034 2484 fratri
1062 2452 1216 2494 Hierony-

467 2516 530 2544 mo,
554 2505 706 2547 episcopo
737 2504 923 2547 Sagonensi,
946 2516 1003 2548 per
1037 2517 1095 2538 nos
1130 2515 1217 2538 com-

469 2559 601 2591 missum
624 2559 736 2597 extitit,
761 2559 928 2591 inseratur.

512 2615 527 2655 5
547 2612 578 2645 ’1.
608 2612 817 2645 Decernimus
842 2618 871 2645 et
892 2612 1094 2645 declaramus
1117 2613 1219 2646 inten-

473 2661 568 2695 tionis
577 2667 704 2695 nostrae
722 2661 854 2694 minime
870 2661 966 2694 fuisse
983 2672 1042 2695 nec
1057 2673 1124 2696 esse
1135 2662 1221 2706 quod

1238 2707 1244 2720 l

1041 271 1219 295 nt'LLARmM
1243 268 1393 293 ROMANI'M

2003 263 2056 291 An.
2072 264 2102 291 C.
2119 264 2184 292 ¹561

1236 331 1295 365 per
1320 320 1517 362 signaturam
1542 318 1733 362 praeinserti
1744 323 1851 350 motus
1866 317 1988 362 proprii
2018 322 2187 374 iuffieigffirgnsso

1237 373 1391 417 praedicti
1412 373 1445 405 in
1474 372 1582 416 aliquo
1612 371 1824 405 iurisdictioni
1839 377 1870 405 et
1891 372 1989 404 facul·
2005 385 2160 411 gubernatoris.

1237 427 1355 459 tatibus
1375 426 1517 459 eiusdem
1539 425 1685 458 moderni
1706 436 1743 459 ac
1763 436 1822 469 pro
1844 432 1989 470 tempore

1237 479 1399 513 existentis
1427 479 1671 522 gubernatoris,
1694 480 1882 522 praesertim
1905 479 1989 512 circa

1238 533 1521 566 bannimentorum
1546 532 1713 572 editiones,
1735 544 1772 565 ac
1792 532 1990 576 cognitiones

1238 597 1408 620 causarum
1431 585 1648 619 criminalium
1666 587 1853 620 mercedum
1871 592 1901 620 et
1912 597 1991 631 pau-

1239 651 1353 684 perum
1387 640 1434 673 vel
1464 639 1542 672 alias
1572 639 1805 672 miserabilium
1835 650 1990 684 persona—

1239 705 1322 730 rum,
1336 705 1371 726 ae
1383 693 1460 726 alias
1480 704 1703 736 quascumque
1724 705 1838 727 causas
1858 694 1917 727 sibi
1937 698 1993 726 aut,

1239 748 1308 781 aliis
1332 746 1603 790 gubernatoribus
1637 752 1667 779 et.
1696 746 1765 780 eius
1799 748 1906 781 officio
1934 757 1993 792 per

1240 811 1463 845 quoscumque
1483 801 1645 833 Romanos
1669 800 1841 834 Pontifices
1861 801 1994 846 praede-

1241 866 1383 889 cessores
1403 860 1540 893 nostros,
1561 859 1625 886 tam
1643 859 1752 887 contra
1774 855 1859 888 cives
1878 855 1996 888 Roma-

1242 920 1299 941 nos
1319 919 1415 951 quam
1442 907 1521 941 alios
1546 918 1770 951 quoscumque
1791 907 1996 952 quomodoli-

1242 964 1294 995 bet
1314 972 1497 1001 concessas,
1525 961 1555 993 in
1577 961 1729 994 omnibus
1750 967 1780 994 et
1795 973 1854 1006 per
1873 962 1994 1002 omnia,

1243 1016 1374 1060 perinde
1404 1027 1440 1048 ac
1471 1015 1494 1047 si
1516 1015 1621 1047 dictus
1648 1015 1867 1059 praeinsertus
1892 1020 1998 1049 motus

1244 1069 1394 1114 proprius
1428 1068 1560 1101 minime
1594 1068 1756 1110 signatus,
1780 1080 1839 1102 nec
1863 1080 1881 1102 a
1905 1067 1998 1102 nobis

1244 1128 1411 1157 emanatus
1435 1122 1564 1158 suisset,
1590 1120 1722 1154 minime
1756 1122 1998 1166 praeiudicetur

1244 1187 1304 1210 nec
1333 1175 1591 1219 praeiudicatum
1627 1185 1695 1208 esse
1729 1175 1938 1219 intelligatur.
1962 1176 2000 1209 Et

1246 1231 1290 1263 sic
1311 1241 1368 1273 per
1388 1239 1614 1272 quoscumque
1631 1233 1703 1266 etc..
1722 1230 1847 1262 sublata
1866 1234 1940 1269 etc„
1957 1229 2000 1262 ir-

1246 1284 1343 1316 ritum
1372 1293 1501 1326 quoque
1530 1287 1603 1319 etc.;
1635 1283 1802 1326 solamque
1822 1284 2000 1327 praesentis

1246 1342 1352 1370 motus
1372 1335 1494 1380 proprii
1516 1336 1615 1369 nostri
1641 1336 1839 1379 signaturam
1860 1337 1892 1369 in
1914 1336 1999 1370 iudi-

1247 1391 1296 1424 cio
1326 1395 1353 1423 et
1383 1394 1469 1424 extra
1499 1389 1646 1422 sufficere
1679 1400 1716 1422 ac
1754 1390 1850 1423 fidem
1878 1391 1997 1431 facere,

1248 1445 1356 1488 regula
1383 1443 1542 1476 contraria
1577 1453 1642 1475 non
1669 1443 1832 1481 obstante,
1855 1444 2001 1478 similiter

1248 1498 1452 1531 decernimus
1472 1502 1503 1529 et.
1522 1496 1736 1529 declaramus.

1292 1555 1306 1595 ,ξ
1326 1552 1357 1584 2.
1380 1550 1582 1583 Praeinserto
1603 1555 1691 1583 motu
1712 1551 1856 1595 proprio,
1871 1551 2001 1585 ceteris-

1249 1617 1311 1650 que
1339 1604 1508 1638 contrariis
1542 1614 1606 1636 non
1635 1603 1837 1638 obstantibus
1866 1605 2001 1649 quibus-

1251 1670 1406 1703 cumque,
1430 1657 1671 1702 privilegiorum
1697 1663 1727 1691 et
1746 1657 1935 1692 facultatum
1956 1659 2002 1692 ei-

1251 1714 1321 1747 dem
1339 1725 1375 1746 ac
1391 1723 1450 1757 pro
1472 1717 1615 1755 tempore
1637 1711 1781 1745 existenti
1795 1713 2004 1754 gubernatori

1252 1774 1279 1801 et
1302 1767 1370 1800 eius
1386 1766 1491 1799 officio
1508 1765 1669 1798 concessis
1684 1766 1852 1798 tenoribus
1867 1771 1925 1800 etc.
1943 1778 2002 1812 pro

1253 1823 1346 1865 plene
1369 1826 1398 1853 et
1424 1818 1621 1852 sufficienter
1647 1820 1804 1862 expressis
1837 1820 2004 1861 habentes,

1253 1886 1335 1919 quae
1382 1880 1412 1907 et
1458 1884 1538 1917 quas
1566 1883 1623 1916 per
1657 1878 1840 1916 praesentes
1874 1873 2005 1908 innova-

1254 1941 1336 1963 mus.

2030 1572 2201 1600 Quibuscumque

2018 1611 2060 1625 nou
2097 1603 2201 1624 obstanti-

2018 1636 2063 1657 bus.

1404 1983 1530 2019 Placet,
1555 1986 1643 2014 motu
1663 1981 1808 2025 proprio.
1831 1981 1853 2013 1.

1588 2116 1687 2149 XLIV.

1256 2175 1413 2207 Eoetensio
1446 2174 1686 2207 constitutionis
1710 2174 1812 2208 Pauli
1839 2173 1899 2207 III
1925 2175 2011 2208 circa

1301 2234 1414 2256 causas
1438 2223 1545 2255 civiles
1574 2223 1726 2256 interesse
1758 2223 1829 2266 fisci
1858 2222 2011 2256 Gamerae

1301 2272 1500 2315 Apostolicae
1520 2277 1744 2305 concernentes
1764 2272 1801 2304 in
1820 2272 1930 2304 eadem
1948 2271 2009 2305 Ca-

1302 2333 1391 2355 mera
1415 2323 1647 2366 coquoscendas
1665 2323 1690 2355 l.

1375 2386 1437 2414 rius
1455 2387 1525 2421 Papa
1544 2385 1585 2418 lV.
1602 2386 1679 2414 motu
1697 2385 1817 2421 proprio.
1837 2386 1892 2414 eto.

1304 2440 1318 2481 ξ
1335 2439 1365 2471 ’1.
1384 2438 1476 2478 Cum,
1491 2438 1778 2483 sicutaccepimus‚
1792 2438 1865 2471 licet
1877 2438 2013 2472 Romani

1260 2488 1431 2520 Pontifices
1444 2489 1708 2531 praedecessores
1715 2487 1827 2527 nostri,
1841 2499 1899 2531 pro
1911 2487 2015 2522 causis

1300 2552 1308 2576 1
1327 2551 1399 2576 llanc
1415 2550 1513 2576 bullam
1533 2550 1603 2576 Pauli
1631 2550 1665 2576 lll
1693 2550 1774 2576 habes
1805 2553 1870 2576 tom.
1890 2558 1929 2582 vn,
1946 2558 2014 2577 con-

1261 2590 1399 2616 stitutione
1415 2599 1442 2622 x,
1464 2591 1523 2617 Non
1540 2593 1604 2621 stne,
1623 2598 1681 2624 pag.
1699 2591 1760 2616 217.
1788 2590 1844 2616 Hoc
1871 2589 1939 2616 idem
1955 2594 2014 2617 sta-

1263 2634 1349 2656 tuerat
1366 2630 1488 2657 Urbanus
1505 2630 1538 2659 V1
1557 2631 1581 2656 in
1603 2630 1659 2656 eius
1679 2631 1868 2658 constitutione
1889 2638 1909 2659 ι,
1938 2631 2014 2663 Apo-

1263 2672 1377 2702 stola‘eae,
1399 2675 1461 2698 tom.
1481 2679 1520 2703 iv,
1540 2678 1600 2706 pag.
1618 2671 1679 2697 581.

2041 2443 2152 2467 Pnutuslll
2164 2449 2214 2465 nvo-

2028 2474 2084 2494 cavlt
2138 2471 2213 2493 civiles

2029 2505 2105 2521 causas
2116 2499 2147 2520 sui
2168 2497 2213 2519 fisci
