2237 3100
264 237 313 264 An.
330 237 359 266 C.
379 237 441 266 {571

258 605 383 626 iurisdictio
403 606 446 631 epi-

261 641 380 662 seoporum,

261 672 300 693 qua
316 668 335 686 111
352 667 394 687 rub⁴

505 226 570 261 944

460 300 558 333 super
581 289 643 322 illis
667 293 860 332 perpetuum
886 285 1048 318 silentium
1075 285 1213 328 imponi-

461 353 542 383 muS,
572 354 608 375 ac
631 352 743 375 omnes
769 341 871 373 diotae
900 338 1032 371 militiae
1059 348 1212 381 personas

458 407 475 428 a
501 395 665 438 quibusvis
691 393 852 432 censuris,
884 392 1000 424 harum
1026 396 1211 424 controver-

459 450 579 481 siarum
592 447 761 480 occasione
776 450 886 478 eontra
902 456 954 477 eas
970 455 1027 487 per
1039 455 1212 488 quoscum-

460 512 522 544 que
543 501 613 533 latis
634 506 663 533 et
688 499 838 537 incursis,
861 498 1067 531 absolvimus.

505 555 518 595 ξ
539 553 628 586 32131
650 564 689 585 ne
718 553 749 586 in
772 553 918 584 futurum
939 551 1047 593 aliqua
1072 551 1212 594 amplius

460 605 675 639 controversia
690 605 767 638 oriri
786 605 896 648 possit,
917 603 1132 640 decernimus,
1160 604 1212 635 de-

460 660 630 698 elaramus‚
643 659 811 691 statuimus
821 668 933 690 omnes
941 658 1213 700 etsingulosloeo-

460 722 531 744 rum
558 712 729 755 episcopos
759 717 785 743 et
804 711 883 743 alios
908 710 1110 754 superiores,
1131 716 1210 742 tam-

459 776 554 809 quam
565 765 767 808 Apostolieao
778 764 868 797 Sedis
877 764 1050 806 delegatos,
1064 774 1175 796 omnes=
1183 769 1208 795 et

458 829 681 861 quascumque
696 818 899 861 parochiales
912 817 1073 855 ecelesias,
1093 822 1213 850 vetera-

459 882 522 914 que
541 870 698 904 beneficia
719 871 934 903 ecclesiastiea
955 881 1087 903 suarum
1108 870 1212 903 eivita-

460 930 526 957 111111
542 929 570 957 et
584 924 781 965 dioecesum,
798 924 915 967 quibus
935 923 1116 956 animarum
1134 934 1212 955 eura

453 977 616 1016 imminet,
648 977 687 1009 ad
715 977 831 1010 dietam
851 977 1051 1019 Religionem
1080 976 1212 1019 eiusque

460 1030 590 1070 milites,
613 1031 841 1074 cappellanos,
865 1031 1047 1069 ministros,
1072 1035 1213 1063 rectores

420 1120 423 1122 ,
458 1084 702 1126 quomodolibet
724 1083 933 1127 pertinentia,
957 1084 1052 1116 etiam
1074 1083 1160 1125 quod
1182 1083 1212 1114 in

460 1137 505 1170 eis
520 1137 737 1181 episcopalem
750 1142 778 1169 et
795 1137 1005 1180 temporalem
1018 1136 1213 1169 iurisdictio-

460 1201 532 1222 nem
554 1190 675 1233 Religio
692 1196 721 1222 et
735 1190 852 1223 milites
868 1190 1022 1233 praedioli
1043 1190 1210 1225 haberent,

460 1253 640 1286 eorumque
661 1243 824 1281 ecclesias,
847 1248 1006 1280 rectores,
1029 1242 1164 1274 vicarios
1185 1246 1212 1273 et

461 1296 624 1328 ministros
637 1307 862 1339 quoscumque
876 1296 921 1338 (in
935 1296 985 1327 his
1002 1301 1108 1328 tamen
1125 1295 1214 1327 dum-

454 1351 556 1389 taxat,
571 1360 653 1392 quae
668 1349 849 1381 animarum
864 1359 941 1381 eura
958 1348 1109 1391 illiusque
1123 1358 1213 1380 exer—

461 1403 572 1435 citium
602 1408 630 1435 et
662 1407 938 1435 sacramentorum
964 1401 1213 1434 administratio-

461 1466 534 1489 nem
559 1456 749 1500 respiciunt)
769 1456 908 1496 visitare,
929 1466 1106 1498 omnesque
1126 1459 1216 1487 aetus

461 1508 673 1542 visitationem
695 1515 928 1542 concernentes
949 1519 1098 1541 exercere
1123 1519 1216 1550 posse

462 1569 492 1595 et
512 1563 647 1603 debere,
669 1575 705 1596 ac
727 1568 868 1595 rectores
889 1568 1079 1606 ceterosque
1100 1562 1214 1593 liuius-

462 1616 547 1649 modi
581 1616 761 1656 ministros,
783 1627 894 1649 eurmn
925 1609 1107 1648 animarum
1126 1626 1215 1648 exer-

463 1676 582 1709 centes,
603 1670 710 1702 minus
732 1670 864 1703 idoneos
881 1674 1036 1713 repertos,
1058 1669 1215 1712 siquidem

462 1722 501 1755 ad
516 1728 630 1755 nutum
649 1723 834 1756 amovibiles
845 1723 919 1763 sint,
936 1722 1039 1755 statim
1054 1733 1214 1761 amovere;

463 1776 511 1808 sin
530 1786 604 1808 vero
626 1775 771 1808 titulares
791 1777 869 1817 sint,
893 1775 979 1808 illieo
1001 1776 1215 1819 suspendere3

463 1839 499 1862 ac
530 1828 714 1872 superiores
745 1840 857 1861 eorum
893 1839 1025 1861 monere
1055 1834 1108 1867 ut,
1136 1829 1218 1860 intra

463 1881 604 1925 aliquem
619 1882 748 1915 brevem
764 1882 951 1921 terminum,
967 1882 999 1914 in
1011 1882 1119 1914 locum
1133 1891 1219 1913 amo-

462 1940 570 1968 torum
593 1935 769 1978 subrogent
790 1935 869 1967 alios
891 1935 1037 1975 idoneos,
1060 1934 1149 1978 prius
1175 1940 1219 1966 ta-

464 1999 537 2021 men
559 1999 615 2031 per
636 1989 722 2032 ipsos
742 1989 912 2032 episcopos
929 1994 957 2021 et
975 1988 1053 2021 alios
1072 1987 1219 2030 superio-

463 2051 514 2074 res
533 2042 730 2075 examinatos
750 2048 780 2074 et
805 2042 1013 2085 approbatos,
1035 2041 1219 2073 titularibus

462 2104 538 2127 vero
558 2095 732 2138 suspensis,
747 2095 901 2138 deputent
919 2094 999 2127 alios
1015 2094 1149 2126 idoneos
1166 2105 1218 2137 pa-

462 2146 539 2180 riter
555 2148 750 2181 examinatos
771 2153 797 2181 et
822 2147 1030 2192 approbatos,
1054 2153 1087 2180 ut
1109 2158 1217 2190 supra,

463 2199 495 2232 in
506 2201 710 2234 coadiutores
720 2211 776 2234 seu
790 2200 935 2240 vicarios,
949 2201 1035 2233 iuxta
1051 2201 1217 2233 decretum

463 2253 604 2294 concilii,
627 2257 766 2287 sessione
786 2253 937 2296 vigesima
957 2253 1082 2297 prima,
1114 2253 1218 2297 eapite

463 2312 561 2339 sexto.
585 2307 708 2339 Interea
729 2317 803 2339 vero
824 2307 900 2339 dum
927 2307 1007 2339 haec
1034 2306 1218 2349 subrogatio

463 2369 520 2392 seu
552 2359 715 2403 deputatio
744 2360 819 2399 liat,
847 2359 907 2403 ipsi
936 2359 1137 2405 episcopi-et
1166 2358 1218 2391 alii

463 2409 665 2450 superiores,
688 2419 747 2452 pro
773 2408 961 2442 necessitato
982 2420 1077 2441 curae
1099 2409 1219 2441 anima-

464 2466 547 2496 rum,
569 2457 756 2500 provideant
773 2456 903 2490 arbitrio
922 2467 994 2496 suo,
1015 2457 1102 2500 quod
1123 2456 1147 2488 si
1165 2468 1218 2489 su-

465 2504 609 2546 periores
632 2505 792 2538 dictorum
821 2510 985 2548 rectorum
1006 2509 1035 2536 et
1062 2504 1219 2537 ministro-

465 2562 538 2584 rum
558 2552 642 2585 intra
662 2559 789 2596 teinpus
810 2554 988 2596 praefixum
1016 2563 1081 2586 non
1109 2553 1220 2586 subro-

463 2600 607 2642 gaverint
626 2607 680 2634 aut
704 2602 927 2645 deputaverint
948 2607 982 2635 ut
1002 2611 1116 2644 supra,
1132 2606 1219 2639 tune,

1058 232 1237 256 BULLARIUM
1256 232 1407 257 ROMANUM

1255 285 1340 317 dieto
1363 285 1501 317 termino
1521 285 1642 328 elapso,
1665 284 1724 328 ipsi
1745 285 1887 328 episcopi
1910 290 1941 318 et
1954 284 2008 318 alii

1255 338 1440 380 superiores
1464 338 1563 377 alios,
1587 338 1715 380 praevio
1735 338 1896 378 examine,
1923 338 2008 371 iuxta

1255 391 1399 423 eiusdem
1421 391 1549 424 eoneilii
1577 392 1713 424 sormam
1737 391 1870 425 idoneos
1899 401 2008 435 reper-

1255 450 1312 485 tos,
1335 444 1366 476 in
1387 445 1494 477 loeum
1517 449 1699 477 amotorum
1716 444 1903 487 subrogent.
1923 445 2008 477 Titu-

1255 497 1376 529 laribus
1392 509 1466 531 vero
1487 497 1661 541 suspensis,
1685 497 1889 530 coadiutores
1909 497 2008 541 depu-

1256 556 1321 584 tent
1342 551 1427 583 iuxta
1448 551 1570 584 dietum
1592 550 1771 594 capitulum
1792 554 1928 590 sextum,
1946 560 2009 583 ses-

1254 604 1344 637 sione
1369 604 1521 647 vigesima
1542 604 1656 648 prima,
1671 603 1727 647 qui
1747 609 1852 637 tamen
1867 603 1899 635 in
1915 603 2009 636 dietis

1255 656 1494 699 parochialibus
1514 656 1661 699 *perinde
1694 656 1886 696 inserviant,
1915 666 1952 688 ac
1982 655 2007 689 si

1255 710 1417 753 sulnogati
1443 716 1496 743 aut
1516 710 1667 754 ⁴deputati
1693 709 1731 742 ab
1756 709 1834 752 ipsis
1862 709 2010 752 superio-

1255 763 1343 796 ribus
1368 763 1543 806 Religionis
1563 768 1594 796 et
1615 762 1751 796 militum
1769 762 2009 805 praedictorum

1256 817 1398 849 fuissent.
1582 852 1585 854 ,
2004 823 2006 826 ·

1298 871 1312 912 ,δ
1332 870 1362 902 4.
1381 870 1537 903 Volumus
1561 876 1669 903 autem
1696 869 1783 913 quod
1807 867 1952 913 episcopi
1980 873 2012 901 et

1255 924 1308 956 alii
1330 924 1514 966 superiores
1534 923 1690 967 praedicti
1714 922 1927 956 visitationem
1952 922 2011 955 h‘ij‘-

1256 976 1395 1009 iusmodi
1416 983 1446 1009 et
1466 977 1630 1020 praedicta
1658 976 1767 1008 omnia
1789 976 1901 1008 ‘solum
1929 980 2011 1008 tam-

1255 1041 1350 1072 quam
1371 1030 1508 1072 delegati
1529 1028 1731 1073 Apostolieae
1752 1028 1847 1065 Sedis
1866 1033 1896 1061 et
1915 1027 2013 1071 gratis

1256 1089 1281 1115 et
1305 1084 1425 1127 absque
1446 1083 1520 1115 ullis
1540 1082 1834 1125 diotaeLReligionis
1850 1087 2012 1125 rectorum

1256 1143 1283 1169 et
1307 1137 1529 1170 ministrorum
1552 1137 1697 1180 impensa
1717 1141 1747 1169 et
1762 1146 1860 1169 onere
1880 1135 2011 1168 saciant.

1300 1192 1314 1233 ξ
1335 1191 1366 1223 Γ).
1391 1193 1422 1222 111
1444 1190 1715 1224 collationeitem
1737 1188 1909 1234 ordinum,
1935 1190 2013 1221 nec-

1258 1255 1321 1277 non
1347 1244 1590 1277 eensecratione
1620 1242 1832 1276 ecelesiarum
1853 1247 1884 1274 et
1903 1251 2013 1275 saero-

1257 1308 1328 1330 rum
1351 1307 1511 1337 vasorum,
1535 1308 1572 1330 ae
1589 1295 1870 1330 benedictionibus
1892 1300 1923 1328 et
1943 1293 2014 1328 aliis

1256 1350 1381 1383 actibus
1397 1351 1658 1393 spiritualitatem
1675 1348 1960 1389 concernentibus,
1970 1357 2014 1381 -ac

1258 1403 1457 1436 institutione
1468 1408 1750 1447 praesentatorum
1762 1401 1801 1435 ab
1811 1401 1931 1435 eisdem
1952 1399 2013 1445 nii-

1258 1457 1367 1489 litibus
1383 1456 1420 1489 ad
1437 1456 1608 1496 beneficia,
1627 1462 1680 1488 aut
1702 1454 1937 1499 approbatione
1957 1463 2012 1486 seu

1259 1510 1340 1542 eonii
1347 1510 1516 1550 nuatione,
1540 1520 1619 1552 quas
1631 1509 1670 1542 ab
1680 1509 1800 1542 eisdem
1811 1508 1882 1542 fieri
1897 1508 2014 1540 harum

1259 1563 1477 1607 prassentium
1497 1562 1605 1606 vigore
1626 1562 1805 1605 eontigerit,
1826 1561 1924 1604 graiis
1943 1570 2014 1594 om-

1260 1616 1310 1648 nia
1328 1616 1457 1656 saciant,
1477 1622 1504 1649 et
1522 1616 1693 1659 diligenter
1711 1614 1875 1657 attendant
1894 1618 1929 1646 ut
1943 1613 2015 1646 nul-

1260 1671 1306 1702 los
1327 1669 1507 1709 admittant,
1530 1669 1585 1712 qui
1602 1669 1772 1712 qualitates
1783 1666 1946 1700 ι1001101110
1963 1676 2015 1699 re-

1259 1723 1393 1767 quisitas
1419 1734 1483 1756 non
1503 1719 1655 1761 habeant,
1675 1732 1711 1755 ac
1723 1721 1852 1765 praevio
1868 1719 2015 1753 examine

1260 1777 1346 1809 iuxta
1367 1776 1511 1815 eiusdem
1533 1775 1662 1809 concilii
1683 1773 1932 1819 decretaidonei
1947 1782 2013 1806 non

1260 1829 1407 1863 existant.
1920 1820 1923 1821 ⁷

1305 1886 1319 1925 ς
1340 1884 1370 1915 b'.
1393 1882 1552 1915 Nolumus
1572 1887 1679 1915 autem
1701 1881 1872 1925 episcopos
1888 1885 1919 1913 et
1938 1877 2017 1913 alios

1261 1935 1445 1978 superiores
1467 1936 1613 1968 locorum
1630 1933 1850 1978 suprascripta
1865 1932 2016 1965 facultate

1260 1988 1406 2020 visitandi
1424 1988 1482 2028 uti,
1505 1987 1560 2030 qui
1581 1998 1656 2020 eum
1677 1986 1788 2019 eadem
1805 1985 1971 2029 Religione
1987 1991 2018 2019 et

1263 2041 1417 2073 militibus
1438 2051 1535 2084 super
1550 2039 1771 2072 iurisdictione
1787 2038 1964 2082 episcopali
1984 2038 2017 2070 in

1261 2094 1339 2127 loeis
1364 2093 1528 2126 visitandis
1547 2103 1655 2126 eoram
1677 2089 1940 2135 quibuscumque
1966 2082 2036 2124 iu-'

1261 2147 1386 2180 dieibus
1400 2147 1536 2189 litigent,
1556 2146 1616 2178 nisi
1628 2145 1686 2188 ipsi
1701 2145 1885 2190 episeopiet
1901 2143 1954 2177 alii
1967 2155 2018 2177 su-

1262 2201 1405 2243 periore>¹
1423 2200 1453 2231 in
1465 2199 1555 2242 quasi
1567 2198 1768 2242 possessione
1782 2194 1916 2240 antiqua
1926 2206 2016 2230 exer-

1261 2253 1326 2286 citii
1355 2252 1586 2286 iurisdictionis
1613 2251 1801 2290 huiusmodi
1829 2250 2016 2289 existerent,

1262 2307 1345 2339 ¹<alvo
1369 2312 1443 2338 111110
1454 2306 1522 2338 iure
1533 2305 1663 2347 utrique
1680 2303 1789 2337 illaeso
1806 2303 1838 2335 in
1851 2302 2015 2347 petitorio;

1262 2359 1315 2392 sed
1341 2359 1428 2402 quod
1449 2357 1593 2401 episcopi
1615 2362 1645 2389 et
1665 2356 1717 2388 alii
1739 2352 1923 2399 superiores
1942 2351 2018 2387 vici-

1262 2407 1380 2447 niores,
1405 2406 1453 2438 ius
1466 2406 1596 2449 aliquod
1614 2406 1645 2437 in
1663 2404 1885 2437 iurisdictione
1905 2401 2018 2436 huius-

1263 2455 1348 2487 modi
1370 2465 1433 2487 non
1459 2455 1625 2493 habentes,
1648 2453 1842 2494 nullmnque
1862 2452 2017 2485 interesse

1263 2514 1394 2546 prorsus
1414 2503 1672 2547 praetendentes,
1692 2502 1841 2536 facultate
1852 2500 2017 2544 praedicta

1263 2558 1405 2585 utantur.

1305 2601 1320 2643 ἓ
1341 2601 1371 2633 7.
1384 2600 1542 2633 Nolumus
1554 2599 1630 2632 item
1646 2609 1704 2642 per
1715 2602 1899 2642 praesentes
1913 2596 2016 2630 ullum
2034 2594 2074 2631 'iv
2090 2609 2215 2632 dect-nuo.

2024 231 2076 260 An.
2093 233 2124 261 C.
2141 232 2205 261 ¹571

2067 878 2073 899 Ι
2094 878 2210 900 dect-ratio

2026 911 2090 937 circa,
2097 911 2172 931 dictam
2183 911 2211 930 iu-

2027 941 2178 962 risdictionem.

2041 1196 2059 1217 11
2081 1196 2203 1218 declaratio.

2043 1893 2072 1915 ΙΙΙ
2090 1894 2226 1916 declaratio.-
