<?xml version="1.0" encoding="UTF-8"?>
<!DOCTYPE html PUBLIC "-//W3C//DTD XHTML 1.0 Transitional//EN"
    "http://www.w3.org/TR/xhtml1/DTD/xhtml1-transitional.dtd">
<html xmlns="http://www.w3.org/1999/xhtml" xml:lang="en" lang="en">
 <head>
  <title>
</title>
<meta http-equiv="Content-Type" content="text/html;charset=utf-8" />
  <meta name='ocr-system' content='tesseract 3.04.00' />
  <meta name='ocr-capabilities' content='ocr_page ocr_carea ocr_par ocr_line ocrx_word'/>
</head>
<body>
  <div class='ocr_page' id='page_1' title='image "./bullarumdiplomat07cath_0274.png"; bbox 0 0 2237 3100; ppageno 0'>
   <div class='ocr_carea' id='block_1_1' title="bbox 1058 275 2207 306">
    <p class='ocr_par' dir='ltr' id='par_1_1' title="bbox 1058 275 2207 306">
     <span class='ocr_line' id='line_1_1' title="bbox 1058 275 2207 306; baseline 0.001 -3"><span class='ocrx_word' id='word_1_1' title='bbox 1058 279 1236 303; x_wconf 77' lang='lat' dir='ltr'><strong>BULLARIUM</strong></span> <span class='ocrx_word' id='word_1_2' title='bbox 1260 279 1410 304; x_wconf 74' lang='lat' dir='ltr'><strong>ROMANUM</strong></span> <span class='ocrx_word' id='word_1_3' title='bbox 2022 277 2071 304; x_wconf 76' lang='lat' dir='ltr'>An.</span> <span class='ocrx_word' id='word_1_4' title='bbox 2089 277 2119 305; x_wconf 89' lang='lat' dir='ltr'>c.</span> <span class='ocrx_word' id='word_1_5' title='bbox 2137 275 2207 306; x_wconf 69' lang='lat'>¹562</span> 
     </span>
    </p>
   </div>
   <div class='ocr_carea' id='block_1_2' title="bbox 1253 333 2234 486">
    <p class='ocr_par' dir='ltr' id='par_1_2' title="bbox 1253 333 2234 486">
     <span class='ocr_line' id='line_1_2' title="bbox 1254 333 2234 387; baseline -0.001 -20"><span class='ocrx_word' id='word_1_6' title='bbox 1254 334 1386 377; x_wconf 85' lang='lat' dir='ltr'>Urbem,</span> <span class='ocrx_word' id='word_1_7' title='bbox 1410 333 1479 367; x_wconf 89' lang='lat' dir='ltr'>fieri</span> <span class='ocrx_word' id='word_1_8' title='bbox 1509 333 1697 377; x_wconf 81' lang='lat' dir='ltr'>contigerit,</span> <span class='ocrx_word' id='word_1_9' title='bbox 1719 334 1827 368; x_wconf 89' lang='lat' dir='ltr'>locum</span> <span class='ocrx_word' id='word_1_10' title='bbox 1844 333 1962 367; x_wconf 86' lang='lat' dir='ltr'>habere</span> <span class='ocrx_word' id='word_1_11' title='bbox 1978 339 2008 367; x_wconf 89' lang='lat' dir='ltr'>et</span> <span class='ocrx_word' id='word_1_12' title='bbox 2022 337 2206 387; x_wconf 50' lang='lat' dir='ltr'>„Rea‘ffl‘at‘ek</span> <span class='ocrx_word' id='word_1_13' title='bbox 2232 355 2234 357; x_wconf 58' lang='lat'>&gt;</span> 
     </span>
     <span class='ocr_line' id='line_1_3' title="bbox 1253 372 2070 421; baseline -0.005 0"><span class='ocrx_word' id='word_1_14' title='bbox 1253 388 1414 421; x_wconf 87' lang='lat' dir='ltr'>observari</span> <span class='ocrx_word' id='word_1_15' title='bbox 1429 388 1558 421; x_wconf 89' lang='lat' dir='ltr'>debere.</span> <span class='ocrx_word' id='word_1_16' title='bbox 2022 372 2070 417; x_wconf 61' lang='lat' dir='ltr'>tuncl</span> 
     </span>
     <span class='ocr_line' id='line_1_4' title="bbox 1296 442 2204 486; baseline 0.006 -12"><span class='ocrx_word' id='word_1_17' title='bbox 1296 442 1311 485; x_wconf 54' lang='grc' dir='ltr'>ᾗ</span> <span class='ocrx_word' id='word_1_18' title='bbox 1331 442 1384 475; x_wconf 77' lang='grc'>31.</span> <span class='ocrx_word' id='word_1_19' title='bbox 1409 442 1452 475; x_wconf 83' lang='lat' dir='ltr'>Ac</span> <span class='ocrx_word' id='word_1_20' title='bbox 1473 442 1606 486; x_wconf 83' lang='lat' dir='ltr'>insuper</span> <span class='ocrx_word' id='word_1_21' title='bbox 1620 442 1691 476; x_wconf 87' lang='lat' dir='ltr'>illas</span> <span class='ocrx_word' id='word_1_22' title='bbox 1704 443 1737 476; x_wconf 91' lang='lat' dir='ltr'>in</span> <span class='ocrx_word' id='word_1_23' title='bbox 1748 442 1844 476; x_wconf 85' lang='lat' dir='ltr'>valvis</span> <span class='ocrx_word' id='word_1_24' title='bbox 1854 442 2005 476; x_wconf 74' lang='lat' dir='ltr'>basilicae</span> <span class='ocrx_word' id='word_1_25' title='bbox 2039 457 2204 485; x_wconf 63' lang='lat' dir='ltr'>publicumque</span> 
     </span>
    </p>
   </div>
   <div class='ocr_carea' id='block_1_3' title="bbox 505 268 569 304">
    <p class='ocr_par' dir='ltr' id='par_1_3' title="bbox 505 268 569 304">
     <span class='ocr_line' id='line_1_5' title="bbox 505 268 569 304; baseline 0.016 -1"><span class='ocrx_word' id='word_1_26' title='bbox 505 268 569 304; x_wconf 67' lang='lat'>0236</span> 
     </span>
    </p>
   </div>
   <div class='ocr_carea' id='block_1_4' title="bbox 460 334 1213 486">
    <p class='ocr_par' dir='ltr' id='par_1_4' title="bbox 460 334 1213 486">
     <span class='ocr_line' id='line_1_6' title="bbox 460 334 1213 379; baseline 0 -12"><span class='ocrx_word' id='word_1_27' title='bbox 460 334 560 377; x_wconf 76' lang='lat' dir='ltr'>tinget</span> <span class='ocrx_word' id='word_1_28' title='bbox 588 334 720 379; x_wconf 82' lang='lat' dir='ltr'>(eligere</span> <span class='ocrx_word' id='word_1_29' title='bbox 749 340 856 369; x_wconf 86' lang='lat' dir='ltr'>autem</span> <span class='ocrx_word' id='word_1_30' title='bbox 884 334 1056 378; x_wconf 80' lang='lat' dir='ltr'>collegium</span> <span class='ocrx_word' id='word_1_31' title='bbox 1086 334 1213 367; x_wconf 78' lang='lat' dir='ltr'>debebit</span> 
     </span>
     <span class='ocr_line' id='line_1_7' title="bbox 462 388 1210 432; baseline 0 -11"><span class='ocrx_word' id='word_1_32' title='bbox 462 399 527 429; x_wconf 85' lang='lat' dir='ltr'>eos,</span> <span class='ocrx_word' id='word_1_33' title='bbox 557 389 611 431; x_wconf 87' lang='lat' dir='ltr'>qui</span> <span class='ocrx_word' id='word_1_34' title='bbox 633 389 671 421; x_wconf 89' lang='lat' dir='ltr'>ad</span> <span class='ocrx_word' id='word_1_35' title='bbox 700 389 731 421; x_wconf 89' lang='lat' dir='ltr'>id</span> <span class='ocrx_word' id='word_1_36' title='bbox 751 389 851 432; x_wconf 78' lang='lat' dir='ltr'>magis</span> <span class='ocrx_word' id='word_1_37' title='bbox 868 388 974 422; x_wconf 87' lang='lat' dir='ltr'>idonei</span> <span class='ocrx_word' id='word_1_38' title='bbox 995 388 1210 432; x_wconf 81' lang='lat' dir='ltr'>videbuntur),</span> 
     </span>
     <span class='ocr_line' id='line_1_8' title="bbox 460 441 1208 486; baseline 0 -12"><span class='ocrx_word' id='word_1_39' title='bbox 460 441 634 485; x_wconf 87' lang='lat' dir='ltr'>praemissa</span> <span class='ocrx_word' id='word_1_40' title='bbox 664 443 772 475; x_wconf 82' lang='lat' dir='ltr'>onmia</span> <span class='ocrx_word' id='word_1_41' title='bbox 793 443 886 486; x_wconf 90' lang='lat' dir='ltr'>plene</span> <span class='ocrx_word' id='word_1_42' title='bbox 917 448 945 475; x_wconf 87' lang='lat' dir='ltr'>et</span> <span class='ocrx_word' id='word_1_43' title='bbox 966 441 1208 483; x_wconf 83' lang='lat' dir='ltr'>inviolabiliter,</span> 
     </span>
    </p>
   </div>
   <div class='ocr_carea' id='block_1_5' title="bbox 263 276 446 307">
    <p class='ocr_par' dir='ltr' id='par_1_5' title="bbox 263 276 446 307">
     <span class='ocr_line' id='line_1_9' title="bbox 263 276 446 307; baseline 0.005 -3"><span class='ocrx_word' id='word_1_44' title='bbox 263 276 314 305; x_wconf 87' lang='lat' dir='ltr'>An.</span> <span class='ocrx_word' id='word_1_45' title='bbox 332 278 361 306; x_wconf 88' lang='lat' dir='ltr'>C.</span> <span class='ocrx_word' id='word_1_46' title='bbox 379 279 446 307; x_wconf 70' lang='lat'>1562</span> 
     </span>
    </p>
   </div>
   <div class='ocr_carea' id='block_1_6' title="bbox 255 978 439 1093">
    <p class='ocr_par' dir='ltr' id='par_1_6' title="bbox 255 978 439 1093">
     <span class='ocr_line' id='line_1_10' title="bbox 269 978 439 999; baseline 0.012 -2"><span class='ocrx_word' id='word_1_47' title='bbox 269 978 390 999; x_wconf 52' lang='lat' dir='ltr'>(iar-linai&amp;</span> <span class='ocrx_word' id='word_1_48' title='bbox 409 980 439 999; x_wconf 84' lang='lat' dir='ltr'>ni·</span> 
     </span>
     <span class='ocr_line' id='line_1_11' title="bbox 255 1010 438 1029; baseline 0 0"><span class='ocrx_word' id='word_1_49' title='bbox 255 1010 283 1029; x_wconf 82' lang='lat' dir='ltr'>hil</span> <span class='ocrx_word' id='word_1_50' title='bbox 295 1011 319 1029; x_wconf 80' lang='lat' dir='ltr'>ile</span> <span class='ocrx_word' id='word_1_51' title='bbox 336 1010 368 1029; x_wconf 65' lang='lat' dir='ltr'>liii·</span> <span class='ocrx_word' id='word_1_52' title='bbox 385 1016 438 1029; x_wconf 79' lang='lat' dir='ltr'>con-</span> 
     </span>
     <span class='ocr_line' id='line_1_12' title="bbox 351 1042 437 1065; baseline 0 -5"><span class='ocrx_word' id='word_1_53' title='bbox 351 1042 437 1065; x_wconf 67' lang='lat' dir='ltr'>innunt.y</span> 
     </span>
     <span class='ocr_line' id='line_1_13' title="bbox 256 1073 436 1093; baseline 0.011 -2"><span class='ocrx_word' id='word_1_54' title='bbox 256 1073 291 1091; x_wconf 63' lang='lat' dir='ltr'>scil</span> <span class='ocrx_word' id='word_1_55' title='bbox 304 1073 356 1093; x_wconf 72' lang='lat' dir='ltr'>lzanc</span> <span class='ocrx_word' id='word_1_56' title='bbox 368 1077 436 1093; x_wconf 71' lang='lat' dir='ltr'>const.</span> 
     </span>
    </p>
   </div>
   <div class='ocr_carea' id='block_1_7' title="bbox 255 1044 319 1060">
    <p class='ocr_par' dir='ltr' id='par_1_7' title="bbox 255 1044 319 1060">
     <span class='ocr_line' id='line_1_14' title="bbox 255 1044 319 1060; baseline -0.016 -1"><span class='ocrx_word' id='word_1_57' title='bbox 255 1044 319 1060; x_wconf 62' lang='lat' dir='ltr'>tenu&lt;</span> 
     </span>
    </p>
   </div>
   <div class='ocr_carea' id='block_1_8' title="bbox 254 1135 437 1185">
    <p class='ocr_par' dir='ltr' id='par_1_8' title="bbox 254 1135 437 1185">
     <span class='ocr_line' id='line_1_15' title="bbox 255 1135 437 1155; baseline 0.011 -2"><span class='ocrx_word' id='word_1_58' title='bbox 255 1140 300 1153; x_wconf 79' lang='lat' dir='ltr'>rum</span> <span class='ocrx_word' id='word_1_59' title='bbox 325 1135 371 1154; x_wconf 73' lang='lat' dir='ltr'>aliis</span> <span class='ocrx_word' id='word_1_60' title='bbox 399 1141 437 1155; x_wconf 78' lang='lat' dir='ltr'>cu-</span> 
     </span>
     <span class='ocr_line' id='line_1_16' title="bbox 254 1170 308 1185; baseline -0.019 0"><span class='ocrx_word' id='word_1_61' title='bbox 254 1170 308 1185; x_wconf 44' lang='lat' dir='ltr'>reni&lt;</span> 
     </span>
    </p>
   </div>
   <div class='ocr_carea' id='block_1_9' title="bbox 250 1893 434 2081">
    <p class='ocr_par' dir='ltr' id='par_1_9' title="bbox 250 1893 434 2081">
     <span class='ocr_line' id='line_1_17' title="bbox 258 1893 432 1915; baseline 0.006 -1"><span class='ocrx_word' id='word_1_62' title='bbox 258 1893 380 1914; x_wconf 63' lang='lat' dir='ltr'>cardinales</span> <span class='ocrx_word' id='word_1_63' title='bbox 391 1901 432 1915; x_wconf 70' lang='lat' dir='ltr'>non</span> 
     </span>
     <span class='ocr_line' id='line_1_18' title="bbox 251 1931 432 1951; baseline 0 0"><span class='ocrx_word' id='word_1_64' title='bbox 251 1931 388 1951; x_wconf 69' lang='lat' dir='ltr'>excludantur</span> <span class='ocrx_word' id='word_1_65' title='bbox 409 1932 432 1951; x_wconf 84' lang='lat' dir='ltr'>ab</span> 
     </span>
     <span class='ocr_line' id='line_1_19' title="bbox 250 1962 434 1989; baseline -0.005 -7"><span class='ocrx_word' id='word_1_66' title='bbox 250 1962 356 1982; x_wconf 74' lang='lat' dir='ltr'>electione</span> <span class='ocrx_word' id='word_1_67' title='bbox 374 1970 434 1989; x_wconf 59' lang='lat' dir='ltr'>prau-</span> 
     </span>
     <span class='ocr_line' id='line_1_20' title="bbox 250 1997 433 2020; baseline 0.005 -8"><span class='ocrx_word' id='word_1_68' title='bbox 250 1997 307 2013; x_wconf 71' lang='lat' dir='ltr'>lenu</span> <span class='ocrx_word' id='word_1_69' title='bbox 334 2000 433 2020; x_wconf 70' lang='lat' dir='ltr'>quartini-</span> 
     </span>
     <span class='ocr_line' id='line_1_21' title="bbox 250 2030 433 2050; baseline 0 -7"><span class='ocrx_word' id='word_1_70' title='bbox 250 2030 337 2050; x_wconf 73' lang='lat' dir='ltr'>cunique</span> <span class='ocrx_word' id='word_1_71' title='bbox 354 2030 411 2045; x_wconf 57' lang='lat' dir='ltr'>venit</span> <span class='ocrx_word' id='word_1_72' title='bbox 423 2037 433 2039; x_wconf 98' lang='lat'><em>-</em></span> 
     </span>
     <span class='ocr_line' id='line_1_22' title="bbox 250 2059 381 2081; baseline 0.008 -6"><span class='ocrx_word' id='word_1_73' title='bbox 250 2061 327 2081; x_wconf 68' lang='lat' dir='ltr'>rarum,</span> <span class='ocrx_word' id='word_1_74' title='bbox 344 2059 381 2076; x_wconf 59' lang='lat' dir='ltr'>viv.</span> 
     </span>
    </p>
   </div>
   <div class='ocr_carea' id='block_1_10' title="bbox 405 495 1211 2722">
    <p class='ocr_par' dir='ltr' id='par_1_10' title="bbox 456 495 1211 914">
     <span class='ocr_line' id='line_1_23' title="bbox 459 495 1210 539; baseline 0 -11"><span class='ocrx_word' id='word_1_75' title='bbox 459 506 496 528; x_wconf 89' lang='lat' dir='ltr'>ac</span> <span class='ocrx_word' id='word_1_76' title='bbox 525 496 591 528; x_wconf 89' lang='lat' dir='ltr'>sine</span> <span class='ocrx_word' id='word_1_77' title='bbox 618 497 729 529; x_wconf 79' lang='lat' dir='ltr'>fraude</span> <span class='ocrx_word' id='word_1_78' title='bbox 758 502 789 529; x_wconf 90' lang='lat' dir='ltr'>et</span> <span class='ocrx_word' id='word_1_79' title='bbox 816 497 890 529; x_wconf 91' lang='lat' dir='ltr'>dolo</span> <span class='ocrx_word' id='word_1_80' title='bbox 915 495 1024 539; x_wconf 86' lang='lat' dir='ltr'>aliquo</span> <span class='ocrx_word' id='word_1_81' title='bbox 1050 495 1210 529; x_wconf 71' lang='lat' dir='ltr'>observari</span> 
     </span>
     <span class='ocr_line' id='line_1_24' title="bbox 459 548 1209 595; baseline 0.001 -14"><span class='ocrx_word' id='word_1_82' title='bbox 459 548 588 589; x_wconf 86' lang='lat' dir='ltr'>saciant,</span> <span class='ocrx_word' id='word_1_83' title='bbox 607 549 645 582; x_wconf 86' lang='lat' dir='ltr'>dc</span> <span class='ocrx_word' id='word_1_84' title='bbox 662 561 726 593; x_wconf 87' lang='lat' dir='ltr'>quo</span> <span class='ocrx_word' id='word_1_85' title='bbox 738 550 908 595; x_wconf 82' lang='lat' dir='ltr'>corporale</span> <span class='ocrx_word' id='word_1_86' title='bbox 925 549 1145 583; x_wconf 84' lang='lat' dir='ltr'>iuramentum</span> <span class='ocrx_word' id='word_1_87' title='bbox 1155 561 1209 583; x_wconf 90' lang='lat' dir='ltr'>co-</span> 
     </span>
     <span class='ocr_line' id='line_1_25' title="bbox 459 602 1211 647; baseline 0.004 -14"><span class='ocrx_word' id='word_1_88' title='bbox 459 613 526 634; x_wconf 88' lang='lat' dir='ltr'>ram</span> <span class='ocrx_word' id='word_1_89' title='bbox 545 602 613 646; x_wconf 87' lang='lat' dir='ltr'>ipso</span> <span class='ocrx_word' id='word_1_90' title='bbox 635 603 781 647; x_wconf 77' lang='lat' dir='ltr'>collegio,</span> <span class='ocrx_word' id='word_1_91' title='bbox 802 609 874 637; x_wconf 89' lang='lat' dir='ltr'>ante</span> <span class='ocrx_word' id='word_1_92' title='bbox 890 603 1071 647; x_wconf 79' lang='lat' dir='ltr'>ingressum</span> <span class='ocrx_word' id='word_1_93' title='bbox 1084 605 1211 637; x_wconf 86' lang='lat' dir='ltr'>concla-</span> 
     </span>
     <span class='ocr_line' id='line_1_26' title="bbox 458 655 1210 701; baseline 0.005 -15"><span class='ocrx_word' id='word_1_94' title='bbox 458 655 503 687; x_wconf 73' lang='lat' dir='ltr'>vis</span> <span class='ocrx_word' id='word_1_95' title='bbox 519 661 549 687; x_wconf 88' lang='lat' dir='ltr'>et</span> <span class='ocrx_word' id='word_1_96' title='bbox 560 656 684 699; x_wconf 80' lang='lat' dir='ltr'>quotics</span> <span class='ocrx_word' id='word_1_97' title='bbox 696 667 778 701; x_wconf 90' lang='lat' dir='ltr'>opus</span> <span class='ocrx_word' id='word_1_98' title='bbox 787 657 893 698; x_wconf 84' lang='lat' dir='ltr'>suerit,</span> <span class='ocrx_word' id='word_1_99' title='bbox 906 663 1070 701; x_wconf 86' lang='lat' dir='ltr'>praestare.</span> <span class='ocrx_word' id='word_1_100' title='bbox 1080 663 1210 690; x_wconf 82' lang='lat' dir='ltr'>tenean-</span> 
     </span>
     <span class='ocr_line' id='line_1_27' title="bbox 458 710 1209 754; baseline 0.005 -14"><span class='ocrx_word' id='word_1_101' title='bbox 458 715 526 748; x_wconf 66' lang='lat' dir='ltr'>turg</span> <span class='ocrx_word' id='word_1_102' title='bbox 554 720 637 753; x_wconf 89' lang='lat' dir='ltr'>quae</span> <span class='ocrx_word' id='word_1_103' title='bbox 666 710 797 754; x_wconf 87' lang='lat' dir='ltr'>quidem</span> <span class='ocrx_word' id='word_1_104' title='bbox 819 711 879 744; x_wconf 92' lang='lat' dir='ltr'>nisi</span> <span class='ocrx_word' id='word_1_105' title='bbox 903 712 1050 752; x_wconf 81' lang='lat' dir='ltr'>fecerint,</span> <span class='ocrx_word' id='word_1_106' title='bbox 1072 712 1120 744; x_wconf 88' lang='lat' dir='ltr'>vel</span> <span class='ocrx_word' id='word_1_107' title='bbox 1136 711 1160 744; x_wconf 86' lang='lat' dir='ltr'>si</span> <span class='ocrx_word' id='word_1_108' title='bbox 1178 711 1209 744; x_wconf 93' lang='lat' dir='ltr'>in</span> 
     </span>
     <span class='ocr_line' id='line_1_28' title="bbox 457 763 1208 810; baseline 0.007 -16"><span class='ocrx_word' id='word_1_109' title='bbox 457 763 502 795; x_wconf 83' lang='lat' dir='ltr'>cis</span> <span class='ocrx_word' id='word_1_110' title='bbox 519 763 629 795; x_wconf 89' lang='lat' dir='ltr'>dolum</span> <span class='ocrx_word' id='word_1_111' title='bbox 651 769 681 796; x_wconf 86' lang='lat' dir='ltr'>et</span> <span class='ocrx_word' id='word_1_112' title='bbox 701 765 847 797; x_wconf 82' lang='lat' dir='ltr'>fraudem</span> <span class='ocrx_word' id='word_1_113' title='bbox 869 765 1101 806; x_wconf 80' lang='lat' dir='ltr'>commiserint,</span> <span class='ocrx_word' id='word_1_114' title='bbox 1115 777 1208 810; x_wconf 88' lang='lat' dir='ltr'>prae-</span> 
     </span>
     <span class='ocr_line' id='line_1_29' title="bbox 457 815 1210 861; baseline 0.007 -14"><span class='ocrx_word' id='word_1_115' title='bbox 457 815 556 849; x_wconf 88' lang='lat' dir='ltr'>dictas</span> <span class='ocrx_word' id='word_1_116' title='bbox 577 828 697 861; x_wconf 85' lang='lat' dir='ltr'>poenas</span> <span class='ocrx_word' id='word_1_117' title='bbox 717 824 748 851; x_wconf 90' lang='lat' dir='ltr'>et</span> <span class='ocrx_word' id='word_1_118' title='bbox 768 823 889 852; x_wconf 84' lang='lat' dir='ltr'>ceteras</span> <span class='ocrx_word' id='word_1_119' title='bbox 905 819 937 851; x_wconf 91' lang='lat' dir='ltr'>in</span> <span class='ocrx_word' id='word_1_120' title='bbox 953 819 1037 852; x_wconf 86' lang='lat' dir='ltr'>dicta</span> <span class='ocrx_word' id='word_1_121' title='bbox 1057 820 1210 852; x_wconf 88' lang='lat' dir='ltr'>constitu-</span> 
     </span>
     <span class='ocr_line' id='line_1_30' title="bbox 456 869 1171 914; baseline 0.007 -13"><span class='ocrx_word' id='word_1_122' title='bbox 456 869 543 903; x_wconf 83' lang='lat' dir='ltr'>tione</span> <span class='ocrx_word' id='word_1_123' title='bbox 578 871 722 914; x_wconf 74' lang='lat' dir='ltr'>Gregorii</span> <span class='ocrx_word' id='word_1_124' title='bbox 756 873 781 905; x_wconf 87' lang='lat' dir='ltr'>X</span> <span class='ocrx_word' id='word_1_125' title='bbox 802 878 968 906; x_wconf 85' lang='lat' dir='ltr'>contentas</span> <span class='ocrx_word' id='word_1_126' title='bbox 992 873 1171 907; x_wconf 76' lang='lat' dir='ltr'>incurrant.</span> 
     </span>
    </p>

    <p class='ocr_par' dir='ltr' id='par_1_11' title="bbox 405 924 1209 1832">
     <span class='ocr_line' id='line_1_31' title="bbox 500 924 1208 972; baseline 0.007 -16"><span class='ocrx_word' id='word_1_127' title='bbox 500 926 515 967; x_wconf 59' lang='lat'>3¹</span> <span class='ocrx_word' id='word_1_128' title='bbox 540 924 592 958; x_wconf 65' lang='lat'>28.</span> <span class='ocrx_word' id='word_1_129' title='bbox 612 926 767 960; x_wconf 77' lang='lat' dir='ltr'>Volumus</span> <span class='ocrx_word' id='word_1_130' title='bbox 787 933 894 960; x_wconf 86' lang='lat' dir='ltr'>autem</span> <span class='ocrx_word' id='word_1_131' title='bbox 916 938 1021 971; x_wconf 79' lang='lat' dir='ltr'>neque</span> <span class='ocrx_word' id='word_1_132' title='bbox 1042 939 1100 972; x_wconf 84' lang='lat' dir='ltr'>per</span> <span class='ocrx_word' id='word_1_133' title='bbox 1116 939 1208 971; x_wconf 87' lang='lat' dir='ltr'>prae-</span> 
     </span>
     <span class='ocr_line' id='line_1_32' title="bbox 456 979 1209 1025; baseline 0.007 -16"><span class='ocrx_word' id='word_1_134' title='bbox 456 979 555 1019; x_wconf 84' lang='lat' dir='ltr'>latos,</span> <span class='ocrx_word' id='word_1_135' title='bbox 587 990 692 1023; x_wconf 80' lang='lat' dir='ltr'>neque</span> <span class='ocrx_word' id='word_1_136' title='bbox 714 993 771 1025; x_wconf 87' lang='lat' dir='ltr'>per</span> <span class='ocrx_word' id='word_1_137' title='bbox 804 987 946 1015; x_wconf 81' lang='lat' dir='ltr'>rectores</span> <span class='ocrx_word' id='word_1_138' title='bbox 974 987 1030 1015; x_wconf 89' lang='lat' dir='ltr'>aut</span> <span class='ocrx_word' id='word_1_139' title='bbox 1054 982 1209 1015; x_wconf 71' lang='lat' dir='ltr'>officiales</span> 
     </span>
     <span class='ocr_line' id='line_1_33' title="bbox 456 1032 1209 1080; baseline 0.007 -17"><span class='ocrx_word' id='word_1_140' title='bbox 456 1032 626 1075; x_wconf 75' lang='lat' dir='ltr'>p1·acsatOS‚</span> <span class='ocrx_word' id='word_1_141' title='bbox 645 1035 837 1079; x_wconf 78' lang='lat' dir='ltr'>ultraquam</span> <span class='ocrx_word' id='word_1_142' title='bbox 856 1035 1083 1080; x_wconf 86' lang='lat' dir='ltr'>praemittitur,</span> <span class='ocrx_word' id='word_1_143' title='bbox 1107 1035 1209 1068; x_wconf 88' lang='lat' dir='ltr'>cardi-</span> 
     </span>
     <span class='ocr_line' id='line_1_34' title="bbox 405 1086 1209 1134; baseline 0.005 -17"><span class='ocrx_word' id='word_1_144' title='bbox 405 1111 439 1124; x_wconf 57' lang='lat' dir='ltr'>„m</span> <span class='ocrx_word' id='word_1_145' title='bbox 455 1086 543 1118; x_wconf 85' lang='lat' dir='ltr'>nales</span> <span class='ocrx_word' id='word_1_146' title='bbox 554 1089 682 1129; x_wconf 71' lang='lat' dir='ltr'>arctari,</span> <span class='ocrx_word' id='word_1_147' title='bbox 704 1101 808 1134; x_wconf 85' lang='lat' dir='ltr'>neque</span> <span class='ocrx_word' id='word_1_148' title='bbox 819 1094 1004 1133; x_wconf 75' lang='lat' dir='ltr'>praesentes</span> <span class='ocrx_word' id='word_1_149' title='bbox 1016 1090 1073 1122; x_wconf 83' lang='lat' dir='ltr'>lias</span> <span class='ocrx_word' id='word_1_150' title='bbox 1085 1094 1209 1122; x_wconf 87' lang='lat' dir='ltr'>nostras</span> 
     </span>
     <span class='ocr_line' id='line_1_35' title="bbox 454 1139 1208 1187; baseline 0.005 -16"><span class='ocrx_word' id='word_1_151' title='bbox 454 1139 698 1176; x_wconf 87' lang='lat' dir='ltr'>constitutiones</span> <span class='ocrx_word' id='word_1_152' title='bbox 720 1155 778 1187; x_wconf 86' lang='lat' dir='ltr'>per</span> <span class='ocrx_word' id='word_1_153' title='bbox 798 1143 970 1186; x_wconf 75' lang='lat' dir='ltr'>collegium</span> <span class='ocrx_word' id='word_1_154' title='bbox 995 1142 1208 1176; x_wconf 83' lang='lat' dir='ltr'>cardinalium</span> 
     </span>
     <span class='ocr_line' id='line_1_36' title="bbox 454 1193 1207 1240; baseline 0.004 -15"><span class='ocrx_word' id='word_1_155' title='bbox 454 1193 520 1226; x_wconf 88' lang='lat' dir='ltr'>ullo</span> <span class='ocrx_word' id='word_1_156' title='bbox 542 1195 638 1228; x_wconf 84' lang='lat' dir='ltr'>modo</span> <span class='ocrx_word' id='word_1_157' title='bbox 659 1197 800 1237; x_wconf 80' lang='lat' dir='ltr'>alterari,</span> <span class='ocrx_word' id='word_1_158' title='bbox 824 1197 943 1240; x_wconf 78' lang='lat' dir='ltr'>corrigi</span> <span class='ocrx_word' id='word_1_159' title='bbox 966 1202 1021 1230; x_wconf 86' lang='lat' dir='ltr'>aut</span> <span class='ocrx_word' id='word_1_160' title='bbox 1044 1197 1207 1230; x_wconf 88' lang='lat' dir='ltr'>immutari</span> 
     </span>
     <span class='ocr_line' id='line_1_37' title="bbox 454 1249 1207 1290; baseline 0.005 -11"><span class='ocrx_word' id='word_1_161' title='bbox 454 1257 559 1290; x_wconf 81' lang='lat' dir='ltr'>posse,</span> <span class='ocrx_word' id='word_1_162' title='bbox 583 1249 637 1282; x_wconf 84' lang='lat' dir='ltr'>sed</span> <span class='ocrx_word' id='word_1_163' title='bbox 657 1250 728 1284; x_wconf 91' lang='lat' dir='ltr'>illas</span> <span class='ocrx_word' id='word_1_164' title='bbox 748 1262 858 1284; x_wconf 89' lang='lat' dir='ltr'>coram</span> <span class='ocrx_word' id='word_1_165' title='bbox 880 1250 1032 1284; x_wconf 88' lang='lat' dir='ltr'>omnibus</span> <span class='ocrx_word' id='word_1_166' title='bbox 1052 1251 1090 1284; x_wconf 85' lang='lat' dir='ltr'>de</span> <span class='ocrx_word' id='word_1_167' title='bbox 1111 1251 1207 1284; x_wconf 81' lang='lat' dir='ltr'>verbo</span> 
     </span>
     <span class='ocr_line' id='line_1_38' title="bbox 453 1301 1208 1348; baseline 0.008 -16"><span class='ocrx_word' id='word_1_168' title='bbox 453 1301 492 1333; x_wconf 88' lang='lat' dir='ltr'>ad</span> <span class='ocrx_word' id='word_1_169' title='bbox 516 1302 649 1335; x_wconf 75' lang='lat' dir='ltr'>verbum</span> <span class='ocrx_word' id='word_1_170' title='bbox 680 1304 711 1337; x_wconf 91' lang='lat' dir='ltr'>in</span> <span class='ocrx_word' id='word_1_171' title='bbox 739 1304 842 1348; x_wconf 86' lang='lat' dir='ltr'>prima</span> <span class='ocrx_word' id='word_1_172' title='bbox 867 1304 1116 1347; x_wconf 75' lang='lat' dir='ltr'>congregatione</span> <span class='ocrx_word' id='word_1_173' title='bbox 1138 1311 1208 1348; x_wconf 86' lang='lat' dir='ltr'>post</span> 
     </span>
     <span class='ocr_line' id='line_1_39' title="bbox 453 1354 1208 1402; baseline 0.008 -16"><span class='ocrx_word' id='word_1_174' title='bbox 453 1354 576 1387; x_wconf 90' lang='lat' dir='ltr'>obitum</span> <span class='ocrx_word' id='word_1_175' title='bbox 589 1356 752 1391; x_wconf 82' lang='lat' dir='ltr'>Pontiticis</span> <span class='ocrx_word' id='word_1_176' title='bbox 768 1358 838 1391; x_wconf 85' lang='lat' dir='ltr'>fieri</span> <span class='ocrx_word' id='word_1_177' title='bbox 850 1358 941 1391; x_wconf 87' lang='lat' dir='ltr'>solita</span> <span class='ocrx_word' id='word_1_178' title='bbox 958 1363 988 1391; x_wconf 89' lang='lat' dir='ltr'>et</span> <span class='ocrx_word' id='word_1_179' title='bbox 1008 1358 1208 1402; x_wconf 81' lang='lat' dir='ltr'>deindepost</span> 
     </span>
     <span class='ocr_line' id='line_1_40' title="bbox 453 1409 1206 1455; baseline 0.004 -13"><span class='ocrx_word' id='word_1_180' title='bbox 453 1409 613 1443; x_wconf 85' lang='lat' dir='ltr'>conclavis</span> <span class='ocrx_word' id='word_1_181' title='bbox 647 1411 827 1455; x_wconf 76' lang='lat' dir='ltr'>ingressum</span> <span class='ocrx_word' id='word_1_182' title='bbox 860 1412 922 1455; x_wconf 77' lang='lat' dir='ltr'>legi</span> <span class='ocrx_word' id='word_1_183' title='bbox 958 1417 987 1444; x_wconf 91' lang='lat' dir='ltr'>et</span> <span class='ocrx_word' id='word_1_184' title='bbox 1016 1411 1136 1453; x_wconf 83' lang='lat' dir='ltr'>iurari,</span> <span class='ocrx_word' id='word_1_185' title='bbox 1169 1423 1206 1445; x_wconf 90' lang='lat' dir='ltr'>co</span> 
     </span>
     <span class='ocr_line' id='line_1_41' title="bbox 453 1462 1206 1508; baseline 0.004 -13"><span class='ocrx_word' id='word_1_186' title='bbox 453 1462 561 1503; x_wconf 74' lang='lat' dir='ltr'>modo,</span> <span class='ocrx_word' id='word_1_187' title='bbox 584 1466 812 1508; x_wconf 77' lang='lat' dir='ltr'>quoleguntur</span> <span class='ocrx_word' id='word_1_188' title='bbox 828 1471 859 1499; x_wconf 89' lang='lat' dir='ltr'>et</span> <span class='ocrx_word' id='word_1_189' title='bbox 878 1465 1029 1498; x_wconf 89' lang='lat' dir='ltr'>iurantur</span> <span class='ocrx_word' id='word_1_190' title='bbox 1049 1465 1206 1498; x_wconf 82' lang='lat' dir='ltr'>constitu-</span> 
     </span>
     <span class='ocr_line' id='line_1_42' title="bbox 452 1516 1205 1562; baseline 0.005 -15"><span class='ocrx_word' id='word_1_191' title='bbox 452 1516 555 1549; x_wconf 85' lang='lat' dir='ltr'>tiones</span> <span class='ocrx_word' id='word_1_192' title='bbox 571 1517 642 1550; x_wconf 88' lang='lat' dir='ltr'>Iulii</span> <span class='ocrx_word' id='word_1_193' title='bbox 663 1520 687 1552; x_wconf 90' lang='lat' dir='ltr'>ll</span> <span class='ocrx_word' id='word_1_194' title='bbox 709 1525 736 1553; x_wconf 87' lang='lat' dir='ltr'>et</span> <span class='ocrx_word' id='word_1_195' title='bbox 758 1520 897 1553; x_wconf 88' lang='lat' dir='ltr'>aliorum</span> <span class='ocrx_word' id='word_1_196' title='bbox 919 1518 1205 1562; x_wconf 89' lang='lat' dir='ltr'>praedecessorum</span> 
     </span>
     <span class='ocr_line' id='line_1_43' title="bbox 451 1572 1207 1617; baseline 0.007 -16"><span class='ocrx_word' id='word_1_197' title='bbox 451 1574 658 1613; x_wconf 84' lang='lat' dir='ltr'>nostrorum,</span> <span class='ocrx_word' id='word_1_198' title='bbox 691 1584 832 1617; x_wconf 87' lang='lat' dir='ltr'>quorum</span> <span class='ocrx_word' id='word_1_199' title='bbox 863 1572 1147 1606; x_wconf 76' lang='lat' dir='ltr'>constitutionilms</span> <span class='ocrx_word' id='word_1_200' title='bbox 1176 1578 1207 1606; x_wconf 83' lang='lat' dir='ltr'>et</span> 
     </span>
     <span class='ocr_line' id='line_1_44' title="bbox 453 1624 1206 1670; baseline 0.007 -15"><span class='ocrx_word' id='word_1_201' title='bbox 453 1624 607 1667; x_wconf 86' lang='lat' dir='ltr'>poenisin</span> <span class='ocrx_word' id='word_1_202' title='bbox 623 1626 668 1659; x_wconf 87' lang='lat' dir='ltr'>cis</span> <span class='ocrx_word' id='word_1_203' title='bbox 678 1627 837 1660; x_wconf 87' lang='lat' dir='ltr'>contentis</span> <span class='ocrx_word' id='word_1_204' title='bbox 858 1627 942 1659; x_wconf 85' lang='lat' dir='ltr'>ultra</span> <span class='ocrx_word' id='word_1_205' title='bbox 962 1626 1138 1670; x_wconf 85' lang='lat' dir='ltr'>praemissa</span> <span class='ocrx_word' id='word_1_206' title='bbox 1148 1638 1206 1670; x_wconf 87' lang='lat' dir='ltr'>per</span> 
     </span>
     <span class='ocr_line' id='line_1_45' title="bbox 451 1677 1204 1723; baseline 0.005 -14"><span class='ocrx_word' id='word_1_207' title='bbox 451 1677 533 1710; x_wconf 83' lang='lat' dir='ltr'>hanc</span> <span class='ocrx_word' id='word_1_208' title='bbox 546 1685 686 1713; x_wconf 77' lang='lat' dir='ltr'>nostram</span> <span class='ocrx_word' id='word_1_209' title='bbox 699 1680 961 1714; x_wconf 78' lang='lat' dir='ltr'>constitutionem</span> <span class='ocrx_word' id='word_1_210' title='bbox 974 1680 1130 1723; x_wconf 73' lang='lat' dir='ltr'>derogare</span> <span class='ocrx_word' id='word_1_211' title='bbox 1140 1691 1204 1713; x_wconf 92' lang='lat' dir='ltr'>non</span> 
     </span>
     <span class='ocr_line' id='line_1_46' title="bbox 450 1730 1202 1777; baseline 0.005 -14"><span class='ocrx_word' id='word_1_212' title='bbox 450 1730 668 1775; x_wconf 72' lang='lat' dir='ltr'>intendimus,</span> <span class='ocrx_word' id='word_1_213' title='bbox 698 1736 753 1768; x_wconf 79' lang='lat' dir='ltr'>sed</span> <span class='ocrx_word' id='word_1_214' title='bbox 783 1735 885 1777; x_wconf 76' lang='lat' dir='ltr'>magis</span> <span class='ocrx_word' id='word_1_215' title='bbox 913 1746 966 1768; x_wconf 88' lang='lat' dir='ltr'>eas</span> <span class='ocrx_word' id='word_1_216' title='bbox 995 1735 1202 1775; x_wconf 81' lang='lat' dir='ltr'>confirmare,</span> 
     </span>
     <span class='ocr_line' id='line_1_47' title="bbox 450 1784 891 1832; baseline 0.011 -15"><span class='ocrx_word' id='word_1_217' title='bbox 450 1784 601 1820; x_wconf 76' lang='lat' dir='ltr'>innovare</span> <span class='ocrx_word' id='word_1_218' title='bbox 619 1794 649 1821; x_wconf 87' lang='lat' dir='ltr'>et</span> <span class='ocrx_word' id='word_1_219' title='bbox 666 1789 891 1832; x_wconf 85' lang='lat' dir='ltr'>comprobare.</span> 
     </span>
    </p>

    <p class='ocr_par' dir='ltr' id='par_1_12' title="bbox 448 1840 1204 2598">
     <span class='ocr_line' id='line_1_48' title="bbox 494 1840 1204 1882; baseline 0.003 -10"><span class='ocrx_word' id='word_1_220' title='bbox 494 1840 508 1882; x_wconf 63' lang='grc' dir='ltr'><em>ξ</em></span> <span class='ocrx_word' id='word_1_221' title='bbox 538 1840 590 1873; x_wconf 66' lang='lat'>29.</span> <span class='ocrx_word' id='word_1_222' title='bbox 619 1842 655 1874; x_wconf 87' lang='lat' dir='ltr'>Et</span> <span class='ocrx_word' id='word_1_223' title='bbox 684 1854 723 1875; x_wconf 92' lang='lat' dir='ltr'>ne</span> <span class='ocrx_word' id='word_1_224' title='bbox 754 1842 962 1875; x_wconf 74' lang='lat' dir='ltr'>dissensionis</span> <span class='ocrx_word' id='word_1_225' title='bbox 990 1843 1116 1876; x_wconf 78' lang='lat' dir='ltr'>occasio</span> <span class='ocrx_word' id='word_1_226' title='bbox 1149 1847 1204 1875; x_wconf 89' lang='lat' dir='ltr'>aut</span> 
     </span>
     <span class='ocr_line' id='line_1_49' title="bbox 448 1892 1202 1941; baseline 0.004 -16"><span class='ocrx_word' id='word_1_227' title='bbox 448 1892 628 1928; x_wconf 78' lang='lat' dir='ltr'>schismatis</span> <span class='ocrx_word' id='word_1_228' title='bbox 648 1896 782 1937; x_wconf 85' lang='lat' dir='ltr'>oriatur⁷</span> <span class='ocrx_word' id='word_1_229' title='bbox 805 1897 966 1933; x_wconf 74' lang='lat' dir='ltr'>volumus,</span> <span class='ocrx_word' id='word_1_230' title='bbox 990 1907 1202 1941; x_wconf 81' lang='lat' dir='ltr'>censurarum</span> 
     </span>
     <span class='ocr_line' id='line_1_50' title="bbox 449 1950 1204 1993; baseline 0.004 -14"><span class='ocrx_word' id='word_1_231' title='bbox 449 1953 477 1980; x_wconf 88' lang='lat' dir='ltr'>et</span> <span class='ocrx_word' id='word_1_232' title='bbox 513 1950 887 1983; x_wconf 78' lang='lat' dir='ltr'>excommunicationum</span> <span class='ocrx_word' id='word_1_233' title='bbox 926 1950 1143 1993; x_wconf 80' lang='lat' dir='ltr'>praefatarum</span> <span class='ocrx_word' id='word_1_234' title='bbox 1174 1956 1204 1982; x_wconf 85' lang='lat' dir='ltr'>ct</span> 
     </span>
     <span class='ocr_line' id='line_1_51' title="bbox 448 2001 1202 2048; baseline 0.004 -15"><span class='ocrx_word' id='word_1_235' title='bbox 448 2001 585 2035; x_wconf 87' lang='lat' dir='ltr'>aliarum</span> <span class='ocrx_word' id='word_1_236' title='bbox 607 2015 889 2047; x_wconf 75' lang='lat' dir='ltr'>quarumcuimlue</span> <span class='ocrx_word' id='word_1_237' title='bbox 919 2009 1099 2048; x_wconf 82' lang='lat' dir='ltr'>praetextu,</span> <span class='ocrx_word' id='word_1_238' title='bbox 1132 2015 1202 2036; x_wconf 92' lang='lat' dir='ltr'>car-</span> 
     </span>
     <span class='ocr_line' id='line_1_52' title="bbox 449 2055 1202 2091; baseline 0.003 -4"><span class='ocrx_word' id='word_1_239' title='bbox 449 2055 571 2089; x_wconf 85' lang='lat' dir='ltr'>dinales</span> <span class='ocrx_word' id='word_1_240' title='bbox 591 2068 608 2089; x_wconf 89' lang='lat' dir='ltr'>a</span> <span class='ocrx_word' id='word_1_241' title='bbox 633 2058 798 2091; x_wconf 84' lang='lat' dir='ltr'>Pontificis</span> <span class='ocrx_word' id='word_1_242' title='bbox 824 2058 982 2091; x_wconf 83' lang='lat' dir='ltr'>electione</span> <span class='ocrx_word' id='word_1_243' title='bbox 1020 2058 1121 2091; x_wconf 75' lang='lat' dir='ltr'>active</span> <span class='ocrx_word' id='word_1_244' title='bbox 1155 2058 1202 2090; x_wconf 86' lang='lat' dir='ltr'>vel</span> 
     </span>
     <span class='ocr_line' id='line_1_53' title="bbox 448 2110 1203 2155; baseline 0.001 -13"><span class='ocrx_word' id='word_1_245' title='bbox 448 2110 571 2154; x_wconf 77' lang='lat' dir='ltr'>passive</span> <span class='ocrx_word' id='word_1_246' title='bbox 600 2112 725 2145; x_wconf 80' lang='lat' dir='ltr'>excludi</span> <span class='ocrx_word' id='word_1_247' title='bbox 756 2113 845 2145; x_wconf 90' lang='lat' dir='ltr'>nullo</span> <span class='ocrx_word' id='word_1_248' title='bbox 867 2112 962 2144; x_wconf 89' lang='lat' dir='ltr'>modo</span> <span class='ocrx_word' id='word_1_249' title='bbox 983 2122 1094 2155; x_wconf 74' lang='lat' dir='ltr'>posse,</span> <span class='ocrx_word' id='word_1_250' title='bbox 1124 2122 1203 2154; x_wconf 85' lang='lat' dir='ltr'>quas</span> 
     </span>
     <span class='ocr_line' id='line_1_54' title="bbox 448 2164 1199 2208; baseline 0.001 -12"><span class='ocrx_word' id='word_1_251' title='bbox 448 2164 579 2208; x_wconf 85' lang='lat' dir='ltr'>quidem</span> <span class='ocrx_word' id='word_1_252' title='bbox 610 2166 960 2199; x_wconf 77' lang='lat' dir='ltr'>excoinnumicationes</span> <span class='ocrx_word' id='word_1_253' title='bbox 991 2170 1021 2198; x_wconf 84' lang='lat' dir='ltr'>et</span> <span class='ocrx_word' id='word_1_254' title='bbox 1036 2176 1199 2205; x_wconf 71' lang='lat' dir='ltr'>censuras,</span> 
     </span>
     <span class='ocr_line' id='line_1_55' title="bbox 448 2218 1203 2259; baseline 0.001 -9"><span class='ocrx_word' id='word_1_255' title='bbox 448 2218 487 2250; x_wconf 85' lang='lat' dir='ltr'>ad</span> <span class='ocrx_word' id='word_1_256' title='bbox 513 2218 678 2253; x_wconf 80' lang='lat' dir='ltr'>electionis</span> <span class='ocrx_word' id='word_1_257' title='bbox 707 2220 858 2253; x_wconf 76' lang='lat' dir='ltr'>effectum</span> <span class='ocrx_word' id='word_1_258' title='bbox 879 2224 1015 2259; x_wconf 75' lang='lat' dir='ltr'>tantum,</span> <span class='ocrx_word' id='word_1_259' title='bbox 1043 2219 1106 2251; x_wconf 88' lang='lat' dir='ltr'>illis</span> <span class='ocrx_word' id='word_1_260' title='bbox 1126 2218 1203 2251; x_wconf 82' lang='lat' dir='ltr'>alias</span> 
     </span>
     <span class='ocr_line' id='line_1_56' title="bbox 449 2272 1203 2317; baseline 0 -13"><span class='ocrx_word' id='word_1_261' title='bbox 449 2272 480 2304; x_wconf 89' lang='lat' dir='ltr'>in</span> <span class='ocrx_word' id='word_1_262' title='bbox 502 2283 559 2305; x_wconf 89' lang='lat' dir='ltr'>suo</span> <span class='ocrx_word' id='word_1_263' title='bbox 581 2274 697 2307; x_wconf 71' lang='lat' dir='ltr'>robore¹</span> <span class='ocrx_word' id='word_1_264' title='bbox 719 2273 950 2317; x_wconf 84' lang='lat' dir='ltr'>permansuris⁷</span> <span class='ocrx_word' id='word_1_265' title='bbox 976 2272 1203 2316; x_wconf 84' lang='lat' dir='ltr'>suspendimus</span> 
     </span>
     <span class='ocr_line' id='line_1_57' title="bbox 449 2332 1199 2375; baseline 0 -12"><span class='ocrx_word' id='word_1_266' title='bbox 449 2336 480 2363; x_wconf 85' lang='lat' dir='ltr'>ct</span> <span class='ocrx_word' id='word_1_267' title='bbox 494 2342 664 2375; x_wconf 85' lang='lat' dir='ltr'>suspensas</span> <span class='ocrx_word' id='word_1_268' title='bbox 680 2343 747 2366; x_wconf 83' lang='lat' dir='ltr'>esse</span> <span class='ocrx_word' id='word_1_269' title='bbox 768 2334 917 2366; x_wconf 84' lang='lat' dir='ltr'>volumus</span> <span class='ocrx_word' id='word_1_270' title='bbox 939 2337 969 2364; x_wconf 76' lang='lat' dir='ltr'>ct</span> <span class='ocrx_word' id='word_1_271' title='bbox 984 2332 1199 2364; x_wconf 84' lang='lat' dir='ltr'>declaramus.</span> 
     </span>
     <span class='ocr_line' id='line_1_58' title="bbox 448 2389 1203 2435; baseline 0 -14"><span class='ocrx_word' id='word_1_272' title='bbox 448 2389 662 2423; x_wconf 80' lang='lat' dir='ltr'>Decerncntes</span> <span class='ocrx_word' id='word_1_273' title='bbox 695 2401 825 2435; x_wconf 83' lang='lat' dir='ltr'>quoque</span> <span class='ocrx_word' id='word_1_274' title='bbox 853 2389 1203 2424; x_wconf 81' lang='lat' dir='ltr'>exconnmmicationes</span> 
     </span>
     <span class='ocr_line' id='line_1_59' title="bbox 450 2446 1202 2493; baseline -0.001 -14"><span class='ocrx_word' id='word_1_275' title='bbox 450 2453 480 2479; x_wconf 87' lang='lat' dir='ltr'>ct</span> <span class='ocrx_word' id='word_1_276' title='bbox 500 2458 652 2481; x_wconf 87' lang='lat' dir='ltr'>censuras</span> <span class='ocrx_word' id='word_1_277' title='bbox 673 2449 756 2493; x_wconf 81' lang='lat' dir='ltr'>ipsas</span> <span class='ocrx_word' id='word_1_278' title='bbox 773 2460 848 2482; x_wconf 85' lang='lat' dir='ltr'>eum</span> <span class='ocrx_word' id='word_1_279' title='bbox 864 2450 969 2482; x_wconf 89' lang='lat' dir='ltr'>solum</span> <span class='ocrx_word' id='word_1_280' title='bbox 985 2448 1126 2487; x_wconf 78' lang='lat' dir='ltr'>afficere,</span> <span class='ocrx_word' id='word_1_281' title='bbox 1147 2446 1202 2489; x_wconf 85' lang='lat' dir='ltr'>qui</span> 
     </span>
     <span class='ocr_line' id='line_1_60' title="bbox 450 2504 1202 2549; baseline -0.001 -12"><span class='ocrx_word' id='word_1_282' title='bbox 450 2505 633 2549; x_wconf 84' lang='lat' dir='ltr'>deliquerit,</span> <span class='ocrx_word' id='word_1_283' title='bbox 655 2517 720 2540; x_wconf 91' lang='lat' dir='ltr'>non</span> <span class='ocrx_word' id='word_1_284' title='bbox 741 2512 847 2540; x_wconf 80' lang='lat' dir='ltr'>autem</span> <span class='ocrx_word' id='word_1_285' title='bbox 870 2506 949 2539; x_wconf 85' lang='lat' dir='ltr'>alios</span> <span class='ocrx_word' id='word_1_286' title='bbox 975 2505 1117 2539; x_wconf 82' lang='lat' dir='ltr'>conclavi</span> <span class='ocrx_word' id='word_1_287' title='bbox 1142 2504 1202 2537; x_wconf 90' lang='lat' dir='ltr'>du-</span> 
     </span>
     <span class='ocr_line' id='line_1_61' title="bbox 450 2568 952 2598; baseline 0.004 -3"><span class='ocrx_word' id='word_1_288' title='bbox 450 2568 540 2596; x_wconf 82' lang='lat' dir='ltr'>rante</span> <span class='ocrx_word' id='word_1_289' title='bbox 561 2575 635 2596; x_wconf 92' lang='lat' dir='ltr'>cum</span> <span class='ocrx_word' id='word_1_290' title='bbox 657 2575 694 2597; x_wconf 88' lang='lat' dir='ltr'>eo</span> <span class='ocrx_word' id='word_1_291' title='bbox 715 2570 952 2598; x_wconf 70' lang='lat' dir='ltr'>conversantes,</span> 
     </span>
    </p>

    <p class='ocr_par' dir='ltr' id='par_1_13' title="bbox 449 2621 1203 2722">
     <span class='ocr_line' id='line_1_62' title="bbox 493 2621 1202 2666; baseline 0 -12"><span class='ocrx_word' id='word_1_292' title='bbox 493 2623 508 2666; x_wconf 61' lang='grc' dir='ltr'><strong>ἓ</strong></span> <span class='ocrx_word' id='word_1_293' title='bbox 527 2621 581 2655; x_wconf 80' lang='lat'>30.</span> <span class='ocrx_word' id='word_1_294' title='bbox 596 2623 639 2655; x_wconf 77' lang='lat' dir='ltr'>Ao</span> <span class='ocrx_word' id='word_1_295' title='bbox 652 2628 836 2666; x_wconf 70' lang='lat' dir='ltr'>praesentes</span> <span class='ocrx_word' id='word_1_296' title='bbox 851 2627 986 2662; x_wconf 85' lang='lat' dir='ltr'>nostras,</span> <span class='ocrx_word' id='word_1_297' title='bbox 1004 2622 1202 2666; x_wconf 84' lang='lat' dir='ltr'>ubicumque</span> 
     </span>
     <span class='ocr_line' id='line_1_63' title="bbox 449 2680 1203 2722; baseline -0.003 -7"><span class='ocrx_word' id='word_1_298' title='bbox 449 2681 640 2715; x_wconf 84' lang='lat' dir='ltr'>electionem</span> <span class='ocrx_word' id='word_1_299' title='bbox 656 2681 782 2716; x_wconf 85' lang='lat' dir='ltr'>Summi</span> <span class='ocrx_word' id='word_1_300' title='bbox 802 2680 978 2722; x_wconf 84' lang='lat' dir='ltr'>Pontificis‚</span> <span class='ocrx_word' id='word_1_301' title='bbox 1001 2681 1097 2715; x_wconf 83' lang='lat' dir='ltr'>etiam</span> <span class='ocrx_word' id='word_1_302' title='bbox 1115 2685 1203 2714; x_wconf 78' lang='lat' dir='ltr'>extra</span> 
     </span>
    </p>
   </div>
   <div class='ocr_carea' id='block_1_11' title="bbox 1231 338 1236 962">
    <p class='ocr_par' dir='ltr' id='par_1_14' title="bbox 1231 338 1236 962">
     <span class='ocr_line' id='line_1_64' title="bbox 1231 338 1236 962; baseline 0 0"><span class='ocrx_word' id='word_1_303' title='bbox 1231 338 1236 962; x_wconf 95' lang='lat' dir='ltr'> </span> 
     </span>
    </p>
   </div>
   <div class='ocr_carea' id='block_1_12' title="bbox 1247 495 2006 1829">
    <p class='ocr_par' dir='ltr' id='par_1_15' title="bbox 1250 495 2006 1241">
     <span class='ocr_line' id='line_1_65' title="bbox 1252 495 2005 540; baseline 0.001 -12"><span class='ocrx_word' id='word_1_304' title='bbox 1252 495 1410 539; x_wconf 86' lang='lat' dir='ltr'>Principis</span> <span class='ocrx_word' id='word_1_305' title='bbox 1421 496 1650 540; x_wconf 77' lang='lat' dir='ltr'>Apostolorum</span> <span class='ocrx_word' id='word_1_306' title='bbox 1659 502 1689 529; x_wconf 88' lang='lat' dir='ltr'>et</span> <span class='ocrx_word' id='word_1_307' title='bbox 1697 496 1912 530; x_wconf 82' lang='lat' dir='ltr'>Cancellariae</span> <span class='ocrx_word' id='word_1_308' title='bbox 1923 496 2005 540; x_wconf 89' lang='lat' dir='ltr'>Apo-</span> 
     </span>
     <span class='ocr_line' id='line_1_66' title="bbox 1252 549 2005 594; baseline 0.001 -12"><span class='ocrx_word' id='word_1_309' title='bbox 1252 550 1395 590; x_wconf 86' lang='lat' dir='ltr'>stolicae.‚</span> <span class='ocrx_word' id='word_1_310' title='bbox 1414 561 1450 583; x_wconf 85' lang='lat' dir='ltr'>ac</span> <span class='ocrx_word' id='word_1_311' title='bbox 1471 549 1503 582; x_wconf 92' lang='lat' dir='ltr'>in</span> <span class='ocrx_word' id='word_1_312' title='bbox 1524 550 1592 583; x_wconf 91' lang='lat' dir='ltr'>acie</span> <span class='ocrx_word' id='word_1_313' title='bbox 1612 550 1722 594; x_wconf 85' lang='lat' dir='ltr'>Campi</span> <span class='ocrx_word' id='word_1_314' title='bbox 1742 551 1854 584; x_wconf 87' lang='lat' dir='ltr'>Florae</span> <span class='ocrx_word' id='word_1_315' title='bbox 1871 561 1929 594; x_wconf 89' lang='lat' dir='ltr'>per</span> <span class='ocrx_word' id='word_1_316' title='bbox 1948 550 2005 583; x_wconf 88' lang='lat' dir='ltr'>ali-</span> 
     </span>
     <span class='ocr_line' id='line_1_67' title="bbox 1252 604 2005 649; baseline 0.003 -13"><span class='ocrx_word' id='word_1_317' title='bbox 1252 614 1333 647; x_wconf 85' lang='lat' dir='ltr'>quos</span> <span class='ocrx_word' id='word_1_318' title='bbox 1343 615 1493 638; x_wconf 87' lang='lat' dir='ltr'>cursores</span> <span class='ocrx_word' id='word_1_319' title='bbox 1511 610 1637 638; x_wconf 88' lang='lat' dir='ltr'>nostros</span> <span class='ocrx_word' id='word_1_320' title='bbox 1653 604 1716 648; x_wconf 82' lang='lat' dir='ltr'>legi</span> <span class='ocrx_word' id='word_1_321' title='bbox 1731 610 1762 638; x_wconf 84' lang='lat' dir='ltr'>et</span> <span class='ocrx_word' id='word_1_322' title='bbox 1777 605 1949 649; x_wconf 83' lang='lat' dir='ltr'>publicari,</span> <span class='ocrx_word' id='word_1_323' title='bbox 1968 615 2005 638; x_wconf 87' lang='lat' dir='ltr'>ac</span> 
     </span>
     <span class='ocr_line' id='line_1_68' title="bbox 1252 657 2006 702; baseline 0.003 -12"><span class='ocrx_word' id='word_1_324' title='bbox 1252 657 1381 691; x_wconf 90' lang='lat' dir='ltr'>illarum</span> <span class='ocrx_word' id='word_1_325' title='bbox 1403 658 1531 702; x_wconf 85' lang='lat' dir='ltr'>copiam</span> <span class='ocrx_word' id='word_1_326' title='bbox 1552 658 1671 692; x_wconf 89' lang='lat' dir='ltr'>ibidem</span> <span class='ocrx_word' id='word_1_327' title='bbox 1690 658 1817 692; x_wconf 81' lang='lat' dir='ltr'>affixam</span> <span class='ocrx_word' id='word_1_328' title='bbox 1837 659 1955 692; x_wconf 88' lang='lat' dir='ltr'>dimitti</span> <span class='ocrx_word' id='word_1_329' title='bbox 1975 664 2006 692; x_wconf 86' lang='lat' dir='ltr'>et</span> 
     </span>
     <span class='ocr_line' id='line_1_69' title="bbox 1252 711 2005 755; baseline 0.004 -11"><span class='ocrx_word' id='word_1_330' title='bbox 1252 712 1403 755; x_wconf 90' lang='lat' dir='ltr'>deinceps</span> <span class='ocrx_word' id='word_1_331' title='bbox 1419 722 1531 745; x_wconf 90' lang='lat' dir='ltr'>omnes</span> <span class='ocrx_word' id='word_1_332' title='bbox 1549 717 1580 745; x_wconf 84' lang='lat' dir='ltr'>et</span> <span class='ocrx_word' id='word_1_333' title='bbox 1597 711 1740 755; x_wconf 81' lang='lat' dir='ltr'>singulos</span> <span class='ocrx_word' id='word_1_334' title='bbox 1759 712 1951 754; x_wconf 81' lang='lat' dir='ltr'>cardinales,</span> <span class='ocrx_word' id='word_1_335' title='bbox 1971 724 2005 747; x_wconf 89' lang='lat' dir='ltr'>e·</span> 
     </span>
     <span class='ocr_line' id='line_1_70' title="bbox 1252 765 2006 810; baseline 0.003 -12"><span class='ocrx_word' id='word_1_336' title='bbox 1252 765 1327 798; x_wconf 87' lang='lat' dir='ltr'>tiam</span> <span class='ocrx_word' id='word_1_337' title='bbox 1345 765 1502 808; x_wconf 80' lang='lat' dir='ltr'>absentes,</span> <span class='ocrx_word' id='word_1_338' title='bbox 1515 771 1689 810; x_wconf 63' lang='lat' dir='ltr'>praesentes</span> <span class='ocrx_word' id='word_1_339' title='bbox 1698 766 1874 807; x_wconf 82' lang='lat' dir='ltr'>etfnturOS,</span> <span class='ocrx_word' id='word_1_340' title='bbox 1887 767 2006 800; x_wconf 86' lang='lat' dir='ltr'>etalios</span> 
     </span>
     <span class='ocr_line' id='line_1_71' title="bbox 1251 820 2005 864; baseline 0.003 -12"><span class='ocrx_word' id='word_1_341' title='bbox 1251 830 1488 863; x_wconf 85' lang='lat' dir='ltr'>quoscumque,</span> <span class='ocrx_word' id='word_1_342' title='bbox 1502 831 1642 864; x_wconf 89' lang='lat' dir='ltr'>quorum</span> <span class='ocrx_word' id='word_1_343' title='bbox 1652 820 1785 853; x_wconf 84' lang='lat' dir='ltr'>interest</span> <span class='ocrx_word' id='word_1_344' title='bbox 1794 821 1842 854; x_wconf 92' lang='lat' dir='ltr'>vel</span> <span class='ocrx_word' id='word_1_345' title='bbox 1852 820 2005 854; x_wconf 86' lang='lat' dir='ltr'>interesse</span> 
     </span>
     <span class='ocr_line' id='line_1_72' title="bbox 1252 866 2005 917; baseline 0.004 -12"><span class='ocrx_word' id='word_1_346' title='bbox 1252 873 1369 916; x_wconf 89' lang='lat' dir='ltr'>poterit</span> <span class='ocrx_word' id='word_1_347' title='bbox 1389 874 1632 917; x_wconf 85' lang='lat' dir='ltr'>quomodolibet</span> <span class='ocrx_word' id='word_1_348' title='bbox 1651 873 1852 915; x_wconf 82' lang='lat' dir='ltr'>infuturum,</span> <span class='ocrx_word' id='word_1_349' title='bbox 1876 866 2005 908; x_wconf 62' lang='lat' dir='ltr'>a&#39;fficere</span> 
     </span>
     <span class='ocr_line' id='line_1_73' title="bbox 1252 927 2005 972; baseline 0.003 -13"><span class='ocrx_word' id='word_1_350' title='bbox 1252 932 1281 959; x_wconf 90' lang='lat' dir='ltr'>et</span> <span class='ocrx_word' id='word_1_351' title='bbox 1302 927 1414 969; x_wconf 78' lang='lat' dir='ltr'>ligare,</span> <span class='ocrx_word' id='word_1_352' title='bbox 1438 928 1632 972; x_wconf 87' lang='lat' dir='ltr'>nullumque</span> <span class='ocrx_word' id='word_1_353' title='bbox 1653 938 1765 961; x_wconf 87' lang='lat' dir='ltr'>earum</span> <span class='ocrx_word' id='word_1_354' title='bbox 1790 927 2005 971; x_wconf 85' lang='lat' dir='ltr'>ignorantiam</span> 
     </span>
     <span class='ocr_line' id='line_1_74' title="bbox 1252 982 2006 1026; baseline 0.003 -13"><span class='ocrx_word' id='word_1_355' title='bbox 1252 982 1462 1024; x_wconf 79' lang='lat' dir='ltr'>praetendere</span> <span class='ocrx_word' id='word_1_356' title='bbox 1485 992 1591 1026; x_wconf 84' lang='lat' dir='ltr'>posse,</span> <span class='ocrx_word' id='word_1_357' title='bbox 1618 993 1654 1015; x_wconf 90' lang='lat' dir='ltr'>ac</span> <span class='ocrx_word' id='word_1_358' title='bbox 1678 982 1703 1015; x_wconf 89' lang='lat' dir='ltr'>si</span> <span class='ocrx_word' id='word_1_359' title='bbox 1724 982 1768 1015; x_wconf 89' lang='lat' dir='ltr'>eis</span> <span class='ocrx_word' id='word_1_360' title='bbox 1793 982 2006 1026; x_wconf 86' lang='lat' dir='ltr'>personaliter</span> 
     </span>
     <span class='ocr_line' id='line_1_75' title="bbox 1252 1034 2005 1080; baseline 0.004 -14"><span class='ocrx_word' id='word_1_361' title='bbox 1252 1034 1415 1068; x_wconf 85' lang='lat' dir='ltr'>intimatae</span> <span class='ocrx_word' id='word_1_362' title='bbox 1436 1037 1551 1077; x_wconf 84' lang='lat' dir='ltr'>forent,</span> <span class='ocrx_word' id='word_1_363' title='bbox 1574 1035 1759 1080; x_wconf 84' lang='lat' dir='ltr'>praemissis</span> <span class='ocrx_word' id='word_1_364' title='bbox 1774 1047 1811 1069; x_wconf 88' lang='lat' dir='ltr'>ac</span> <span class='ocrx_word' id='word_1_365' title='bbox 1839 1036 1910 1069; x_wconf 84' lang='lat' dir='ltr'>aliis</span> <span class='ocrx_word' id='word_1_366' title='bbox 1929 1047 2005 1070; x_wconf 88' lang='lat' dir='ltr'>con-</span> 
     </span>
     <span class='ocr_line' id='line_1_76' title="bbox 1251 1088 2002 1134; baseline 0.003 -14"><span class='ocrx_word' id='word_1_367' title='bbox 1251 1088 1472 1123; x_wconf 85' lang='lat' dir='ltr'>stitutionibus</span> <span class='ocrx_word' id='word_1_368' title='bbox 1488 1089 1786 1123; x_wconf 82' lang='lat' dir='ltr'>etordinationibus</span> <span class='ocrx_word' id='word_1_369' title='bbox 1805 1089 2002 1134; x_wconf 82' lang='lat' dir='ltr'>apostolicis,</span> 
     </span>
     <span class='ocr_line' id='line_1_77' title="bbox 1251 1142 2003 1187; baseline 0.003 -13"><span class='ocrx_word' id='word_1_370' title='bbox 1251 1143 1431 1187; x_wconf 82' lang='lat' dir='ltr'>ceterisque</span> <span class='ocrx_word' id='word_1_371' title='bbox 1452 1143 1621 1178; x_wconf 85' lang='lat' dir='ltr'>contrariis</span> <span class='ocrx_word' id='word_1_372' title='bbox 1632 1154 1697 1177; x_wconf 89' lang='lat' dir='ltr'>non</span> <span class='ocrx_word' id='word_1_373' title='bbox 1718 1143 1920 1177; x_wconf 87' lang='lat' dir='ltr'>obstantibus</span> <span class='ocrx_word' id='word_1_374' title='bbox 1930 1142 2003 1187; x_wconf 89' lang='lat' dir='ltr'>qui-</span> 
     </span>
     <span class='ocr_line' id='line_1_78' title="bbox 1250 1196 1465 1241; baseline 0.014 -14"><span class='ocrx_word' id='word_1_375' title='bbox 1250 1196 1465 1241; x_wconf 87' lang='lat' dir='ltr'>buscumque.</span> 
     </span>
    </p>

    <p class='ocr_par' dir='ltr' id='par_1_16' title="bbox 1294 1250 1667 1296">
     <span class='ocr_line' id='line_1_79' title="bbox 1294 1250 1667 1296; baseline 0.005 -13"><span class='ocrx_word' id='word_1_376' title='bbox 1294 1251 1308 1294; x_wconf 59' lang='lat' dir='ltr'>g</span> <span class='ocrx_word' id='word_1_377' title='bbox 1328 1250 1381 1284; x_wconf 75' lang='lat'>32.</span> <span class='ocrx_word' id='word_1_378' title='bbox 1405 1251 1490 1284; x_wconf 90' lang='lat' dir='ltr'>Nulli</span> <span class='ocrx_word' id='word_1_379' title='bbox 1512 1262 1589 1296; x_wconf 77' lang='lat' dir='ltr'>ergo</span> <span class='ocrx_word' id='word_1_380' title='bbox 1610 1256 1667 1285; x_wconf 79' lang='lat' dir='ltr'>etc.</span> 
     </span>
    </p>

    <p class='ocr_par' dir='ltr' id='par_1_17' title="bbox 1248 1304 2004 1553">
     <span class='ocr_line' id='line_1_80' title="bbox 1293 1304 2002 1350; baseline 0 -13"><span class='ocrx_word' id='word_1_381' title='bbox 1293 1304 1407 1337; x_wconf 81' lang='lat' dir='ltr'>Datum</span> <span class='ocrx_word' id='word_1_382' title='bbox 1428 1305 1547 1338; x_wconf 86' lang='lat' dir='ltr'>Romae</span> <span class='ocrx_word' id='word_1_383' title='bbox 1568 1306 1653 1350; x_wconf 90' lang='lat' dir='ltr'>apud</span> <span class='ocrx_word' id='word_1_384' title='bbox 1672 1305 1824 1339; x_wconf 88' lang='lat' dir='ltr'>Sanctum</span> <span class='ocrx_word' id='word_1_385' title='bbox 1836 1304 2002 1345; x_wconf 43' lang='lat' dir='ltr'>Petrum&amp;</span> 
     </span>
     <span class='ocr_line' id='line_1_81' title="bbox 1249 1359 2003 1393; baseline 0.001 -3"><span class='ocrx_word' id='word_1_386' title='bbox 1249 1368 1334 1391; x_wconf 88' lang='lat' dir='ltr'>anno</span> <span class='ocrx_word' id='word_1_387' title='bbox 1360 1359 1594 1392; x_wconf 79' lang='lat' dir='ltr'>incarnationis</span> <span class='ocrx_word' id='word_1_388' title='bbox 1623 1359 1803 1392; x_wconf 88' lang='lat' dir='ltr'>dominicae</span> <span class='ocrx_word' id='word_1_389' title='bbox 1832 1359 2003 1393; x_wconf 89' lang='lat' dir='ltr'>millesimo</span> 
     </span>
     <span class='ocr_line' id='line_1_82' title="bbox 1249 1411 2003 1456; baseline 0.004 -13"><span class='ocrx_word' id='word_1_390' title='bbox 1249 1411 1508 1455; x_wconf 74' lang='lat' dir='ltr'>quingentesimo</span> <span class='ocrx_word' id='word_1_391' title='bbox 1539 1413 1736 1456; x_wconf 79' lang='lat' dir='ltr'>sexagesimo</span> <span class='ocrx_word' id='word_1_392' title='bbox 1752 1413 1906 1453; x_wconf 87' lang='lat' dir='ltr'>secundo,</span> <span class='ocrx_word' id='word_1_393' title='bbox 1930 1423 2003 1456; x_wconf 90' lang='lat' dir='ltr'>sep-</span> 
     </span>
     <span class='ocr_line' id='line_1_83' title="bbox 1250 1465 2004 1510; baseline 0.001 -13"><span class='ocrx_word' id='word_1_394' title='bbox 1250 1465 1327 1498; x_wconf 87' lang='lat' dir='ltr'>timo</span> <span class='ocrx_word' id='word_1_395' title='bbox 1362 1466 1434 1499; x_wconf 88' lang='lat' dir='ltr'>idus</span> <span class='ocrx_word' id='word_1_396' title='bbox 1470 1467 1612 1500; x_wconf 87' lang='lat' dir='ltr'>octobris</span> <span class='ocrx_word' id='word_1_397' title='bbox 1628 1494 1635 1508; x_wconf 90' lang='lat'>‚</span> <span class='ocrx_word' id='word_1_398' title='bbox 1673 1466 1880 1510; x_wconf 86' lang='lat' dir='ltr'>pontificatus</span> <span class='ocrx_word' id='word_1_399' title='bbox 1903 1465 2004 1500; x_wconf 85' lang='lat' dir='ltr'>nostri</span> 
     </span>
     <span class='ocr_line' id='line_1_84' title="bbox 1248 1520 1459 1553; baseline 0.009 -2"><span class='ocrx_word' id='word_1_400' title='bbox 1248 1530 1333 1552; x_wconf 88' lang='lat' dir='ltr'>anno</span> <span class='ocrx_word' id='word_1_401' title='bbox 1354 1520 1459 1553; x_wconf 85' lang='lat' dir='ltr'>tertio.</span> 
     </span>
    </p>

    <p class='ocr_par' dir='ltr' id='par_1_18' title="bbox 1247 1573 2001 1671">
     <span class='ocr_line' id='line_1_85' title="bbox 1292 1573 2001 1619; baseline 0 -13"><span class='ocrx_word' id='word_1_402' title='bbox 1292 1574 1319 1616; x_wconf 54' lang='grc' dir='ltr'>»ἷ-</span> <span class='ocrx_word' id='word_1_403' title='bbox 1345 1574 1410 1617; x_wconf 81' lang='lat' dir='ltr'>Ego</span> <span class='ocrx_word' id='word_1_404' title='bbox 1435 1574 1520 1616; x_wconf 82' lang='lat' dir='ltr'>Pms,</span> <span class='ocrx_word' id='word_1_405' title='bbox 1554 1574 1733 1608; x_wconf 80' lang='lat' dir='ltr'>catholicae</span> <span class='ocrx_word' id='word_1_406' title='bbox 1753 1573 1916 1608; x_wconf 84' lang='lat' dir='ltr'>Ecclesiae</span> <span class='ocrx_word' id='word_1_407' title='bbox 1933 1573 2001 1619; x_wconf 91' lang='lat' dir='ltr'>epi-</span> 
     </span>
     <span class='ocr_line' id='line_1_86' title="bbox 1247 1638 1376 1671; baseline 0.008 -12"><span class='ocrx_word' id='word_1_408' title='bbox 1247 1638 1376 1671; x_wconf 89' lang='lat' dir='ltr'>scopus.</span> 
     </span>
    </p>

    <p class='ocr_par' dir='ltr' id='par_1_19' title="bbox 1247 1681 2003 1778">
     <span class='ocr_line' id='line_1_87' title="bbox 1290 1681 2003 1725; baseline 0.001 -12"><span class='ocrx_word' id='word_1_409' title='bbox 1290 1681 1476 1725; x_wconf 43' lang='lat' dir='ltr'>iS&#39;cqwmt&#39;ztr</span> <span class='ocrx_word' id='word_1_410' title='bbox 1503 1682 1751 1725; x_wconf 70' lang='lat' dir='ltr'>subscriptiones</span> <span class='ocrx_word' id='word_1_411' title='bbox 1773 1681 2003 1715; x_wconf 76' lang='lat' dir='ltr'>Cctrdz&#39;nalz&#39;um</span> 
     </span>
     <span class='ocr_line' id='line_1_88' title="bbox 1247 1736 1484 1778; baseline 0.004 -11"><span class='ocrx_word' id='word_1_412' title='bbox 1247 1739 1275 1768; x_wconf 78' lang='lat' dir='ltr'>et</span> <span class='ocrx_word' id='word_1_413' title='bbox 1297 1736 1484 1778; x_wconf 72' lang='lat' dir='ltr'>publicatio.</span> 
     </span>
    </p>

    <p class='ocr_par' dir='ltr' id='par_1_20' title="bbox 1267 1788 1979 1829">
     <span class='ocr_line' id='line_1_89' title="bbox 1267 1788 1979 1829; baseline 0.003 -11"><span class='ocrx_word' id='word_1_414' title='bbox 1267 1788 1328 1818; x_wconf 92' lang='lat' dir='ltr'>Dat.</span> <span class='ocrx_word' id='word_1_415' title='bbox 1351 1789 1397 1818; x_wconf 87' lang='lat' dir='ltr'>die</span> <span class='ocrx_word' id='word_1_416' title='bbox 1420 1789 1437 1818; x_wconf 80' lang='lat'>9</span> <span class='ocrx_word' id='word_1_417' title='bbox 1461 1789 1589 1819; x_wconf 83' lang='lat' dir='ltr'>octobris</span> <span class='ocrx_word' id='word_1_418' title='bbox 1613 1789 1699 1827; x_wconf 68' lang='lat'><strong>1502,</strong></span> <span class='ocrx_word' id='word_1_419' title='bbox 1719 1789 1821 1829; x_wconf 86' lang='lat' dir='ltr'>pontif.</span> <span class='ocrx_word' id='word_1_420' title='bbox 1844 1799 1920 1820; x_wconf 83' lang='lat' dir='ltr'>anno</span> <span class='ocrx_word' id='word_1_421' title='bbox 1937 1798 1979 1820; x_wconf 87' lang='lat'>111.</span> 
     </span>
    </p>
   </div>
   <div class='ocr_carea' id='block_1_13' title="bbox 1541 1859 1684 1865">
    <p class='ocr_par' dir='ltr' id='par_1_21' title="bbox 1541 1859 1684 1865">
     <span class='ocr_line' id='line_1_90' title="bbox 1541 1859 1684 1865; baseline 0 0"><span class='ocrx_word' id='word_1_422' title='bbox 1541 1859 1684 1865; x_wconf 95' lang='lat' dir='ltr'> </span> 
     </span>
    </p>
   </div>
   <div class='ocr_carea' id='block_1_14' title="bbox 1245 1936 2000 2360">
    <p class='ocr_par' dir='ltr' id='par_1_22' title="bbox 1560 1936 1685 1969">
     <span class='ocr_line' id='line_1_91' title="bbox 1560 1936 1685 1969; baseline -0.008 0"><span class='ocrx_word' id='word_1_423' title='bbox 1560 1936 1685 1969; x_wconf 80' lang='lat' dir='ltr'>LXXVI.</span> 
     </span>
    </p>

    <p class='ocr_par' dir='ltr' id='par_1_23' title="bbox 1245 2002 2000 2360">
     <span class='ocr_line' id='line_1_92' title="bbox 1245 2002 2000 2047; baseline 0.001 -11"><span class='ocrx_word' id='word_1_424' title='bbox 1245 2002 1386 2036; x_wconf 64' lang='lat' dir='ltr'>Sanctae</span> <span class='ocrx_word' id='word_1_425' title='bbox 1418 2003 1648 2047; x_wconf 52' lang='lat' dir='ltr'>Inqm&#39;sitioms</span> <span class='ocrx_word' id='word_1_426' title='bbox 1683 2004 1820 2047; x_wconf 69' lang='lat' dir='ltr'>officium</span> <span class='ocrx_word' id='word_1_427' title='bbox 1844 2014 1865 2036; x_wconf 83' lang='grc' dir='ltr'><em>α</em></span> <span class='ocrx_word' id='word_1_428' title='bbox 1896 2003 2000 2037; x_wconf 78' lang='lat' dir='ltr'>Paulo</span> 
     </span>
     <span class='ocr_line' id='line_1_93' title="bbox 1289 2057 1999 2100; baseline 0 -9"><span class='ocrx_word' id='word_1_429' title='bbox 1289 2057 1383 2100; x_wconf 68' lang='lat' dir='ltr'>Papa</span> <span class='ocrx_word' id='word_1_430' title='bbox 1418 2058 1511 2091; x_wconf 75' lang='lat' dir='ltr'>terlio</span> <span class='ocrx_word' id='word_1_431' title='bbox 1546 2058 1735 2090; x_wconf 69' lang='lat' dir='ltr'>institutum</span> <span class='ocrx_word' id='word_1_432' title='bbox 1776 2058 1812 2090; x_wconf 75' lang='lat' dir='ltr'>in</span> <span class='ocrx_word' id='word_1_433' title='bbox 1832 2057 1947 2099; x_wconf 69' lang='lat' dir='ltr'>Italici,</span> <span class='ocrx_word' id='word_1_434' title='bbox 1970 2065 1999 2091; x_wconf 77' lang='lat' dir='ltr'>et</span> 
     </span>
     <span class='ocr_line' id='line_1_94' title="bbox 1289 2111 2000 2155; baseline 0 -11"><span class='ocrx_word' id='word_1_435' title='bbox 1289 2115 1383 2144; x_wconf 74' lang='lat' dir='ltr'>extra</span> <span class='ocrx_word' id='word_1_436' title='bbox 1398 2122 1469 2144; x_wconf 79' lang='lat' dir='ltr'>cam</span> <span class='ocrx_word' id='word_1_437' title='bbox 1487 2111 1613 2144; x_wconf 70' lang='lat' dir='ltr'>decerni</span> <span class='ocrx_word' id='word_1_438' title='bbox 1618 2115 1639 2153; x_wconf 81' lang='lat' dir='ltr'>t,</span> <span class='ocrx_word' id='word_1_439' title='bbox 1656 2112 1854 2155; x_wconf 60' lang='lat' dir='ltr'>maciesque,</span> <span class='ocrx_word' id='word_1_440' title='bbox 1869 2122 2000 2154; x_wconf 81' lang='lat' dir='ltr'>praero-</span> 
     </span>
     <span class='ocr_line' id='line_1_95' title="bbox 1288 2164 2000 2208; baseline 0 -11"><span class='ocrx_word' id='word_1_441' title='bbox 1288 2166 1416 2208; x_wconf 70' lang='lat' dir='ltr'>{Jrctivas</span> <span class='ocrx_word' id='word_1_442' title='bbox 1436 2169 1464 2198; x_wconf 81' lang='lat' dir='ltr'>et</span> <span class='ocrx_word' id='word_1_443' title='bbox 1483 2165 1653 2207; x_wconf 76' lang='lat' dir='ltr'>facultates</span> <span class='ocrx_word' id='word_1_444' title='bbox 1674 2164 1814 2198; x_wconf 75' lang='lat' dir='ltr'>Sanctae</span> <span class='ocrx_word' id='word_1_445' title='bbox 1832 2165 2000 2198; x_wconf 74' lang='lat' dir='ltr'>Romanae</span> 
     </span>
     <span class='ocr_line' id='line_1_96' title="bbox 1290 2219 1998 2262; baseline 0 -11"><span class='ocrx_word' id='word_1_446' title='bbox 1290 2219 1449 2252; x_wconf 72' lang='lat' dir='ltr'>Ecclesiae</span> <span class='ocrx_word' id='word_1_447' title='bbox 1478 2219 1699 2251; x_wconf 69' lang='lat' dir='ltr'>cardinalibus</span> <span class='ocrx_word' id='word_1_448' title='bbox 1723 2219 1901 2262; x_wconf 74' lang='lat' dir='ltr'>pravitatis</span> <span class='ocrx_word' id='word_1_449' title='bbox 1922 2219 1998 2251; x_wconf 79' lang='lat' dir='ltr'>hae-</span> 
     </span>
     <span class='ocr_line' id='line_1_97' title="bbox 1289 2271 1998 2316; baseline -0.001 -11"><span class='ocrx_word' id='word_1_450' title='bbox 1289 2273 1407 2306; x_wconf 74' lang='lat' dir='ltr'>reticae</span> <span class='ocrx_word' id='word_1_451' title='bbox 1426 2273 1672 2316; x_wconf 73' lang='lat' dir='ltr'>inquisitoribus</span> <span class='ocrx_word' id='word_1_452' title='bbox 1700 2273 1853 2316; x_wconf 74' lang='lat' dir='ltr'>elaryitcts</span> <span class='ocrx_word' id='word_1_453' title='bbox 1881 2271 1998 2315; x_wconf 78' lang='lat' dir='ltr'>confir-</span> 
     </span>
     <span class='ocr_line' id='line_1_98' title="bbox 1290 2326 1407 2360; baseline 0.017 -2"><span class='ocrx_word' id='word_1_454' title='bbox 1290 2331 1359 2360; x_wconf 76' lang='lat' dir='ltr'>mat</span> <span class='ocrx_word' id='word_1_455' title='bbox 1378 2326 1407 2360; x_wconf 70' lang='lat'>2.</span> 
     </span>
    </p>
   </div>
   <div class='ocr_carea' id='block_1_15' title="bbox 1245 2397 1998 2634">
    <p class='ocr_par' dir='ltr' id='par_1_24' title="bbox 1245 2397 1998 2634">
     <span class='ocr_line' id='line_1_99' title="bbox 1245 2397 1997 2435; baseline 0.003 -9"><span class='ocrx_word' id='word_1_456' title='bbox 1245 2397 1306 2426; x_wconf 85' lang='lat' dir='ltr'>Pius</span> <span class='ocrx_word' id='word_1_457' title='bbox 1324 2399 1466 2435; x_wconf 85' lang='lat' dir='ltr'>episcopus</span> <span class='ocrx_word' id='word_1_458' title='bbox 1484 2406 1580 2429; x_wconf 85' lang='lat' dir='ltr'>servus</span> <span class='ocrx_word' id='word_1_459' title='bbox 1600 2405 1739 2429; x_wconf 76' lang='lat' dir='ltr'>servorum</span> <span class='ocrx_word' id='word_1_460' title='bbox 1756 2399 1812 2433; x_wconf 83' lang='lat' dir='ltr'>Dei,</span> <span class='ocrx_word' id='word_1_461' title='bbox 1837 2399 1997 2429; x_wconf 79' lang='lat' dir='ltr'>venerabili·</span> 
     </span>
     <span class='ocr_line' id='line_1_100' title="bbox 1289 2447 1998 2486; baseline 0.003 -10"><span class='ocrx_word' id='word_1_462' title='bbox 1289 2448 1338 2477; x_wconf 87' lang='lat' dir='ltr'>bus</span> <span class='ocrx_word' id='word_1_463' title='bbox 1356 2449 1493 2478; x_wconf 82' lang='lat' dir='ltr'>fratribus</span> <span class='ocrx_word' id='word_1_464' title='bbox 1512 2450 1648 2486; x_wconf 65' lang='lat' dir='ltr'>liudulpho</span> <span class='ocrx_word' id='word_1_465' title='bbox 1662 2449 1788 2482; x_wconf 76' lang='lat' dir='ltr'>ostiensi.</span> <span class='ocrx_word' id='word_1_466' title='bbox 1804 2447 1998 2486; x_wconf 75' lang='lat' dir='ltr'>Christophoro</span> 
     </span>
     <span class='ocr_line' id='line_1_101' title="bbox 1289 2499 1998 2534; baseline 0.001 -8"><span class='ocrx_word' id='word_1_467' title='bbox 1289 2499 1437 2532; x_wconf 78' lang='lat' dir='ltr'>sabinensi.</span> <span class='ocrx_word' id='word_1_468' title='bbox 1445 2500 1538 2528; x_wconf 79' lang='lat' dir='ltr'>Ottoni</span> <span class='ocrx_word' id='word_1_469' title='bbox 1547 2499 1688 2528; x_wconf 77' lang='lat' dir='ltr'>Albanensi</span> <span class='ocrx_word' id='word_1_470' title='bbox 1701 2499 1842 2534; x_wconf 74' lang='lat' dir='ltr'>episeopis,</span> <span class='ocrx_word' id='word_1_471' title='bbox 1851 2500 1880 2527; x_wconf 79' lang='lat' dir='ltr'>et</span> <span class='ocrx_word' id='word_1_472' title='bbox 1886 2499 1998 2528; x_wconf 77' lang='lat' dir='ltr'>dilectis</span> 
     </span>
     <span class='ocr_line' id='line_1_102' title="bbox 1289 2549 1995 2582; baseline 0.003 -6"><span class='ocrx_word' id='word_1_473' title='bbox 1289 2549 1353 2577; x_wconf 78' lang='lat' dir='ltr'>filiis</span> <span class='ocrx_word' id='word_1_474' title='bbox 1373 2550 1466 2579; x_wconf 79' lang='lat' dir='ltr'>Iacobo</span> <span class='ocrx_word' id='word_1_475' title='bbox 1494 2551 1608 2579; x_wconf 77' lang='lat' dir='ltr'>sanctae</span> <span class='ocrx_word' id='word_1_476' title='bbox 1631 2550 1731 2578; x_wconf 80' lang='lat' dir='ltr'>Mariae</span> <span class='ocrx_word' id='word_1_477' title='bbox 1749 2549 1778 2577; x_wconf 87' lang='lat' dir='ltr'>in</span> <span class='ocrx_word' id='word_1_478' title='bbox 1796 2549 1863 2582; x_wconf 80' lang='lat' dir='ltr'>Via.</span> <span class='ocrx_word' id='word_1_479' title='bbox 1882 2549 1995 2578; x_wconf 72' lang='lat' dir='ltr'>Bernar-</span> 
     </span>
     <span class='ocr_line' id='line_1_103' title="bbox 1288 2598 1997 2634; baseline 0.003 -8"><span class='ocrx_word' id='word_1_480' title='bbox 1288 2598 1350 2627; x_wconf 83' lang='lat' dir='ltr'>diuo</span> <span class='ocrx_word' id='word_1_481' title='bbox 1369 2600 1461 2628; x_wconf 76' lang='lat' dir='ltr'>sancti</span> <span class='ocrx_word' id='word_1_482' title='bbox 1480 2599 1625 2632; x_wconf 81' lang='lat' dir='ltr'>Matthaei,</span> <span class='ocrx_word' id='word_1_483' title='bbox 1643 2598 1759 2634; x_wconf 81' lang='lat' dir='ltr'>scipioni</span> <span class='ocrx_word' id='word_1_484' title='bbox 1773 2599 1886 2627; x_wconf 81' lang='lat' dir='ltr'>sanctae</span> <span class='ocrx_word' id='word_1_485' title='bbox 1898 2600 1997 2628; x_wconf 80' lang='lat' dir='ltr'>Poten-</span> 
     </span>
    </p>
   </div>
   <div class='ocr_carea' id='block_1_16' title="bbox 1278 2648 1755 2724">
    <p class='ocr_par' dir='ltr' id='par_1_25' title="bbox 1278 2648 1755 2724">
     <span class='ocr_line' id='line_1_104' title="bbox 1279 2648 1751 2683; baseline 0 -10"><span class='ocrx_word' id='word_1_486' title='bbox 1279 2648 1292 2673; x_wconf 87' lang='grc'>’1</span> <span class='ocrx_word' id='word_1_487' title='bbox 1314 2649 1337 2674; x_wconf 77' lang='lat' dir='ltr'>S.</span> <span class='ocrx_word' id='word_1_488' title='bbox 1360 2648 1623 2681; x_wconf 30' lang='lat' dir='ltr'>alamanusctierub,</span> <span class='ocrx_word' id='word_1_489' title='bbox 1642 2648 1681 2683; x_wconf 80' lang='lat' dir='ltr'>(n.</span> <span class='ocrx_word' id='word_1_490' title='bbox 1703 2648 1751 2681; x_wconf 84' lang='lat' dir='ltr'>T.).</span> 
     </span>
     <span class='ocr_line' id='line_1_105' title="bbox 1278 2688 1755 2724; baseline 0 -10"><span class='ocrx_word' id='word_1_491' title='bbox 1278 2688 1296 2714; x_wconf 81' lang='lat'><strong>2</strong></span> <span class='ocrx_word' id='word_1_492' title='bbox 1315 2689 1353 2715; x_wconf 77' lang='lat' dir='ltr'>Ex</span> <span class='ocrx_word' id='word_1_493' title='bbox 1370 2689 1475 2724; x_wconf 82' lang='lat' dir='ltr'>Regest.</span> <span class='ocrx_word' id='word_1_494' title='bbox 1496 2689 1523 2715; x_wconf 88' lang='lat' dir='ltr'>in</span> <span class='ocrx_word' id='word_1_495' title='bbox 1539 2688 1649 2716; x_wconf 88' lang='lat' dir='ltr'>Archiv.</span> <span class='ocrx_word' id='word_1_496' title='bbox 1671 2688 1755 2716; x_wconf 86' lang='lat' dir='ltr'>Vatic.</span> 
     </span>
    </p>
   </div>
   <div class='ocr_carea' id='block_1_17' title="bbox 2020 489 2203 542">
    <p class='ocr_par' dir='ltr' id='par_1_26' title="bbox 2020 489 2203 542">
     <span class='ocr_line' id='line_1_106' title="bbox 2020 489 2203 511; baseline 0 -1"><span class='ocrx_word' id='word_1_497' title='bbox 2020 492 2041 510; x_wconf 77' lang='lat' dir='ltr'>et</span> <span class='ocrx_word' id='word_1_498' title='bbox 2061 495 2135 510; x_wconf 85' lang='lat' dir='ltr'>omnes</span> <span class='ocrx_word' id='word_1_499' title='bbox 2155 489 2203 511; x_wconf 79' lang='lat' dir='ltr'>am-</span> 
     </span>
     <span class='ocr_line' id='line_1_107' title="bbox 2020 521 2069 542; baseline 0.02 -1"><span class='ocrx_word' id='word_1_500' title='bbox 2020 521 2069 542; x_wconf 80' lang='lat' dir='ltr'>ciat.</span> 
     </span>
    </p>
   </div>
   <div class='ocr_carea' id='block_1_18' title="bbox 2045 1257 2202 1286">
    <p class='ocr_par' dir='ltr' id='par_1_27' title="bbox 2045 1257 2202 1286">
     <span class='ocr_line' id='line_1_108' title="bbox 2045 1257 2202 1286; baseline 0 -7"><span class='ocrx_word' id='word_1_501' title='bbox 2045 1257 2130 1280; x_wconf 75' lang='lat' dir='ltr'>Sanctio</span> <span class='ocrx_word' id='word_1_502' title='bbox 2139 1263 2202 1286; x_wconf 80' lang='lat' dir='ltr'>poen.</span> 
     </span>
    </p>
   </div>
  </div>
 </body>
</html>
