2237 3100
24 285 72 315 Απ.
90 283 118 313 C.
135 282 203 312 1570
220 316 231 326 .

46 665 94 687 Sota
110 666 202 691 signatu-

22 703 44 718 τι
56 696 138 718 uutflctt.

47 1626 179 1649 Proomtum.

34 2165 78 2188 Non
93 2167 203 2189 damnetur

22 2197 102 2219 debitor
117 2205 141 2220 ex
154 2205 203 2226 pro-

22 2231 123 2251 curatoris
151 2237 204 2252 cou-

21 2260 122 2282 tennione.

217 340 310 374 cuius
329 339 464 384 praelati
484 345 539 373 aut
565 349 722 383 personae
754 338 786 371 in
817 338 971 382 dignitate

217 394 433 428 ecclesiastica
462 394 656 428 constitutae
682 393 826 434 munitis,
859 393 970 426 eadem

216 458 349 492 prorsus
380 447 458 481 fides
477 447 678 488 adhibeatur,
699 458 781 491 quae
802 446 878 490 ipsis
909 446 972 479 ori-

215 501 376 544 ginalibus
406 501 520 535 litteris
561 501 787 543 adhiberetur,
809 500 835 533 si
866 501 972 533 forent

216 554 376 589 exhibitae
395 556 444 589 vel
463 560 620 589 ostensae.

260 609 275 652 ἓ
295 608 349 643 10.
372 608 411 642 Et
430 608 517 652 quod
538 608 714 652 praesentis
728 613 835 641 motus
849 607 971 651 proprii

216 662 283 695 sola
314 661 478 705 signatura
498 662 647 702 sufficiat,
681 667 712 695 et
732 661 852 705 ubique
874 661 970 694 tidem

217 715 323 756 faciat,
343 716 375 748 in
391 716 512 749 iudicio
526 721 557 749 et
576 722 675 756 extra,
692 715 803 759 regula
816 726 972 758 quacum-

215 779 279 814 que
308 769 470 803 eontraria
499 781 564 803 non
585 770 741 811 obstante,
762 780 817 803 seu
848 769 972 802 litterae

216 834 315 867 super
334 824 397 857 illis
417 835 491 857 cum
513 825 627 858 maiori
647 824 900 868 praemissorum
922 835 972 857 ex-

217 877 381 920 pressione
400 888 459 922 per
477 878 572 911 breve
592 878 736 922 expediri
757 877 889 921 possint.

527 931 606 965 Fiat.
630 932 668 965 M.

260 984 374 1018 Datum
403 985 523 1019 Romae
557 986 643 1029 apud
677 985 708 1019 S.
741 985 883 1026 Petrum,
916 984 972 1017 ka-

216 1039 320 1073 lendis
341 1040 536 1081 novembris,
559 1050 645 1073 anno
665 1050 694 1073 v.

264 1097 329 1128 Dat.
361 1098 408 1128 die
433 1099 533 1129 lnov.
554 1098 642 1137 1570,
667 1098 771 1139 pontif.
795 1107 872 1128 anno
893 1106 920 1127 v.

519 1232 670 1266 CLXXVI.

217 1307 416 1351 Reformatz'o
439 1308 625 1342 Tribunalis
656 1308 774 1342 Curiae
802 1318 973 1341 causamme

262 1356 417 1391 Gamerae
425 1357 626 1401 Apostolicae
641 1358 811 1399 auditoris,
824 1368 890 1391 mm
903 1368 973 1390 cum

262 1415 341 1445 taxa
360 1413 602 1456 expeditionum
622 1412 648 1445 1.

334 1494 397 1523 rius
420 1494 490 1530 rapa
514 1494 545 1528 V.
565 1496 644 1524 motu
662 1494 789 1531 proprio.
810 1495 864 1523 etc.

260 1565 347 1599 Inter
366 1565 421 1599 illa
441 1576 524 1610 quae
544 1565 576 1599 in
601 1565 735 1609 singulis
760 1566 792 1599 in
811 1567 895 1600 Urbe
916 1578 972 1601 cu-

217 1618 273 1652 riis
292 1625 324 1652 et
343 1619 455 1653 officiis
476 1620 677 1654 emendanda
697 1631 753 1653 seu
774 1621 894 1654 rectius
914 1622 975 1654 dis—

217 1673 367 1717 ponenda
386 1673 599 1715 decrevimus,
620 1675 700 1708 haec
721 1674 759 1708 de
772 1674 887 1708 Curiae
902 1686 974 1708 cau-

216 1737 325 1760 sarum
345 1727 498 1762 Gamerae
517 1728 720 1773 Apostolicae
740 1729 899 1772 generalis
919 1741 974 1763 au-

216 1780 330 1815 ditoris
361 1781 466 1815 officio
503 1793 540 1815 ac
570 1782 724 1816 tribunali
755 1794 901 1816 seorsum
935 1784 974 1818 ab

215 1835 388 1869 universali
408 1836 648 1878 reformatione,
669 1837 845 1881 apostolica
865 1844 974 1871 aucto-

216 1889 311 1922 ritate
340 1895 499 1934 perpetuo
519 1890 690 1923 statuimus
716 1897 747 1924 ct
766 1891 971 1933 ordinamus,

215 1953 298 1987 quae
319 1949 350 1977 et
380 1944 420 1977 ab
440 1944 587 1978 auditore
617 1951 648 1978 et
666 1945 706 1978 ab
726 1945 794 1978 eius
814 1946 972 1979 locumte-

215 1998 379 2039 nentibus,
396 1998 571 2043 curiaeque
585 1999 685 2043 ipsius
699 1999 858 2033 iudicibus
872 2006 903 2034 et
918 2012 974 2034 no-

216 2051 318 2093 tariis,
341 2052 542 2087 exactissime
562 2053 681 2087 servari
697 2054 926 2097 praecipimus.

260 2105 275 2150 ἓ
295 2106 326 2139 t.
349 2106 384 2139 In
404 2106 526 2150 primis,
547 2118 588 2140 ne
608 2107 781 2151 quisquam
803 2119 839 2141 ex
853 2108 975 2141 confes-

216 2159 305 2193 sione
316 2159 441 2193 debitia
456 2166 668 2204 procuratore
689 2172 759 2201 suo,
778 2162 817 2194 ad
830 2162 861 2195 id
880 2162 912 2194 in
925 2162 973 2206 ip-

217 2220 318 2247 samet
337 2214 533 2258 obligatione
546 2215 579 2248 in
600 2222 765 2259 posterum
788 2216 973 2257 constituto,

217 2267 249 2300 in
280 2267 402 2302 iudicio
432 2270 481 2302 vel
502 2269 577 2302 alibi
597 2270 691 2310 facta,
725 2270 972 2312 condemnetur,

217 2321 277 2354 nisi
299 2320 384 2355 idem
405 2322 500 2356 etiam
522 2329 716 2366 procurator
735 2323 774 2356 ad
802 2324 974 2357 defenden-

217 2375 295 2408 dum
316 2375 348 2408 in
369 2375 489 2410 iudicio
510 2377 608 2410 fuerit
628 2377 831 2418 constitutus,
844 2383 875 2410 et
892 2378 971 2421 ipse,

217 2439 291 2462 cum
313 2430 578 2471 constitueretur,
601 2430 794 2464 defendendi
813 2441 896 2463 onus
915 2431 975 2464 liu-

218 2482 356 2517 iusmodi
376 2489 491 2527 sponte
511 2495 663 2528 praesens
682 2484 906 2528 acceptaverit.

261 2537 276 2581 ἓ
296 2536 328 2570 2.
351 2537 434 2571 Neve
464 2538 649 2583 quisquam,
673 2539 797 2573 ratione
828 2540 877 2572 sui
899 2551 974 2573 con-

255 2605 265 2631 l
289 2604 372 2632 Aliam
384 2605 503 2632 eiusdem
516 2606 654 2633 tribunalis
666 2606 880 2634 reformationem
897 2616 974 2642 prae-

221 2649 305 2676 tintvit
315 2649 377 2677 Pius
393 2650 428 2678 IV
445 2651 470 2677 in
491 2651 596 2679 constit.
615 2658 693 2684 Lth,
715 2653 788 2679 Inter
803 2654 973 2686 multiplices,

220 2701 278 2729 pag.
295 2694 346 2722 207
362 2694 441 2722 huius
459 2695 531 2723 tomi.

299 2740 373 2771 Ball.
394 2740 473 2772 Rom.
495 2741 549 2773 Vol.
572 2741 629 2772 VII.
800 2742 855 2773 109

899 281 967 305 PIUS
986 281 1006 305 V
1025 281 1073 305 PP-

1659 269 1723 303 865
1784 279 1833 306 An.
1853 278 1879 305 c.
1897 270 1966 306 υπὸ

1013 344 1124 367 sensus
1144 333 1176 366 in
1198 337 1365 368 contractu
1386 342 1442 365 seu
1463 331 1554 375 quasi
1585 337 1764 373 contractu,
1795 349 1866 376 Neque
1883 355 1966 370 amm.

1782 382 1908 401 munientur.

1013 393 1067 421 aut
1087 388 1176 429 alias,
1199 388 1230 420 in
1252 387 1371 420 iudicio
1402 386 1450 420 vel
1481 391 1568 419 extra
1600 386 1766 426 iudicium,

1014 452 1071 485 per
1090 453 1123 475 se
1136 442 1184 475 vel
1206 442 1304 474 alium
1325 451 1533 484 quocumque
1546 440 1655 481 modo,
1671 440 1766 474 etiam

1014 495 1045 527 in
1060 495 1276 539 susceptione,
1292 506 1388 539 quam
1403 501 1528 536 vocant,
1544 505 1767 535 censurarum,

1013 548 1052 582 de
1080 554 1188 582 cetero
1209 549 1367 593 praestiti,
1389 560 1469 593 pure
1490 554 1545 582 aut
1571 549 1629 582 sub
1661 549 1769 582 condi-

1014 601 1100 636 tione
1120 609 1173 636 aut
1195 603 1227 635 in
1248 603 1344 644 diem,
1373 603 1517 637 censuris
1547 602 1768 636 ecclesiasticis

1014 655 1188 689 innodetur
1207 663 1261 690 aut
1283 657 1456 690 innodatus
1477 657 1669 690 declaretur.

1059 711 1074 754 ᾗ
1099 710 1130 744 3.
1164 711 1371 752 Quinimmo,
1395 722 1453 745 uec
1482 712 1701 755 procuratoris
1729 711 1768 744 ad

1015 764 1236 797 confitendum
1264 766 1407 799 debitum
1433 766 1620 799 constitutio
1646 766 1678 798 in
1702 765 1769 809 ipsa

1014 818 1112 851 debiti
1125 819 1334 863 obligatione,
1352 820 1411 852 nisi
1426 826 1457 853 et
1473 820 1512 853 ad
1530 819 1769 853 defendendum

1016 883 1080 905 una
1100 873 1328 914 constituatur,
1351 879 1381 907 et
1402 874 1468 917 ipse
1481 873 1675 907 defendendi
1687 884 1770 907 onus

1015 932 1171 971 acceptet,
1195 933 1230 960 ut
1250 928 1443 971 praefertur,
1466 938 1525 961 nee
1556 938 1769 961 censurarum

1015 991 1191 1015 consensus
1221 987 1277 1014 aut
1306 981 1467 1025 susceptio
1496 981 1684 1014 huiusmodi
1715 993 1769 1015 us-

1015 1046 1113 1079 quam
1134 1035 1310 1079 recipiatur
1329 1035 1376 1068 vel
1390 1034 1579 1068 admittatur
1590 1035 1654 1069 sive
1674 1035 1770 1069 etiam

1015 1089 1228 1131 describatur,
1250 1100 1356 1133 neque
1376 1089 1415 1122 de
1435 1089 1484 1122 his
1515 1089 1685 1133 quisquam
1718 1100 1770 1122 ro-

1015 1148 1120 1186 getur,
1143 1143 1239 1176 etiam
1260 1143 1292 1176 in
1314 1142 1480 1176 cameralis
1493 1142 1697 1186 obligationis
1710 1142 1772 1175 for-

1016 1197 1116 1237 mula,
1139 1197 1202 1230 sive
1234 1197 1458 1241 principaliter
1488 1196 1550 1229 sive
1576 1196 1769 1236 incidenter,

1016 1261 1121 1294 neque
1142 1250 1301 1284 iudicium
1328 1251 1430 1284 ullum
1452 1256 1508 1283 aut
1532 1250 1597 1283 ulla
1625 1251 1771 1284 executio

1017 1305 1092 1338 inde
1112 1305 1168 1338 fiat
1187 1312 1239 1338 aut
1261 1306 1465 1339 decernatur.

1061 1360 1075 1403 ξ
1097 1362 1126 1393 [ι.
1154 1360 1338 1404 Exeipimus
1359 1366 1466 1393 autem
1487 1360 1526 1393 ab
1546 1359 1604 1401 liis,
1625 1370 1708 1404 quae
1732 1359 1771 1392 de

1016 1414 1217 1447 confessione
1242 1414 1341 1447 debiti
1366 1421 1394 1448 et
1422 1414 1643 1458 procuratoris
1681 1413 1720 1446 ad
1740 1413 1771 1445 id

1017 1468 1247 1501 constitutione
1271 1479 1368 1512 supra
1397 1468 1577 1508 statuimus,
1599 1466 1770 1510 obligatio-

1016 1532 1084 1562 nes,
1106 1533 1188 1567 quae
1210 1523 1249 1555 de
1269 1523 1366 1556 rebus
1387 1533 1423 1555 ae
1455 1522 1580 1555 iuribus
1600 1522 1639 1555 ad
1660 1521 1771 1555 Came-

1017 1587 1085 1609 ram
1106 1576 1323 1621 Apostolieam
1340 1577 1580 1621 pcrtinentibus
1593 1576 1693 1609 factae
1707 1575 1771 1608 iam

1016 1636 1102 1671 sunt,
1125 1637 1178 1664 aut
1212 1631 1244 1663 in
1275 1636 1442 1675 posterum
1473 1630 1543 1664 fieri
1576 1629 1769 1674 oportuerit,

1017 1684 1049 1717 in
1070 1684 1201 1728 quibus,
1215 1685 1321 1729 quoad
1333 1685 1520 1718 huiusmodi
1537 1684 1772 1718 confessionem

1016 1744 1048 1772 et
1067 1739 1343 1780 constitutionem,
1364 1740 1460 1773 liceat
1489 1739 1569 1772 illud
1597 1738 1682 1772 idem
1702 1737 1774 1771 fieri

1016 1792 1103 1836 quod
1124 1792 1281 1827 hactenus
1301 1799 1348 1827 est
1368 1793 1585 1827 observatum.

1061 1846 1076 1889 ξ
1096 1846 1127 1880 5,
1150 1847 1241 1887 Quod
1262 1848 1287 1880 si
1309 1848 1439 1892 quando
1467 1846 1567 1891 aliqui
1599 1846 1721 1889 seipsos
1742 1845 1773 1878 in

1016 1900 1100 1933 Urbe
1131 1901 1292 1934 efficacius
1323 1901 1466 1944 obligare
1490 1900 1663 1941 voluerint,
1687 1906 1722 1933 ut
1741 1899 1773 1932 in

1016 1954 1239 1988 exactionibus
1270 1955 1486 1988 laborandum
1517 1966 1581 1988 non
1614 1954 1665 1994 sit,
1695 1964 1774 1997 quas

1016 2018 1075 2052 pro
1108 2009 1321 2042 commodiori
1364 2009 1534 2042 hominum
1578 2007 1773 2041 commercio

1017 2062 1124 2096 faciles
1144 2073 1211 2096 esse
1241 2063 1378 2107 expedit,
1413 2063 1532 2107 poterit
1563 2062 1659 2095 iudex
1690 2061 1774 2105 parti

1016 2118 1176 2160 praesenti
1190 2123 1262 2150 etse
1283 2117 1439 2160 obliganti
1461 2116 1649 2160 praecipere
1671 2122 1705 2148 ut
1723 2115 1774 2148 die

1016 2177 1104 2204 certa
1116 2177 1191 2204 tunc
1206 2171 1375 2204 statuenda
1395 2171 1511 2211 solvat,
1528 2180 1663 2203 monens
1677 2170 1774 2213 quod,

1016 2225 1041 2258 si
1063 2236 1100 2258 ea
1121 2225 1173 2258 die
1193 2231 1307 2269 sponte
1320 2235 1385 2258 non
1399 2224 1540 2265 solverit,
1557 2225 1646 2257 nulla
1660 2223 1774 2257 exinde

1016 2279 1098 2312 facta
1119 2279 1280 2323 personali
1302 2278 1465 2319 citatione,
1488 2278 1544 2311 sed
1564 2277 1693 2321 praevia
1706 2283 1775 2311 tan-

1018 2338 1085 2366 tum
1106 2333 1202 2366 unica
1222 2333 1388 2373 dilatione,
1411 2343 1493 2375 quae
1514 2342 1572 2376 per
1591 2331 1773 2365 affixionem

1016 2386 1096 2419 locis
1116 2387 1278 2420 consuetis
1298 2386 1511 2427 intimabitur,
1538 2385 1577 2418 ad
1610 2385 1773 2419 executio-

1017 2452 1092 2474 nem
1113 2446 1225 2475 contra
1246 2441 1352 2485 ipsum
1373 2439 1536 2484 procedet,
1557 2445 1588 2473 et
1608 2439 1640 2471 in
1672 2438 1775 2472 subsi-

1018 2494 1119 2536 dium,
1140 2495 1195 2528 ubi
1216 2494 1362 2529 executio
1383 2493 1478 2527 realis
1498 2493 1714 2537 personalisve
1728 2493 1774 2526 fa-

1017 2544 1078 2578 cile
1098 2545 1168 2578 fieri
1189 2555 1255 2578 non
1276 2544 1414 2588 poterit,
1437 2543 1469 2576 in
1486 2543 1591 2587 ipsum
1607 2548 1772 2586 tamquam

1017 2600 1244 2628 contumacem
1265 2599 1589 2638 contemptoremque
1609 2593 1658 2625 sui
1679 2603 1772 2637 prae-

1018 2645 1113 2689 cepti,
1127 2644 1497 2680 excommunicationem
1510 2644 1673 2678 decernet.
1689 2643 1772 2677 Haec

1017 2699 1126 2728 tamen
1147 2694 1253 2739 quoad
1276 2693 1644 2728 exeomnumicationem
1671 2692 1773 2725 moni-

1817 707 1964 728 Procuratoris

1784 740 1909 759 constitutio
1932 740 1968 758 aut

1783 776 1921 791 censurarum
1936 776 1967 789 sur

1784 805 1866 828 sceptu>
1892 803 1910 821 tn
1928 801 1966 821 ub-

1785 834 1886 858 tigattoue
1925 838 1966 852 nou

1784 867 1909 892 apponatur,

1812 1379 1856 1400 Nist
1867 1379 1892 1400 de
1909 1379 1972 1400 rebus

1786 1411 1885 1433 Gamerae
1922 1417 1972 1436 agn-

1833 1857 1906 1878 Forma
1922 1857 1973 1878 sirt-

1789 1891 1862 1910 citeris
1892 1889 1973 1915 obligu-

1790 1921 1853 1941 tionis
1869 1920 1903 1941 hie
1928 1923 1973 1940 tra-

1789 1953 1851 1973 ditur.
