2237 3100
219 217 272 253 Aa.
289 218 318 246 c.
335 217 403 247 ¹570

462 208 527 243 8⁶20

417 271 572 308 habeam
593 271 653 304 nisi
674 272 748 304 item
773 270 828 314 qui
848 270 886 303 ab
911 269 1062 313 episcopo
1089 280 1165 314 pro-

416 324 526 368 priove
556 325 696 368 parocho
726 325 910 357 lacultatem
938 322 1058 366 scripto
1087 333 1165 356 con-

417 388 538 411 cessam
574 378 777 411 exhibuerint
802 377 864 410 alio
889 376 960 409 loco
983 376 1164 409 communi-

416 431 522 471 candi;
550 437 617 464 tum
646 436 822 474 praeterea,
840 430 902 463 nisi
922 430 1084 474 peregrini
1104 430 1166 463 sint

415 489 446 518 et
464 484 604 517 advenae
630 485 795 524 homines,
831 483 928 527 idque
953 484 985 516 in
1012 484 1165 527 parochia

414 538 521 582 aliqua
541 537 709 577 dioecesis,
727 537 814 581 quod
834 537 859 569 si
875 537 908 569 in
929 537 1026 578 Urbe,
1039 542 1164 571 tantum

413 592 446 624 in
471 592 646 624 cathedrali
678 591 813 624 ecelesia
845 596 1083 624 sacramentum
1103 592 1165 625 Eu-

413 644 581 678 charistiae
598 644 619 677 ii
635 645 828 689 percipient,
840 655 939 688 quare
957 644 1165 688 singulisdie—

412 698 483 738 bus,
498 709 572 731 011111
587 698 618 730 111
635 699 756 731 Pascha
768 698 1024 732 Resurrectionis
1037 699 1164 732 Domini

410 752 511 784 nostri
530 752 601 784 Iesu
617 751 733 785 Christi
753 758 991 786 sacramentum
1011 753 1165 786 Euchari-

410 805 488 838 stiae
507 805 790 846 administrabunt,
806 811 978 850 antequam
998 806 1077 839 illud
1098 806 1164 840 cui-

409 869 472 902 que
492 859 679 902 praebeant,
698 860 738 893 ad
758 861 917 904 populum
935 861 1091 901 conversi,
1113 861 1165 894 de-

409 911 559 945 nuntient
584 918 618 946 ut
639 913 664 946 si
684 914 756 956 quis
785 924 916 954 eorum,
945 913 1002 957 qui
1033 915 1161 956 adsunt,

409 966 583 1009 parochiae
604 977 681 1000 suae
705 967 811 1001 incola
835 978 900 1001 non
927 973 990 1009 051,
1013 968 1052 1001 ad
1073 979 1163 1002 suam

408 1018 545 1063 quisque
561 1021 780 1063 parochialem
800 1020 968 1054 ecclesiam
980 1022 1083 1062 abeat,
1094 1022 1161 1064 ubi,

409 1073 685 1116 quemadmodum
702 1085 864 1108 canonum
882 1075 1103 1109 sanctionibus
1117 1076 1162 1108 vi-

408 1137 480 1160 sum
497 1133 555 1168 est,
571 1139 609 1161 eo
624 1133 769 1173 temporo
789 1140 911 1162 sacram
929 1129 1162 1163 Eucharistiam

408 1186 531 1222 sumat;
559 1182 694 1225 parochi
719 1194 794 1216 vero
824 1183 940 1216 urbani
969 1184 1163 1217 admoneant

407 1239 503 1278 atque
530 1235 700 1269 hortentur
731 1237 845 1270 crebro
873 1248 939 1278 cos,
961 1238 1017 1281 qui
1038 1249 1094 1271 rus
1117 1238 1162 1272 ire

408 1288 537 1332 saepius
556 1290 670 1330 solent,
684 1295 720 1323 ut
740 1290 825 1323 sestis
836 1291 949 1324 diebus
969 1291 1031 1324 illis
1045 1292 1162 1325 solem-

407 1342 514 1383 nibus,
539 1354 656 1387 nempe
685 1344 735 1378 die
763 1345 859 1377 natali
875 1345 1019 1385 Domini,
1039 1345 1071 1378 in
1088 1357 1164 1390 qua—

407 1395 588 1439 dragesima
607 1403 638 1430 et
657 1398 883 1431 liebdomanda
903 1405 1024 1439 sancta,
1040 1399 1164 1442 potissi-

407 1460 497 1482 mum
517 1451 657 1485 Paschae
685 1457 847 1495 tempore,
878 1453 1080 1486 ,lscensionis
1100 1454 1163 1487 Do-

408 1503 488 1536 mini
508 1504 571 1545 die,
596 1504 627 1537 in
648 1505 833 1538 celebritate
861 1506 1013 1549 Corporis
1033 1507 1161 1547 Christi,

408 1557 439 1589 in
456 1557 507 1591 die
518 1558 733 1598 Pentecostes,
755 1559 824 1592 ruri
845 1571 909 1593 11011
930 1560 1084 1601 habitent,
1109 1561 1164 1595 sed

408 1610 440 1643 111
456 1611 575 1644 0011101
591 1617 686 1655 atque
697 1612 728 1645 in
740 1613 1013 1656 sreipioutioribus
1022 1615 1161 1658 oppidis,

408 1663 474 1705 uhi,
499 1675 516 1697 a
536 1666 744 1699 rusticatione
768 1667 889 1705 l'eriati,
912 1668 1010 1701 saeris·
1035 1674 1065 1702 et
1085 1669 1163 1702 divi-

407 1717 457 1752 nis
477 1719 590 1752 officiis
610 1719 767 1760 intersint,
789 1721 827 1753 do
848 1722 944 1755 verbo
963 1723 1018 1755 Dei
1038 1724 1165 1757 concio-

411 1777 467 1800 nes
487 1767 631 1808 audiant,
657 1775 827 1813 ceteraque
850 1771 1042 1804 christianae
1062 1772 1164 1815 pieta-

411 1815 450 1848 tis
467 1827 602 1849 munera
618 1823 792 1860 praestent,
804 1830 898 1861 quae7
913 1820 952 1852 ab
968 1831 1165 1865 unoquoque

412 1864 586 1899 christiano
602 1867 732 1900 homine
748 1868 865 1905 debita,
881 1870 1039 1903 solemnes
1053 1875 1080 1903 et
1095 1872 1165 1904 stati

411 1913 458 1946 illi
478 1915 546 1947 dies
567 1916 704 1949 maxime
723 1917 905 1960 requirunt.
929 1918 1014 1957 Quae
1032 1920 1071 1952 ad
1092 1920 1166 1953 mis-

412 1973 491 2004 sam,
511 1964 616 1997 divina
635 1966 753 2005 01110111,
771 1967 927 2000 ccclesiae
948 1969 1071 2001 cultum
1093 1980 1165 2013 spc-

413 2017 514 2053 ctant,
538 2013 682 2055 diaconi,
705 2015 893 2048 subdiaconi
916 2022 945 2049 et
965 2017 1081 2061 reliqui
1106 2020 1167 2053 cle-

412 2061 472 2094 rici
509 2062 670 2096 inferioris
709 2063 831 2097 ordinis
869 2065 1103 2099 consessionem
1137 2074 1167 2101 et

413 2111 678 2145 communionem
704 2113 923 2156 frequentent,
946 2121 982 2147 ut
1002 2116 1168 2159 superiore

415 2160 536 2201 synodo
562 2161 752 2204 provinciali
780 2163 1014 2206 praescriptum
1038 2165 1082 2197 eis
1107 2170 1165 2205 est,

416 2208 632 2242 confiteantur
656 2217 763 2243 autem
785 2212 822 2244 iis
844 2217 966 2245 tantum
992 2214 1167 2247 sacerdoti-

415 2256 485 2298 bus,
502 2269 583 2301 quos
603 2260 640 2292 ad
661 2260 837 2293 audiendas
858 2272 971 2294 corum
993 2263 1167 2296 consessio-

416 2316 472 2339 nes
492 2306 625 2341 idoneos
646 2309 818 2352 episeopus
838 2315 867 2342 ct
888 2309 921 2342 in
935 2310 1014 2343 urbe
1034 2316 1065 2343 et
1083 2311 1169 2345 dioe-

418 2355 481 2387 cesi
497 2367 565 2388 com
572 2358 730 2400 probal)it;
745 2369 855 2391 sacrae
866 2369 939 2391 vero
950 2359 1168 2393 Eucharistiae

419 2406 681 2439 00111111111110110111
698 2408 731 2440 111
752 2407 883 2452 propria
903 2408 1057 2452 parochia
1072 2410 1120 2442 vel
1136 2409 1169 2442 in

419 2452 480 2485 alia
500 2455 646 2496 ecelesia,
664 2468 760 2499 quam
777 2457 947 2501 episcopus
963 2462 1087 2497 statuet,
1100 2458 1167 2491 dio-

419 2500 573 2536 busfestis
584 2506 774 2549 percipient,
792 2506 889 2550 idque
905 2506 1043 2539 inmissa
1056 2506 1169 2539 solem-

419 2549 462 2591 ni,
494 2551 519 2583 si
551 2553 645 2586 modo
674 2565 711 2587 eo
731 2555 803 2589 loco
827 2566 930 2599 eoque
954 2554 1004 2588 dic
1025 2555 1168 2589 celebra-

459 2623 467 2648 1
487 2622 609 2657 Legimus
623 2627 649 2651 in
668 2628 731 2652 arbe
746 2626 782 2659 (a.
801 2627 848 2660 1,).

1010 216 1189 241 BULLARIUM
1212 215 1364 240 ROMANUM

1206 268 1306 309 bitum
1320 269 1408 302 illius
1422 274 1530 302 autem
1543 269 1591 302 rei
1605 269 1701 302 fidem
1716 268 1812 303 tertio
1826 278 1957 314 quoque

1207 331 1318 355 mense
1335 321 1488 366 episeopo
1503 321 1709 355 exhibebunt.
1723 322 1893 357 Decretum
1904 323 1958 357 de-

1208 374 1341 417 cimum,
1360 376 1398 409 de
1414 375 1452 410 iis
1467 386 1550 419 quae
1569 375 1731 420 pertinent
1745 376 1785 409 ad
1803 376 1958 421 Baptismi

1207 429 1530 463 administrationem.
1543 429 1623 463 Cum
1634 429 1666 462 id
1676 433 1786 463 nostra
1798 431 1958 474 superiori

1208 483 1396 527 provinciali
1420 484 1540 529 synodo
1559 483 1599 516 de
1620 483 1840 527 compatribus
1862 495 1957 528 prae—

1207 538 1363 582 scriptum
1384 538 1424 570 sit
1443 544 1479 571 ut
1498 538 1544 571 illi
1568 539 1648 572 tales
1674 538 1876 582 deligantur,
1903 538 1959 584 qui

1206 592 1348 635 suscepti
1372 592 1517 626 muneris
1536 597 1643 636 partes
1667 593 1796 636 explere
1821 593 1956 637 possint,

1206 645 1239 678 id
1264 651 1372 679 autem
1397 646 1458 690 ipsi
1487 653 1650 690 praestare
1680 657 1746 679 11011
1773 651 1911 690 queant,
1933 646 1959 679 si

1206 709 1272 732 non
1297 699 1481 734 rudimenta
1509 700 1640 745 quidem
1666 700 1741 734 fidei
1759 700 1881 742 norint;
1910 700 1959 734 id-

1206 753 1294 787 circo
1314 764 1352 787 ea
1376 764 1454 787 eura
1473 754 1514 787 sit
1532 753 1694 798 parochis,
1716 760 1752 787 ut
1768 764 1850 799 quos
1870 764 1959 788 com-

1205 810 1312 850 patres
1331 807 1374 841 ita
1403 806 1571 851 imperitos
1601 807 1760 849 noverint,
1782 813 1818 841 ut
1829 807 1959 852 Symbo-

1206 861 1274 893 lum
1293 861 1381 902 fidei,
1399 862 1464 895 sive
1483 873 1521 896 ea
1540 873 1622 905 quae
1642 861 1675 895 in
1692 861 1842 906 Symbolo
1855 861 1960 895 conti-

1205 920 1342 956 nentur,
1369 915 1534 958 ignorent,
1559 915 1632 949 illos
1656 926 1694 949 eo
1721 915 1828 949 officio
1857 915 1960 949 susci-

1206 968 1315 1012 piendi
1347 969 1386 1003 de
1413 969 1577 1013 Baptismo
1605 969 1742 1003 infantes
1774 969 1865 1012 fungi
1894 979 1960 1003 non

1205 1022 1381 1066 patiantur.
1411 1023 1584 1057 Decretum
1612 1023 1754 1067 primum
1786 1022 1826 1056 de
1855 1023 1960 1057 edicto

1205 1077 1380 1119 quotannis
1395 1077 1434 1111 ab
1447 1077 1600 1121 episeopo
1620 1077 1832 1122 proponendo
1848 1082 1962 1111 contra

1204 1129 1396 1164 haereticos.
1425 1131 1622 1176 Episcopus,
1654 1131 1758 1165 edicto
1787 1131 1961 1176 quotannis

1205 1184 1334 1227 publice
1354 1186 1531 1230 proposito,
1549 1196 1660 1219 omnes
1680 1191 1710 1219 et
1729 1185 1874 1229 singulos
1883 1195 1960 1219 suae

1204 1239 1360 1273 dioecesis
1372 1240 1532 1280 homines,
1548 1240 1644 1273 etiam
1665 1239 1776 1284 quavis
1795 1238 1959 1283 dignitate,

1204 1294 1307 1337 gradu
1335 1294 1497 1328 honoreve
1526 1294 1699 1339 praeditos,
1727 1298 1874 1335 moneat,
1896 1293 1961 1327 eis-

1205 1348 1343 1392 demque
1363 1349 1396 1382 in
1415 1349 1533 1382 virtute
1552 1353 1680 1382 sanctae
1699 1347 1912 1390 obedientiae,
1923 1358 1961 1382 ac

1205 1413 1310 1446 poena
1330 1401 1672 1436 excommunicationis
1686 1403 1769 1435 latae
1784 1401 1961 1436 sententiae

1206 1457 1381 1500 proposita,
1394 1457 1423 1489 id
1436 1456 1555 1497 iubeat,
1574 1461 1610 1489 ut
1625 1455 1650 1490 si
1667 1466 1781 1489 eorum
1798 1454 1960 1499 quispiam

1205 1511 1268 1544 iam
1284 1511 1343 1544 scit
1362 1510 1502 1544 cuiusvis
1518 1516 1623 1544 sectae
1648 1509 1828 1544 haereticos
1851 1508 1960 1542 homi-

1205 1576 1274 1606 nes,
1296 1575 1372 1598 eove
1400 1564 1532 1597 nomine
1561 1568 1726 1608 suspectos
1749 1569 1806 1596 aut
1823 1562 1961 1597 infames

1205 1625 1261 1652 aut
1286 1619 1399 1663 quovis
1428 1618 1525 1652 modo
1545 1629 1563 1651 a
1582 1618 1646 1651 fide
1675 1617 1835 1651 catholica
1864 1617 1960 1651 aber-

1205 1679 1325 1714 rantes,
1349 1679 1404 1707 aut
1425 1674 1481 1717 qui
1503 1673 1599 1706 verba
1618 1672 1825 1705 haereticalia
1844 1676 1959 1716 protu-

1206 1727 1314 1768 lerint,
1337 1733 1392 1761 aut
1411 1727 1464 1771 qui
1490 1726 1730 1760 haereticorum
1754 1726 1855 1759 libros
1880 1725 1960 1760 scri-

1207 1787 1310 1826 ptave,
1334 1792 1417 1825 quae
1442 1780 1554 1824 quovis
1574 1780 1670 1813 modo
1694 1779 1885 1813 auctoritate
1905 1779 1962 1814 Se-

1207 1836 1255 1869 dis
1265 1835 1468 1880 Apostolicae
1488 1834 1756 1879 prohibitasunt,
1778 1834 1891 1878 legunt
1913 1834 1964 1868 vel

1208 1890 1294 1934 apud
1313 1900 1346 1923 se
1365 1889 1496 1929 habent,
1519 1889 1632 1922 decem
1652 1889 1693 1921 ad
1713 1899 1878 1922 summum
1898 1887 1964 1922 die-

1208 1944 1268 1977 bus
1288 1949 1359 1987 post
1385 1942 1481 1976 edicti
1507 1942 1820 1986 promulgationem3
1842 1941 1868 1975 si
1887 1952 1962 1976 vero

1209 1997 1422 2042 imposterum
1436 1997 1526 2037 sciat,
1538 1996 1650 2030 decem
1667 1995 1780 2029 diebus
1790 2000 1962 2040 postquam

1210 2051 1241 2083 id
1261 2051 1363 2091 norit,
1386 2050 1459 2084 illos
1483 2060 1595 2084 omnes
1615 2055 1646 2083 et
1665 2050 1809 2093 singulos
1833 2050 1880 2083 vel
1900 2048 1962 2094 ipsi

1209 2104 1361 2147 episcopo
1380 2104 1429 2137 vel
1450 2104 1630 2137 haereticae
1650 2103 1815 2147 pravitatis
1830 2102 1963 2147 inquisi-

1208 2157 1270 2190 tori
1286 2157 1470 2191 denunciet.
1486 2157 1640 2191 Parochis
1655 2163 1763 2191 autem
1774 2157 1842 2196 sujs
1854 2157 1964 2190 iubeat

1209 2216 1245 2244 ut
1265 2211 1406 2244 edictum
1426 2211 1614 2245 huiusmodi
1629 2211 1663 2244 in
1679 2211 1823 2255 singulos
1847 2221 1961 2252 annos,

1209 2265 1308 2298 semel
1335 2266 1601 2309 quadragesimae
1626 2266 1734 2307 initio,
1766 2266 1884 2300 iterum
1912 2267 1963 2300 in-

1210 2323 1305 2352 eunte
1312 2318 1440 2352 Domini
1451 2320 1607 2360 Adventu,
1619 2320 1749 2364 publice
1762 2320 1795 2354 in
1807 2332 1865 2355 sua
1874 2320 1964 2365 quis-

1210 2383 1272 2415 que
1299 2373 1470 2416 parochia,
1495 2384 1570 2406 cum
1590 2373 1623 2406 in
1642 2373 1739 2407 missa
1764 2373 1966 2418 frequentior

1211 2422 1352 2464 populus
1366 2422 1467 2463 adest,
1488 2422 1527 2455 dc
1543 2423 1662 2467 scripto
1678 2423 1739 2466 ipsi
1754 2423 1965 2467 pronuntient

1211 2474 1241 2501 et
1259 2471 1477 2515 promulgent.
1500 2471 1587 2511 Quae
1607 2472 1646 2505 ad
1666 2472 1750 2505 bona
1770 2477 1800 2506 et
1819 2472 1891 2506 iura
1910 2484 1964 2507 ee-

1211 2518 1394 2560 clesiarum,
1415 2520 1555 2554 dioeces.
1573 2521 1636 2554 loc.
1659 2520 1832 2564 pertinent.
1853 2521 1898 2555 Ne
1913 2532 1965 2556 ec-

1211 2567 1465 2602 clesiastieorum
1490 2569 1726 2603 beneficiorum
1749 2569 1834 2603 bona
1853 2575 1964 2614 patro-

1210 2626 1276 2657 nis,
1298 2627 1376 2651 neve
1404 2618 1481 2653 item
1503 2619 1567 2659 eis,
1593 2630 1734 2663 quorum
1762 2619 1907 2655 cessione
1925 2630 1963 2655 ea

1971 215 2022 243 An.
2038 213 2068 245 G.
2085 215 2156 245 ¹⁸⁷⁰
