2237 3100
259 273 308 300 An.
325 274 354 302 C.
375 274 441 303 ¹560

275 1131 405 1153 obedientes
414 1135 434 1151 ei

251 1163 370 1183 residentes
398 1168 436 1189 po-

251 1194 330 1214 tiuntur
349 1194 436 1219 privile-

251 1226 290 1251 ‘iis
325 1225 436 1245 inii-ascri-

250 1255 435 1282 911⁸,utvtdelicei

251 1288 310 1307 rin-ri
326 1293 367 1307 non
385 1293 432 1314 pos-

251 1321 293 1338 unt
313 1319 337 1338 nd
354 1324 435 1345 compu-

250 1349 337 1369 tandum
358 1350 377 1369 in
394 1348 436 1369 no-

249 1386 309 1400 mana
317 1379 385 1405 Curia,
394 1381 434 1401 nisi

250 1412 275 1431 d·
286 1412 434 1432 commissione

248 1441 327 1468 Ρεμο,

297 2325 434 2353 Exemplique

250 2358 292 2378 tint
307 2363 318 2377 a
329 2357 435 2378 solution·

250 2387 384 2410 decimarum.
397 2391 435 2409 ute.

499 267 541 301 56

455 339 492 361 ac
503 328 512 356 ¹
535 329 686 363 severiori
696 341 861 364 sacrorum
874 340 1035 365 canonum
1046 343 1202 365 censurae

455 382 662 424 subnotatur,
693 384 959 427 metropolitanus
985 385 1204 428 suffraganeos

455 435 623 479 episcopos
645 437 808 476 absentes;
830 437 1113 481 metropolitanum
1130 449 1203 471 vero

454 489 617 523 absentem
626 491 848 533 suffraganeus
860 492 1030 534 episcopus
1041 492 1204 535 antiquior

454 542 611 583 residens,
634 544 693 576 sub
719 553 822 587 poena
847 543 1007 576 interdicti
1041 544 1204 587 ingressus

453 596 794 640 ecclesiaoips0i111·02
809 597 1015 632 incurrenda.
1038 597 1120 630 infra
1141 603 1204 631 tres

453 660 590 688 menses,
613 661 670 693 per
691 651 797 682 literas
808 651 855 683 vel
873 650 1040 691 nuncium,
1060 651 1202 685 Romano

453 702 598 735 Pontifici
615 702 812 736 denunciare
827 708 986 743 teneatur;
998 703 1053 746 qui
1070 704 1101 736 in
1119 705 1204 747 ipsos

452 755 616 791 absentes,
640 761 735 799 prout
760 755 918 799 cuiusque
944 756 1047 790 maior
1071 763 1126 790 aut
1142 758 1203 790 mi-

452 818 511 840 nor
544 809 748 842 contumacia
782 810 938 852 exegerit,
976 821 1051 843 suae
1088 822 1202 855 supre-

451 871 519 893 mae
540 861 630 894 Sedis
659 862 848 895 auctoritate
882 864 1146 903 animadvertere,
1174 871 1204 899 et

450 915 593 947 eeclesiis
626 915 702 959 ipsis
735 916 774 949 tle
810 916 991 958 pastoribus
1021 918 1204 951 utilioribus

451 968 617 1012 providere
638 969 765 1012 poterit,
780 970 860 1002 sicut
878 970 908 1002 in
926 970 1063 1003 Domino
1081 971 1203 1004 noverit

450 1021 622 1054 salubriter
641 1023 802 1065 expedire.

494 1075 560 1117 §a
588 1076 723 1109 Eosdem
753 1083 860 1109 autem
892 1078 1110 1120 patriarchas,
1135 1081 1202 1122 pri-

452 1135 565 1165 mates,
586 1129 849 1173 archiepiscopos
869 1137 899 1162 et
919 1131 1088 1175 episcopos
1112 1142 1203 1164 man-

451 1181 532 1215 datis
555 1182 673 1215 nostris
706 1189 873 1226 parentes,
896 1189 927 1216 et
946 1184 1032 1228 apud
1057 1195 1130 1218 suas
1150 1196 1204 1218 ec.-

451 1235 563 1268 clesias
597 1247 653 1269 sen
679 1236 710 1268 in
735 1247 847 1269 earum
873 1237 1076 1271 dioecesibus
1096 1249 1206 1282 perso-

452 1288 566 1321 naliter
587 1289 771 1330 residentes,
788 1290 983 1334 specialibus
999 1292 1160 1324 favoribus
1175 1298 1205 1325 et

450 1337 559 1379 gratiis
593 1339 742 1382 prosequi
774 1340 915 1372 volentes
952 1344 984 1371 nt
1014 1339 1148 1373 liberius
1176 1346 1205 1374 et

450 1387 652 1420 commodius
662 1398 775 1420 eornm
792 1388 897 1421 officio
907 1388 995 1431 fungi
1008 1389 1142 1429 valeant,
1159 1391 1205 1423 eis

450 1442 477 1468 et
504 1446 617 1469 eornm
640 1437 783 1476 cuilibet,
806 1443 838 1470 ut
861 1438 989 1481 quando
1013 1439 1202 1481 resederint,

450 1485 543 1517 etiam
576 1492 739 1529 praetextu
761 1497 1044 1531 quorumcumque
1074 1488 1207 1521 delicto-

448 1544 521 1566 rum
543 1540 571 1567 et
593 1545 782 1567 excessuum
799 1535 1011 1575 atrociorum,
1030 1536 1123 1569 etiam
1140 1537 1204 1570 lne-

448 1582 527 1615 resis
553 1588 579 1615 et
606 1583 710 1616 laesae
741 1583 915 1617 maiestatis
937 1584 1124 1626 criminum,
1148 1597 1205 1629 per

449 1642 503 1664 eos
523 1632 764 1674 quomodolibet
784 1633 1045 1673 commissorum,
1064 1634 1102 1666 ad
1115 1644 1205 1667 com-

451 1681 627 1724 parendum
654 1682 866 1724 personaliter
891 1683 920 1714 in
948 1682 1090 1716 Romana
1110 1683 1205 1717 Curia

449 1740 508 1774 per
540 1740 764 1773 quoscumque
800 1730 922 1764 iudices
956 1731 1137 1765 ordinarios
1157 1733 1205 1766 vel

449 1780 622 1821 delegatos,
646 1780 741 1812 etiam
764 1785 891 1813 sanctae
912 1780 1075 1814 Romanae
1092 1781 1203 1815 Eccle-

452 1827 516 1860 siae
537 1828 728 1868 cardinales,
747 1829 805 1861 nisi
823 1829 929 1872 vigore
951 1830 1099 1873 specialis
1119 1842 1205 1863 com-

453 1876 733 1917 missionis,ma1n1
754 1883 863 1910 nostra
883 1878 929 1911 vel
946 1878 1080 1912 Romani
1101 1879 1205 1912 Ponti-

451 1925 521 1959 ficis
540 1937 599 1970 pro
618 1932 763 1970 tempore
780 1927 940 1960 existentis
956 1927 1109 1970 signatae,
1123 1929 1205 1961 trahi

450 1980 502 2007 aut
525 1975 616 2008 citari
637 1986 699 2007 non
722 1975 842 2019 possint
864 1987 922 2009 nec
944 1976 1092 2017 debeant,
1110 1982 1205 2020 atque

450 2023 545 2056 aliter
565 2024 663 2057 factas
688 2024 855 2057 citationes
880 2030 907 2057 et
934 2035 1088 2058 censuras
1108 2025 1139 2058 in
1161 2027 1206 2060 eis

450 2073 613 2116 appositas
643 2084 678 2105 ac
714 2073 786 2106 inde
820 2080 929 2107 secuta
957 2085 1203 2118 quaecumque,

449 2121 540 2154 nulla
560 2127 591 2154 et
612 2121 698 2154 irrita
724 2133 759 2154 ac
786 2123 908 2156 nullius
939 2123 1064 2157 roboris
1089 2129 1117 2156 et
1140 2135 1206 2157 mo-

451 2170 549 2202 menti
584 2171 667 2207 fore,
692 2181 727 2204 ac
748 2182 803 2204 eos
824 2172 956 2205 minime
991 2172 1117 2205 afficere
1151 2179 1204 2206 ant

450 2224 574 2252 arctare
595 2219 765 2253 statuimus
786 2226 814 2253 et
836 2220 1037 2254 ordinamus.

495 2268 560 2311 §4-
590 2268 721 2301 Necnon
751 2279 805 2302 eos
830 2275 859 2302 et
889 2280 1002 2302 eorum
1029 2270 1207 2313 quemlibet

450 2316 489 2348 ab
510 2318 662 2350 omnibus
682 2324 712 2351 et
732 2319 868 2362 singulis
888 2319 1033 2359 decimis,
1057 2319 1206 2353 subsidiis
1234 2344 1240 2349 1

452 2371 479 2398 et
502 2366 571 2400 aliis
591 2366 756 2407 oneribus,
781 2368 952 2401 ordinariis
977 2374 1005 2401 et
1032 2369 1207 2401 extraordi-

454 2415 563 2456 nariis,
577 2416 821 2459 quomodolibet
837 2418 1048 2461 nuncupatis,
1071 2429 1129 2462 per
1148 2428 1207 2451 nos

451 2470 480 2496 et
502 2475 704 2498 successores
718 2470 845 2499 nostros
860 2467 1021 2500 Romanos
1036 2466 1207 2500 Pontifices

452 2524 511 2557 pro
531 2519 677 2557 tempore
698 2514 867 2548 existentes
887 2526 924 2548 ac
944 2515 1058 2549 Sedem
1074 2516 1207 2559 Aposto-

453 2562 568 2603 licam,
591 2562 687 2595 etiam
721 2568 811 2596 motu
841 2564 974 2607 proprio
1008 2569 1036 2597 et
1062 2574 1099 2597 ex
1120 2571 1206 2597 certa

488 2625 500 2650 ¹
525 2624 559 2650 Ut
577 2626 706 2650 aeveriori
721 2624 750 2657 (1.
772 2634 795 2650 s.
816 2624 853 2658 c.)
873 2625 910 2659 (ιι,
932 2624 984 2658 τ.).
1023 2624 1063 2660 (2)
1089 2625 1124 2651 Εο
1151 2627 1206 2658 ipso

451 2664 481 2702 (t.
497 2673 519 2690 s.
536 2663 574 2698 c.)
592 2662 630 2696 (u.
651 2663 701 2698 τ.).

1053 280 1231 304 amianton
1256 280 1406 305 ROMANUM

1246 332 1396 371 scientia,
1419 342 1456 365 ac
1480 333 1575 365 etiam
1600 332 1879 371 consistorialiter,
1904 331 1998 364 etiam

1246 386 1283 418 ad
1305 385 1487 418 instantiam
1508 396 1620 428 regum
1642 390 1673 418 et
1692 384 1877 429 principum
1891 411 1898 425 ,
1921 395 2001 428 quo-

1247 439 1422 472 modolibet
1446 444 1476 472 et
1496 450 1531 472 ex
1553 439 1681 482 quavis,
1704 439 1798 472 etiam
1825 443 2000 481 quantum-

1245 491 1290 524 vis
1310 491 1548 534 urgentissima,
1572 491 1744 524 iustissima
1767 502 1803 524 ac
1823 491 1876 534 pia
1896 496 1926 524 et
1946 501 2002 524 ne-

1246 544 1395 584 cessaria,
1415 555 1527 584 causa,
1546 545 1641 577 etiam
1654 544 1910 588 prodefensione
1926 543 2001 577 fidei

1247 598 1435 636 catholicae,
1460 596 1583 630 ratione
1608 597 1767 630 dictarum
1788 596 2000 630 ecclesiarum

1246 661 1332 683 nunc
1358 657 1384 683 et
1412 660 1470 693 pro
1491 655 1636 693 tempore
1656 649 1831 694 impositis,
1855 650 2002 682 illorum-

1240 708 1308 747 'que
1329 703 1501 742 solutione,
1524 703 1713 736 auctoritate
1737 702 1934 747 apostolica,
1957 707 2001 736 te-

1246 767 1324 790 nore
1350 757 1581 800 praesentium,
1604 767 1641 789 ex
1665 756 1760 789 simili
1785 756 1928 797 scientia,
1944 767 2000 800 pe—

1246 811 1332 843 nitus
1353 817 1382 843 et
1403 810 1535 843 omnino
1557 810 1727 844 eximimus
1747 816 1777 843 et.
1802 810 1998 849 liberamus;

1246 874 1304 896 nec
1326 864 1365 896 ad
1386 864 1415 896 id
1437 874 1453 896 a
1473 863 1598 896 dilectis
1619 862 1692 896 tiliis
1712 863 1875 896 modernis
1895 868 1923 896 et
1941 873 2000 906 pro

1246 923 1390 961 tempore
1411 917 1620 950 existentibus
1631 922 1758 950 sanctae
1769 917 1932 950 Romanae
1943 917 2001 950 Ec-

1247 971 1362 1003 clesiae
1384 971 1574 1011 camerario,
1598 982 1723 1004 necnon
1744 971 1897 1004 Gamerae
1918 971 2002 1014 Apo-

1246 1024 1376 1057 stolicae
1415 1024 1616 1057 thesaurario
1635 1051 1641 1064 ‚
1676 1024 1933 1068 praesidentibus
1971 1030 2001 1057 et

1247 1078 1392 1116 clericis,
1437 1089 1472 1111 ac
1516 1078 1716 1111 decimarum
1730 1104 1737 1117 ,
1781 1077 2000 1111 subsidiorum

1247 1137 1277 1163 et
1319 1131 1456 1164 aliorum
1501 1142 1638 1164 onerum
1681 1130 1867 1163 huiusmodi
1905 1131 2002 1164 colle-

1248 1184 1389 1217 ctoribus
1415 1190 1446 1217 et
1470 1184 1760 1217 subcollectorihns
1786 1195 1842 1217 seu
1877 1189 2003 1217 exacto-

1247 1236 1336 1270 ribus
1361 1243 1392 1271 et
1415 1238 1644 1271 commissariis
1665 1238 1702 1270 ad
1724 1238 1755 1271 id
1775 1248 1834 1282 pro
1855 1243 2002 1282 tempore

1247 1290 1426 1334 deputatis,
1457 1291 1552 1324 etiam
1580 1291 1686 1334 vigore
1717 1301 2001 1335 quorumcumque

1248 1343 1505 1387 privilegiorum,
1532 1345 1732 1378 indultorum
1759 1350 1786 1378 et
1812 1344 1999 1386 literarum,

1248 1397 1344 1430 etiam
1366 1398 1590 1441 praesentibus
1610 1398 1849 1441 derogantium,
1872 1409 1909 1431 ac
1929 1399 2001 1431 illa-

1248 1461 1319 1483 rum
1342 1456 1444 1484 totuin
1466 1457 1610 1484 tenorem
1631 1451 1669 1484 de
1688 1451 1785 1485 verbo
1809 1451 1847 1484 ad
1868 1452 2001 1484 verbum

1248 1504 1508 1547 exprimentium,
1531 1504 1576 1537 cis
1600 1504 1844 1548 quomodolibet
1868 1514 2001 1538 conces-

1248 1567 1357 1590 sorum
1379 1563 1409 1590 et
1430 1558 1728 1599 concedendorum,
1751 1558 1822 1601 cogi
1838 1568 1894 1591 seu
1911 1568 2001 1591 com-

1247 1610 1342 1654 pelli,
1365 1616 1412 1651 et,
1436 1611 1476 1643 ob
1497 1622 1561 1644 non
1583 1612 1776 1644 solutionem
1797 1611 2000 1652 huiusmodi,

1247 1663 1371 1706 aliquas
1392 1665 1576 1704 sententias,
1599 1675 1752 1697 censuras
1772 1670 1802 1697 et
1819 1675 1940 1709 poenas
1955 1664 2002 1697 in-

1248 1727 1378 1750 currere
1394 1727 1487 1761 posse
1503 1717 1720 1750 decernimus.
1744 1717 1872 1761 Illisquc
1888 1723 1918 1751 et
1932 1717 2003 1761 qui-

1248 1769 1354 1802 busvis
1374 1770 1455 1811 aliis,
1475 1770 1506 1802 in
1527 1771 1642 1804 virtute
1664 1776 1791 1804 sanctae
1811 1770 2002 1805 obedientiae

1248 1828 1276 1856 et
1298 1823 1357 1856 sub
1377 1829 1504 1857 nostrae
1531 1824 1775 1867 indignationis,
1800 1835 1927 1858 necnon
1947 1835 2001 1858 ex-

1248 1877 1552 1910 communicationis
1571 1883 1623 1910 aut
1645 1878 1865 1921 suspensionis
1880 1889 1917 1911 ac
1938 1878 2002 1922 pri·

1248 1931 1382 1963 rationis
1407 1942 1542 1964 suorum
1568 1932 1749 1964 officiorum
1776 1937 1803 1964 et
1829 1932 2003 1965 beneficio-

1248 1995 1335 2023 rum,
1356 1995 1438 2028 quae
1460 1985 1603 2018 obtinent
1624 1990 1653 2018 ct
1672 1996 1731 2028 pro
1753 1991 1898 2029 tempore
1919 1985 2002 2018 obti-

1248 2038 1386 2078 nebunt,
1414 2050 1451 2071 eo
1486 2039 1553 2082 ipso
1580 2038 1782 2071 incurrendis
1806 2038 1939 2083 poenis,
1962 2050 2001 2073 ne

1249 2092 1377 2125 eosdem
1413 2092 1596 2136 episcopos„
1634 2092 1908 2136 archiepiscopos,
1940 2093 2003 2136 pri-

1248 2150 1349 2178 mates
1369 2152 1396 2178 et
1420 2145 1618 2188 patriarchas
1643 2145 1685 2177 sic
1721 2145 1751 2178 in
1781 2145 1873 2187 dictis
1897 2147 2000 2179 eccle-

1249 2198 1302 2231 siis
1337 2199 1385 2232 vel
1420 2209 1531 2232 earum
1566 2199 1768 2232 dioecesibus
1803 2199 1998 2239 residentes,

1248 2253 1403 2295 quamdin
1425 2253 1456 2285 in
1472 2252 1535 2285 illis
1551 2252 1740 2292 resederint,
1754 2258 1786 2285 ut
1806 2253 1998 2296 praefertur,

1249 2311 1285 2342 ad
1321 2311 1513 2344 solutionem
1540 2311 1758 2351 dec-imarum,
1781 2310 1999 2344 subsidiorum

1249 2373 1276 2400 et
1304 2379 1440 2401 onerum
1468 2370 1686 2413 praefatorum
1712 2375 1845 2412 cogere,
1867 2379 1904 2402 ac
1923 2379 2000 2413 pro-

1249 2431 1320 2469 pter
1340 2425 1471 2459 illorum
1505 2436 1570 2458 non
1599 2425 1792 2459 solutionem
1813 2435 2000 2459 excommu-

1248 2481 1418 2516 nicationis
1452 2488 1504 2516 aut
1539 2483 1617 2516 alias
1637 2482 1825 2522 sententias,
1848 2492 2001 2515 censuras

1249 2546 1277 2573 et
1298 2551 1418 2584 poenas
1438 2541 1644 2585 promulgare
1668 2551 1800 2584 quoquo
1825 2540 1921 2573 modo
1946 2551 2001 2574 au·

1249 2597 1410 2631 deantseu
1428 2604 1654 2643 praesumant.
1677 2597 1851 2633 districtius
1874 2598 1999 2633 inhibe-

1248 2665 1331 2689 mus,

2013 277 2064 305 An.
2080 277 2111 305 C.
2130 279 2197 307 ¹⁸6⁰
