<?xml version="1.0" encoding="UTF-8"?>
<!DOCTYPE html PUBLIC "-//W3C//DTD XHTML 1.0 Transitional//EN"
    "http://www.w3.org/TR/xhtml1/DTD/xhtml1-transitional.dtd">
<html xmlns="http://www.w3.org/1999/xhtml" xml:lang="en" lang="en">
 <head>
  <title>
</title>
<meta http-equiv="Content-Type" content="text/html;charset=utf-8" />
  <meta name='ocr-system' content='tesseract 3.04.00' />
  <meta name='ocr-capabilities' content='ocr_page ocr_carea ocr_par ocr_line ocrx_word'/>
</head>
<body>
  <div class='ocr_page' id='page_1' title='image "./bullarumdiplomat07cath_0259.png"; bbox 0 0 2237 3100; ppageno 0'>
   <div class='ocr_carea' id='block_1_1' title="bbox 43 231 225 260">
    <p class='ocr_par' dir='ltr' id='par_1_1' title="bbox 43 231 225 260">
     <span class='ocr_line' id='line_1_1' title="bbox 43 231 225 260; baseline -0.016 0"><span class='ocrx_word' id='word_1_1' title='bbox 43 233 91 260; x_wconf 81' lang='lat' dir='ltr'>An.</span> <span class='ocrx_word' id='word_1_2' title='bbox 109 231 138 258; x_wconf 79' lang='lat' dir='ltr'>C.</span> <span class='ocrx_word' id='word_1_3' title='bbox 159 231 225 258; x_wconf 68' lang='lat'>¹562</span> 
     </span>
    </p>
   </div>
   <div class='ocr_carea' id='block_1_2' title="bbox 25 284 993 2362">
    <p class='ocr_par' dir='ltr' id='par_1_2' title="bbox 25 284 993 2362">
     <span class='ocr_line' id='line_1_2' title="bbox 240 284 992 330; baseline 0.003 -13"><span class='ocrx_word' id='word_1_4' title='bbox 240 285 278 317; x_wconf 89' lang='lat' dir='ltr'>de</span> <span class='ocrx_word' id='word_1_5' title='bbox 294 284 470 318; x_wconf 86' lang='lat' dir='ltr'>reficiendo</span> <span class='ocrx_word' id='word_1_6' title='bbox 486 295 650 329; x_wconf 80' lang='lat' dir='ltr'>expensas,</span> <span class='ocrx_word' id='word_1_7' title='bbox 667 291 730 319; x_wconf 87' lang='lat' dir='ltr'>tam</span> <span class='ocrx_word' id='word_1_8' title='bbox 753 285 870 330; x_wconf 89' lang='lat' dir='ltr'>prioris</span> <span class='ocrx_word' id='word_1_9' title='bbox 895 297 992 329; x_wconf 87' lang='lat' dir='ltr'>quam</span> 
     </span>
     <span class='ocr_line' id='line_1_3' title="bbox 240 338 993 381; baseline 0.001 -10"><span class='ocrx_word' id='word_1_10' title='bbox 240 338 401 371; x_wconf 74' lang='lat' dir='ltr'>ulterioris</span> <span class='ocrx_word' id='word_1_11' title='bbox 421 338 603 381; x_wconf 76' lang='lat' dir='ltr'>instantiae,</span> <span class='ocrx_word' id='word_1_12' title='bbox 622 339 654 373; x_wconf 90' lang='lat' dir='ltr'>in</span> <span class='ocrx_word' id='word_1_13' title='bbox 675 345 823 373; x_wconf 83' lang='lat' dir='ltr'>eventum</span> <span class='ocrx_word' id='word_1_14' title='bbox 841 351 993 374; x_wconf 88' lang='lat' dir='ltr'>succum-</span> 
     </span>
     <span class='ocr_line' id='line_1_4' title="bbox 237 392 379 426; baseline 0.014 -2"><span class='ocrx_word' id='word_1_15' title='bbox 237 392 379 426; x_wconf 88' lang='lat' dir='ltr'>bentiae.</span> 
     </span>
     <span class='ocr_line' id='line_1_5' title="bbox 282 445 992 491; baseline 0 -12"><span class='ocrx_word' id='word_1_16' title='bbox 282 446 296 488; x_wconf 64' lang='grc' dir='ltr'><strong>ἓ</strong></span> <span class='ocrx_word' id='word_1_17' title='bbox 317 445 370 479; x_wconf 67' lang='lat'>52.</span> <span class='ocrx_word' id='word_1_18' title='bbox 401 446 471 480; x_wconf 89' lang='lat' dir='ltr'>Non</span> <span class='ocrx_word' id='word_1_19' title='bbox 496 446 647 479; x_wconf 82' lang='lat' dir='ltr'>audiatur</span> <span class='ocrx_word' id='word_1_20' title='bbox 667 447 764 480; x_wconf 85' lang='lat' dir='ltr'>fiscus</span> <span class='ocrx_word' id='word_1_21' title='bbox 784 447 992 491; x_wconf 84' lang='lat' dir='ltr'>protestando</span> 
     </span>
     <span class='ocr_line' id='line_1_6' title="bbox 65 500 991 544; baseline 0.002 -14"><span class='ocrx_word' id='word_1_22' title='bbox 65 503 136 525; x_wconf 74' lang='lat' dir='ltr'>riscus</span> <span class='ocrx_word' id='word_1_23' title='bbox 160 505 222 540; x_wconf 37' lang='lat' dir='ltr'>,inte-</span> <span class='ocrx_word' id='word_1_24' title='bbox 237 509 385 539; x_wconf 84' lang='lat' dir='ltr'>causam,</span> <span class='ocrx_word' id='word_1_25' title='bbox 408 511 490 543; x_wconf 89' lang='lat' dir='ltr'>quae</span> <span class='ocrx_word' id='word_1_26' title='bbox 511 500 617 543; x_wconf 79' lang='lat' dir='ltr'>agitur</span> <span class='ocrx_word' id='word_1_27' title='bbox 638 501 722 533; x_wconf 85' lang='lat' dir='ltr'>inter</span> <span class='ocrx_word' id='word_1_28' title='bbox 743 500 898 544; x_wconf 82' lang='lat' dir='ltr'>privatos,</span> <span class='ocrx_word' id='word_1_29' title='bbox 927 511 991 533; x_wconf 88' lang='lat' dir='ltr'>non</span> 
     </span>
     <span class='ocr_line' id='line_1_7' title="bbox 39 537 992 597; baseline -0.002 -10"><span class='ocrx_word' id='word_1_30' title='bbox 39 537 184 587; x_wconf 39' lang='lat' dir='ltr'>:leoffius-ianm</span> <span class='ocrx_word' id='word_1_31' title='bbox 201 541 222 556; x_wconf 50' lang='lat'>⁰*</span> <span class='ocrx_word' id='word_1_32' title='bbox 236 552 379 596; x_wconf 82' lang='lat' dir='ltr'>expediri</span> <span class='ocrx_word' id='word_1_33' title='bbox 394 552 455 586; x_wconf 91' lang='lat' dir='ltr'>nisi</span> <span class='ocrx_word' id='word_1_34' title='bbox 473 553 542 596; x_wconf 90' lang='lat' dir='ltr'>ipso</span> <span class='ocrx_word' id='word_1_35' title='bbox 563 553 671 593; x_wconf 88' lang='lat' dir='ltr'>citato,</span> <span class='ocrx_word' id='word_1_36' title='bbox 690 554 748 586; x_wconf 90' lang='lat' dir='ltr'>sub</span> <span class='ocrx_word' id='word_1_37' title='bbox 765 558 930 597; x_wconf 82' lang='lat' dir='ltr'>praetextu</span> <span class='ocrx_word' id='word_1_38' title='bbox 947 553 992 585; x_wconf 88' lang='lat' dir='ltr'>in-</span> 
     </span>
     <span class='ocr_line' id='line_1_8' title="bbox 234 605 988 650; baseline 0.001 -12"><span class='ocrx_word' id='word_1_39' title='bbox 234 610 354 639; x_wconf 84' lang='lat' dir='ltr'>teresse</span> <span class='ocrx_word' id='word_1_40' title='bbox 374 605 494 650; x_wconf 92' lang='lat' dir='ltr'>ipsius,</span> <span class='ocrx_word' id='word_1_41' title='bbox 517 607 577 640; x_wconf 88' lang='lat' dir='ltr'>nisi</span> <span class='ocrx_word' id='word_1_42' title='bbox 611 607 648 639; x_wconf 91' lang='lat' dir='ltr'>de</span> <span class='ocrx_word' id='word_1_43' title='bbox 670 608 724 640; x_wconf 93' lang='lat' dir='ltr'>illo</span> <span class='ocrx_word' id='word_1_44' title='bbox 754 606 988 647; x_wconf 68' lang='lat' dir='ltr'>incontinenti,</span> 
     </span>
     <span class='ocr_line' id='line_1_9' title="bbox 234 660 989 704; baseline 0.001 -12"><span class='ocrx_word' id='word_1_45' title='bbox 234 665 392 704; x_wconf 85' lang='lat' dir='ltr'>quantum</span> <span class='ocrx_word' id='word_1_46' title='bbox 423 660 521 694; x_wconf 91' lang='lat' dir='ltr'>iudici</span> <span class='ocrx_word' id='word_1_47' title='bbox 556 662 705 695; x_wconf 85' lang='lat' dir='ltr'>sufficere</span> <span class='ocrx_word' id='word_1_48' title='bbox 730 661 908 701; x_wconf 85' lang='lat' dir='ltr'>videbitur,</span> <span class='ocrx_word' id='word_1_49' title='bbox 932 661 989 693; x_wconf 89' lang='lat' dir='ltr'>do-</span> 
     </span>
     <span class='ocr_line' id='line_1_10' title="bbox 234 714 350 747; baseline 0.009 -1"><span class='ocrx_word' id='word_1_50' title='bbox 234 714 350 747; x_wconf 90' lang='lat' dir='ltr'>cuerit.</span> 
     </span>
     <span class='ocr_line' id='line_1_11' title="bbox 277 767 988 812; baseline -0.001 -10"><span class='ocrx_word' id='word_1_51' title='bbox 277 767 366 810; x_wconf 67' lang='lat'>553.</span> <span class='ocrx_word' id='word_1_52' title='bbox 389 768 426 801; x_wconf 90' lang='lat' dir='ltr'>Et</span> <span class='ocrx_word' id='word_1_53' title='bbox 451 773 486 801; x_wconf 88' lang='lat' dir='ltr'>ut</span> <span class='ocrx_word' id='word_1_54' title='bbox 513 768 629 802; x_wconf 88' lang='lat' dir='ltr'>delicta</span> <span class='ocrx_word' id='word_1_55' title='bbox 658 769 817 812; x_wconf 87' lang='lat' dir='ltr'>impunita</span> <span class='ocrx_word' id='word_1_56' title='bbox 847 779 910 801; x_wconf 89' lang='lat' dir='ltr'>non</span> <span class='ocrx_word' id='word_1_57' title='bbox 937 780 988 802; x_wconf 89' lang='lat' dir='ltr'>re-</span> 
     </span>
     <span class='ocr_line' id='line_1_12' title="bbox 47 822 987 862; baseline 0.002 -9"><span class='ocrx_word' id='word_1_58' title='bbox 47 826 216 862; x_wconf 36' lang='lat' dir='ltr'>·Fiseusubique</span> <span class='ocrx_word' id='word_1_59' title='bbox 232 826 407 861; x_wconf 85' lang='lat' dir='ltr'>maneant,</span> <span class='ocrx_word' id='word_1_60' title='bbox 430 822 618 855; x_wconf 73' lang='lat' dir='ltr'>interveniat</span> <span class='ocrx_word' id='word_1_61' title='bbox 649 823 745 855; x_wconf 89' lang='lat' dir='ltr'>etiam</span> <span class='ocrx_word' id='word_1_62' title='bbox 776 822 808 854; x_wconf 89' lang='lat' dir='ltr'>in</span> <span class='ocrx_word' id='word_1_63' title='bbox 834 822 923 855; x_wconf 85' lang='lat' dir='ltr'>curia</span> <span class='ocrx_word' id='word_1_64' title='bbox 949 823 987 855; x_wconf 92' lang='lat' dir='ltr'>dc</span> 
     </span>
     <span class='ocr_line' id='line_1_13' title="bbox 34 857 986 919; baseline 0.001 -13"><span class='ocrx_word' id='word_1_65' title='bbox 34 857 135 878; x_wconf 57' lang='lat' dir='ltr'>mmm</span> <span class='ocrx_word' id='word_1_66' title='bbox 230 873 377 916; x_wconf 83' lang='lat' dir='ltr'>Sabellis,</span> <span class='ocrx_word' id='word_1_67' title='bbox 399 875 500 919; x_wconf 86' lang='lat' dir='ltr'>Ripae</span> <span class='ocrx_word' id='word_1_68' title='bbox 525 887 561 908; x_wconf 89' lang='lat' dir='ltr'>ac</span> <span class='ocrx_word' id='word_1_69' title='bbox 582 876 689 919; x_wconf 78' lang='lat' dir='ltr'>Burgi.</span> <span class='ocrx_word' id='word_1_70' title='bbox 710 876 745 908; x_wconf 86' lang='lat' dir='ltr'>Et</span> <span class='ocrx_word' id='word_1_71' title='bbox 767 887 840 909; x_wconf 91' lang='lat' dir='ltr'>cum</span> <span class='ocrx_word' id='word_1_72' title='bbox 864 876 903 909; x_wconf 89' lang='lat' dir='ltr'>sit</span> <span class='ocrx_word' id='word_1_73' title='bbox 918 875 986 908; x_wconf 85' lang='lat' dir='ltr'>fisci</span> 
     </span>
     <span class='ocr_line' id='line_1_14' title="bbox 230 927 986 973; baseline 0.003 -13"><span class='ocrx_word' id='word_1_74' title='bbox 230 932 259 960; x_wconf 89' lang='lat' dir='ltr'>et</span> <span class='ocrx_word' id='word_1_75' title='bbox 280 927 433 962; x_wconf 82' lang='lat' dir='ltr'>Gamerae</span> <span class='ocrx_word' id='word_1_76' title='bbox 454 929 655 973; x_wconf 83' lang='lat' dir='ltr'>Apostolicae</span> <span class='ocrx_word' id='word_1_77' title='bbox 676 935 869 973; x_wconf 86' lang='lat' dir='ltr'>procurator</span> <span class='ocrx_word' id='word_1_78' title='bbox 888 940 986 972; x_wconf 86' lang='lat' dir='ltr'>gene-</span> 
     </span>
     <span class='ocr_line' id='line_1_15' title="bbox 229 980 987 1021; baseline 0.003 -8"><span class='ocrx_word' id='word_1_79' title='bbox 229 980 316 1021; x_wconf 88' lang='lat' dir='ltr'>ralis,</span> <span class='ocrx_word' id='word_1_80' title='bbox 334 982 451 1015; x_wconf 88' lang='lat' dir='ltr'>rationi</span> <span class='ocrx_word' id='word_1_81' title='bbox 475 982 624 1016; x_wconf 77' lang='lat' dir='ltr'>convenit.</span> <span class='ocrx_word' id='word_1_82' title='bbox 639 988 674 1015; x_wconf 89' lang='lat' dir='ltr'>ut</span> <span class='ocrx_word' id='word_1_83' title='bbox 697 983 735 1016; x_wconf 86' lang='lat' dir='ltr'>de</span> <span class='ocrx_word' id='word_1_84' title='bbox 756 982 907 1015; x_wconf 85' lang='lat' dir='ltr'>omnibus</span> <span class='ocrx_word' id='word_1_85' title='bbox 928 983 987 1015; x_wconf 90' lang='lat' dir='ltr'>cri-</span> 
     </span>
     <span class='ocr_line' id='line_1_16' title="bbox 228 1034 985 1080; baseline 0.004 -14"><span class='ocrx_word' id='word_1_86' title='bbox 228 1034 370 1068; x_wconf 86' lang='lat' dir='ltr'>minibus</span> <span class='ocrx_word' id='word_1_87' title='bbox 397 1041 427 1069; x_wconf 88' lang='lat' dir='ltr'>et</span> <span class='ocrx_word' id='word_1_88' title='bbox 456 1037 562 1069; x_wconf 87' lang='lat' dir='ltr'>causis</span> <span class='ocrx_word' id='word_1_89' title='bbox 590 1037 704 1069; x_wconf 93' lang='lat' dir='ltr'>fiscum</span> <span class='ocrx_word' id='word_1_90' title='bbox 726 1037 832 1080; x_wconf 87' lang='lat' dir='ltr'>ipsum</span> <span class='ocrx_word' id='word_1_91' title='bbox 854 1042 985 1079; x_wconf 79' lang='lat' dir='ltr'>tangen-</span> 
     </span>
     <span class='ocr_line' id='line_1_17' title="bbox 229 1087 629 1123; baseline 0.01 -4"><span class='ocrx_word' id='word_1_92' title='bbox 229 1087 313 1121; x_wconf 83' lang='lat' dir='ltr'>tibus</span> <span class='ocrx_word' id='word_1_93' title='bbox 332 1089 480 1122; x_wconf 81' lang='lat' dir='ltr'>notitiam</span> <span class='ocrx_word' id='word_1_94' title='bbox 501 1090 629 1123; x_wconf 87' lang='lat' dir='ltr'>habeat.</span> 
     </span>
     <span class='ocr_line' id='line_1_18' title="bbox 270 1141 984 1188; baseline 0 -14"><span class='ocrx_word' id='word_1_95' title='bbox 270 1142 285 1184; x_wconf 64' lang='grc' dir='ltr'>ξ</span> <span class='ocrx_word' id='word_1_96' title='bbox 305 1141 358 1175; x_wconf 71' lang='grc'>54.</span> <span class='ocrx_word' id='word_1_97' title='bbox 382 1143 556 1186; x_wconf 81' lang='lat' dir='ltr'>Propterea</span> <span class='ocrx_word' id='word_1_98' title='bbox 577 1144 615 1176; x_wconf 87' lang='lat' dir='ltr'>ad</span> <span class='ocrx_word' id='word_1_99' title='bbox 637 1154 712 1176; x_wconf 91' lang='lat' dir='ltr'>eum</span> <span class='ocrx_word' id='word_1_100' title='bbox 729 1149 849 1188; x_wconf 82' lang='lat' dir='ltr'>spectet</span> <span class='ocrx_word' id='word_1_101' title='bbox 868 1154 984 1187; x_wconf 88' lang='lat' dir='ltr'>procu-</span> 
     </span>
     <span class='ocr_line' id='line_1_19' title="bbox 61 1196 982 1240; baseline 0.002 -14"><span class='ocrx_word' id='word_1_102' title='bbox 61 1201 114 1223; x_wconf 75' lang='lat' dir='ltr'>Fisci</span> <span class='ocrx_word' id='word_1_103' title='bbox 144 1201 213 1240; x_wconf 35' lang='lat' dir='ltr'>tacut-</span> <span class='ocrx_word' id='word_1_104' title='bbox 226 1200 347 1228; x_wconf 88' lang='lat' dir='ltr'>ratores</span> <span class='ocrx_word' id='word_1_105' title='bbox 371 1196 517 1236; x_wconf 83' lang='lat' dir='ltr'>fiscales,</span> <span class='ocrx_word' id='word_1_106' title='bbox 540 1197 586 1229; x_wconf 91' lang='lat' dir='ltr'>uti</span> <span class='ocrx_word' id='word_1_107' title='bbox 621 1197 690 1230; x_wconf 88' lang='lat' dir='ltr'>eius</span> <span class='ocrx_word' id='word_1_108' title='bbox 719 1197 920 1238; x_wconf 87' lang='lat' dir='ltr'>substitutos,</span> <span class='ocrx_word' id='word_1_109' title='bbox 952 1196 982 1228; x_wconf 89' lang='lat' dir='ltr'>in</span> 
     </span>
     <span class='ocr_line' id='line_1_20' title="bbox 27 1234 982 1293; baseline 0.003 -14"><span class='ocrx_word' id='word_1_110' title='bbox 27 1234 212 1290; x_wconf 55' lang='lat'>:2{⁵112‘¹„‘³1¹,{}¹¹‚³&#39;¹‘¹¹</span> <span class='ocrx_word' id='word_1_111' title='bbox 225 1248 319 1281; x_wconf 88' lang='lat' dir='ltr'>terris</span> <span class='ocrx_word' id='word_1_112' title='bbox 339 1249 474 1283; x_wconf 77' lang='lat' dir='ltr'>Sanctae</span> <span class='ocrx_word' id='word_1_113' title='bbox 503 1249 667 1283; x_wconf 81' lang='lat' dir='ltr'>Romanae</span> <span class='ocrx_word' id='word_1_114' title='bbox 692 1250 854 1283; x_wconf 76' lang='lat' dir='ltr'>Ecclesiae</span> <span class='ocrx_word' id='word_1_115' title='bbox 881 1250 982 1293; x_wconf 86' lang='lat' dir='ltr'>depu—</span> 
     </span>
     <span class='ocr_line' id='line_1_21' title="bbox 225 1303 982 1346; baseline 0.001 -11"><span class='ocrx_word' id='word_1_116' title='bbox 225 1308 304 1343; x_wconf 87' lang='lat' dir='ltr'>tare,</span> <span class='ocrx_word' id='word_1_117' title='bbox 327 1314 408 1346; x_wconf 83' lang='lat' dir='ltr'>quos</span> <span class='ocrx_word' id='word_1_118' title='bbox 428 1303 524 1346; x_wconf 82' lang='lat' dir='ltr'>legati</span> <span class='ocrx_word' id='word_1_119' title='bbox 545 1303 640 1336; x_wconf 86' lang='lat' dir='ltr'>etiam</span> <span class='ocrx_word' id='word_1_120' title='bbox 667 1304 705 1336; x_wconf 87' lang='lat' dir='ltr'>de</span> <span class='ocrx_word' id='word_1_121' title='bbox 727 1303 826 1336; x_wconf 89' lang='lat' dir='ltr'>latere</span> <span class='ocrx_word' id='word_1_122' title='bbox 848 1314 921 1337; x_wconf 91' lang='lat' dir='ltr'>cum</span> <span class='ocrx_word' id='word_1_123' title='bbox 943 1303 982 1336; x_wconf 90' lang='lat' dir='ltr'>li-</span> 
     </span>
     <span class='ocr_line' id='line_1_22' title="bbox 224 1355 982 1401; baseline 0.001 -13"><span class='ocrx_word' id='word_1_124' title='bbox 224 1355 300 1388; x_wconf 84' lang='lat' dir='ltr'>teris</span> <span class='ocrx_word' id='word_1_125' title='bbox 320 1356 505 1400; x_wconf 82' lang='lat' dir='ltr'>patentibus</span> <span class='ocrx_word' id='word_1_126' title='bbox 524 1356 600 1389; x_wconf 85' lang='lat' dir='ltr'>dicti</span> <span class='ocrx_word' id='word_1_127' title='bbox 621 1357 844 1401; x_wconf 80' lang='lat' dir='ltr'>procuratoris</span> <span class='ocrx_word' id='word_1_128' title='bbox 866 1357 982 1390; x_wconf 83' lang='lat' dir='ltr'>fiscalis</span> 
     </span>
     <span class='ocr_line' id='line_1_23' title="bbox 223 1409 983 1451; baseline 0.001 -9"><span class='ocrx_word' id='word_1_129' title='bbox 223 1409 262 1441; x_wconf 85' lang='lat' dir='ltr'>ad</span> <span class='ocrx_word' id='word_1_130' title='bbox 283 1419 397 1442; x_wconf 88' lang='lat' dir='ltr'>eorum</span> <span class='ocrx_word' id='word_1_131' title='bbox 417 1410 523 1443; x_wconf 81' lang='lat' dir='ltr'>officia</span> <span class='ocrx_word' id='word_1_132' title='bbox 552 1411 721 1443; x_wconf 84' lang='lat' dir='ltr'>admittere</span> <span class='ocrx_word' id='word_1_133' title='bbox 746 1416 928 1451; x_wconf 86' lang='lat' dir='ltr'>teneantur,</span> <span class='ocrx_word' id='word_1_134' title='bbox 952 1416 983 1443; x_wconf 90' lang='lat' dir='ltr'>et</span> 
     </span>
     <span class='ocr_line' id='line_1_24' title="bbox 223 1461 982 1508; baseline 0.003 -14"><span class='ocrx_word' id='word_1_135' title='bbox 223 1461 347 1495; x_wconf 80' lang='lat' dir='ltr'>admitti</span> <span class='ocrx_word' id='word_1_136' title='bbox 366 1461 495 1496; x_wconf 79' lang='lat' dir='ltr'>faciant.</span> <span class='ocrx_word' id='word_1_137' title='bbox 519 1463 579 1502; x_wconf 89' lang='lat' dir='ltr'>Qui</span> <span class='ocrx_word' id='word_1_138' title='bbox 599 1463 774 1504; x_wconf 86' lang='lat' dir='ltr'>substituti,</span> <span class='ocrx_word' id='word_1_139' title='bbox 797 1464 856 1497; x_wconf 89' lang='lat' dir='ltr'>sub</span> <span class='ocrx_word' id='word_1_140' title='bbox 878 1474 982 1508; x_wconf 88' lang='lat' dir='ltr'>poena</span> 
     </span>
     <span class='ocr_line' id='line_1_25' title="bbox 224 1515 981 1560; baseline 0.003 -12"><span class='ocrx_word' id='word_1_141' title='bbox 224 1515 412 1560; x_wconf 80' lang='lat' dir='ltr'>privationis</span> <span class='ocrx_word' id='word_1_142' title='bbox 432 1527 546 1550; x_wconf 89' lang='lat' dir='ltr'>eorum</span> <span class='ocrx_word' id='word_1_143' title='bbox 567 1517 665 1551; x_wconf 85' lang='lat' dir='ltr'>officii</span> <span class='ocrx_word' id='word_1_144' title='bbox 687 1529 723 1551; x_wconf 89' lang='lat' dir='ltr'>ac</span> <span class='ocrx_word' id='word_1_145' title='bbox 751 1517 822 1551; x_wconf 89' lang='lat' dir='ltr'>aliis</span> <span class='ocrx_word' id='word_1_146' title='bbox 848 1518 981 1550; x_wconf 90' lang='lat' dir='ltr'>arbitrio</span> 
     </span>
     <span class='ocr_line' id='line_1_26' title="bbox 223 1570 980 1615; baseline 0.003 -13"><span class='ocrx_word' id='word_1_147' title='bbox 223 1575 333 1602; x_wconf 85' lang='lat' dir='ltr'>nostro</span> <span class='ocrx_word' id='word_1_148' title='bbox 356 1570 580 1613; x_wconf 90' lang='lat' dir='ltr'>imponendis,</span> <span class='ocrx_word' id='word_1_149' title='bbox 604 1571 710 1614; x_wconf 89' lang='lat' dir='ltr'>ipsum</span> <span class='ocrx_word' id='word_1_150' title='bbox 732 1576 980 1615; x_wconf 89' lang='lat' dir='ltr'>procuratorem</span> 
     </span>
     <span class='ocr_line' id='line_1_27' title="bbox 222 1624 981 1669; baseline 0.001 -13"><span class='ocrx_word' id='word_1_151' title='bbox 222 1624 407 1666; x_wconf 79' lang='lat' dir='ltr'>generalem</span> <span class='ocrx_word' id='word_1_152' title='bbox 428 1624 466 1657; x_wconf 87' lang='lat' dir='ltr'>de</span> <span class='ocrx_word' id='word_1_153' title='bbox 483 1624 635 1658; x_wconf 86' lang='lat' dir='ltr'>omnibus</span> <span class='ocrx_word' id='word_1_154' title='bbox 651 1624 767 1658; x_wconf 87' lang='lat' dir='ltr'>fiscum</span> <span class='ocrx_word' id='word_1_155' title='bbox 784 1624 891 1669; x_wconf 84' lang='lat' dir='ltr'>ipsum</span> <span class='ocrx_word' id='word_1_156' title='bbox 907 1636 981 1658; x_wconf 90' lang='lat' dir='ltr'>con-</span> 
     </span>
     <span class='ocr_line' id='line_1_28' title="bbox 223 1677 981 1722; baseline 0.001 -13"><span class='ocrx_word' id='word_1_157' title='bbox 223 1677 449 1718; x_wconf 88' lang='lat' dir='ltr'>cernentibus,</span> <span class='ocrx_word' id='word_1_158' title='bbox 473 1683 503 1711; x_wconf 91' lang='lat' dir='ltr'>et</span> <span class='ocrx_word' id='word_1_159' title='bbox 533 1678 722 1722; x_wconf 88' lang='lat' dir='ltr'>praesertim</span> <span class='ocrx_word' id='word_1_160' title='bbox 754 1679 792 1711; x_wconf 91' lang='lat' dir='ltr'>de</span> <span class='ocrx_word' id='word_1_161' title='bbox 813 1679 981 1712; x_wconf 78' lang='lat' dir='ltr'>sententiis</span> 
     </span>
     <span class='ocr_line' id='line_1_29' title="bbox 222 1730 977 1774; baseline 0 -11"><span class='ocrx_word' id='word_1_162' title='bbox 222 1735 285 1763; x_wconf 90' lang='lat' dir='ltr'>tam</span> <span class='ocrx_word' id='word_1_163' title='bbox 320 1730 526 1764; x_wconf 88' lang='lat' dir='ltr'>absolutoriis</span> <span class='ocrx_word' id='word_1_164' title='bbox 551 1742 649 1774; x_wconf 88' lang='lat' dir='ltr'>quam</span> <span class='ocrx_word' id='word_1_165' title='bbox 680 1731 977 1772; x_wconf 86' lang='lat' dir='ltr'>condemnatoriis,</span> 
     </span>
     <span class='ocr_line' id='line_1_30' title="bbox 224 1783 699 1818; baseline 0.004 -2"><span class='ocrx_word' id='word_1_166' title='bbox 224 1783 399 1817; x_wconf 85' lang='lat' dir='ltr'>certiorem</span> <span class='ocrx_word' id='word_1_167' title='bbox 417 1785 524 1818; x_wconf 82' lang='lat' dir='ltr'>facere</span> <span class='ocrx_word' id='word_1_168' title='bbox 549 1784 699 1818; x_wconf 84' lang='lat' dir='ltr'>debeant.</span> 
     </span>
     <span class='ocr_line' id='line_1_31' title="bbox 267 1837 982 1881; baseline 0.001 -11"><span class='ocrx_word' id='word_1_169' title='bbox 267 1837 355 1880; x_wconf 63' lang='lat'>§55</span> <span class='ocrx_word' id='word_1_170' title='bbox 384 1838 498 1871; x_wconf 85' lang='lat' dir='ltr'>Caveat</span> <span class='ocrx_word' id='word_1_171' title='bbox 528 1843 637 1871; x_wconf 88' lang='lat' dir='ltr'>autem</span> <span class='ocrx_word' id='word_1_172' title='bbox 671 1838 756 1871; x_wconf 90' lang='lat' dir='ltr'>idem</span> <span class='ocrx_word' id='word_1_173' title='bbox 787 1844 982 1881; x_wconf 86' lang='lat' dir='ltr'>procurator</span> 
     </span>
     <span class='ocr_line' id='line_1_32' title="bbox 51 1891 980 1933; baseline 0 -9"><span class='ocrx_word' id='word_1_174' title='bbox 51 1903 207 1931; x_wconf 69' lang='lat' dir='ltr'>Protiibiiioque</span> <span class='ocrx_word' id='word_1_175' title='bbox 222 1891 382 1933; x_wconf 83' lang='lat' dir='ltr'>generalis</span> <span class='ocrx_word' id='word_1_176' title='bbox 397 1902 437 1924; x_wconf 87' lang='lat' dir='ltr'>ne</span> <span class='ocrx_word' id='word_1_177' title='bbox 458 1902 475 1924; x_wconf 85' lang='lat' dir='ltr'>a</span> <span class='ocrx_word' id='word_1_178' title='bbox 496 1891 587 1925; x_wconf 87' lang='lat' dir='ltr'>dictis</span> <span class='ocrx_word' id='word_1_179' title='bbox 609 1891 677 1924; x_wconf 87' lang='lat' dir='ltr'>eius</span> <span class='ocrx_word' id='word_1_180' title='bbox 703 1891 894 1932; x_wconf 78' lang='lat' dir='ltr'>substitutis,</span> <span class='ocrx_word' id='word_1_181' title='bbox 918 1892 980 1924; x_wconf 86' lang='lat' dir='ltr'>sive</span> 
     </span>
     <span class='ocr_line' id='line_1_33' title="bbox 25 1936 981 1989; baseline 0.002 -14"><span class='ocrx_word' id='word_1_182' title='bbox 25 1936 207 1986; x_wconf 51' lang='lat' dir='ltr'>{ffi¹³⁶⁵¹¹“¹&#39;²·⁰¹¹¹¹¹</span> <span class='ocrx_word' id='word_1_183' title='bbox 223 1953 282 1986; x_wconf 88' lang='lat' dir='ltr'>pro</span> <span class='ocrx_word' id='word_1_184' title='bbox 317 1944 545 1977; x_wconf 84' lang='lat' dir='ltr'>substitutione</span> <span class='ocrx_word' id='word_1_185' title='bbox 584 1945 730 1978; x_wconf 87' lang='lat' dir='ltr'>facienda</span> <span class='ocrx_word' id='word_1_186' title='bbox 769 1944 831 1978; x_wconf 83' lang='lat' dir='ltr'>sive</span> <span class='ocrx_word' id='word_1_187' title='bbox 871 1945 981 1989; x_wconf 80' lang='lat' dir='ltr'>quavis</span> 
     </span>
     <span class='ocr_line' id='line_1_34' title="bbox 222 1996 980 2043; baseline 0.003 -14"><span class='ocrx_word' id='word_1_188' title='bbox 222 1996 283 2030; x_wconf 86' lang='lat' dir='ltr'>alia</span> <span class='ocrx_word' id='word_1_189' title='bbox 304 1998 428 2031; x_wconf 87' lang='lat' dir='ltr'>ratione</span> <span class='ocrx_word' id='word_1_190' title='bbox 449 1999 497 2031; x_wconf 85' lang='lat' dir='ltr'>vel</span> <span class='ocrx_word' id='word_1_191' title='bbox 517 2010 625 2039; x_wconf 83' lang='lat' dir='ltr'>causa,</span> <span class='ocrx_word' id='word_1_192' title='bbox 643 1999 818 2042; x_wconf 78' lang='lat' dir='ltr'>quicquam</span> <span class='ocrx_word' id='word_1_193' title='bbox 835 1999 980 2043; x_wconf 88' lang='lat' dir='ltr'>recipiat,</span> 
     </span>
     <span class='ocr_line' id='line_1_35' title="bbox 222 2051 981 2086; baseline 0.003 -2"><span class='ocrx_word' id='word_1_194' title='bbox 222 2051 277 2084; x_wconf 88' lang='lat' dir='ltr'>sed</span> <span class='ocrx_word' id='word_1_195' title='bbox 292 2052 401 2084; x_wconf 85' lang='lat' dir='ltr'>onmia</span> <span class='ocrx_word' id='word_1_196' title='bbox 421 2053 641 2085; x_wconf 85' lang='lat' dir='ltr'>emolumenta</span> <span class='ocrx_word' id='word_1_197' title='bbox 662 2053 782 2086; x_wconf 85' lang='lat' dir='ltr'>eisdem</span> <span class='ocrx_word' id='word_1_198' title='bbox 800 2053 981 2086; x_wconf 80' lang='lat' dir='ltr'>substitutis</span> 
     </span>
     <span class='ocr_line' id='line_1_36' title="bbox 222 2103 688 2148; baseline 0.004 -12"><span class='ocrx_word' id='word_1_199' title='bbox 222 2103 323 2137; x_wconf 90' lang='lat' dir='ltr'>libere</span> <span class='ocrx_word' id='word_1_200' title='bbox 344 2110 374 2138; x_wconf 91' lang='lat' dir='ltr'>et</span> <span class='ocrx_word' id='word_1_201' title='bbox 394 2105 517 2148; x_wconf 78' lang='lat' dir='ltr'>integre</span> <span class='ocrx_word' id='word_1_202' title='bbox 538 2105 688 2138; x_wconf 85' lang='lat' dir='ltr'>dimittat.</span> 
     </span>
     <span class='ocr_line' id='line_1_37' title="bbox 266 2157 979 2203; baseline 0 -11"><span class='ocrx_word' id='word_1_203' title='bbox 266 2157 281 2201; x_wconf 66' lang='grc' dir='ltr'><strong>ἓ</strong></span> <span class='ocrx_word' id='word_1_204' title='bbox 301 2158 353 2192; x_wconf 82' lang='grc'>56.</span> <span class='ocrx_word' id='word_1_205' title='bbox 382 2158 577 2191; x_wconf 85' lang='lat' dir='ltr'>Procurator</span> <span class='ocrx_word' id='word_1_206' title='bbox 602 2158 671 2192; x_wconf 89' lang='lat' dir='ltr'>fisci</span> <span class='ocrx_word' id='word_1_207' title='bbox 691 2158 806 2191; x_wconf 87' lang='lat' dir='ltr'>Curiae</span> <span class='ocrx_word' id='word_1_208' title='bbox 826 2158 979 2203; x_wconf 86' lang='lat' dir='ltr'>Capitoli-</span> 
     </span>
     <span class='ocr_line' id='line_1_38' title="bbox 51 2211 979 2255; baseline 0.003 -13"><span class='ocrx_word' id='word_1_209' title='bbox 51 2220 104 2243; x_wconf 67' lang='lat' dir='ltr'>risa</span> <span class='ocrx_word' id='word_1_210' title='bbox 123 2221 207 2250; x_wconf 74' lang='lat' dir='ltr'>eapiio-</span> <span class='ocrx_word' id='word_1_211' title='bbox 222 2221 295 2251; x_wconf 89' lang='lat' dir='ltr'>nae,</span> <span class='ocrx_word' id='word_1_212' title='bbox 318 2211 350 2244; x_wconf 91' lang='lat' dir='ltr'>in</span> <span class='ocrx_word' id='word_1_213' title='bbox 367 2212 519 2244; x_wconf 89' lang='lat' dir='ltr'>omnibus</span> <span class='ocrx_word' id='word_1_214' title='bbox 539 2217 569 2245; x_wconf 89' lang='lat' dir='ltr'>et</span> <span class='ocrx_word' id='word_1_215' title='bbox 590 2223 648 2255; x_wconf 87' lang='lat' dir='ltr'>per</span> <span class='ocrx_word' id='word_1_216' title='bbox 663 2212 781 2252; x_wconf 88' lang='lat' dir='ltr'>omnia,</span> <span class='ocrx_word' id='word_1_217' title='bbox 799 2212 878 2245; x_wconf 90' lang='lat' dir='ltr'>illud</span> <span class='ocrx_word' id='word_1_218' title='bbox 894 2213 979 2246; x_wconf 88' lang='lat' dir='ltr'>idem</span> 
     </span>
     <span class='ocr_line' id='line_1_39' title="bbox 26 2251 979 2310; baseline 0.002 -12"><span class='ocrx_word' id='word_1_219' title='bbox 26 2251 62 2274; x_wconf 60' lang='lat'>¹³⁰³</span> <span class='ocrx_word' id='word_1_220' title='bbox 78 2256 161 2274; x_wconf 58' lang='lat' dir='ltr'>‘mm&#39;</span> <span class='ocrx_word' id='word_1_221' title='bbox 222 2265 385 2306; x_wconf 86' lang='lat' dir='ltr'>observet,</span> <span class='ocrx_word' id='word_1_222' title='bbox 408 2266 495 2309; x_wconf 90' lang='lat' dir='ltr'>quod</span> <span class='ocrx_word' id='word_1_223' title='bbox 516 2265 668 2299; x_wconf 85' lang='lat' dir='ltr'>Gamerae</span> <span class='ocrx_word' id='word_1_224' title='bbox 697 2272 825 2299; x_wconf 87' lang='lat' dir='ltr'>nostrae</span> <span class='ocrx_word' id='word_1_225' title='bbox 847 2268 979 2310; x_wconf 84' lang='lat' dir='ltr'>Aposto-</span> 
     </span>
     <span class='ocr_line' id='line_1_40' title="bbox 222 2318 979 2362; baseline 0.003 -11"><span class='ocrx_word' id='word_1_226' title='bbox 222 2318 303 2351; x_wconf 86' lang='lat' dir='ltr'>licae</span> <span class='ocrx_word' id='word_1_227' title='bbox 323 2323 538 2362; x_wconf 86' lang='lat' dir='ltr'>procurator,</span> <span class='ocrx_word' id='word_1_228' title='bbox 562 2319 669 2362; x_wconf 84' lang='lat' dir='ltr'>quoad</span> <span class='ocrx_word' id='word_1_229' title='bbox 699 2330 735 2352; x_wconf 87' lang='lat' dir='ltr'>ea</span> <span class='ocrx_word' id='word_1_230' title='bbox 756 2320 903 2353; x_wconf 87' lang='lat' dir='ltr'>videlicet</span> <span class='ocrx_word' id='word_1_231' title='bbox 926 2332 979 2353; x_wconf 85' lang='lat' dir='ltr'>ca-</span> 
     </span>
    </p>
   </div>
   <div class='ocr_carea' id='block_1_3' title="bbox 51 2371 980 2612">
    <p class='ocr_par' dir='ltr' id='par_1_3' title="bbox 51 2371 980 2612">
     <span class='ocr_line' id='line_1_41' title="bbox 223 2371 978 2417; baseline 0.004 -13"><span class='ocrx_word' id='word_1_232' title='bbox 223 2371 326 2416; x_wconf 89' lang='lat' dir='ltr'>pitula</span> <span class='ocrx_word' id='word_1_233' title='bbox 358 2373 509 2416; x_wconf 86' lang='lat' dir='ltr'>superius</span> <span class='ocrx_word' id='word_1_234' title='bbox 542 2373 713 2413; x_wconf 84' lang='lat' dir='ltr'>adnotata,</span> <span class='ocrx_word' id='word_1_235' title='bbox 749 2385 832 2417; x_wconf 87' lang='lat' dir='ltr'>quae</span> <span class='ocrx_word' id='word_1_236' title='bbox 872 2374 978 2417; x_wconf 88' lang='lat' dir='ltr'>ipsum</span> 
     </span>
     <span class='ocr_line' id='line_1_42' title="bbox 223 2420 979 2467; baseline 0.007 -15"><span class='ocrx_word' id='word_1_237' title='bbox 223 2420 319 2453; x_wconf 87' lang='lat' dir='ltr'>etiam</span> <span class='ocrx_word' id='word_1_238' title='bbox 345 2432 542 2455; x_wconf 90' lang='lat' dir='ltr'>concernere</span> <span class='ocrx_word' id='word_1_239' title='bbox 573 2427 603 2455; x_wconf 90' lang='lat' dir='ltr'>et</span> <span class='ocrx_word' id='word_1_240' title='bbox 631 2421 689 2454; x_wconf 88' lang='lat' dir='ltr'>sibi</span> <span class='ocrx_word' id='word_1_241' title='bbox 711 2423 883 2456; x_wconf 85' lang='lat' dir='ltr'>convenire</span> <span class='ocrx_word' id='word_1_242' title='bbox 905 2435 979 2467; x_wconf 90' lang='lat' dir='ltr'>pos-</span> 
     </span>
     <span class='ocr_line' id='line_1_43' title="bbox 223 2469 296 2502; baseline 0 0"><span class='ocrx_word' id='word_1_243' title='bbox 223 2469 296 2502; x_wconf 88' lang='lat' dir='ltr'>sint.</span> 
     </span>
     <span class='ocr_line' id='line_1_44' title="bbox 267 2519 979 2565; baseline 0.004 -13"><span class='ocrx_word' id='word_1_244' title='bbox 267 2519 282 2562; x_wconf 58' lang='grc' dir='ltr'>ξ</span> <span class='ocrx_word' id='word_1_245' title='bbox 302 2519 356 2552; x_wconf 83' lang='grc'>57.</span> <span class='ocrx_word' id='word_1_246' title='bbox 378 2519 415 2552; x_wconf 90' lang='lat' dir='ltr'>Et</span> <span class='ocrx_word' id='word_1_247' title='bbox 439 2519 464 2552; x_wconf 89' lang='lat' dir='ltr'>si</span> <span class='ocrx_word' id='word_1_248' title='bbox 489 2520 562 2563; x_wconf 90' lang='lat' dir='ltr'>plus</span> <span class='ocrx_word' id='word_1_249' title='bbox 594 2521 643 2553; x_wconf 88' lang='lat' dir='ltr'>vel</span> <span class='ocrx_word' id='word_1_250' title='bbox 669 2532 686 2553; x_wconf 88' lang='lat' dir='ltr'>a</span> <span class='ocrx_word' id='word_1_251' title='bbox 714 2521 861 2564; x_wconf 89' lang='lat' dir='ltr'>personis</span> <span class='ocrx_word' id='word_1_252' title='bbox 882 2533 979 2565; x_wconf 86' lang='lat' dir='ltr'>supra</span> 
     </span>
     <span class='ocr_line' id='line_1_45' title="bbox 51 2567 980 2612; baseline 0.008 -16"><span class='ocrx_word' id='word_1_253' title='bbox 51 2573 166 2597; x_wconf 70' lang='lat' dir='ltr'>Poenarum</span> <span class='ocrx_word' id='word_1_254' title='bbox 179 2577 208 2596; x_wconf 74' lang='lat' dir='ltr'>in-</span> <span class='ocrx_word' id='word_1_255' title='bbox 223 2567 404 2610; x_wconf 85' lang='lat' dir='ltr'>prohibitis,</span> <span class='ocrx_word' id='word_1_256' title='bbox 422 2574 478 2602; x_wconf 83' lang='lat' dir='ltr'>aut</span> <span class='ocrx_word' id='word_1_257' title='bbox 498 2569 575 2602; x_wconf 83' lang='lat' dir='ltr'>alias</span> <span class='ocrx_word' id='word_1_258' title='bbox 595 2580 692 2612; x_wconf 88' lang='lat' dir='ltr'>quam</span> <span class='ocrx_word' id='word_1_259' title='bbox 715 2575 749 2602; x_wconf 93' lang='lat' dir='ltr'>ut</span> <span class='ocrx_word' id='word_1_260' title='bbox 769 2580 867 2612; x_wconf 85' lang='lat' dir='ltr'>supra</span> <span class='ocrx_word' id='word_1_261' title='bbox 883 2570 980 2603; x_wconf 89' lang='lat' dir='ltr'>adno-</span> 
     </span>
    </p>
   </div>
   <div class='ocr_carea' id='block_1_4' title="bbox 27 2605 978 2662">
    <p class='ocr_par' dir='ltr' id='par_1_4' title="bbox 27 2605 978 2662">
     <span class='ocr_line' id='line_1_46' title="bbox 27 2605 978 2662; baseline 0.004 -13"><span class='ocrx_word' id='word_1_262' title='bbox 27 2605 209 2660; x_wconf 50' lang='lat' dir='ltr'>ffiss‘ssigsswssfm</span> <span class='ocrx_word' id='word_1_263' title='bbox 224 2621 325 2651; x_wconf 85' lang='lat' dir='ltr'>tatum</span> <span class='ocrx_word' id='word_1_264' title='bbox 346 2617 423 2658; x_wconf 87' lang='lat' dir='ltr'>fuit,</span> <span class='ocrx_word' id='word_1_265' title='bbox 447 2629 560 2652; x_wconf 83' lang='lat' dir='ltr'>omnes</span> <span class='ocrx_word' id='word_1_266' title='bbox 581 2619 757 2662; x_wconf 85' lang='lat' dir='ltr'>supradicti</span> <span class='ocrx_word' id='word_1_267' title='bbox 784 2620 978 2661; x_wconf 83' lang='lat' dir='ltr'>receperint,</span> 
     </span>
    </p>
   </div>
   <div class='ocr_carea' id='block_1_5' title="bbox 923 233 1107 258">
    <p class='ocr_par' dir='ltr' id='par_1_5' title="bbox 923 233 1107 258">
     <span class='ocr_line' id='line_1_47' title="bbox 923 233 1107 258; baseline -0.011 -1"><span class='ocrx_word' id='word_1_268' title='bbox 923 233 990 258; x_wconf 78' lang='lat' dir='ltr'>PIUS</span> <span class='ocrx_word' id='word_1_269' title='bbox 1011 234 1040 258; x_wconf 83' lang='lat' dir='ltr'>1v</span> <span class='ocrx_word' id='word_1_270' title='bbox 1061 233 1107 256; x_wconf 71' lang='lat' dir='ltr'>Pr.</span> 
     </span>
    </p>
   </div>
   <div class='ocr_carea' id='block_1_6' title="bbox 1684 226 1741 260">
    <p class='ocr_par' dir='ltr' id='par_1_6' title="bbox 1684 226 1741 260">
     <span class='ocr_line' id='line_1_48' title="bbox 1684 226 1741 260; baseline 0 0"><span class='ocrx_word' id='word_1_271' title='bbox 1684 226 1741 260; x_wconf 66' lang='lat'>⁶221</span> 
     </span>
    </p>
   </div>
   <div class='ocr_carea' id='block_1_7' title="bbox 1023 285 1793 2662">
    <p class='ocr_par' dir='ltr' id='par_1_7' title="bbox 1034 285 1793 653">
     <span class='ocr_line' id='line_1_49' title="bbox 1036 285 1793 329; baseline 0.004 -10"><span class='ocrx_word' id='word_1_272' title='bbox 1036 287 1085 319; x_wconf 80' lang='lat' dir='ltr'>vel</span> <span class='ocrx_word' id='word_1_273' title='bbox 1105 296 1203 329; x_wconf 84' lang='lat' dir='ltr'>super</span> <span class='ocrx_word' id='word_1_274' title='bbox 1219 285 1282 319; x_wconf 84' lang='lat' dir='ltr'>hoc</span> <span class='ocrx_word' id='word_1_275' title='bbox 1303 286 1573 327; x_wconf 86' lang='lat' dir='ltr'>contravenerint,</span> <span class='ocrx_word' id='word_1_276' title='bbox 1593 288 1730 322; x_wconf 89' lang='lat' dir='ltr'>maiores</span> <span class='ocrx_word' id='word_1_277' title='bbox 1746 289 1793 322; x_wconf 91' lang='lat' dir='ltr'>iu-</span> 
     </span>
     <span class='ocr_line' id='line_1_50' title="bbox 1037 340 1791 376; baseline 0.005 -4"><span class='ocrx_word' id='word_1_278' title='bbox 1037 340 1123 373; x_wconf 83' lang='lat' dir='ltr'>dices</span> <span class='ocrx_word' id='word_1_279' title='bbox 1144 345 1172 372; x_wconf 86' lang='lat' dir='ltr'>et</span> <span class='ocrx_word' id='word_1_280' title='bbox 1201 340 1343 373; x_wconf 82' lang='lat' dir='ltr'>advocati</span> <span class='ocrx_word' id='word_1_281' title='bbox 1377 341 1568 374; x_wconf 86' lang='lat' dir='ltr'>sententiam</span> <span class='ocrx_word' id='word_1_282' title='bbox 1603 353 1791 376; x_wconf 81' lang='lat' dir='ltr'>excommu—</span> 
     </span>
     <span class='ocr_line' id='line_1_51' title="bbox 1036 392 1790 438; baseline 0.008 -14"><span class='ocrx_word' id='word_1_283' title='bbox 1036 392 1205 426; x_wconf 88' lang='lat' dir='ltr'>nicationis</span> <span class='ocrx_word' id='word_1_284' title='bbox 1226 398 1257 426; x_wconf 91' lang='lat' dir='ltr'>et</span> <span class='ocrx_word' id='word_1_285' title='bbox 1276 393 1399 426; x_wconf 87' lang='lat' dir='ltr'>arbitrii</span> <span class='ocrx_word' id='word_1_286' title='bbox 1426 395 1526 427; x_wconf 88' lang='lat' dir='ltr'>nostri</span> <span class='ocrx_word' id='word_1_287' title='bbox 1547 406 1686 438; x_wconf 85' lang='lat' dir='ltr'>poenas;</span> <span class='ocrx_word' id='word_1_288' title='bbox 1710 397 1790 430; x_wconf 85' lang='lat' dir='ltr'>inse—</span> 
     </span>
     <span class='ocr_line' id='line_1_52' title="bbox 1036 446 1790 493; baseline 0.007 -15"><span class='ocrx_word' id='word_1_289' title='bbox 1036 446 1137 479; x_wconf 91' lang='lat' dir='ltr'>riores</span> <span class='ocrx_word' id='word_1_290' title='bbox 1157 452 1265 480; x_wconf 86' lang='lat' dir='ltr'>autem</span> <span class='ocrx_word' id='word_1_291' title='bbox 1286 454 1316 481; x_wconf 88' lang='lat' dir='ltr'>et</span> <span class='ocrx_word' id='word_1_292' title='bbox 1336 459 1449 481; x_wconf 86' lang='lat' dir='ltr'>omnes</span> <span class='ocrx_word' id='word_1_293' title='bbox 1470 448 1522 480; x_wconf 89' lang='lat' dir='ltr'>alii</span> <span class='ocrx_word' id='word_1_294' title='bbox 1541 449 1790 493; x_wconf 82' lang='lat' dir='ltr'>supradicti,ul-</span> 
     </span>
     <span class='ocr_line' id='line_1_53' title="bbox 1036 500 1789 544; baseline 0.005 -12"><span class='ocrx_word' id='word_1_295' title='bbox 1036 505 1082 532; x_wconf 86' lang='lat' dir='ltr'>tra</span> <span class='ocrx_word' id='word_1_296' title='bbox 1098 500 1215 533; x_wconf 89' lang='lat' dir='ltr'>dietam</span> <span class='ocrx_word' id='word_1_297' title='bbox 1228 502 1572 535; x_wconf 84' lang='lat' dir='ltr'>excommunicationis</span> <span class='ocrx_word' id='word_1_298' title='bbox 1588 503 1789 544; x_wconf 78' lang='lat' dir='ltr'>sententiam,</span> 
     </span>
     <span class='ocr_line' id='line_1_54' title="bbox 1035 552 1786 600; baseline 0.008 -17"><span class='ocrx_word' id='word_1_299' title='bbox 1035 552 1129 584; x_wconf 77' lang='lat' dir='ltr'>etiam</span> <span class='ocrx_word' id='word_1_300' title='bbox 1151 553 1337 597; x_wconf 81' lang='lat' dir='ltr'>privationis</span> <span class='ocrx_word' id='word_1_301' title='bbox 1353 555 1449 588; x_wconf 76' lang='lat' dir='ltr'>oflicii</span> <span class='ocrx_word' id='word_1_302' title='bbox 1465 566 1603 600; x_wconf 84' lang='lat' dir='ltr'>poenam</span> <span class='ocrx_word' id='word_1_303' title='bbox 1621 556 1786 590; x_wconf 87' lang='lat' dir='ltr'>incurrant</span> 
     </span>
     <span class='ocr_line' id='line_1_55' title="bbox 1034 606 1652 653; baseline 0.011 -17"><span class='ocrx_word' id='word_1_304' title='bbox 1034 610 1061 637; x_wconf 90' lang='lat' dir='ltr'>et</span> <span class='ocrx_word' id='word_1_305' title='bbox 1084 606 1161 639; x_wconf 82' lang='lat' dir='ltr'>alias</span> <span class='ocrx_word' id='word_1_306' title='bbox 1181 607 1314 641; x_wconf 87' lang='lat' dir='ltr'>arbitrio</span> <span class='ocrx_word' id='word_1_307' title='bbox 1333 614 1442 641; x_wconf 82' lang='lat' dir='ltr'>nostro</span> <span class='ocrx_word' id='word_1_308' title='bbox 1463 609 1652 653; x_wconf 84' lang='lat' dir='ltr'>puniantur.</span> 
     </span>
    </p>

    <p class='ocr_par' dir='ltr' id='par_1_8' title="bbox 1026 660 1788 1336">
     <span class='ocr_line' id='line_1_56' title="bbox 1077 660 1785 707; baseline 0.007 -14"><span class='ocrx_word' id='word_1_309' title='bbox 1077 660 1091 702; x_wconf 60' lang='grc' dir='ltr'><strong>ἓ</strong></span> <span class='ocrx_word' id='word_1_310' title='bbox 1112 660 1165 693; x_wconf 78' lang='lat'>58.</span> <span class='ocrx_word' id='word_1_311' title='bbox 1188 662 1308 694; x_wconf 80' lang='lat' dir='ltr'>Notarii</span> <span class='ocrx_word' id='word_1_312' title='bbox 1329 663 1495 696; x_wconf 87' lang='lat' dir='ltr'>curiarum</span> <span class='ocrx_word' id='word_1_313' title='bbox 1512 664 1785 707; x_wconf 85' lang='lat' dir='ltr'>supradictarum,</span> 
     </span>
     <span class='ocr_line' id='line_1_57' title="bbox 1032 714 1787 760; baseline 0.009 -15"><span class='ocrx_word' id='word_1_314' title='bbox 1032 718 1096 746; x_wconf 87' lang='lat' dir='ltr'>tam</span> <span class='ocrx_word' id='word_1_315' title='bbox 1127 714 1345 748; x_wconf 87' lang='lat' dir='ltr'>criminalium</span> <span class='ocrx_word' id='word_1_316' title='bbox 1380 728 1476 760; x_wconf 86' lang='lat' dir='ltr'>quam</span> <span class='ocrx_word' id='word_1_317' title='bbox 1506 717 1646 751; x_wconf 85' lang='lat' dir='ltr'>civilium</span> <span class='ocrx_word' id='word_1_318' title='bbox 1678 730 1787 752; x_wconf 88' lang='lat' dir='ltr'>causa·</span> 
     </span>
     <span class='ocr_line' id='line_1_58' title="bbox 1031 770 1788 813; baseline 0.009 -13"><span class='ocrx_word' id='word_1_319' title='bbox 1031 779 1126 808; x_wconf 85' lang='lat' dir='ltr'>rum,</span> <span class='ocrx_word' id='word_1_320' title='bbox 1149 780 1214 802; x_wconf 91' lang='lat' dir='ltr'>non</span> <span class='ocrx_word' id='word_1_321' title='bbox 1236 770 1379 813; x_wconf 77' lang='lat' dir='ltr'>exigant,</span> <span class='ocrx_word' id='word_1_322' title='bbox 1405 771 1465 804; x_wconf 90' lang='lat' dir='ltr'>nisi</span> <span class='ocrx_word' id='word_1_323' title='bbox 1500 772 1585 805; x_wconf 81' lang='lat' dir='ltr'>iuxta</span> <span class='ocrx_word' id='word_1_324' title='bbox 1618 778 1721 806; x_wconf 79' lang='lat' dir='ltr'>taxam</span> <span class='ocrx_word' id='word_1_325' title='bbox 1743 774 1788 807; x_wconf 86' lang='lat' dir='ltr'>eis</span> 
     </span>
     <span class='ocr_line' id='line_1_59' title="bbox 1031 822 1787 871; baseline 0.008 -17"><span class='ocrx_word' id='word_1_326' title='bbox 1031 822 1281 866; x_wconf 80' lang='lat' dir='ltr'>praescriptam:</span> <span class='ocrx_word' id='word_1_327' title='bbox 1305 826 1379 857; x_wconf 83' lang='lat' dir='ltr'>etsi</span> <span class='ocrx_word' id='word_1_328' title='bbox 1414 826 1487 869; x_wconf 85' lang='lat' dir='ltr'>plus</span> <span class='ocrx_word' id='word_1_329' title='bbox 1515 827 1699 870; x_wconf 79' lang='lat' dir='ltr'>exegerint,</span> <span class='ocrx_word' id='word_1_330' title='bbox 1728 838 1787 871; x_wconf 90' lang='lat' dir='ltr'>pro</span> 
     </span>
     <span class='ocr_line' id='line_1_60' title="bbox 1030 877 1785 924; baseline 0.011 -17"><span class='ocrx_word' id='word_1_331' title='bbox 1030 877 1134 918; x_wconf 85' lang='lat' dir='ltr'>prima</span> <span class='ocrx_word' id='word_1_332' title='bbox 1155 877 1233 917; x_wconf 88' lang='lat' dir='ltr'>vice,</span> <span class='ocrx_word' id='word_1_333' title='bbox 1257 878 1365 920; x_wconf 72' lang='lat' dir='ltr'>viginti</span> <span class='ocrx_word' id='word_1_334' title='bbox 1386 879 1543 922; x_wconf 73' lang='lat' dir='ltr'>quinque,</span> <span class='ocrx_word' id='word_1_335' title='bbox 1566 891 1625 924; x_wconf 88' lang='lat' dir='ltr'>pro</span> <span class='ocrx_word' id='word_1_336' title='bbox 1635 882 1785 921; x_wconf 79' lang='lat' dir='ltr'>secunda,</span> 
     </span>
     <span class='ocr_line' id='line_1_61' title="bbox 1029 930 1786 976; baseline 0.009 -15"><span class='ocrx_word' id='word_1_337' title='bbox 1029 930 1283 973; x_wconf 70' lang='lat' dir='ltr'>quinquaginta2</span> <span class='ocrx_word' id='word_1_338' title='bbox 1306 938 1336 964; x_wconf 87' lang='lat' dir='ltr'>et</span> <span class='ocrx_word' id='word_1_339' title='bbox 1366 944 1425 976; x_wconf 88' lang='lat' dir='ltr'>pro</span> <span class='ocrx_word' id='word_1_340' title='bbox 1446 934 1539 966; x_wconf 87' lang='lat' dir='ltr'>tertia</span> <span class='ocrx_word' id='word_1_341' title='bbox 1560 939 1690 967; x_wconf 87' lang='lat' dir='ltr'>centum</span> <span class='ocrx_word' id='word_1_342' title='bbox 1712 946 1786 968; x_wconf 92' lang='lat' dir='ltr'>scu-</span> 
     </span>
     <span class='ocr_line' id='line_1_62' title="bbox 1030 985 1786 1027; baseline 0.009 -13"><span class='ocrx_word' id='word_1_343' title='bbox 1030 987 1136 1015; x_wconf 83' lang='lat' dir='ltr'>torum</span> <span class='ocrx_word' id='word_1_344' title='bbox 1158 989 1188 1016; x_wconf 87' lang='lat' dir='ltr'>et</span> <span class='ocrx_word' id='word_1_345' title='bbox 1209 985 1394 1027; x_wconf 76' lang='lat' dir='ltr'>privationis</span> <span class='ocrx_word' id='word_1_346' title='bbox 1416 986 1524 1027; x_wconf 83' lang='lat' dir='ltr'>officii,</span> <span class='ocrx_word' id='word_1_347' title='bbox 1547 998 1584 1019; x_wconf 88' lang='lat' dir='ltr'>ac</span> <span class='ocrx_word' id='word_1_348' title='bbox 1605 988 1700 1020; x_wconf 88' lang='lat' dir='ltr'>etiam</span> <span class='ocrx_word' id='word_1_349' title='bbox 1717 1000 1786 1021; x_wconf 88' lang='lat' dir='ltr'>cor-</span> 
     </span>
     <span class='ocr_line' id='line_1_63' title="bbox 1029 1037 1787 1085; baseline 0.008 -17"><span class='ocrx_word' id='word_1_350' title='bbox 1029 1037 1157 1078; x_wconf 82' lang='lat' dir='ltr'>porales</span> <span class='ocrx_word' id='word_1_351' title='bbox 1173 1037 1306 1070; x_wconf 84' lang='lat' dir='ltr'>arbitrio</span> <span class='ocrx_word' id='word_1_352' title='bbox 1324 1037 1466 1071; x_wconf 89' lang='lat' dir='ltr'>iudicum</span> <span class='ocrx_word' id='word_1_353' title='bbox 1486 1039 1699 1083; x_wconf 80' lang='lat' dir='ltr'>imponendas</span> <span class='ocrx_word' id='word_1_354' title='bbox 1711 1052 1787 1085; x_wconf 87' lang='lat' dir='ltr'>poe-</span> 
     </span>
     <span class='ocr_line' id='line_1_64' title="bbox 1027 1091 1784 1134; baseline 0.008 -13"><span class='ocrx_word' id='word_1_355' title='bbox 1027 1100 1085 1122; x_wconf 87' lang='lat' dir='ltr'>nas</span> <span class='ocrx_word' id='word_1_356' title='bbox 1105 1091 1280 1134; x_wconf 83' lang='lat' dir='ltr'>respective</span> <span class='ocrx_word' id='word_1_357' title='bbox 1302 1091 1480 1124; x_wconf 83' lang='lat' dir='ltr'>incurrant.</span> <span class='ocrx_word' id='word_1_358' title='bbox 1504 1092 1605 1131; x_wconf 83' lang='lat' dir='ltr'>Quam</span> <span class='ocrx_word' id='word_1_359' title='bbox 1628 1099 1730 1126; x_wconf 78' lang='lat' dir='ltr'>taxam</span> <span class='ocrx_word' id='word_1_360' title='bbox 1754 1094 1784 1126; x_wconf 88' lang='lat' dir='ltr'>in</span> 
     </span>
     <span class='ocr_line' id='line_1_65' title="bbox 1026 1143 1783 1188; baseline 0.008 -14"><span class='ocrx_word' id='word_1_361' title='bbox 1026 1143 1149 1185; x_wconf 78' lang='lat' dir='ltr'>vulgari</span> <span class='ocrx_word' id='word_1_362' title='bbox 1170 1154 1318 1177; x_wconf 86' lang='lat' dir='ltr'>sermone</span> <span class='ocrx_word' id='word_1_363' title='bbox 1348 1144 1500 1188; x_wconf 87' lang='lat' dir='ltr'>scriptam</span> <span class='ocrx_word' id='word_1_364' title='bbox 1527 1145 1557 1177; x_wconf 90' lang='lat' dir='ltr'>in</span> <span class='ocrx_word' id='word_1_365' title='bbox 1592 1156 1706 1179; x_wconf 90' lang='lat' dir='ltr'>eorum</span> <span class='ocrx_word' id='word_1_366' title='bbox 1736 1148 1783 1180; x_wconf 87' lang='lat' dir='ltr'>os-</span> 
     </span>
     <span class='ocr_line' id='line_1_66' title="bbox 1027 1195 1784 1242; baseline 0.007 -14"><span class='ocrx_word' id='word_1_367' title='bbox 1027 1195 1126 1237; x_wconf 85' lang='lat' dir='ltr'>ficiis,</span> <span class='ocrx_word' id='word_1_368' title='bbox 1159 1197 1217 1229; x_wconf 74' lang='lat' dir='ltr'>suli</span> <span class='ocrx_word' id='word_1_369' title='bbox 1239 1196 1358 1230; x_wconf 89' lang='lat' dir='ltr'>eisdem</span> <span class='ocrx_word' id='word_1_370' title='bbox 1374 1198 1498 1241; x_wconf 88' lang='lat' dir='ltr'>poenis,</span> <span class='ocrx_word' id='word_1_371' title='bbox 1521 1209 1718 1242; x_wconf 81' lang='lat' dir='ltr'>appensam,</span> <span class='ocrx_word' id='word_1_372' title='bbox 1742 1200 1784 1233; x_wconf 88' lang='lat' dir='ltr'>ita</span> 
     </span>
     <span class='ocr_line' id='line_1_67' title="bbox 1026 1249 1781 1295; baseline 0.008 -14"><span class='ocrx_word' id='word_1_373' title='bbox 1026 1249 1112 1292; x_wconf 85' lang='lat' dir='ltr'>quod</span> <span class='ocrx_word' id='word_1_374' title='bbox 1134 1251 1172 1282; x_wconf 86' lang='lat' dir='ltr'>ab</span> <span class='ocrx_word' id='word_1_375' title='bbox 1198 1251 1350 1284; x_wconf 84' lang='lat' dir='ltr'>omnibus</span> <span class='ocrx_word' id='word_1_376' title='bbox 1371 1251 1432 1294; x_wconf 80' lang='lat' dir='ltr'>legi</span> <span class='ocrx_word' id='word_1_377' title='bbox 1454 1252 1570 1295; x_wconf 88' lang='lat' dir='ltr'>possit,</span> <span class='ocrx_word' id='word_1_378' title='bbox 1593 1252 1714 1287; x_wconf 84' lang='lat' dir='ltr'>habere</span> <span class='ocrx_word' id='word_1_379' title='bbox 1734 1259 1781 1286; x_wconf 89' lang='lat' dir='ltr'>te-</span> 
     </span>
     <span class='ocr_line' id='line_1_68' title="bbox 1026 1309 1175 1336; baseline 0.007 -1"><span class='ocrx_word' id='word_1_380' title='bbox 1026 1309 1175 1336; x_wconf 86' lang='lat' dir='ltr'>neantur.</span> 
     </span>
    </p>

    <p class='ocr_par' dir='ltr' id='par_1_9' title="bbox 1024 1357 1781 1723">
     <span class='ocr_line' id='line_1_69' title="bbox 1069 1357 1780 1404; baseline 0.006 -15"><span class='ocrx_word' id='word_1_381' title='bbox 1069 1357 1083 1399; x_wconf 59' lang='lat' dir='ltr'>g</span> <span class='ocrx_word' id='word_1_382' title='bbox 1109 1357 1162 1389; x_wconf 76' lang='lat'>59.</span> <span class='ocrx_word' id='word_1_383' title='bbox 1185 1357 1361 1390; x_wconf 82' lang='lat' dir='ltr'>Exerceant</span> <span class='ocrx_word' id='word_1_384' title='bbox 1385 1369 1499 1391; x_wconf 90' lang='lat' dir='ltr'>eorum</span> <span class='ocrx_word' id='word_1_385' title='bbox 1534 1359 1639 1392; x_wconf 86' lang='lat' dir='ltr'>officia</span> <span class='ocrx_word' id='word_1_386' title='bbox 1664 1371 1722 1404; x_wconf 85' lang='lat' dir='ltr'>per</span> <span class='ocrx_word' id='word_1_387' title='bbox 1748 1372 1780 1393; x_wconf 90' lang='lat' dir='ltr'>se</span> 
     </span>
     <span class='ocr_line' id='line_1_70' title="bbox 1024 1408 1781 1452; baseline 0.007 -11"><span class='ocrx_word' id='word_1_388' title='bbox 1024 1408 1122 1452; x_wconf 82' lang='lat' dir='ltr'>ipsos,</span> <span class='ocrx_word' id='word_1_389' title='bbox 1145 1420 1205 1443; x_wconf 89' lang='lat' dir='ltr'>nec</span> <span class='ocrx_word' id='word_1_390' title='bbox 1226 1410 1279 1443; x_wconf 88' lang='lat' dir='ltr'>illa</span> <span class='ocrx_word' id='word_1_391' title='bbox 1305 1411 1479 1444; x_wconf 86' lang='lat' dir='ltr'>arreudent</span> <span class='ocrx_word' id='word_1_392' title='bbox 1499 1412 1566 1444; x_wconf 88' lang='lat' dir='ltr'>sine</span> <span class='ocrx_word' id='word_1_393' title='bbox 1586 1412 1717 1446; x_wconf 85' lang='lat' dir='ltr'>licentia</span> <span class='ocrx_word' id='word_1_394' title='bbox 1734 1413 1781 1446; x_wconf 91' lang='lat' dir='ltr'>iu-</span> 
     </span>
     <span class='ocr_line' id='line_1_71' title="bbox 1024 1462 1777 1508; baseline 0.007 -13"><span class='ocrx_word' id='word_1_395' title='bbox 1024 1462 1133 1496; x_wconf 84' lang='lat' dir='ltr'>dicum</span> <span class='ocrx_word' id='word_1_396' title='bbox 1147 1490 1154 1503; x_wconf 92' lang='lat'>,</span> <span class='ocrx_word' id='word_1_397' title='bbox 1199 1464 1340 1508; x_wconf 81' lang='lat' dir='ltr'>exceptis</span> <span class='ocrx_word' id='word_1_398' title='bbox 1375 1465 1507 1498; x_wconf 87' lang='lat' dir='ltr'>notariis</span> <span class='ocrx_word' id='word_1_399' title='bbox 1540 1466 1777 1508; x_wconf 74' lang='lat' dir='ltr'>gubernatoris,</span> 
     </span>
     <span class='ocr_line' id='line_1_72' title="bbox 1024 1516 1779 1562; baseline 0.007 -14"><span class='ocrx_word' id='word_1_400' title='bbox 1024 1516 1134 1559; x_wconf 71' lang='lat' dir='ltr'>Burgi,</span> <span class='ocrx_word' id='word_1_401' title='bbox 1153 1517 1191 1549; x_wconf 81' lang='lat' dir='ltr'>de</span> <span class='ocrx_word' id='word_1_402' title='bbox 1203 1517 1350 1559; x_wconf 81' lang='lat' dir='ltr'>Sabellis,</span> <span class='ocrx_word' id='word_1_403' title='bbox 1368 1518 1479 1562; x_wconf 85' lang='lat' dir='ltr'>Ripae,</span> <span class='ocrx_word' id='word_1_404' title='bbox 1497 1520 1608 1553; x_wconf 89' lang='lat' dir='ltr'>Turris</span> <span class='ocrx_word' id='word_1_405' title='bbox 1625 1520 1734 1553; x_wconf 87' lang='lat' dir='ltr'>Nonae</span> <span class='ocrx_word' id='word_1_406' title='bbox 1751 1526 1779 1553; x_wconf 85' lang='lat' dir='ltr'>et</span> 
     </span>
     <span class='ocr_line' id='line_1_73' title="bbox 1024 1569 1780 1616; baseline 0.009 -15"><span class='ocrx_word' id='word_1_407' title='bbox 1024 1569 1188 1613; x_wconf 79' lang='lat' dir='ltr'>Ripcttae,</span> <span class='ocrx_word' id='word_1_408' title='bbox 1211 1582 1247 1604; x_wconf 88' lang='lat' dir='ltr'>ac</span> <span class='ocrx_word' id='word_1_409' title='bbox 1269 1571 1468 1614; x_wconf 89' lang='lat' dir='ltr'>capitolinis,</span> <span class='ocrx_word' id='word_1_410' title='bbox 1491 1573 1545 1616; x_wconf 83' lang='lat' dir='ltr'>qui</span> <span class='ocrx_word' id='word_1_411' title='bbox 1572 1574 1662 1607; x_wconf 90' lang='lat' dir='ltr'>nullo</span> <span class='ocrx_word' id='word_1_412' title='bbox 1684 1575 1780 1608; x_wconf 88' lang='lat' dir='ltr'>modo</span> 
     </span>
     <span class='ocr_line' id='line_1_74' title="bbox 1024 1622 1781 1668; baseline 0.009 -15"><span class='ocrx_word' id='word_1_413' title='bbox 1024 1622 1089 1663; x_wconf 90' lang='lat' dir='ltr'>illa,</span> <span class='ocrx_word' id='word_1_414' title='bbox 1103 1623 1171 1656; x_wconf 82' lang='lat' dir='ltr'>sine</span> <span class='ocrx_word' id='word_1_415' title='bbox 1188 1634 1337 1668; x_wconf 84' lang='lat' dir='ltr'>expressa</span> <span class='ocrx_word' id='word_1_416' title='bbox 1353 1625 1484 1658; x_wconf 86' lang='lat' dir='ltr'>licentia</span> <span class='ocrx_word' id='word_1_417' title='bbox 1500 1632 1618 1668; x_wconf 88' lang='lat' dir='ltr'>nostra,</span> <span class='ocrx_word' id='word_1_418' title='bbox 1636 1627 1731 1660; x_wconf 90' lang='lat' dir='ltr'>etiam</span> <span class='ocrx_word' id='word_1_419' title='bbox 1748 1628 1781 1660; x_wconf 89' lang='lat' dir='ltr'>in</span> 
     </span>
     <span class='ocr_line' id='line_1_75' title="bbox 1024 1676 1660 1723; baseline 0.006 -15"><span class='ocrx_word' id='word_1_420' title='bbox 1024 1676 1151 1720; x_wconf 83' lang='lat' dir='ltr'>scriptis</span> <span class='ocrx_word' id='word_1_421' title='bbox 1171 1677 1312 1718; x_wconf 87' lang='lat' dir='ltr'>obtenta,</span> <span class='ocrx_word' id='word_1_422' title='bbox 1336 1679 1511 1712; x_wconf 86' lang='lat' dir='ltr'>arrendare</span> <span class='ocrx_word' id='word_1_423' title='bbox 1528 1680 1660 1723; x_wconf 86' lang='lat' dir='ltr'>possint.</span> 
     </span>
    </p>

    <p class='ocr_par' dir='ltr' id='par_1_10' title="bbox 1024 1730 1782 2042">
     <span class='ocr_line' id='line_1_76' title="bbox 1069 1730 1780 1777; baseline 0.007 -14"><span class='ocrx_word' id='word_1_424' title='bbox 1069 1731 1083 1773; x_wconf 59' lang='lat' dir='ltr'>g</span> <span class='ocrx_word' id='word_1_425' title='bbox 1104 1730 1156 1763; x_wconf 75' lang='lat'>60.</span> <span class='ocrx_word' id='word_1_426' title='bbox 1180 1731 1243 1764; x_wconf 78' lang='lat' dir='ltr'>Nec</span> <span class='ocrx_word' id='word_1_427' title='bbox 1265 1731 1455 1765; x_wconf 81' lang='lat' dir='ltr'>substitutos</span> <span class='ocrx_word' id='word_1_428' title='bbox 1475 1732 1645 1777; x_wconf 87' lang='lat' dir='ltr'>recipiant,</span> <span class='ocrx_word' id='word_1_429' title='bbox 1663 1734 1724 1767; x_wconf 88' lang='lat' dir='ltr'>nisi</span> <span class='ocrx_word' id='word_1_430' title='bbox 1741 1734 1780 1768; x_wconf 85' lang='lat' dir='ltr'>ab</span> 
     </span>
     <span class='ocr_line' id='line_1_77' title="bbox 1024 1783 1779 1832; baseline 0.009 -17"><span class='ocrx_word' id='word_1_431' title='bbox 1024 1783 1100 1827; x_wconf 81' lang='lat' dir='ltr'>ipsis</span> <span class='ocrx_word' id='word_1_432' title='bbox 1120 1784 1281 1818; x_wconf 64' lang='lat' dir='ltr'>iuditibus</span> <span class='ocrx_word' id='word_1_433' title='bbox 1301 1786 1506 1829; x_wconf 63' lang='lat' dir='ltr'>aliiprobatos,</span> <span class='ocrx_word' id='word_1_434' title='bbox 1527 1798 1586 1831; x_wconf 91' lang='lat' dir='ltr'>pro</span> <span class='ocrx_word' id='word_1_435' title='bbox 1606 1788 1725 1832; x_wconf 83' lang='lat' dir='ltr'>quibus</span> <span class='ocrx_word' id='word_1_436' title='bbox 1740 1789 1779 1822; x_wconf 89' lang='lat' dir='ltr'>ad</span> 
     </span>
     <span class='ocr_line' id='line_1_78' title="bbox 1024 1838 1780 1887; baseline 0.008 -18"><span class='ocrx_word' id='word_1_437' title='bbox 1024 1838 1140 1871; x_wconf 87' lang='lat' dir='ltr'>damna</span> <span class='ocrx_word' id='word_1_438' title='bbox 1161 1845 1191 1872; x_wconf 88' lang='lat' dir='ltr'>et</span> <span class='ocrx_word' id='word_1_439' title='bbox 1211 1838 1378 1881; x_wconf 82' lang='lat' dir='ltr'>interesse,</span> <span class='ocrx_word' id='word_1_440' title='bbox 1409 1851 1503 1883; x_wconf 83' lang='lat' dir='ltr'>quae,</span> <span class='ocrx_word' id='word_1_441' title='bbox 1525 1841 1656 1875; x_wconf 89' lang='lat' dir='ltr'>illorum</span> <span class='ocrx_word' id='word_1_442' title='bbox 1674 1844 1780 1887; x_wconf 80' lang='lat' dir='ltr'>culpa,</span> 
     </span>
     <span class='ocr_line' id='line_1_79' title="bbox 1025 1892 1781 1939; baseline 0.009 -16"><span class='ocrx_word' id='word_1_443' title='bbox 1025 1892 1171 1935; x_wconf 84' lang='lat' dir='ltr'>partibus</span> <span class='ocrx_word' id='word_1_444' title='bbox 1191 1893 1377 1934; x_wconf 86' lang='lat' dir='ltr'>evenerint,</span> <span class='ocrx_word' id='word_1_445' title='bbox 1398 1894 1494 1927; x_wconf 86' lang='lat' dir='ltr'>etiam</span> <span class='ocrx_word' id='word_1_446' title='bbox 1525 1895 1550 1927; x_wconf 85' lang='lat' dir='ltr'>si</span> <span class='ocrx_word' id='word_1_447' title='bbox 1580 1895 1667 1939; x_wconf 87' lang='lat' dir='ltr'>ipsos</span> <span class='ocrx_word' id='word_1_448' title='bbox 1692 1896 1781 1929; x_wconf 79' lang='lat' dir='ltr'>exhi-</span> 
     </span>
     <span class='ocr_line' id='line_1_80' title="bbox 1024 1945 1782 1989; baseline 0.008 -12"><span class='ocrx_word' id='word_1_449' title='bbox 1024 1945 1153 1978; x_wconf 87' lang='lat' dir='ltr'>buerint</span> <span class='ocrx_word' id='word_1_450' title='bbox 1168 1952 1199 1979; x_wconf 91' lang='lat' dir='ltr'>et</span> <span class='ocrx_word' id='word_1_451' title='bbox 1216 1947 1368 1980; x_wconf 80' lang='lat' dir='ltr'>solvendo</span> <span class='ocrx_word' id='word_1_452' title='bbox 1383 1958 1447 1981; x_wconf 91' lang='lat' dir='ltr'>non</span> <span class='ocrx_word' id='word_1_453' title='bbox 1460 1948 1592 1989; x_wconf 82' lang='lat' dir='ltr'>fuerint,</span> <span class='ocrx_word' id='word_1_454' title='bbox 1610 1955 1782 1983; x_wconf 84' lang='lat' dir='ltr'>teneantur</span> 
     </span>
     <span class='ocr_line' id='line_1_81' title="bbox 1024 1998 1294 2042; baseline 0.004 -11"><span class='ocrx_word' id='word_1_455' title='bbox 1024 2003 1054 2031; x_wconf 86' lang='lat' dir='ltr'>et</span> <span class='ocrx_word' id='word_1_456' title='bbox 1075 1998 1205 2042; x_wconf 80' lang='lat' dir='ltr'>obligati</span> <span class='ocrx_word' id='word_1_457' title='bbox 1222 2000 1294 2032; x_wconf 88' lang='lat' dir='ltr'>sint.</span> 
     </span>
    </p>

    <p class='ocr_par' dir='ltr' id='par_1_11' title="bbox 1023 2052 1779 2192">
     <span class='ocr_line' id='line_1_82' title="bbox 1068 2052 1779 2095; baseline 0.007 -11"><span class='ocrx_word' id='word_1_458' title='bbox 1068 2052 1156 2095; x_wconf 63' lang='lat'>561.</span> <span class='ocrx_word' id='word_1_459' title='bbox 1179 2053 1263 2086; x_wconf 85' lang='lat' dir='ltr'>Nihil</span> <span class='ocrx_word' id='word_1_460' title='bbox 1284 2053 1426 2087; x_wconf 89' lang='lat' dir='ltr'>scribant</span> <span class='ocrx_word' id='word_1_461' title='bbox 1455 2054 1487 2087; x_wconf 91' lang='lat' dir='ltr'>in</span> <span class='ocrx_word' id='word_1_462' title='bbox 1517 2055 1622 2089; x_wconf 86' lang='lat' dir='ltr'>causis</span> <span class='ocrx_word' id='word_1_463' title='bbox 1651 2067 1669 2088; x_wconf 89' lang='lat' dir='ltr'>a</span> <span class='ocrx_word' id='word_1_464' title='bbox 1697 2056 1779 2090; x_wconf 90' lang='lat' dir='ltr'>duo-</span> 
     </span>
     <span class='ocr_line' id='line_1_83' title="bbox 1023 2105 1778 2152; baseline 0.008 -15"><span class='ocrx_word' id='word_1_465' title='bbox 1023 2105 1084 2137; x_wconf 89' lang='lat' dir='ltr'>bus</span> <span class='ocrx_word' id='word_1_466' title='bbox 1104 2106 1201 2139; x_wconf 84' lang='lat' dir='ltr'>scutis</span> <span class='ocrx_word' id='word_1_467' title='bbox 1222 2107 1313 2148; x_wconf 84' lang='lat' dir='ltr'>infra,</span> <span class='ocrx_word' id='word_1_468' title='bbox 1335 2108 1403 2141; x_wconf 86' lang='lat' dir='ltr'>sine</span> <span class='ocrx_word' id='word_1_469' title='bbox 1425 2108 1557 2152; x_wconf 90' lang='lat' dir='ltr'>speciali</span> <span class='ocrx_word' id='word_1_470' title='bbox 1578 2109 1709 2143; x_wconf 86' lang='lat' dir='ltr'>licentia</span> <span class='ocrx_word' id='word_1_471' title='bbox 1728 2110 1778 2143; x_wconf 92' lang='lat' dir='ltr'>iu-</span> 
     </span>
     <span class='ocr_line' id='line_1_84' title="bbox 1024 2158 1145 2192; baseline 0.017 -1"><span class='ocrx_word' id='word_1_472' title='bbox 1024 2158 1145 2192; x_wconf 88' lang='lat' dir='ltr'>dicum.</span> 
     </span>
    </p>

    <p class='ocr_par' dir='ltr' id='par_1_12' title="bbox 1023 2213 1779 2662">
     <span class='ocr_line' id='line_1_85' title="bbox 1068 2213 1779 2259; baseline 0.006 -13"><span class='ocrx_word' id='word_1_473' title='bbox 1068 2213 1082 2256; x_wconf 60' lang='lat' dir='ltr'>g</span> <span class='ocrx_word' id='word_1_474' title='bbox 1102 2213 1155 2247; x_wconf 72' lang='lat'>62.</span> <span class='ocrx_word' id='word_1_475' title='bbox 1174 2214 1243 2247; x_wconf 91' lang='lat' dir='ltr'>Non</span> <span class='ocrx_word' id='word_1_476' title='bbox 1260 2215 1433 2248; x_wconf 86' lang='lat' dir='ltr'>conficiant</span> <span class='ocrx_word' id='word_1_477' title='bbox 1452 2216 1597 2259; x_wconf 78' lang='lat' dir='ltr'>registra,</span> <span class='ocrx_word' id='word_1_478' title='bbox 1616 2217 1676 2250; x_wconf 85' lang='lat' dir='ltr'>nisi</span> <span class='ocrx_word' id='word_1_479' title='bbox 1693 2217 1779 2250; x_wconf 84' lang='lat' dir='ltr'>iuxta</span> 
     </span>
     <span class='ocr_line' id='line_1_86' title="bbox 1024 2267 1779 2314; baseline 0.008 -16"><span class='ocrx_word' id='word_1_480' title='bbox 1024 2267 1161 2300; x_wconf 88' lang='lat' dir='ltr'>sormam</span> <span class='ocrx_word' id='word_1_481' title='bbox 1189 2268 1289 2301; x_wconf 77' lang='lat' dir='ltr'>nostri</span> <span class='ocrx_word' id='word_1_482' title='bbox 1329 2274 1436 2302; x_wconf 84' lang='lat' dir='ltr'>motus</span> <span class='ocrx_word' id='word_1_483' title='bbox 1464 2270 1608 2314; x_wconf 87' lang='lat' dir='ltr'>proprii,</span> <span class='ocrx_word' id='word_1_484' title='bbox 1637 2281 1696 2304; x_wconf 87' lang='lat' dir='ltr'>nec</span> <span class='ocrx_word' id='word_1_485' title='bbox 1724 2271 1779 2304; x_wconf 87' lang='lat' dir='ltr'>illa</span> 
     </span>
     <span class='ocr_line' id='line_1_87' title="bbox 1023 2321 1776 2365; baseline 0.008 -13"><span class='ocrx_word' id='word_1_486' title='bbox 1023 2321 1071 2353; x_wconf 87' lang='lat' dir='ltr'>vel</span> <span class='ocrx_word' id='word_1_487' title='bbox 1092 2321 1187 2354; x_wconf 86' lang='lat' dir='ltr'>etiam</span> <span class='ocrx_word' id='word_1_488' title='bbox 1209 2328 1369 2356; x_wconf 76' lang='lat' dir='ltr'>extractus</span> <span class='ocrx_word' id='word_1_489' title='bbox 1400 2323 1432 2355; x_wconf 90' lang='lat' dir='ltr'>in</span> <span class='ocrx_word' id='word_1_490' title='bbox 1453 2324 1558 2357; x_wconf 84' lang='lat' dir='ltr'>causis</span> <span class='ocrx_word' id='word_1_491' title='bbox 1580 2325 1752 2358; x_wconf 87' lang='lat' dir='ltr'>ordinariis</span> <span class='ocrx_word' id='word_1_492' title='bbox 1770 2352 1776 2365; x_wconf 91' lang='lat'><strong><em>‚</em></strong></span> 
     </span>
     <span class='ocr_line' id='line_1_88' title="bbox 1023 2375 1779 2423; baseline 0.005 -16"><span class='ocrx_word' id='word_1_493' title='bbox 1023 2375 1119 2408; x_wconf 81' lang='lat' dir='ltr'>etiam</span> <span class='ocrx_word' id='word_1_494' title='bbox 1140 2381 1277 2419; x_wconf 81' lang='lat' dir='ltr'>utraque</span> <span class='ocrx_word' id='word_1_495' title='bbox 1295 2388 1348 2410; x_wconf 86' lang='lat' dir='ltr'>seu</span> <span class='ocrx_word' id='word_1_496' title='bbox 1367 2378 1467 2411; x_wconf 86' lang='lat' dir='ltr'>altera</span> <span class='ocrx_word' id='word_1_497' title='bbox 1484 2378 1623 2421; x_wconf 87' lang='lat' dir='ltr'>partium</span> <span class='ocrx_word' id='word_1_498' title='bbox 1640 2384 1779 2423; x_wconf 86' lang='lat' dir='ltr'>petente,</span> 
     </span>
     <span class='ocr_line' id='line_1_89' title="bbox 1023 2424 1779 2470; baseline 0.007 -15"><span class='ocrx_word' id='word_1_499' title='bbox 1023 2424 1084 2456; x_wconf 85' lang='lat' dir='ltr'>nisi</span> <span class='ocrx_word' id='word_1_500' title='bbox 1105 2425 1144 2458; x_wconf 89' lang='lat' dir='ltr'>de</span> <span class='ocrx_word' id='word_1_501' title='bbox 1165 2425 1310 2458; x_wconf 88' lang='lat' dir='ltr'>iudicum</span> <span class='ocrx_word' id='word_1_502' title='bbox 1341 2426 1471 2459; x_wconf 87' lang='lat' dir='ltr'>licentia</span> <span class='ocrx_word' id='word_1_503' title='bbox 1506 2426 1537 2458; x_wconf 91' lang='lat' dir='ltr'>in</span> <span class='ocrx_word' id='word_1_504' title='bbox 1564 2426 1690 2470; x_wconf 89' lang='lat' dir='ltr'>scriptis</span> <span class='ocrx_word' id='word_1_505' title='bbox 1722 2428 1779 2460; x_wconf 89' lang='lat' dir='ltr'>ob-</span> 
     </span>
     <span class='ocr_line' id='line_1_90' title="bbox 1024 2475 1779 2514; baseline 0.004 -8"><span class='ocrx_word' id='word_1_506' title='bbox 1024 2479 1127 2514; x_wconf 85' lang='lat' dir='ltr'>tenta,</span> <span class='ocrx_word' id='word_1_507' title='bbox 1148 2475 1196 2507; x_wconf 84' lang='lat' dir='ltr'>vel</span> <span class='ocrx_word' id='word_1_508' title='bbox 1217 2475 1276 2507; x_wconf 70' lang='lat' dir='ltr'>nisi</span> <span class='ocrx_word' id='word_1_509' title='bbox 1298 2480 1367 2508; x_wconf 80' lang='lat' dir='ltr'>acta</span> <span class='ocrx_word' id='word_1_510' title='bbox 1388 2481 1493 2508; x_wconf 86' lang='lat' dir='ltr'>essent</span> <span class='ocrx_word' id='word_1_511' title='bbox 1513 2476 1553 2509; x_wconf 90' lang='lat' dir='ltr'>ad</span> <span class='ocrx_word' id='word_1_512' title='bbox 1572 2476 1673 2509; x_wconf 89' lang='lat' dir='ltr'>alium</span> <span class='ocrx_word' id='word_1_513' title='bbox 1695 2476 1779 2509; x_wconf 90' lang='lat' dir='ltr'>iudi-</span> 
     </span>
     <span class='ocr_line' id='line_1_91' title="bbox 1023 2524 1778 2567; baseline 0.003 -12"><span class='ocrx_word' id='word_1_514' title='bbox 1023 2533 1093 2555; x_wconf 86' lang='lat' dir='ltr'>cem</span> <span class='ocrx_word' id='word_1_515' title='bbox 1114 2525 1373 2567; x_wconf 82' lang='lat' dir='ltr'>transportanda.</span> <span class='ocrx_word' id='word_1_516' title='bbox 1402 2525 1436 2557; x_wconf 90' lang='lat' dir='ltr'>In</span> <span class='ocrx_word' id='word_1_517' title='bbox 1463 2524 1567 2557; x_wconf 84' lang='lat' dir='ltr'>causis</span> <span class='ocrx_word' id='word_1_518' title='bbox 1597 2530 1704 2558; x_wconf 88' lang='lat' dir='ltr'>tamen</span> <span class='ocrx_word' id='word_1_519' title='bbox 1725 2535 1778 2558; x_wconf 80' lang='lat' dir='ltr'>ex-</span> 
     </span>
     <span class='ocr_line' id='line_1_92' title="bbox 1024 2571 1778 2607; baseline 0.005 -4"><span class='ocrx_word' id='word_1_520' title='bbox 1024 2571 1211 2605; x_wconf 88' lang='lat' dir='ltr'>cedentibus</span> <span class='ocrx_word' id='word_1_521' title='bbox 1237 2584 1397 2605; x_wconf 86' lang='lat' dir='ltr'>summam</span> <span class='ocrx_word' id='word_1_522' title='bbox 1418 2573 1635 2606; x_wconf 89' lang='lat' dir='ltr'>ducentorum</span> <span class='ocrx_word' id='word_1_523' title='bbox 1670 2579 1778 2607; x_wconf 84' lang='lat' dir='ltr'>scuto—</span> 
     </span>
     <span class='ocr_line' id='line_1_93' title="bbox 1023 2621 1778 2662; baseline 0.004 -9"><span class='ocrx_word' id='word_1_524' title='bbox 1023 2632 1115 2662; x_wconf 90' lang='lat' dir='ltr'>rum,</span> <span class='ocrx_word' id='word_1_525' title='bbox 1143 2621 1322 2656; x_wconf 86' lang='lat' dir='ltr'>dummodo</span> <span class='ocrx_word' id='word_1_526' title='bbox 1344 2633 1408 2657; x_wconf 87' lang='lat' dir='ltr'>non</span> <span class='ocrx_word' id='word_1_527' title='bbox 1429 2622 1491 2656; x_wconf 87' lang='lat' dir='ltr'>sint</span> <span class='ocrx_word' id='word_1_528' title='bbox 1511 2634 1627 2656; x_wconf 86' lang='lat' dir='ltr'>causae</span> <span class='ocrx_word' id='word_1_529' title='bbox 1653 2634 1778 2656; x_wconf 87' lang='lat' dir='ltr'>merce—</span> 
     </span>
    </p>
   </div>
   <div class='ocr_carea' id='block_1_8' title="bbox 1811 236 1992 266">
    <p class='ocr_par' dir='ltr' id='par_1_13' title="bbox 1811 236 1992 266">
     <span class='ocr_line' id='line_1_94' title="bbox 1811 236 1992 266; baseline 0.022 -4"><span class='ocrx_word' id='word_1_530' title='bbox 1811 236 1859 263; x_wconf 77' lang='lat' dir='ltr'>An.</span> <span class='ocrx_word' id='word_1_531' title='bbox 1879 237 1907 264; x_wconf 83' lang='lat' dir='ltr'>C.</span> <span class='ocrx_word' id='word_1_532' title='bbox 1926 238 1992 266; x_wconf 70' lang='lat'>¹562</span> 
     </span>
    </p>
   </div>
   <div class='ocr_carea' id='block_1_9' title="bbox 1804 676 1990 728">
    <p class='ocr_par' dir='ltr' id='par_1_14' title="bbox 1804 676 1990 728">
     <span class='ocr_line' id='line_1_95' title="bbox 1830 676 1990 696; baseline 0 0"><span class='ocrx_word' id='word_1_533' title='bbox 1830 676 1882 696; x_wconf 67' lang='lat' dir='ltr'>Tau»</span> <span class='ocrx_word' id='word_1_534' title='bbox 1902 682 1914 696; x_wconf 75' lang='lat' dir='ltr'>a</span> <span class='ocrx_word' id='word_1_535' title='bbox 1929 680 1990 696; x_wconf 60' lang='lat' dir='ltr'>iii-ta&lt;</span> 
     </span>
     <span class='ocr_line' id='line_1_96' title="bbox 1804 708 1965 728; baseline 0.006 -1"><span class='ocrx_word' id='word_1_536' title='bbox 1804 708 1839 728; x_wconf 76' lang='lat' dir='ltr'>riis</span> <span class='ocrx_word' id='word_1_537' title='bbox 1855 709 1965 728; x_wconf 62' lang='lat' dir='ltr'>servanda.</span> 
     </span>
    </p>
   </div>
   <div class='ocr_carea' id='block_1_10' title="bbox 1796 1373 1985 1457">
    <p class='ocr_par' dir='ltr' id='par_1_15' title="bbox 1796 1373 1985 1457">
     <span class='ocr_line' id='line_1_97' title="bbox 1823 1373 1985 1394; baseline -0.006 0"><span class='ocrx_word' id='word_1_538' title='bbox 1823 1373 1895 1394; x_wconf 61' lang='lat' dir='ltr'>Officia</span> <span class='ocrx_word' id='word_1_539' title='bbox 1925 1377 1985 1394; x_wconf 76' lang='lat' dir='ltr'>uota-</span> 
     </span>
     <span class='ocr_line' id='line_1_98' title="bbox 1797 1405 1982 1425; baseline 0 0"><span class='ocrx_word' id='word_1_540' title='bbox 1797 1405 1885 1425; x_wconf 69' lang='lat' dir='ltr'>statuum</span> <span class='ocrx_word' id='word_1_541' title='bbox 1901 1411 1942 1425; x_wconf 82' lang='lat' dir='ltr'>non</span> <span class='ocrx_word' id='word_1_542' title='bbox 1952 1412 1982 1425; x_wconf 65' lang='lat' dir='ltr'>ar&lt;</span> 
     </span>
     <span class='ocr_line' id='line_1_99' title="bbox 1796 1437 1909 1457; baseline 0 -1"><span class='ocrx_word' id='word_1_543' title='bbox 1796 1437 1909 1457; x_wconf 61' lang='lat' dir='ltr'>relidenda,</span> 
     </span>
    </p>
   </div>
   <div class='ocr_carea' id='block_1_11' title="bbox 1795 1743 1982 1833">
    <p class='ocr_par' dir='ltr' id='par_1_16' title="bbox 1795 1743 1982 1833">
     <span class='ocr_line' id='line_1_100' title="bbox 1870 1743 1982 1765; baseline 0.009 -1"><span class='ocrx_word' id='word_1_544' title='bbox 1870 1743 1982 1765; x_wconf 76' lang='lat' dir='ltr'>Substituit</span> 
     </span>
     <span class='ocr_line' id='line_1_101' title="bbox 1795 1780 1982 1802; baseline -0.005 -6"><span class='ocrx_word' id='word_1_545' title='bbox 1795 1780 1833 1802; x_wconf 80' lang='lat' dir='ltr'>per</span> <span class='ocrx_word' id='word_1_546' title='bbox 1862 1780 1899 1795; x_wconf 74' lang='lat' dir='ltr'>eos</span> <span class='ocrx_word' id='word_1_547' title='bbox 1924 1780 1982 1795; x_wconf 83' lang='lat' dir='ltr'>reci-</span> 
     </span>
     <span class='ocr_line' id='line_1_102' title="bbox 1796 1807 1874 1833; baseline 0.013 -8"><span class='ocrx_word' id='word_1_548' title='bbox 1796 1807 1874 1833; x_wconf 85' lang='lat' dir='ltr'>piendi.</span> 
     </span>
    </p>
   </div>
   <div class='ocr_carea' id='block_1_12' title="bbox 1795 2076 1984 2161">
    <p class='ocr_par' dir='ltr' id='par_1_17' title="bbox 1795 2076 1984 2161">
     <span class='ocr_line' id='line_1_103' title="bbox 1822 2076 1984 2104; baseline -0.006 -6"><span class='ocrx_word' id='word_1_549' title='bbox 1822 2077 1887 2098; x_wconf 78' lang='lat' dir='ltr'>Actus</span> <span class='ocrx_word' id='word_1_550' title='bbox 1909 2076 1984 2104; x_wconf 81' lang='lat' dir='ltr'>prohi-</span> 
     </span>
     <span class='ocr_line' id='line_1_104' title="bbox 1795 2108 1982 2130; baseline 0.011 -2"><span class='ocrx_word' id='word_1_551' title='bbox 1795 2108 1832 2129; x_wconf 87' lang='lat' dir='ltr'>biti</span> <span class='ocrx_word' id='word_1_552' title='bbox 1863 2115 1874 2128; x_wconf 76' lang='lat' dir='ltr'>a</span> <span class='ocrx_word' id='word_1_553' title='bbox 1900 2109 1982 2130; x_wconf 84' lang='lat' dir='ltr'>duobus</span> 
     </span>
     <span class='ocr_line' id='line_1_105' title="bbox 1795 2139 1940 2161; baseline 0 0"><span class='ocrx_word' id='word_1_554' title='bbox 1795 2141 1862 2161; x_wconf 72' lang='lat' dir='ltr'>scutis</span> <span class='ocrx_word' id='word_1_555' title='bbox 1878 2139 1940 2161; x_wconf 78' lang='lat' dir='ltr'>intra.</span> 
     </span>
    </p>
   </div>
   <div class='ocr_carea' id='block_1_13' title="bbox 1795 2231 1982 2324">
    <p class='ocr_par' dir='ltr' id='par_1_18' title="bbox 1795 2231 1982 2324">
     <span class='ocr_line' id='line_1_106' title="bbox 1808 2231 1982 2258; baseline 0.006 -6"><span class='ocrx_word' id='word_1_556' title='bbox 1808 2231 1905 2258; x_wconf 58' lang='lat' dir='ltr'>Regium</span> <span class='ocrx_word' id='word_1_557' title='bbox 1927 2233 1982 2253; x_wconf 81' lang='lat' dir='ltr'>tien-</span> 
     </span>
     <span class='ocr_line' id='line_1_107' title="bbox 1795 2264 1980 2285; baseline 0 -1"><span class='ocrx_word' id='word_1_558' title='bbox 1795 2264 1820 2284; x_wconf 79' lang='lat' dir='ltr'>da</span> <span class='ocrx_word' id='word_1_559' title='bbox 1831 2265 1887 2285; x_wconf 76' lang='lat' dir='ltr'>iuxta</span> <span class='ocrx_word' id='word_1_560' title='bbox 1904 2267 1980 2285; x_wconf 80' lang='lat' dir='ltr'>motum</span> 
     </span>
     <span class='ocr_line' id='line_1_108' title="bbox 1795 2298 1911 2324; baseline 0.009 -7"><span class='ocrx_word' id='word_1_561' title='bbox 1795 2298 1911 2324; x_wconf 82' lang='lat' dir='ltr'>proprium.</span> 
     </span>
    </p>
   </div>
  </div>
 </body>
</html>
