2237 3100
489 230 554 266 906

446 293 534 335 tutis,
562 293 650 336 quod
669 292 702 325 in
724 303 916 335 unaquaque
937 302 1050 325 eorum
1071 293 1200 336 provin-

446 346 630 387 cia‚unum,
645 346 737 385 duos,
749 351 824 385 tres,
840 350 979 388 quatuor
994 346 1043 378 vel
1056 347 1200 390 quinque

444 406 500 432 aut
533 400 643 443 plures
668 398 713 431 eis
737 398 818 430 bene
849 397 930 430 visos
961 398 1037 431 dicti
1072 399 1200 433 Ordinis

445 453 610 496 religiosos
630 462 686 484 seu
712 452 838 491 fratres,
860 451 1012 494 probatos
1029 457 1137 486 tamen
1163 465 1199 487 ae

444 507 506 539 side
532 511 562 538 et
582 504 729 538 doctrina
753 504 888 537 idoneos
914 511 944 537 et
964 505 1003 538 ab
1037 506 1115 550 ipsis
1140 518 1198 551 ap-

444 560 605 602 probatos,
626 559 658 591 in
684 558 825 591 notarios
848 569 972 599 creare,
1000 560 1198 594 constituere

443 620 474 645 et
493 613 661 656 deputare.
684 612 742 651 Qui
776 612 820 644 sie
846 612 955 653 creati,
977 613 1142 646 constituti
1168 620 1199 648 et

442 665 598 709 deputati,
625 665 693 698 sine
717 665 829 708 aliquo
863 672 1013 709 respectu
1047 672 1078 700 et
1109 668 1197 700 omni

442 724 586 752 cessante
647 719 868 759 recusatione,
913 720 1031 761 libere,
1072 721 1198 764 quoties

442 772 588 815 requisiti
634 773 753 805 suerint
778 800 785 813 ,
831 773 940 806 onmia
990 779 1021 806 et,
1071 774 1198 817 singula

442 827 604 867 mandata,
624 826 798 870 privilegia,
821 827 1057 867 concessiones,
1078 828 1198 870 gratias

442 885 473 912 ct
504 879 628 912 indulta
652 879 827 923 apostoliea
858 879 987 923 aliaque
1023 886 1087 912 tam
1122 881 1197 914 uni-

441 933 575 966 versalia
595 943 693 976 quam
719 933 927 977 particularia
948 933 1023 966 dicti
1056 934 1195 974 Ordinis,

442 997 478 1019 ae
498 986 664 1030 quibusvis
698 986 768 1019 aliis
807 998 889 1030 qnae
923 988 961 1020 de
991 988 1198 1021 Observautia

442 1046 516 1073 sunt
536 1046 661 1074 tantum
682 1041 773 1082 locis,
795 1041 957 1081 domibus,
973 1042 1194 1083 conventilnis,

443 1094 647 1127 monasteriis
680 1100 710 1127 ct
744 1094 910 1135 ecclesiis,
954 1101 1017 1128 tam
1053 1096 1196 1129 virorum

443 1159 540 1191 quam
564 1148 739 1181 mulierum
765 1154 795 1181 et
817 1159 873 1181 seu
898 1149 1044 1182 eiusdem
1067 1148 1197 1183 Ordinis

442 1202 595 1245 magistro
626 1202 782 1244 generali,
811 1202 1064 1245 provincialilms
1082 1230 1089 1243 ,
1110 1203 1197 1236 vica-

442 1254 510 1294 riis,
537 1255 702 1298 prioribus
723 1261 753 1288 et
778 1255 849 1288 aliis
882 1256 1107 1299 superioribus
1132 1257 1196 1289 sra-

441 1307 545 1341 tribus
569 1319 606 1341 ac
631 1308 798 1342 abbatissis
814 1335 821 1349 ,
847 1308 1020 1352 priorissis,
1047 1309 1196 1343 moniali-

441 1361 502 1394 bus
522 1367 550 1394 et
567 1362 795 1405 aliispersonis
808 1363 867 1395 sub
888 1363 1011 1406 Regula
1032 1364 1196 1397 dictorum

443 1415 579 1448 fratrum
601 1416 805 1459 degentibus,
833 1422 864 1449 et
889 1428 972 1460 quae
992 1424 1067 1450 sunt
1085 1418 1198 1451 Obser-

441 1469 566 1501 vantiae
593 1474 730 1511 tantum,
759 1470 790 1503 in
816 1481 933 1512 genere
954 1472 1002 1503 vel
1024 1471 1055 1504 in
1076 1471 1195 1514 speeie,

442 1527 473 1555 et
497 1523 536 1555 ad
557 1523 740 1556 universam
763 1524 827 1557 sive
849 1524 1007 1567 privatam
1023 1524 1197 1558 utilitatem

442 1587 595 1609 concessa
612 1582 643 1609 et
665 1583 821 1615 emanata,
843 1577 999 1621 rescripta
1020 1578 1198 1621 apostoliea

442 1630 563 1663 eisdem
596 1630 748 1673 regibus,
783 1631 942 1671 ducibus,
973 1631 1195 1675 principibus,

442 1683 686 1717 marchionibus
702 1711 709 1725 ,
733 1685 907 1717 comitibus
921 1692 943 1724 ,·
965 1685 1142 1718 baronibus
1168 1691 1198 1718 et

441 1737 581 1771 dominis
619 1738 754 1781 aliisque
788 1739 935 1781 personis
973 1739 1197 1773 ecclesiasticis

441 1794 472 1824 et
508 1791 731 1824 saecularibus
767 1792 1051 1836 quibuscumque,
1086 1794 1141 1826 ubi
1168 1799 1198 1827 et.

441 1844 566 1887 quoties
600 1855 682 1888 opus
708 1846 824 1885 suerit,
852 1857 889 1878 ac
923 1846 961 1879 ad
987 1846 1018 1879 id
1048 1847 1195 1890 requisiti

441 1898 573 1938 suerint,
596 1898 763 1932 notificare
798 1904 828 1931 et
862 1899 1023 1933 intimare.
1052 1900 1095 1933 Ac
1126 1911 1197 1934 eos-

441 1951 532 1991 dem,
549 1951 636 1984 iuxta
661 1952 899 1992 mandatorum,
929 1953 1194 1994 concessionum,

442 2004 664 2046 indultorum,
694 2006 940 2049 privilegiorum
967 2012 997 2039 et
1022 2007 1196 2051 rescripto-

442 2069 514 2091 rum
536 2059 722 2093 huiusmodi
742 2060 898 2100 sormam,
919 2060 1149 2093 continentiam
1168 2067 1198 2094 et

441 2117 600 2153 tenorem,
628 2123 761 2146 monere
797 2119 827 2146 et
855 2113 1044 2157 requirere,
1070 2114 1197 2158 aliaque

442 2165 550 2198 omnia
571 2172 599 2198 et
615 2166 742 2209 singula
756 2166 842 2200 eirea
854 2178 890 2200 ea
906 2167 1062 2210 requisita
1087 2172 1117 2201 et
1138 2178 1196 2211 op-

442 2224 582 2261 portuna
596 2219 711 2260 facere,
726 2230 832 2262 agere,
849 2231 998 2253 exercere
1020 2226 1050 2254 et
1071 2221 1195 2264 exequi,

441 2282 478 2304 ae
504 2271 542 2304 dc
564 2272 684 2305 eisdem
706 2273 858 2306 omnibus
882 2278 912 2306 et
932 2273 1068 2316 singulis
1086 2274 1195 2317 publi-

442 2335 496 2357 eos
522 2330 552 2358 et
572 2326 703 2369 publiea
728 2332 820 2360 actus
844 2333 875 2360 et
900 2327 1115 2361 instrumenta
1144 2339 1196 2362 co-

442 2387 510 2410 ram
536 2379 671 2413 testibus
691 2381 730 2413 ad
753 2381 814 2414 hoc
835 2381 1000 2424 requisitis
1035 2382 1196 2415 conticere

443 2431 473 2458 et
508 2426 655 2470 stipulari
698 2429 792 2462 acin
824 2437 933 2463 notam
959 2431 1129 2473 redigere,
1166 2437 1197 2464 ct

443 2475 568 2516 exinde,
585 2479 683 2511 semel
703 2479 751 2511 vel
773 2479 906 2521 pluries,
930 2485 1027 2522 prout
1048 2480 1087 2512 ad
1102 2479 1132 2512 id
1148 2490 1197 2513 re—

442 2524 549 2566 quisiti
571 2525 702 2566 suerint,
726 2538 827 2560 unum
841 2529 889 2561 vel
912 2529 1021 2571 plnres
1041 2539 1077 2561 ae
1102 2529 1196 2571 plura

442 2574 591 2616 publicos
616 2580 643 2607 et
662 2576 790 2618 publiea
811 2582 901 2610 aetus
922 2582 952 2610 et
970 2577 1195 2618 instrumenta,

442 2622 561 2666 quibus
586 2620 698 2656 eadem
729 2635 861 2667 prorsus
886 2626 965 2659 fides
989 2625 1193 2667 adhibeatur,

1039 240 1220 264 BULLARIUM
1243 241 1395 266 ROMANUM

1244 293 1276 326 in
1301 294 1424 327 indieio
1444 299 1475 328 et
1500 299 1587 327 extra
1617 305 1654 327 ae
1679 294 1812 338 ubique,
1836 306 1872 328 ae
1896 296 1921 328 si
1938 306 1996 339 per

1242 347 1321 380 alios
1337 358 1561 391 quoscumque
1583 346 1731 391 publicos
1742 352 1772 380 ct
1792 349 1995 382 authenticos

1242 405 1370 443 rogatos
1390 401 1533 434 notarios
1553 401 1716 444 stipulata,
1733 401 1876 434 confecta
1895 407 1925 434 et
1939 414 1995 445 pu-

1241 453 1357 486 blicata
1371 458 1401 486 et
1421 454 1639 487 authenticam
1654 453 1799 493 fuissent,
1821 454 1994 495 conficere,

1241 511 1269 539 et
1287 506 1402 539 debitis
1422 507 1520 550 signis
1540 512 1571 540 et
1591 507 1835 540 characteribus
1855 508 1996 541 subscri-

1240 559 1327 599 bere,
1346 560 1513 603 publicare
1535 565 1565 593 et
1589 559 1821 601 authenticam,
1842 560 1943 594 libere
1967 568 1998 595 et

1240 612 1326 646 licite
1347 613 1471 657 possint
1486 618 1516 646 et
1532 614 1666 653 valeant,
1687 613 1864 657 apostoliea
1884 619 1996 647 aueto-

1240 665 1349 707 ritate,
1376 671 1488 699 tenore
1518 666 1749 710 praesentium,
1772 667 1935 700 licentiam
1967 673 1997 700 et

1240 719 1425 752 facultatem
1446 719 1663 763 impartimur,
1685 720 1895 753 concedimus
1906 721 1996 753 etin-

1239 773 1429 816 dnlgemus:
1453 773 1640 816 eisdemque
1661 773 1751 814 actis,
1768 773 1863 814 notis,
1882 773 1998 807 instru-

1239 826 1356 859 mentis
1376 832 1406 860 et
1425 827 1605 870 seripturis,
1618 837 1677 871 per
1693 827 1796 860 dictos
1816 827 1997 870 religiosos,

1239 885 1274 913 ut
1294 881 1487 924 praefertur,
1511 881 1654 914 notarios
1674 881 1844 924 deputatos
1864 881 1998 925 stipula-

1240 933 1541 974 tis,eonl‘cctiset‚ut
1555 934 1750 978 praefertur,
1760 934 2000 973 authenticatis,

1239 987 1453 1020 indubitatam
1475 988 1571 1020 tidem
1584 987 1725 1030 ubique,
1750 987 1858 1020 tamin
1880 988 2000 1020 iudicio

1239 1052 1337 1084 quani
1358 1047 1457 1081 extra,
1477 1041 1644 1082 adbibere,
1667 1052 1704 1074 ae
1721 1042 1850 1074 cosdem
1868 1041 1999 1075 sieinti-

1240 1100 1353 1135 matos,
1377 1095 1516 1128 monitos
1536 1100 1567 1128 et
1587 1095 1760 1139 requisitos
1786 1095 1831 1128 eis
1856 1095 1940 1128 affici
1970 1101 2001 1128 et

1239 1148 1356 1181 aretari
1372 1148 1491 1182 debere
1507 1149 1669 1189 volumus,
1689 1149 1859 1182 statuimus
1874 1153 1905 1181 et
1916 1148 2000 1182 ordi-

1238 1212 1366 1234 namus.

1283 1256 1298 1299 g
1317 1255 1349 1288 3.
1363 1256 1548 1289 Mami-autes
1560 1261 1743 1300 propterea,
1758 1256 1790 1289 in
1801 1256 1918 1289 virtute
1930 1266 2001 1289 san-

1239 1314 1308 1342 etae
1333 1309 1536 1343 obedientiae
1563 1315 1593 1342 et
1612 1309 1845 1352 indignationis
1871 1315 2000 1343 nostrae

1239 1374 1275 1395 ac
1297 1363 1519 1406 suspensionis
1535 1374 1551 1395 a
1572 1362 1697 1402 divinis,
1715 1362 1823 1406 quoad
1837 1362 1999 1407 archiepi—

1239 1426 1355 1459 scopos
1375 1421 1405 1449 ct
1425 1416 1613 1459 episcopos:
1636 1416 1745 1459 quoad
1765 1415 1846 1449 alios
1862 1415 1999 1449 veroin-

1240 1469 1384 1509 seriores,
1408 1470 1467 1503 sub
1497 1470 1629 1503 maioris
1656 1469 2000 1503 excommunicationis

1239 1524 1321 1556 latae
1342 1523 1518 1556 sentcntiae
1539 1523 1665 1567 poenis,
1694 1524 1842 1556 locorum
1868 1523 2001 1557 ordina*

1239 1577 1296 1609 riis
1310 1583 1340 1610 et
1357 1577 1428 1610 aliis
1445 1577 1611 1621 quibusvis
1629 1577 1788 1620 personis,
1814 1577 2000 1610 cuiuscum-

1239 1641 1302 1674 que
1328 1636 1437 1671 status,
1458 1631 1587 1674 gradus,
1613 1631 1736 1664 ordinis
1756 1636 1787 1664 et
1806 1630 2000 1664 conditionis

1240 1684 1461 1724 existentibu&
1484 1690 1515 1717 et
1533 1695 1752 1728 quacumque,
1776 1687 1870 1717 etiam
1895 1684 1999 1717 dictae

1239 1738 1341 1779 Sedis,
1365 1738 1570 1778 auctoritate,
1588 1738 1738 1771 facultate
1752 1748 1809 1771 seu
1828 1743 1997 1781 potestate,

1240 1792 1335 1824 ctiam
1352 1792 1445 1835 legati
1465 1792 1503 1824 de
1524 1793 1623 1825 latere
1643 1802 1680 1824 ae
1701 1790 1919 1824 cardinalatus
1938 1791 1998 1824 ho-

1239 1855 1317 1877 nore
1327 1845 1548 1888 sungentibus,
1558 1856 1597 1879 ne
1607 1845 1692 1889 ipsos
1700 1845 1852 1885 notarios
1862 1850 1898 1878 ut
1908 1855 1999 1888 prae-

1239 1898 1351 1939 fertur,
1369 1899 1538 1942 deputatos
1564 1904 1594 1932 et
1623 1899 1762 1938 eleetos,
1792 1898 1856 1932 sive
1885 1909 1998 1932 eorum

1239 1952 1380 1994 aliquem
1398 1952 1429 1985 in
1450 1952 1640 1986 executione
1653 1951 1916 1996 supradictorum
1931 1962 1999 1984 om-

1239 2005 1329 2038 nium
1354 2006 1465 2049 quovis
1493 2006 1590 2039 modo
1611 2006 1800 2050 impediant,
1821 2016 1877 2038 seu
1896 2005 1998 2049 impe-

1239 2058 1308 2092 dire
1331 2065 1385 2092 aut
1412 2060 1604 2103 perturbare
1625 2059 1766 2092 audeant
1793 2059 1842 2092 vel
1862 2069 1998 2102 praesu-

1240 2117 1339 2145 mant.

1282 2167 1297 2209 ξ
1321 2166 1353 2199 [ι.
1377 2167 1420 2200 Ac
1442 2167 1652 2200 decernentes
1672 2172 1859 2210 praesentes
1876 2165 1997 2199 litteras

1238 2219 1328 2252 nullo
1349 2230 1506 2263 umquam
1539 2226 1684 2263 tempore
1711 2220 1750 2252 de
1779 2219 1998 2262 subreptionis

1238 2273 1285 2305 vel
1307 2272 1506 2317 obreptionis
1525 2278 1580 2305 aut
1599 2272 1756 2305 nullitatis
1772 2283 1828 2306 seu
1844 2272 1996 2306 intentio-

1239 2325 1289 2359 nis
1309 2332 1438 2360 nostrae
1462 2326 1536 2359 vitio
1568 2338 1625 2359 seu
1655 2326 1782 2359 defectu
1808 2325 1914 2359 notari
1939 2336 1995 2359 seu

1238 2378 1436 2423 impugnari,
1459 2391 1496 2413 ac
1517 2381 1576 2412 snb
1597 2379 1762 2423 quibusvis
1782 2378 1995 2412 revocationi-

1238 2428 1310 2469 bus,
1322 2429 1587 2472 derogationibus
1597 2428 1882 2462 etaliiscontrariis
1891 2427 1996 2470 dispo-

1239 2479 1421 2518 sitionibus,
1436 2490 1453 2511 a
1469 2479 1616 2511 nobisvel
1627 2478 1870 2511 suecessoribus
1878 2477 1995 2510 nostris

1239 2528 1439 2567 emanandis,
1455 2528 1721 2572 comprehensas,
1740 2527 1794 2559 sed
1812 2536 1940 2569 semper
1955 2526 1994 2558 ab

1238 2576 1300 2610 illis
1316 2583 1465 2621 exceptas
1481 2577 1627 2618 existere,
1640 2581 1670 2609 et
1684 2575 1809 2618 quoties
1820 2574 1892 2607 illae
1909 2585 1995 2607 ema·

1238 2626 1374 2668 nabunt,
1398 2627 1491 2660 toties
1508 2626 1540 2659 in
1561 2626 1732 2670 pristinum
1750 2630 1867 2658 statum
1885 2628 1915 2656 et
1941 2634 1992 2656 va-

2010 242 2060 267 An.
2079 239 2107 267 C.
2127 239 2190 268 1571

2059 1256 2126 1277 lussio
2143 1257 2196 1283 qum!

2016 1289 2118 1315 praedit-u
2138 1290 2197 1308 nota-

2015 1320 2040 1340 rii
2063 1325 2104 1339 nun
2130 1320 2199 1345 inipe-

2015 1349 2106 1371 diamur.

2033 2174 2133 2195 Clausulas
2144 2180 2196 2201 pm-

2011 2207 2130 2227 servalivae
2160 2206 2194 2226 Ιιιι-

2011 2243 2042 2264 ius
2059 2239 2163 2273 privilegii
