2237 3100
32 281 84 310 An.
102 281 130 308 C.
150 281 217 309 {567

46 392 141 415 Licentia
149 395 215 413 trans-

33 426 96 447 eundi
110 426 134 446 ad
144 425 207 445 atium

31 456 140 482 Ordinem,
156 456 214 476 dum-

32 489 93 509 modo
102 487 216 508 observan-

33 520 82 541 tiam
93 522 173 540 toneat.

65 1106 96 1129 De
109 1107 215 1129 bonorum

31 1139 119 1161 residuo
164 1138 216 1159 nihil

31 1169 150 1191 faciendum
181 1170 216 1190 in-

33 1201 131 1223 consutio
173 1200 215 1222 lto-

31 1238 93 1254 msno
103 1231 214 1255 Pontifices.

59 1488 132 1509 Poena
141 1487 162 1509 in
178 1491 217 1508 eos

35 1520 68 1548 qui
79 1520 155 1540 contra
160 1524 217 1546 μνω-

32 1551 98 1572 missa
105 1550 216 1578 quicquam

33 1581 135 1604 fecerint.

81 2293 158 2316 Penne
168 2298 222 2315 con—

38 2329 72 2348 tu
97 2324 221 2353 impedien-

40 2359 73 2379 tes
93 2357 223 2385 exequutio-

38 2393 88 2410 nem
118 2393 223 2415 praesen-

40 2420 91 2442 tium
105 2418 222 2442 literarum.

911 282 978 307 PIL'S
1001 284 1020 307 V
1043 284 1090 308 PP-

277 333 365 376 510.
393 333 575 366 Dummodo
595 337 703 366 tamen
733 333 809 377 ipsis
837 335 987 369 fratribus

232 392 264 420 et
283 386 450 420 sororibus
471 387 638 420 monachis
658 393 689 420 et
704 388 910 430 monialibus,
931 390 984 432 qui

231 441 270 474 ad
290 440 389 474 alium
410 440 562 475 Ordinem
583 441 740 484 regularis
768 442 985 477 observantiae

232 494 397 528 transferri
418 495 600 535 maluerint,
622 495 797 528 dummodo
820 497 858 528 ad
880 497 984 539 Regu-

230 549 294 581 lam
305 553 470 581 transeant
480 548 664 588 arctiorem,
683 559 747 582 non
758 548 981 583 interdicatur.

230 602 377 646 Ipsorum
405 612 479 635 vero
503 602 587 634 hona
607 602 781 646 praedicta,
809 614 985 647 omnesque

231 656 417 689 huiusmodi
455 656 612 689 donmum
651 661 681 689 et
714 658 983 691 monasteriorum

230 709 366 743 fratrum
392 709 657 743 Conventualium
678 711 831 751 redditus,
852 712 890 745 de
910 712 984 745 assi-

231 764 383 797 stentium
403 774 616 808 personarum
638 764 876 807 praedictarum
906 776 984 798 con-

231 817 313 858 silio,
332 817 374 850 ita
393 818 587 851 distribuant
606 823 654 859 ut,
674 823 844 863 postquam
863 819 983 853 eisdem

231 871 383 905 fratribus
416 871 456 905 de
475 871 693 915 Observantia,
726 872 758 905 in
779 873 881 906 dictos
906 884 983 906 con-

230 930 343 959 ventus
372 925 633 966 introducendis,
663 926 702 959 de
732 927 923 971 supellectili
955 932 985 960 et

231 980 382 1014 omnibus
398 979 468 1013 aliis
494 981 534 1014 ad
554 991 667 1014 eorum
690 980 822 1021 victum,
841 981 983 1014 divinum

232 1035 369 1077 cultum,
392 1034 603 1068 ecclesiarum
624 1040 655 1068 et
674 1035 831 1069 domuum
851 1046 983 1079 repara-

230 1088 351 1122 tionem
384 1088 573 1122 necessariis
600 1088 809 1132 providerint,
845 1090 981 1133 reliqua,

232 1143 291 1177 sub
302 1143 412 1177 stricto
425 1148 601 1187 sequestro,
614 1153 714 1188 penes
729 1143 860 1177 idoneas
875 1154 985 1187 perso-

231 1207 288 1231 nas
319 1202 519 1242 reponantur
543 1208 599 1231 seu
624 1197 859 1237 custodiantur,
881 1197 984 1231 donec

231 1251 310 1296 quid
338 1262 397 1284 nos
424 1250 485 1295 ipsi
510 1262 609 1296 super
641 1251 704 1284 illis
733 1251 981 1291 decreverimus,

231 1315 287 1339 seu
316 1306 520 1339 statuendum
550 1305 749 1346 duxerimus,
772 1316 830 1350 per
861 1311 985 1339 nostras

231 1358 340 1393 literas
358 1359 584 1393 intellexerint.

276 1414 290 1458 ἓ
319 1414 373 1448 111.
404 1414 467 1447 Nos
495 1414 580 1447 enim
611 1414 684 1455 sibi,
714 1420 780 1447 tam
809 1414 985 1459 praemissa

232 1469 340 1504 omnia
365 1474 395 1503 et
419 1469 544 1512 singula
568 1480 605 1502 ac
626 1469 688 1502 alia
709 1468 794 1502 circa
812 1480 848 1502 ea
872 1479 984 1502 neces-

232 1523 316 1557 saria
336 1528 367 1557 et
386 1528 569 1568 opportuna
589 1523 720 1566 gerendi
742 1528 770 1556 et
805 1523 985 1564 exercendi,

231 1588 330 1623 quam
350 1578 604 1612 contradictores
619 1577 779 1622 quoslibet
794 1582 824 1611 et
835 1577 982 1618 rebelles,

232 1632 343 1676 eisque
368 1632 538 1674 auxilium,
570 1632 742 1666 consilium
769 1632 817 1665 vel
843 1632 985 1665 savorem

232 1691 443 1732 praestantes,
465 1697 524 1730 per
558 1687 742 1728 sententias,
778 1697 931 1720 censuras
957 1692 986 1720 et

231 1751 352 1789 poenas
375 1741 557 1786 praedictas
581 1741 708 1786 aliaque
734 1747 918 1786 opportuna
939 1741 986 1775 iu-

232 1796 276 1831 ris
296 1801 327 1830 et
350 1796 425 1829 facti
442 1795 596 1837 remedia,
619 1796 836 1840 appellatione
858 1801 988 1839 postpo-

231 1850 291 1887 sita
310 1850 560 1896 compescendo,
584 1850 802 1894 legitimisque
824 1851 987 1895 superbis

231 1904 388 1940 habendis
404 1904 533 1938 servatis
553 1904 769 1949 processibus,
801 1905 984 1946 sententias,

234 1969 387 1994 censuras
407 1963 438 1992 et
464 1954 584 2002 poenas
617 1958 713 2002 ipsas,
745 1958 840 1991 etiam
866 1958 988 1992 iteratis

232 2012 368 2053 vicibus,
390 2012 602 2056 aggravando,
632 2022 761 2045 necnon
781 2011 986 2046 interdictum

234 2066 487 2101 ecclesiasticum
513 2066 728 2110 imponendo,
754 2065 904 2107 liberam,
929 2077 986 2099 au-

235 2120 382 2154 ctoritate
402 2119 589 2164 apostolica,
612 2131 670 2164 per
691 2125 873 2164 praesentes
889 2120 987 2154 sacul-

235 2179 333 2209 tatem
355 2174 563 2208 concedimus
582 2180 613 2208 et
636 2173 852 2218 impartimur.

281 2229 296 2274 ἓ
315 2227 369 2262 12.
387 2228 567 2262 Districtius
586 2228 768 2262 inhibentes
783 2228 884 2272 ipsius
899 2228 989 2262 Ordi—

236 2282 286 2317 nis
305 2282 572 2317 Conventualium
600 2282 823 2326 superioribus
853 2282 988 2326 aliisque

237 2336 402 2382 quibusvis
436 2336 593 2381 personis,
615 2335 850 2380 cuiuscumque
876 2341 987 2377 status,

238 2391 368 2435 gradus,
381 2390 503 2424 ordinis
513 2396 543 2424 et
558 2389 751 2424 conditionis
767 2389 986 2431 existentibus,

239 2450 270 2480 et
289 2456 495 2490 quacumque
511 2444 676 2488 dignitate,
694 2449 758 2477 tarn
775 2443 990 2477 ecclesiastica

239 2499 270 2528 et
289 2494 476 2539 episcopali,
504 2493 772 2538 archiepiscopali
795 2498 826 2526 et
846 2493 992 2526 cardina-

239 2544 335 2585 latus,
362 2555 459 2589 quam
485 2543 660 2583 mundana,
697 2542 791 2575 etiam
826 2542 933 2575 ducali
962 2547 991 2575 et

238 2594 343 2638 regia,
359 2593 579 2638 fungentibus,
601 2604 641 2627 ne
662 2593 790 2626 eosdem
817 2591 991 2625 ilenricum

240 2643 448 2685 cardinalem,
479 2642 740 2688 archiepiscopos
760 2647 791 2675 et
821 2642 992 2685 episcopos

1668 275 1730 309 627

1028 338 1139 380 quovis
1164 338 1259 370 modo
1284 343 1314 371 et
1348 337 1461 380 quovis
1489 338 1634 381 quaesito
1669 340 1775 372 colore

1027 392 1075 424 vel
1095 392 1225 434 ingenio
1245 393 1427 433 molestare,
1446 392 1626 435 inquietare
1644 394 1690 425 vel
1706 404 1776 437 per-

1028 445 1157 478 turbare
1178 446 1317 478 audeant
1336 446 1383 478 vel
1412 452 1629 489 praesumant.

1071 497 1159 542 {21:3.
1194 499 1407 532 Decernentes
1435 510 1564 544 quoque
1594 507 1779 544 praesentes

1028 551 1148 592 literas,
1172 553 1262 586 nullo
1284 564 1426 597 unquam
1447 560 1604 597 tempore,
1619 554 1657 588 de
1670 556 1779 588 subre-

1028 605 1145 648 ptionis
1174 607 1221 638 vel
1255 606 1452 651 obreptionis
1476 607 1564 648 vitio,
1595 613 1650 641 aut
1675 608 1778 642 inten-

1026 658 1124 691 tionis
1153 664 1279 693 nostrae
1299 662 1347 693 vel
1378 661 1531 705 quopiam
1561 662 1624 696 alio
1651 663 1777 696 defectu

1027 712 1142 751 notari,
1164 713 1348 757 impugnari
1375 715 1559 749 nullatenus
1584 727 1689 759 posse,
1722 717 1780 750 mi-

1026 776 1123 798 nusve
1136 766 1216 805 illas,
1231 767 1325 800 etiam
1342 769 1428 811 quod
1449 769 1574 803 Ordinis
1594 770 1779 804 huiusmodi

1027 819 1223 863 superiores,
1245 821 1284 853 ad
1305 822 1336 854 id
1357 832 1421 854 non
1442 823 1545 856 vocati
1573 824 1704 865 suerint,
1730 825 1777 858 vel

1026 873 1113 917 quod
1134 874 1193 917 ipsi
1214 885 1231 907 a
1252 876 1436 916 cardinalis,
1460 877 1779 922 archiepiscoporum

1027 932 1056 960 et
1068 928 1298 971 episcoporum
1310 929 1533 964 iurisdictione
1550 932 1688 976 exempti
1704 932 1778 974 sint,

1025 992 1062 1014 ac
1086 987 1259 1026 propterea
1286 982 1360 1026 ipsis
1382 994 1494 1027 parere
1522 985 1706 1019 nullatenus
1730 986 1780 1019 in-

1028 1035 1169 1075 tendant,
1194 1035 1378 1080 impugnari
1398 1038 1444 1070 vel
1466 1043 1577 1071 contra
1598 1039 1668 1072 illas
1687 1040 1780 1073 deve-

1025 1088 1089 1120 niri
1110 1099 1214 1131 posse:
1237 1089 1303 1130 sed,
1318 1090 1380 1123 illis
1399 1096 1429 1123 et
1449 1091 1708 1137 quibuscumque
1729 1104 1779 1127 re-

1027 1141 1286 1183 clamationibus,
1309 1143 1581 1188 appellationibus
1606 1151 1636 1178 et
1655 1151 1781 1180 contra·

1027 1195 1222 1230 dictionibus
1255 1197 1389 1230 omnino
1411 1199 1623 1239 cessantibus,
1659 1199 1691 1232 in
1716 1200 1782 1234 suis

1026 1250 1142 1283 robore
1177 1257 1208 1284 et
1235 1251 1378 1284 efficacia
1412 1252 1581 1296 persistere
1598 1280 1605 1293 ,
1642 1264 1781 1298 suosque

1027 1305 1189 1349 plenarios
1217 1305 1350 1339 effectus
1370 1306 1490 1347 sortiri,
1526 1312 1556 1339 et
1589 1307 1627 1340 ad
1649 1307 1780 1340 illorum

1026 1360 1248 1393 executionem
1269 1361 1402 1394 omnino
1423 1361 1554 1404 procedi
1575 1362 1704 1400 debere;
1720 1361 1780 1395 sic-

1027 1424 1089 1458 que
1115 1425 1173 1457 per
1193 1425 1416 1458 quoscumque
1437 1415 1562 1448 iudices
1586 1422 1616 1449 et
1633 1418 1782 1450 commis-

1028 1467 1140 1508 sarios,
1163 1468 1259 1501 etiam
1280 1479 1452 1502 causarum
1472 1468 1582 1502 Palatii
1607 1470 1781 1513 Apostolici

1027 1522 1201 1562 auditores,
1224 1533 1260 1555 ac
1281 1522 1311 1556 S.
1335 1522 1371 1556 R.
1395 1523 1428 1556 E.
1458 1523 1645 1563 cardinales,
1659 1524 1782 1557 sublata

1028 1577 1074 1610 eis
1088 1582 1238 1610 eteorum
1254 1577 1505 1622 cuilibetquavis
1516 1577 1782 1611 aliteriudicandi

1028 1636 1058 1665 et
1078 1631 1310 1676 interpretandi
1331 1631 1494 1672 facultate,
1517 1631 1654 1665 iudicari
1675 1638 1705 1665 et
1730 1633 1783 1665 de-

1027 1686 1114 1719 finiri
1133 1687 1264 1727 debere;
1283 1686 1410 1720 irritum
1432 1697 1564 1731 quoque
1585 1691 1615 1720 et
1631 1686 1735 1727 inane,
1757 1687 1782 1720 si

1029 1750 1132 1780 secus,
1156 1751 1253 1785 super
1272 1741 1334 1782 his,
1357 1751 1375 1773 a
1395 1751 1572 1785 quoquam,
1595 1741 1704 1785 quavis
1729 1751 1784 1774 au-

1029 1794 1188 1835 ctoritate,
1202 1793 1339 1828 scienter
1353 1794 1407 1827 vel·
1421 1794 1619 1838 ignoranter,
1642 1794 1784 1838 contige—

1030 1849 1070 1882 rit
1087 1848 1246 1882 attentari.

1073 1899 1087 1942 ξ
1114 1898 1166 1931 14.
1197 1898 1267 1931 Non
1293 1898 1495 1931 obstantibus
1525 1898 1710 1942 praemissis
1746 1909 1783 1932 ac

1028 1949 1193 1993 quibusvis
1217 1948 1400 1992 apostolicis
1431 1959 1490 1981 nec
1510 1958 1575 1980 non
1600 1950 1632 1980 in
1658 1947 1783 1992 provin-

1030 1998 1166 2031 cialibus
1199 2004 1230 2031 et
1264 1997 1471 2041 synodalibus
1511 1996 1658 2030 conciliis
1692 1996 1784 2030 editis

1030 2047 1225 2092 specialibus
1256 2047 1305 2080 vel
1348 2046 1553 2090 generalibus
1581 2046 1784 2079 constitutio-

1030 2097 1124 2130 nibus
1158 2102 1188 2130 et
1221 2096 1501 2136 ordinationibus3
1541 2105 1578 2128 ac
1621 2100 1782 2128 monaste-

1793 285 1842 311 Αη.
1861 285 1974 314 (3.1567

1829 516 1974 537 Praesentium

1794 548 1903 569 literarum
1941 549 1976 569 sir-

1794 582 1861 600 mnas.

1814 1916 1923 1937 clausulae
1934 1922 1981 1943 spe-

1798 1948 1873 1969 cialt-s.

1030 2147 1178 2188 riorum,
1221 2147 1378 2180 domuum
1421 2151 1451 2179 et
1490 2144 1616 2178 Ordinis
1655 2144 1807 2188 praedis

1031 2201 1176 2237 ctorum,
1208 2196 1406 2236 iuramento,
1441 2194 1686 2228 confirmatione
1706 2204 1783 2237 apo-

1032 2246 1143 2279 stolica
1165 2247 1213 2279 vel
1234 2245 1344 2290 quavis
1364 2245 1515 2278 firmitate
1535 2244 1597 2277 alia
1612 2243 1782 2284 roboratis,

1032 2295 1156 2329 statutis
1197 2300 1228 2329 et
1265 2293 1576 2333 consuetudinibus3
1612 2292 1786 2337 privilegiis

1031 2356 1174 2390 quoque,
1198 2344 1330 2378 indultis
1351 2349 1381 2377 et
1409 2342 1510 2376 literis
1535 2342 1721 2386 apostolicis
1740 2342 1784 2375 ei-

1033 2395 1105 2428 dem
1121 2393 1232 2428 Ordini
1256 2393 1407 2436 illiusque
1430 2392 1653 2435 superioribus
1669 2397 1699 2424 et
1714 2402 1785 2436 per-

1033 2443 1131 2484 sonis,
1166 2443 1226 2477 sub
1260 2442 1522 2487 quibuscumque
1554 2440 1723 2474 tenoribus
1757 2447 1787 2475 et

1033 2493 1158 2535 formis,
1181 2504 1217 2527 ac
1239 2503 1312 2526 cum
1325 2491 1501 2536 quibusvis,
1514 2490 1608 2524 etiam
1622 2491 1787 2534 derogato-

1033 2543 1155 2577 riarum
1173 2541 1382 2586 derogatoriis
1402 2540 1536 2585 aliisque
1553 2540 1787 2574 efficacioribus

1034 2598 1065 2626 et
1094 2592 1241 2631 insolitis,
1273 2590 1445 2630 clausulis,
1464 2589 1729 2633 irritantibusque
1757 2593 1787 2622 et

1034 2641 1104 2675 aliis
1133 2641 1282 2682 decretis,
1314 2641 1346 2673 in
1371 2650 1488 2683 genere
1507 2639 1555 2672 vel
1598 2638 1630 2672 in
1664 2638 1783 2683 specie,

239 2693 289 2727 vel
307 2692 347 2727 ab
375 2692 422 2728 eis
448 2692 716 2736 subdelegandos,
742 2691 774 2726 in
794 2690 990 2737 praemissis,
1009 2694 1017 2755 ¹
1035 2691 1130 2726 etiam
1158 2701 1217 2737 per
1235 2690 1319 2725 viam
1339 2687 1500 2734 generalis
1520 2687 1599 2733 legis
1613 2688 1662 2722 vel
1678 2687 1787 2722 statuti
