2237 3100
244 293 294 319 An.
316 293 421 321 C.1561
483 282 546 317 456

242 345 711 401 b5e1115111÷2=epu<proutincffluffi,
734 350 766 378 ut
788 344 886 378 moris
906 346 1021 385 est,vel
1042 343 1190 388 perviam

265 386 311 401 ΜΠ
325 387 354 401 Μ’
439 399 566 432 termini
586 410 644 443 pro
665 404 799 441 serrato,
822 398 1064 432 subscribantur
1083 403 1113 431 et
1128 409 1189 441 pu-

1036 288 1216 316 BULLARIUM
1239 286 1390 313 ROMANUM

1999 284 2052 312 Αιι.
2067 283 2097 312 C.
2113 284 2178 312 {1⁵61

1233 346 1359 384 gantur,
1381 346 1433 374 aut
1445 341 1477 374 in
1497 340 1624 374 casibus
1638 340 1795 374 rotalibus
1809 339 1857 373 vel
1869 348 1981 372 eorum

1235 394 1435 438 processibus
1455 405 1522 428 sese
1542 405 1673 438 quoquo
1697 394 1792 428 modo
1822 392 1981 426 intromit-

439 452 598 485 bliccntm·
618 452 648 485 in
669 453 841 485 actisintra
858 452 1041 496 quindecim
1063 452 1142 487 dics;
1160 456 1191 483 et
1212 436 1213 460 ¹
1232 454 1295 480 taut
1313 476 1318 484 ,
1354 459 1412 481 nec
1433 448 1601 482 advocatos
1626 453 1656 482 et
1684 452 1910 492 procuratores
1927 451 1982 480 aut

438 505 469 538 iu
491 506 601 538 ultima
622 506 696 538 anni
712 506 874 538 audientia
894 506 988 541 latae.
1007 504 1087 537 infra
1104 514 1190 537 men-
1231 501 1356 545 aliquos
1385 513 1422 534 ex
1452 501 1517 535 suis
1543 501 1675 535 notariis
1704 501 1896 535 domesticos
1924 501 1981 533 lia-

437 570 515 595 senr,
533 559 675 603 alioquin
693 558 978 602 pronunciationes
1002 557 1188 590 huiusmodi

437 623 495 656 pro
513 611 742 645 circumductis
761 612 951 644 habeantur.

481 666 494 708 ξ
520 666 549 697 u.
578 664 718 697 Termini
740 664 832 697 etiam
856 674 914 707 pro
935 664 1064 697 servatis
1088 664 1187 697 habiti

255 724 346 760 ,Nomii
364 726 421 744 wi<
436 716 472 752 et'
486 720 617 752 cedulae
652 719 794 762 ipsarum
825 719 1079 758 sententiarum,
1106 729 1188 761 quae

238 757 419 813 iieiiiisiiiiiiffis
437 773 596 805 interdum
619 783 676 816 per
691 772 787 805 alium
802 772 964 805 notarium
975 783 1071 815 quam
1082 777 1188 804 actua-

238 819 338 841 '⁰¹⁰¹'³¹¹¹¹·
436 826 520 858 rium
542 825 641 869 ipsius
662 837 776 858 causae
797 826 837 858 ad
852 825 1058 859 referendum
1084 824 1186 869 accipi

435 885 681 917 consueverunt,
701 880 882 912 referantur
895 879 954 923 ipsi
968 879 1092 912 notario
1110 890 1186 911 cau-

434 944 485 966 sae
502 933 610 966 cadem
632 933 679 965 vel
700 932 845 976 sequenti
861 932 924 969 dic,
942 943 1005 976 qua
1025 931 1187 975 recipiun-

433 991 496 1019 tur.
521 986 553 1018 ln
564 986 686 1019 ultimis
697 996 771 1019 vero
783 985 966 1025 audientiis,
981 986 1092 1017 saltem
1106 984 1186 1017 infra

434 1039 593 1075 triduum:
617 1045 647 1072 et
671 1039 695 1071 si
726 1040 864 1079 auditor,
887 1039 942 1082 qui
963 1038 1185 1082 pronunciavit

434 1099 528 1137 prout
551 1094 582 1126 in
603 1094 715 1126 cedula
735 1093 783 1125 vel
804 1092 979 1125 torminum
996 1091 1108 1124 habuit
1127 1102 1186 1135 pro

432 1152 573 1187 servato,
601 1147 769 1180 retinuerit
798 1146 982 1179 citationem
1008 1156 1107 1189 penes
1133 1156 1184 1185 se,

433 1200 519 1233 illam
541 1200 665 1233 notario
687 1210 801 1234 causae
823 1198 969 1232 similiter
990 1199 1071 1231 intra
1091 1195 1185 1243 prae.-

431 1254 532 1287 dictos
544 1254 612 1287 dies
623 1254 811 1297 consignare
823 1253 948 1293 debeat,
961 1252 1038 1285 alias
1058 1251 1185 1285 termini

431 1307 616 1341 huiusmodi
638 1307 850 1340 circumducti
877 1312 907 1340 et
927 1306 1008 1338 irriti
1035 1316 1186 1339 censean-

431 1368 493 1394 tur.

474 1415 488 1457 ἓ
499 1415 529 1448 7.
542 1414 675 1447 Aud'uor
682 1425 755 1448 vero
763 1424 826 1447 non
836 1413 1028 1457 pronunciet
1037 1414 1068 1446 in
1079 1424 1184 1453 causa,

240 1473 414 1494 sonienmcnon
430 1468 491 1501 nisi
512 1469 653 1511 perfecto
670 1468 805 1511 registro
826 1472 856 1500 ct
876 1467 930 1500 illo
946 1467 984 1499 ad
1000 1467 1112 1500 Rotam
1130 1467 1184 1500 de-

232 1504 416 1561 i'tfia‘eesissiiiii11asne'-
432 1522 506 1561 lato,
529 1533 593 1555 una
614 1532 686 1554 cum
708 1521 801 1554 dictis
822 1520 969 1560 testium,
992 1520 1119 1564 illisque
1148 1531 1185 1553 ac

232 1570 331 1592 ‘mmm'
431 1575 556 1608 iuribus
572 1575 603 1608 in
622 1576 732 1609 eadem
745 1575 836 1615 Rota,
850 1580 945 1618 prout
961 1585 1012 1607 res
1028 1573 1181 1617 exegerit,

431 1630 530 1662 lectis.
555 1630 588 1662 ln
610 1629 722 1662 ultima
749 1639 824 1661 vero
844 1627 918 1661 anni
945 1627 1120 1669 audientia,
1148 1639 1184 1661 ac

430 1683 702 1727 quandocumque
723 1688 836 1725 agetur
863 1682 901 1714 de
922 1681 1051 1714 serenda
1076 1681 1184 1715 decla-

430 1736 547 1769 ratoria
574 1742 684 1769 contra
709 1741 952 1775 contumacem,
983 1734 1078 1767 etiam
1100 1735 1183 1778 regi-

431 1796 494 1823 stro
504 1800 567 1823 non
582 1791 735 1835 perfecto,
755 1800 791 1821 ex
807 1788 1017 1831 originalibus
1036 1798 1183 1832 pronun-

431 1844 515 1877 ciare
535 1845 647 1877 valeat.
671 1844 713 1876 lta
734 1848 839 1875 tamen
856 1842 942 1886 quod
954 1853 1029 1886 pars
1041 1842 1079 1875 ad
1091 1842 1184 1875 cuius

430 1898 611 1931 instantiam
624 1896 875 1941 pronunciatum
888 1896 994 1936 suerit,
1009 1896 1180 1938 registrum

430 1952 534 1995 ipsum
556 1962 614 1995 pro
634 1956 779 1984 actorum
797 1949 1182 1992 conservatione,quanto

430 2004 522 2038 citius
543 2004 654 2049 perfici
671 2014 784 2037 curare
800 2008 958 2036 teneatur.

473 2059 487 2101 ξ
507 2058 538 2091 8.
562 2058 596 2090 Et
618 2057 750 2101 insuper
770 2057 898 2090 auditor
909 2055 1054 2100 partibus
1074 2060 1182 2098 peten-

230 2116 413 2153 occisionum-co·
430 2111 513 2144 tibus
538 2112 663 2154 copiam
689 2111 861 2144 decisionis
887 2110 919 2143 in
945 2120 1041 2142 causa
1061 2109 1179 2149 sactae,

229 2149 413 2204 Εζῖωρωωώω
428 2176 501 2198 cum
518 2166 643 2198 iuribus
664 2176 700 2198 ac
712 2165 902 2204 rationibus,
917 2164 1043 2196 tradere
1055 2163 1178 2199 debeat,

430 2225 522 2263 prout
533 2219 709 2262 antiquitus
717 2219 919 2251 laudabiliter
927 2218 995 2251 fieri
1004 2217 1177 2250 consuevit.

472 2276 486 2315 ξ
506 2273 536 2306 9,
560 2274 680 2306 Causae
701 2277 808 2305 autem
830 2271 980 2315 propriae
996 2270 1180 2303 auditorum

243 2332 413 2353 Cnusueaudiw-
428 2332 456 2359 et
491 2337 603 2360 eorum
626 2326 831 2359 familiarium
865 2336 901 2358 ac
922 2323 1180 2367 consanguineo-

230 2366 412 2420 ζὲἓιιιὲςῖἷηοιὶιιῖιῑᾞ
429 2391 499 2413 rum
513 2380 714 2413 x'clal'linium
735 2390 838 2422 usque
858 2379 897 2413 ad
918 2378 1094 2411 secundum
1107 2388 1179 2420 gra-

229 2424 287 2445 ΜΝ·
428 2434 515 2471 dum,
530 2434 614 2467 iuxta
631 2434 680 2466 ius
697 2433 889 2466 canonicum
910 2431 1177 2475 computandum,

430 2494 492 2515 non
514 2489 749 2526 cognoscantur
770 2484 800 2515 in
821 2483 910 2515 Rota.

473 2532 554 2574 §itt
578 2532 641 2564 Nec
662 2532 825 2565 auditores
846 2531 875 2563 in
897 2540 1009 2563 eorum
1031 2529 1180 2562 domibus

230 2577 415 2629 εζζὲᾞζζῗῃᾱοᾚζ
429 2581 616 2613 substitutos
636 2581 682 2613 vcl
704 2581 851 2613 doctores
871 2584 925 2612 aut
945 2579 1024 2611 alios
1040 2578 1178 2621 iurispe-

229 2640 347 2659 „udnorum
372 2645 413 2660 non
429 2634 518 2667 ritos,
540 2629 634 2662 etiam
653 2629 920 2672 consanguineos,
943 2627 998 2671 qui
1019 2626 1179 2660 substituti

229 2671 413 2724 {Jcssssss‘gnssfgfflff
428 2678 475 2712 vel
490 2677 631 2712 advocati
651 2683 706 2710 aut
725 2676 947 2721 procuratoris
967 2675 1074 2710 officio
1104 2677 1177 2710 sun-

1232 554 1337 588 beant.
1377 556 1473 595 Item,
1516 555 1658 589 advocati
1698 561 1752 588 aut
1790 559 1981 599 procurato-

1231 620 1281 641 res
1297 609 1527 652 consanguinei
1547 609 1594 642 vel
1618 608 1730 642 affines
1749 619 1852 652 usque
1871 608 1911 642 ad
1932 617 1982 641 se-

1231 663 1374 695 cundum
1408 663 1544 706 gradum
1582 663 1721 696 alicuius
1757 661 1911 696 auditoris
1945 672 1982 694 ac

1230 716 1324 749 etiam
1357 716 1442 749 illius
1467 716 1599 757 notarii,
1627 717 1660 749 in
1685 716 1789 750 causis
1814 726 1922 750 coram
1943 725 1982 748 eo

1230 768 1442 812 pendentibus
1449 771 1633 804 nullatenus
1642 769 1835 814 patrocinari
1843 770 1978 803 valeant.

1274 823 1353 865 ξΜ.
1371 823 1434 856 Nec
1456 823 1619 857 auditores
1640 824 1902 867 compellantaut
1926 823 1982 856 ali-

1229 887 1293 918 quo
1315 877 1411 909 modo
1432 877 1586 910 inducant
1606 882 1712 920 partes
1731 887 1789 920 per
1809 887 1841 910 se
1860 877 1908 910 vel
1925 887 1982 920 per
1997 870 2181 922 ζῖἀωζζςῇζζζζ

1229 930 1318 967 alios,
1347 935 1381 963 ut.
1401 936 1565 964 assumant
1590 936 1714 964 eertum
1731 931 1918 964 advocatum
1933 931 1982 964 vel
1998 933 2182 984 f‘flum'⁸d'⁰⁰²·

1230 989 1488 1026 procuratorem,
1515 984 1569 1017 sed
1586 984 1700 1017 electio
1712 984 1899 1018 huiusmodi
1915 995 1982 1018 om·
1998 969 2182 1021 riiiriimpmu‘

1229 1036 1304 1069 nino
1316 1037 1458 1080 ipsarum
1471 1037 1609 1082 partium
1623 1037 1755 1071 arbitrio
1765 1038 1979 1082 relinquatur.

1272 1091 1287 1132 ,ξ
1312 1091 1364 1123 12.
1393 1092 1483 1131 Item,
1507 1092 1648 1125 decanus
1668 1096 1698 1125 et
1718 1091 1771 1124 alii
1799 1092 1979 1134 auditores,

1230 1144 1416 1187 praesertim
1448 1144 1658 1188 antiquiores,
1684 1145 1848 1179 attendant
1867 1156 1907 1179 ne
1922 1146 1982 1179 ali-

1228 1197 1305 1241 quid
1326 1209 1390 1231 non
1403 1199 1508 1232 solum
1529 1204 1641 1232 contra
1661 1199 1722 1239 ius,
1745 1199 1800 1232 sed
1815 1210 1875 1233 nec
1886 1200 1982 1234 etiam

1229 1257 1340 1284 contra
1352 1253 1467 1295 stylum
1483 1258 1514 1285 et
1533 1252 1711 1286 decisiones
1728 1253 1875 1298 antiquas
1885 1253 1982 1287 factas

1229 1304 1259 1337 in
1272 1305 1363 1345 Rota,
1377 1317 1459 1349 quae
1471 1306 1646 1351 impressae
1662 1306 1836 1347 habentur,
1849 1317 1982 1350 quoquo

1228 1359 1324 1392 modo
1340 1359 1519 1400 decidatur,
1543 1359 1638 1393 etiam
1654 1366 1819 1404 praetextu
1840 1360 1982 1404 aequita-

1229 1412 1266 1445 tis
1286 1413 1316 1445 in
1338 1412 1408 1446 iure
1420 1423 1484 1446 non
1497 1413 1645 1457 scriptae,
1664 1413 1735 1454 nisi,
1752 1414 1889 1447 maxima
1905 1425 1981 1448 cum

1228 1466 1350 1499 ratione
1371 1472 1398 1499 et
1417 1467 1627 1507 discussione,
1652 1467 1803 1500 omnibus
1825 1467 1905 1501 votis
1925 1478 1980 1501 seu

1227 1520 1337 1552 saltem
1374 1520 1504 1553 illorum
1535 1520 1661 1554 duabus
1690 1520 1792 1554 tertiis
1815 1521 1979 1565 partibus,

1226 1573 1319 1606 aliter
1338 1573 1522 1607 faciendum
1543 1584 1611 1608 esse
1632 1573 1832 1608 iudicaverit.

1271 1627 1285 1670 ξ
1305 1627 1358 1661 13.
1377 1627 1532 1672 Deinceps
1552 1628 1647 1661 etiam
1664 1628 1697 1661 in
1717 1627 1821 1661 causis
1839 1627 1981 1673 penden-

1226 1679 1310 1713 tibus
1331 1691 1395 1713 non
1416 1682 1623 1714 attendantur
1649 1681 1776 1725 aliquae
1796 1680 1977 1722 nullitates,

1226 1739 1453 1778 praeterquam
1463 1745 1499 1767 ex
1508 1735 1635 1768 defectu
1652 1734 1891 1775 iurisdictionis,
1904 1734 1980 1768 cita-

1226 1787 1320 1820 tionis
1345 1788 1393 1820 vel
1422 1788 1582 1827 mandati,
1615 1788 1674 1821 nisi
1701 1799 1796 1821 causa
1825 1788 1980 1822 nullitatis

1225 1841 1407 1885 specialiter
1427 1847 1499 1875 ante
1519 1841 1624 1875 datam
1650 1842 1868 1886 praesentium
1894 1853 1981 1876 com-

1226 1894 1321 1927 missa
1342 1895 1551 1938 reperiretur.

1269 1950 1283 1991 ᾗ
1303 1948 1356 1981 fili.
1381 1949 1418 1981 Et
1436 1960 1453 1981 a
1473 1948 1683 1993 liquidatione
1704 1949 1869 1983 fructuum
1882 1954 1913 1982 et
1924 1960 1978 1983 ex·
2005 1961 2022 1982 Α
2039 1960 2177 1988 liquidauone

1225 2012 1400 2045 pensarum
1421 2002 1578 2036 taxatione
1600 2003 1699 2036 semel
1718 2007 1844 2036 tantum
1869 2003 1979 2047 appel·
1991 1991 2178 2051 {¹:¹,fssffffi‘22122‘1

1225 2055 1290 2088 lare
1310 2056 1413 2095 liceat,
1435 2055 1477 2088 ita
1496 2056 1582 2100 quod
1602 2056 1685 2089 duae
1706 2057 1889 2090 conformes
1909 2067 1977 2090 rem
1992 2054 2118 2083 ¹⁹⁹0¹¹⁶²¹¹“
2165 2050 2176 2059 ⁴

1225 2108 1395 2141 iudicatam
1417 2109 1545 2142 faciant,

1268 2164 1282 2206 ᾖ
1302 2163 1355 2197 15.
1380 2163 1548 2196 Auditores
1572 2174 1647 2197 vero
1672 2174 1784 2197 causas
1802 2163 1862 2197 sibi
1887 2174 1977 2197 com·
2063 2174 2175 2197 Auditor„

1224 2216 1345 2256 missas,
1359 2227 1417 2260 pro
1429 2217 1495 2250 sola
1512 2217 1651 2261 partium
1668 2216 1921 2261 importunitate,
1937 2216 1976 2249 ad
1991 2206 2111 2257 ἕὲὗζῗζζά
2124 2206 2176 2259 ἓὲἓ.

1223 2269 1454 2306 Cancellariam
1476 2271 1640 2304 remittere
1669 2281 1733 2304 non
1758 2270 1899 2315 possint,
1921 2270 1976 2304 sed
1990 2269 2174 2326 {2{.Iu{?m⁵“⁶'·

1225 2328 1357 2363 tantum,
1371 2323 1477 2356 hahita
1489 2324 1617 2357 licentia
1628 2334 1646 2357 a
1657 2324 1790 2358 Summo
1806 2323 1972 2364 Ponfifice,
2075 2315 2081 2325 '

1223 2378 1269 2409 vcl
1291 2388 1327 2410 ex
1348 2377 1438 2411 iustis
1458 2377 1563 2411 causis
1583 2377 1728 2411 deductis
1744 2377 1776 2409 in
1791 2377 1870 2411 Rota
1885 2382 1915 2410 et
1935 2377 1974 2410 ab

1223 2442 1259 2464 ea
1280 2432 1432 2475 probatis.

1266 2482 1280 2521 ,ξ
1301 2480 1354 2513 to.
1378 2481 1414 2513 Et
1434 2480 1459 2513 si
1484 2480 1612 2514 auditor
1631 2479 1815 2522 cognoverit
1839 2480 1871 2513 in
1895 2480 1975 2514 actis
1997 2493 2171 2516 cuminum-1-

1222 2529 1330 2562 adcsse
1346 2529 1564 2574 suspicionem
1581 2528 1735 2568 criminis,
1750 2529 1889 2562 remittat
1904 2534 1974 2562 acta
1988 2526 2172 2578 ζῇζζῃζξῑέξάῑξξξ

1222 2578 1406 2611 huiusmodi
1440 2579 1488 2611 vel
1509 2578 1638 2611 illorum
1658 2578 1854 2621 exemplum,
1877 2583 1974 2622 prout
1987 2593 2077 2614 mutum.

1222 2637 1273 2659 res
1288 2627 1440 2670 exegerit,
1451 2627 1490 2660 ad
1506 2626 1645 2660 iudicem
1663 2626 1875 2660 ordinarium.
1894 2628 1931 2660 Et
1946 2627 1970 2661 si

1221 2686 1316 2708 causa
1337 2676 1513 2710 criminalis
1527 2675 1766 2719 praeiudicialis
1785 2676 1882 2710 suerit
1897 2686 1971 2710 cau-

2010 839 2124 861 Auditores
2139 845 2180 860 non

2010 1101 2055 1122 Non
2066 1102 2179 1129 disponant

1999 1136 2073 1154 contra
2087 1134 2118 1154 ius
2129 1136 2167 1154 etc.

2008 1642 2122 1666 Nullitates
2136 1646 2181 1665 tro·

1996 1678 2076 1696 tantum
2109 1677 2180 1697 utten-

1996 1707 2078 1728 dautur.
