2237 3100
63 244 114 273 Αη.
131 245 243 274 (7.1560

81 1156 164 1178 statuta
176 1160 197 1178 et
208 1162 240 1178 or-

57 1188 176 1209 dinationes
202 1194 240 1209 ca-

57 1219 116 1245 pituli
134 1219 240 1245 generalis

57 1251 105 1270 anni
140 1256 223 1271 numu
234 1266 240 1275 ,

57 1280 166 1307 npprobn,

925 245 993 269 Ptt's
1016 246 1047 269 lv
1070 246 1117 269 PP.

259 299 414 343 cepimus,
434 298 565 338 editam,
577 309 640 341 qua
660 299 744 331 inter
761 298 823 330 alia
844 298 946 331 caveri
963 297 1012 331 di-

258 352 342 385 vitur
361 361 510 395 expresse
530 352 629 395 quod,
648 362 706 396 pro
728 351 882 384 evitandis
903 351 1012 384 litibus

257 410 288 438 et
306 404 491 444 discordiis,
513 415 596 447 quae
616 404 744 448 saepius
769 404 801 437 in
822 410 1011 448 praecepto-

258 458 312 492 riis
345 457 420 491 dicti
453 457 620 501 hospitalis
654 457 802 491 suscitari
835 457 956 497 solent,
978 457 1011 490 in

257 511 487 556 praeceptoriis
516 517 544 544 et
574 511 740 544 benefieiis
766 511 933 554 hospitalis
952 511 1011 543 hu-

257 565 394 599 iusmodi
416 564 455 598 ad
475 575 591 597 manus
608 564 750 597 iudicum
772 565 811 598 ad
831 564 863 597 id
883 575 1011 608 compe-

257 618 392 652 tentium
412 618 636 662 apprehensis,
658 617 689 650 in
710 624 818 651 tenuta
838 623 868 650 et
888 628 1010 660 posses-

255 672 348 705 soriis
368 682 404 704 ac
424 671 494 704 aliis
509 671 655 704 articulis
670 676 701 704 et
721 670 935 714 processibus,
952 671 1007 713 qui

255 736 365 759 coram
385 725 547 758 iudicibus
566 724 786 758 saecularibus
796 724 926 757 tractari
937 734 1009 767 pos-

254 784 341 820 sunt,
363 778 410 812 illi
430 779 575 812 obtinere
600 778 737 811 debeant
751 804 758 818 ,
780 777 846 821 qui,
864 788 924 822 per
943 788 1009 810 ma-

253 833 389 876 gistrum
423 838 453 865 et
482 837 675 866 conventum
706 830 871 874 hospitalis
898 831 1009 863 huius-

255 887 341 920 modi
354 886 489 930 provisi,
503 897 618 919 eorum
637 885 743 919 bullas
762 890 791 917 et
812 884 1008 917 executoria-

253 941 300 973 les
315 940 419 983 regias
431 939 600 973 habuerint
618 944 648 972 et
660 937 904 982 reportaverint,
919 938 1008 970 iuxta

252 995 420 1027 literarum
455 994 555 1038 ipsius
588 992 716 1026 loannis
750 991 1007 1035 praedecessoris

253 1047 484 1080 continentiam
505 1052 535 1080 et
558 1052 715 1079 tenorem.

297 1101 312 1144 ξ
333 1101 386 1134 54.
409 1101 444 1134 Et
467 1101 600 1144 insuper
619 1099 727 1133 omnia
747 1103 777 1132 et
798 1098 926 1142 singula
946 1103 1007 1131 sta-

252 1153 431 1194 bilimenta,
454 1153 673 1187 ordinationes
693 1157 721 1184 et
744 1151 874 1184 decreta
894 1151 926 1184 iu
952 1163 1005 1184 ca-

254 1207 356 1252 pitulo
376 1206 517 1251 generali
538 1205 707 1239 novissime
724 1205 887 1238 celebrato
908 1205 1004 1244 edita,

254 1261 441 1305 praesertim
466 1261 504 1293 de
528 1259 616 1293 sestis
640 1260 862 1303 apostolorum
887 1258 1007 1302 duplici

254 1314 359 1347 officio
370 1313 583 1353 celebrandis,
597 1319 625 1346 et
638 1312 849 1356 responsione
865 1323 902 1345 ac
919 1312 1007 1345 novis

253 1367 525 1411 impositionibus,
544 1367 630 1400 iuxta
651 1367 788 1399 sormam
810 1365 1007 1398 stabilimen·

253 1427 359 1454 torum
380 1426 407 1454 et
426 1420 671 1464 privilegiorum
691 1419 881 1453 eorumdem
902 1419 1004 1459 factis,

252 1484 350 1518 super
380 1474 577 1518 prioratibus
610 1484 647 1506 ac
681 1473 750 1506 aliis
783 1472 950 1505 beneficiis
977 1477 1007 1505 et

251 1527 331 1561 locis
350 1527 425 1560 dicti
445 1527 625 1571 hospitalis,
652 1527 690 1560 ad
716 1526 949 1559 sublevandum
970 1525 1007 1557 il-

252 1582 314 1614 lius
347 1591 457 1615 onera.
494 1581 531 1613 Et
563 1581 602 1614 de
636 1580 814 1623 illegitimis
838 1579 870 1612 in
892 1579 1007 1612 fratres

252 1635 367 1668 milites
387 1634 531 1668 eiusdem
557 1634 725 1678 hospitalis
746 1633 937 1676 neutiquam
955 1644 1008 1666 co-

252 1688 412 1733 optandis,
427 1688 486 1720 nisi
503 1699 540 1721 ex
556 1687 713 1720 comitum
729 1692 784 1720 aut
799 1687 1007 1731 superiorum

251 1752 381 1785 genere,
404 1752 463 1774 nec
484 1741 579 1774 etiam
606 1741 679 1781 illis,
702 1740 762 1773 nisi
783 1751 801 1772 a
820 1745 923 1784 patre,
950 1750 1006 1772 avo

253 1801 283 1828 et
303 1806 421 1839 proavo
448 1800 581 1838 paterno
607 1805 666 1838 per
685 1793 802 1827 seriem
829 1793 1008 1826 illustribus

251 1850 427 1893 prognatis.
449 1849 581 1882 Necnon
603 1847 775 1881 dixisiones
794 1847 984 1881 animalium
998 1875 1005 1888 ,

251 1914 334 1947 quae
358 1903 391 1936 in
416 1902 649 1947 praeceptoriis
673 1901 898 1935 decedentium
916 1912 1008 1944 prae-

252 1962 421 2000 ceptorum
448 1955 667 2000 reperiuntur,
688 1965 748 1999 pro
778 1965 842 1987 una
875 1965 1007 1998 praece-

253 2010 365 2053 ptoriis
383 2010 473 2054 ipsis⁷
487 2015 517 2043 et
534 2019 593 2054 pro
614 2009 676 2042 alia
696 2008 937 2049 medietatibus,
959 2010 1008 2042 vel

252 2063 347 2097 etiam
368 2064 541 2107 aliquando
553 2064 585 2096 in
603 2069 720 2103 totum,
734 2063 859 2096 aerario
877 2063 1007 2107 publico

252 2118 286 2151 in
307 2121 410 2150 certos
439 2128 532 2150 casus
551 2116 763 2160 applicandis.
786 2116 830 2149 Ac
851 2127 955 2160 poena
974 2116 1008 2149 in

252 2181 318 2204 non
344 2170 501 2203 solventes
530 2169 757 2214 responsiones
782 2175 813 2202 et
831 2169 1008 2213 impositio-

252 2235 309 2258 nes
330 2224 466 2257 aerario.
494 2224 624 2257 Necnon
651 2224 905 2257 commutatione
925 2224 1009 2257 solu-

252 2277 349 2311 tionis
383 2277 504 2310 iurium
539 2277 664 2309 ratione
698 2276 952 2310 mortuariorum
978 2282 1009 2310 et

253 2331 446 2365 vacantium.
479 2331 515 2364 Et
545 2330 697 2374 dilatione
722 2330 885 2364 divisionis
908 2331 1010 2364 bono-

254 2395 326 2417 rum
346 2390 377 2418 et
390 2383 581 2428 spoliorum,
593 2388 721 2416 mortuo
741 2383 893 2426 magistro
918 2395 1009 2428 prae-

255 2434 329 2466 fato.
350 2434 387 2466 Et
406 2432 675 2466 annumeratione
697 2437 859 2465 certarum
879 2444 1010 2477 praece-

254 2482 446 2526 ptoriarum,
467 2492 550 2525 quae
575 2481 775 2524 magistratui
798 2487 872 2515 sunt
893 2493 1008 2526 perpe-

255 2537 310 2564 tuo
335 2531 456 2564 unitae.
487 2531 531 2564 Ac
556 2531 659 2564 forma
687 2529 891 2564 licentiarum
922 2542 1011 2565 exer-

255 2579 350 2613 cendi
364 2579 513 2613 militiam
524 2578 724 2613 saecularem
736 2589 794 2622 per
804 2580 919 2613 fratres
934 2590 1009 2613 cum

254 2628 366 2672 poenis
394 2628 428 2663 in
451 2628 730 2663 contrafacientes.
765 2628 803 2663 Et
825 2629 1009 2673 provisione

334 2681 408 2712 Bun.
431 2682 508 2713 Rom.
534 2683 590 2713 Vol.
617 2682 674 2713 VII.
874 2683 889 2713 7

1725 237 1766 271 49

1055 298 1206 331 adversus·
1223 300 1322 332 malos·
1344 299 1620 332 administratores
1633 299 1809 333 bonorum.

1053 351 1185 384 Necnon
1197 352 1417 395 acceptatione
1427 352 1714 386 administrationis
1724 365 1813 387 com-

1055 404 1162 437 munis
1182 405 1298 437 aerarii
1327 415 1384 449 per
1414 405 1603 448 magistrum
1629 408 1810 449 praefatum

1054 459 1168 491 factam
1200 459 1238 491 ad
1269 458 1513 502 requisitionem
1539 459 1700 492 sexdecim
1722 461 1812 504 capi—

1055 511 1221 551 tularium,
1235 512 1413 554 etreliqua,
1437 522 1579 555 quorum
1605 512 1752 545 omnium
1768 518 1811 546 te-

1053 575 1167 604 nores,
1191 576 1226 598 ac
1261 565 1285 598 si
1316 565 1354 598 de
1373 565 1470 598 verbo
1498 566 1537 598 ad
1571 566 1706 598 verbum
1727 566 1810 599 inse-

1054 624 1220 655 rerentur,
1244 619 1467 662 praesentibus
1500 630 1559 662 pro
1594 620 1752 663 expressis
1781 625 1811 653 et.

1053 672 1178 705 insertis
1213 673 1325 705 haberi
1359 673 1520 713 volumus,
1550 673 1727 716 apostolica
1756 684 1810 707 au-

1052 725 1210 766 ctoritate,
1224 732 1336 760 tenore
1347 726 1566 771 praesentium,
1578 727 1808 771 approbamus.

1052 778 1284 812 confirmamus
1304 786 1335 813 et
1359 780 1564 813 innovamus.

1095 832 1109 873 ,ξ
1130 833 1184 866 55.
1215 834 1259 865 Ac
1289 834 1328 866 ad
1349 834 1507 878 hospitale
1525 834 1725 879 praedictum
1739 861 1747 875 ,
1769 835 1808 868 ad

1052 896 1204 929 praesens
1223 885 1256 918 in
1277 886 1430 919 Melitensi
1451 893 1481 920 et
1501 899 1566 921 non
1587 887 1619 920 in
1639 888 1744 921 Rhodi
1761 889 1807 922 in-

1051 940 1120 972 sula
1141 939 1330 980 consistens,
1353 939 1504 984 illiusque
1530 940 1731 984 magistrum,
1753 942 1808 975 ba-

1050 993 1185 1033 iulims,
1210 994 1335 1037 priores
1349 1020 1356 1033 ,
1379 999 1617 1038 praeceptores,
1644 996 1758 1028 fratres
1778 1001 1805 1029 et

1051 1057 1205 1090 personas
1234 1058 1271 1080 ac
1300 1048 1361 1080 alia
1384 1047 1587 1091 infrascripta
1608 1049 1808 1083 extendimus

1050 1106 1081 1134 et
1099 1100 1314 1144 ampliamus;
1336 1112 1438 1144 eaque
1459 1102 1568 1135 omnia
1586 1102 1689 1135 valida
1711 1108 1741 1136 et
1761 1104 1807 1136 es-

1049 1153 1162 1186 ficacia
1182 1154 1316 1187 existere
1338 1160 1366 1187 et
1388 1160 1580 1199 perpetuam
1604 1155 1734 1188 roboris
1751 1155 1806 1189 fir—

1050 1208 1193 1241 mitatem
1214 1208 1360 1241 obtinere
1376 1219 1517 1252 suosque
1534 1209 1668 1242 effectus
1684 1210 1804 1249 sortiri,

1049 1271 1086 1293 ac
1107 1261 1146 1294 ab
1171 1261 1333 1301 omnibus,
1352 1262 1463 1304 quavis
1483 1261 1635 1305 dignitate
1657 1267 1687 1295 et
1707 1273 1808 1306 praee-

1050 1314 1204 1347 minentia
1231 1315 1386 1357 fulgeant,
1414 1315 1509 1347 etiam
1537 1315 1596 1347 sub
1621 1316 1805 1357 sententiis,

1050 1368 1196 1401 censuris
1220 1374 1251 1401 et
1274 1368 1387 1412 poenis
1408 1368 1441 1401 in
1461 1368 1507 1401 eis
1527 1368 1704 1409 contentis,
1735 1379 1807 1412 per-

1050 1426 1146 1464 petuo
1168 1421 1395 1455 inviolabiliter
1406 1422 1568 1455 observari
1584 1422 1802 1456 decernimus.

1094 1478 1108 1518 g*
1128 1475 1181 1508 56.
1211 1475 1343 1508 Necnon
1363 1487 1497 1516 causas,
1516 1475 1574 1509 sub
1595 1475 1695 1508 literis
1723 1476 1805 1509 Mar-

1050 1528 1106 1561 tini
1140 1534 1170 1561 et
1193 1528 1365 1562 Clementis
1386 1529 1673 1572 praedecessorum
1693 1529 1805 1562 huius-

1049 1582 1135 1614 modi
1166 1582 1436 1625 comprehensas,
1456 1593 1492 1614 ac
1513 1592 1625 1615 omnes
1644 1587 1673 1615 et
1694 1582 1804 1625 singu-

1050 1635 1095 1667 las
1114 1634 1185 1668 lites
1209 1640 1239 1668 et
1262 1636 1428 1678 querelas,
1454 1635 1518 1668 sive
1539 1635 1571 1668 in
1591 1635 1676 1668 dicta
1691 1635 1802 1676 Curia,

1049 1694 1114 1721 tam
1139 1688 1170 1721 in
1196 1688 1356 1722 auditorio
1381 1695 1492 1722 nostro
1518 1699 1615 1732 quam
1641 1700 1700 1733 per
1719 1700 1807 1722 com-

1051 1743 1231 1783 missiones,
1253 1743 1316 1776 sive
1338 1748 1425 1776 extra
1445 1754 1529 1783 eam,
1552 1754 1651 1787 super
1670 1743 1805 1788 quibus-

1049 1795 1094 1828 vis
1115 1796 1191 1829 dicti
1216 1795 1383 1840 hospitalis
1413 1796 1582 1830 beneficiis
1606 1808 1643 1830 ac
1663 1797 1757 1830 bonis
1777 1802 1807 1830 et.

1050 1849 1198 1895 pecuniis
1232 1851 1375 1884 thesauri
1409 1856 1437 1883 et
1479 1851 1615 1884 fratrum
1650 1861 1808 1894 quorum-

1051 1915 1191 1948 cumque
1211 1915 1268 1938 seu
1289 1915 1388 1949 super
1407 1905 1597 1938 eorumdem
1619 1905 1756 1945 delictis,
1776 1916 1808 1938 e·

1050 1959 1126 1991 tiam
1151 1959 1176 1991 si
1203 1969 1239 1992 ex
1264 1959 1396 1992 adverso
1417 1958 1516 2002 aliqui
1535 1958 1644 1992 clerici
1665 1959 1807 1992 saecula-

1050 2022 1101 2045 res
1124 2013 1173 2045 vel
1207 2013 1372 2055 *regulares
1397 2019 1450 2044 aut
1472 2011 1545 2045 laici
1566 2012 1754 2053 existerent,
1777 2018 1807 2045 et

1050 2066 1149 2100 active
1169 2077 1226 2100 seu
1248 2066 1382 2109 passive,
1402 2066 1488 2098 iuxta
1508 2066 1586 2098 alias
1611 2066 1731 2099 formas
1746 2071 1807 2099 sta—

1049 2119 1294 2153 bilimentorum
1315 2124 1343 2152 et
1364 2119 1607 2163 privilegiorum
1628 2119 1807 2164 praedicto-

1050 2185 1139 2214 rum,
1161 2173 1193 2207 in
1219 2173 1312 2206 dictis
1331 2172 1438 2206 causis
1460 2173 1705 2216 quomodolibet
1724 2178 1754 2206 et
1774 2174 1807 2206 in

1050 2238 1257 2272 quacumque
1277 2227 1427 2260 instantia
1448 2226 1710 2267 intervenissent,
1732 2228 1807 2260 hae-

1050 2287 1144 2314 tenus
1168 2286 1291 2321 motas,
1319 2281 1352 2313 in
1376 2280 1494 2323 quibus
1515 2285 1622 2313 tamen
1646 2291 1711 2314 non
1732 2292 1807 2315 con·

1051 2335 1180 2369 clusum
1205 2335 1256 2375 sit,
1279 2340 1309 2368 et
1338 2334 1371 2367 in
1396 2335 1562 2374 futurum,
1585 2334 1698 2378 quovis
1717 2346 1808 2379 prae-

1050 2394 1137 2422 textu
1152 2416 1159 2429 ,
1182 2388 1375 2428 movendas,
1403 2388 1436 2420 in
1460 2387 1626 2431 quibusvis
1650 2388 1808 2421 instantiis

1052 2438 1240 2482 pendentes,
1254 2448 1393 2481 quarum
1407 2442 1507 2470 status
1522 2442 1553 2470 et
1567 2437 1682 2470 merita
1711 2437 1807 2470 etiam

1052 2486 1276 2531 praesentibus
1296 2486 1408 2519 haberi
1428 2487 1578 2519 volumus
1598 2496 1656 2530 pro
1677 2496 1806 2529 expres-

1052 2535 1106 2576 sis,
1141 2535 1181 2568 ad
1214 2546 1272 2568 nos
1299 2535 1505 2575 advocamus,
1528 2546 1565 2568 ac
1594 2534 1665 2567 illas
1686 2534 1805 2567 eisdem

1051 2585 1204 2628 magistro
1225 2590 1252 2618 et
1276 2584 1448 2618 conventui
1469 2595 1528 2629 per
1547 2594 1614 2623 eos,
1637 2583 1723 2616 iuxta
1743 2583 1807 2616 for-

1051 2643 1136 2667 mam
1153 2634 1315 2668 dictorum
1334 2633 1628 2667 stabilimentorum
1649 2638 1680 2665 et
1698 2632 1806 2665 lauda-

1831 249 1879 274 Αη.
1898 248 1927 274 C.
1947 248 2015 275 {560

1853 845 1875 866 Et
1892 847 1915 867 ad
1937 846 2010 873 hospi·

1826 877 1868 898 tale
1882 877 1932 898 Ord.
1954 883 2011 899 nune

1825 908 1894 929 insula
1914 907 2008 931 Meliten,

1825 941 1955 964 consistens,
1972 945 2009 961 01-

1826 972 1902 996 tendit;

1835 1485 1946 1506 musarum
1961 1491 2006 1505 om-

1821 1517 1877 1536 nium
1901 1517 2006 1541 cognitio-

1821 1552 1868 1567 nem
1892 1545 1917 1566 M.
1942 1547 2007 1572 magi-

1822 1580 1865 1597 stro
1882 1580 1901 1597 et
1915 1581 2007 1597 conven-

1822 1609 1851 1628 tui
1873 1609 1980 1632 cont-edin
