2237 3100
262 243 313 272 An.
330 244 359 272 C.
377 244 446 272 1572

291 1431 448 1452 plenissimam-

266 1470 305 1490 que
347 1466 447 1489 peccato*

266 1501 310 1515 rum
334 1494 447 1519 indulgeu-

266 1527 314 1545 iiam
331 1527 361 1545 eis
372 1530 448 1546 rouce-

266 1559 296 1578 1111
312 1560 353 1578 etc⁴
370 1556 387 1576 1.

503 232 567 267 968
1054 237 1233 261 0011101011
1258 236 1408 260 nomnen
2019 232 2067 259 An.
2086 230 2115 258 C.
2132 231 2202 260 1572

459 300 586 338 paratu,
596 299 707 328 contra
718 293 867 327 hostilem
880 292 1030 325 ferociam
1044 291 1209 332 insurgere

460 348 665 381 conabuntur
680 359 686 380 ;
713 347 758 380 510
773 346 859 380 0111111
872 346 997 379 facilius
1013 344 1209 388 sperandum

460 407 507 435 est
536 401 640 435 felicia
667 406 775 433 nostra
802 405 929 444 coepta,
955 398 1126 432 adiuvante
1150 397 1209 430 Do-

460 456 548 488 mino
563 482 570 495 ‚
603 456 670 488 fore
698 454 731 487 in
751 454 819 487 dies
843 453 987 487 feliciora
1006 458 1101 496 atque
1122 456 1210 495 opta-

461 514 528 541 tum
544 508 677 549 exitum,
694 507 780 551 gravi
792 518 866 541 cum
883 506 1024 540 hostium
1040 504 1210 539 formidine

459 573 496 594 ac
518 561 676 605 pernicie,
695 561 856 595 habitura.
883 561 993 604 Itaque
1010 559 1221 593 decrevimus.

459 625 571 648 01111105
598 620 629 648 01
660 615 805 658 singulos
827 614 937 648 fideles
963 614 1002 646 ad
1030 613 1209 657 piissimum

460 668 739 712 iustissimumque
755 668 878 701 bellum
889 694 896 708 ,
918 667 973 700 111)1
987 667 1105 700 delesu
1121 666 1212 700 Chri-

460 722 498 754 sti
517 722 642 755 Domini
676 728 707 755 et
736 721 908 755 Salvatoris
927 720 1027 754 nostri
1056 731 1152 753 cansa
1181 725 1212 752 et

458 776 572 819 gloria,
595 775 825 819 christianique
841 775 981 808 nominis
1002 774 1114 813 salute,
1129 774 1212 806 sicut

459 839 572 862 omnes
602 834 711 873 aperte
737 829 865 868 vident,
892 828 923 861 in
953 827 1066 871 primis
1089 827 1210 870 agitur,

463 893 606 924 monere,
626 883 792 927 requirere
809 888 837 915 01
854 883 945 915 enixe
961 881 1093 919 hortari.
1115 887 1209 925 prout

461 946 650 977 monemus,
677 935 875 979 requirimus
900 940 930 968 et
958 936 1127 968 hortamur
1156 945 1225 981 per

462 994 649 1033 praesentes
659 1016 667 1030 ,
683 994 718 1022 111
732 988 955 1032 unusquisque
973 988 1211 1021 sanctissimum

458 1043 521 1076 1100
539 1043 661 1076 bellum
688 1043 735 1076 vel
755 1043 901 1086 personis
927 1043 974 1076 vel
1008 1042 1213 1075 facultatibus

459 1096 610 1129 adiuvare
626 1097 712 1129 velit.
746 1096 879 1140 Negabit
905 1096 990 1129 enim
1020 1096 1212 1128 5011115110-

461 1149 550 1182 mino
570 1160 649 1194 opes
668 1150 863 1194 temporales
884 1149 1015 1192 largiter
1039 1148 1190 1181 exhibere
1204 1174 1211 1187 ,

461 1214 537 1236 cum
557 1203 714 1237 Dominus
729 1213 856 1237 servum
878 1203 982 1236 vivere
1000 1202 1095 1236 faciat
1110 1207 1140 1235 et
1159 1203 1213 1234 ha-

460 1256 555 1297 bere,
588 1257 714 1301 ipsique
745 1257 877 1290 demum
908 1256 1032 1290 divitias
1060 1256 1214 1299 largiatur

460 1310 629 1343 aeternas?
650 1315 679 1343 et
710 1310 735 1343 si
759 1310 843 1343 Deus
867 1309 964 1343 subiit
998 1315 1135 1343 mortem
1156 1319 1214 1352 pro

462 1363 611 1405 homine,
638 1363 798 1396 dubitabit
818 1364 917 1397 homo
941 1369 1079 1396 mortem
1106 1362 1214 1395 subire

463 1427 521 1460 pro
536 1416 624 1450 Deo‘?
645 1417 736 1456 Quod
750 1423 785 1450 111
804 1428 841 1451 eo
859 1417 1012 1450 libentius
1032 1422 1060 1449 et
1076 1417 1215 1449 alacrius

463 1471 572 1504 cuncti
594 1472 699 1505 facere
725 1471 895 1511 studeant,
921 1482 986 1515 quo
1011 1482 1048 1504 ex
1073 1470 1133 1503 hoc
1153 1471 1216 1515 spi-

463 1525 837 1558 ritualibusmuneribus
850 1531 881 1558 et
893 1525 1125 1569 temporalibus
1134 1535 1215 1568 quo-

462 1589 526 1622 que
545 1578 656 1621 gratiis
675 1590 693 1611 a
713 1579 806 1611 nobis
826 1589 858 1611 sc
886 1579 1023 1612 refectos
1048 1579 1168 1623 pariter
1187 1584 1217 1611 et

465 1632 606 1666 munitos
621 1643 689 1666 esse
706 1632 931 1675 cognoverint,
949 1633 988 1665 de
1009 1633 1216 1676 omnipoten-

465 1685 504 1719 tis
523 1686 578 1719 Dei
604 1686 827 1719 misericordia
846 1697 883 1719 ae
898 1687 1067 1719 beatorum
1088 1692 1217 1730 aposto-

466 1739 573 1772 lorum
595 1740 680 1773 Petri
702 1746 733 1773 et
762 1740 852 1773 Pauli
873 1740 1062 1773 auctoritate
1082 1740 1215 1779 1το111151,

466 1804 503 1826 ex
527 1794 596 1835 illa,
624 1805 722 1837 quam
743 1794 836 1827 nobis
851 1795 947 1835 Deus,
968 1795 1043 1828 lieet
1059 1795 1215 1838 indignis,

466 1847 586 1890 ligandi
600 1853 630 1882 et
642 1848 784 1881 solvendi
806 1849 952 1889 contulit,
967 1855 1133 1892 potestate,
1152 1860 1220 1881 om·

467 1901 562 1934 nibus
590 1902 645 1946 qui
670 1902 709 1935 ad
739 1902 994 1935 subveniendum
1025 1903 1100 1935 huic
1128 1913 1218 1936 sacro

467 1955 552 1988 bello
573 1955 605 1988 in
626 1955 773 1999 personis
793 1955 934 2000 propriis
960 1961 992 1989 et
1017 1956 1163 2000 expensis
1187 1967 1220 1988 se

467 2018 512 2041 se.
529 2008 745 2048 contulerint,
771 2018 897 2041 necnon
923 2008 967 2042 eis
999 2009 1054 2052 qui
1087 2020 1152 2042 11011
1188 2009 1220 2041 111

469 2061 616 2104 personis
640 2061 783 2106 propriis
809 2061 886 2094 illuc
914 2063 1107 2096 accesserint
1123 2090 1130 2103 ,
1166 2062 1219 2095 sed

469 2113 534 2148 suis
553 2121 679 2148 tantum
691 2115 857 2159 expensis,
880 2116 966 2149 iuxta
987 2117 1170 2149 facultatem
1192 2122 1221 2150 et

469 2168 656 2212 qualitatem
678 2180 791 2210 suam,
818 2169 902 2203 viros
927 2169 1061 2203 idoneos
1086 2171 1223 2203 destina-

469 2222 590 2264 verint,
622 2223 726 2257 donec
754 2223 871 2257 milites
895 2224 995 2256 nostri
1026 2224 1067 2257 ibi
1089 2224 1220 2263 fuerint,

470 2283 739 2318 commoraturos,
757 2282 788 2310 ct
804 2277 865 2310 illis
880 2277 1043 2317 similiter,
1058 2278 1128 2321 qui,
1150 2278 1224 2311 licet

471 2330 585 2363 alienis
594 2331 759 2374 expensis,
787 2331 926 2375 propriis
946 2336 1054 2364 tamen
1078 2332 1225 2375 personis

472 2384 547 2418 belli
567 2385 711 2418 laborem
728 2390 759 2417 et
771 2385 915 2428 pericula
933 2385 1141 2418 sustinuerint
1157 2412 1165 2425 ,
1188 2396 1225 2418 ac

473 2438 605 2472 demum
621 2438 681 2480 eis,
707 2438 761 2482 qui
781 2439 821 2472 de
840 2439 935 2472 bonis
955 2438 1013 2471 sihi
1039 2449 1056 2471 a
1077 2439 1140 2471 Deo
1161 2440 1225 2471 col-

475 2491 544 2524 latis
564 2503 741 2537 congruam
761 2493 801 2525 ad
827 2492 858 2526 id
884 2492 1065 2536 portionem
1088 2493 1226 2535 benigne

512 2587 522 2612 ¹
541 2587 579 2613 Tu
597 2586 659 2613 vide
675 2587 774 2614 indulta
787 2587 1031 2622 crucesignatorum
1049 2586 1074 2612 iu
1091 2586 1161 2612 bulla
1187 2587 1222 2613 In-

476 2630 588 2657 1100001ῑί
608 2630 652 2663 111,
668 2631 712 2657 cit.
731 2632 757 2658 iu
772 2636 834 2658 nota
849 2631 882 2658 ad
900 2631 1042 2658 rubricam.

1251 287 1467 331 erogaverint,
1485 287 1704 331 plenissimam
1725 292 1756 320 01
1770 287 2001 331 amplissimam

1251 341 1398 374 omnium
1421 346 1627 384 pcccatorum
1648 350 1783 373 suorum
1797 366 1805 381 ,
1827 341 1867 373 de
1885 340 2003 384 quibus

1252 395 1349 428 corde
1369 394 1499 428 contriti
1520 399 1550 426 et
1573 404 1628 426 ore
1649 392 1787 426 confessi
1807 393 1945 434 fuerint,
1973 399 2005 427 et

1252 448 1465 482 eamdemmet
1483 458 1580 491 quam
1590 446 1727 480 Romani
1738 446 1910 480 Pontifices
1920 458 2004 491 prae-

1252 502 1437 535 decessores
1473 501 1574 534 nostri
1609 500 1840 544 crucesignatis
1873 500 2004 544 prosici-

1252 555 1415 589 seentibus
1424 556 1462 588 ad
1471 555 1653 588 subsidium
1664 555 1780 588 Terrae
1789 554 1924 588 Sanctae
1933 564 2006 587 con—

1253 608 1366 641 cedere
1388 608 1473 640 soliti
1499 609 1649 648 fuerunt,
1673 607 1816 648 veniam,
1844 607 2006 641 remissio-

1251 672 1327 694 nem
1338 666 1368 693 et
1380 660 1630 701 absolutionem,
1646 667 1757 694 tenore
1773 660 2005 705 praesentium,

1254 715 1462 757 indulgemus
1491 719 1522 747 et
1541 714 1729 757 elargimur.
1760 715 1848 747 Bona
1874 714 2008 758 insuper

1253 767 1531 812 proficiscentium
1563 767 1603 800 ad
1638 767 1759 800 bellum
1793 767 1980 800 huiusmodi
1999 793 2006 807 ,

1254 832 1290 855 ex
1314 833 1379 864 quo
1407 821 1544 865 profecti
1566 821 1683 853 fuerint
1699 848 1706 861 ,
1740 820 1800 853 sub
1819 820 1904 854 beati
1924 820 2007 854 Petri

1254 882 1283 908 et
1298 882 1408 908 nostra
1425 876 1625 918 protectione
1642 874 1858 918 suscipimus,
1880 885 2007 909 necnon

1254 935 1288 962 ut
1309 930 1383 962 talia
1400 929 1460 962 sub
1476 928 1798 972 arehiepiscopormn
1816 934 1846 962 et
1861 928 2007 962 omnium

1254 983 1473 1027 praelatorum
1483 982 1638 1016 ecelesiae
1647 982 1701 1015 Dei
1711 982 1810 1015 tutela
1820 981 2006 1023 consistant,

1254 1037 1376 1069 nullam
1395 1037 1434 1069 de
1452 1036 1504 1076 iis,
1526 1047 1621 1079 quac,
1639 1036 1716 1068 dum
1734 1035 1853 1069 fuerint
1871 1035 1904 1068 in
1924 1035 2009 1068 dieto

1254 1090 1341 1123 bello
1356 1118 1363 1130 ‚
1385 1090 1494 1134 quiete
1515 1090 1699 1134 possident,
1723 1089 1901 1123 sustineant
1913 1100 2011 1133 quae-

1255 1144 1392 1177 stionem
1406 1171 1413 1184 ,
1436 1145 1490 1177 sed
1507 1145 1630 1187 integra
1651 1149 1803 1177 maneant
1817 1149 1848 1177 et
1866 1143 1986 1187 quieta.

1299 1199 1314 1239 ,ξ
1339 1199 1369 1231 2).
1393 1198 1619 1237 Quinimmoin
1629 1197 1793 1241 quibusvis
1809 1208 1922 1231 eorum
1938 1208 2011 1231 cau-
2066 1210 2210 1245 Sitpel'sesso-

1257 1251 1298 1284 sis
1319 1257 1349 1284 et.
1366 1251 1477 1284 litibus
1506 1263 1523 1284 a
1549 1251 1733 1292 iudicibus,
1756 1262 1866 1285 eoram
1893 1250 2011 1295 quibus
2025 1242 2124 1292 ξζῖἲζᾏζῇ
2139 1244 2209 1293 ῑζῖῑᾞῗ,

1257 1310 1445 1345 vcrtuntur,
1476 1305 1609 1338 omnino
1641 1304 1844 1348 supersederi
1871 1304 2009 1345 debere,
2026 1310 2069 1325 '¹¹¹¹'
2085 1305 2163 1329 ⁰³⁰⁵³⁵³

1257 1358 1360 1392 donee
1380 1357 1553 1392 de'eorum
1572 1359 1661 1392 obitu
1689 1359 1737 1392 vel
1765 1358 1871 1392 reditu
1900 1358 2010 1393 certis-

1257 1412 1336 1445 sime
1362 1418 1598 1455 eognoseatur,
1626 1412 1797 1446 statuimus
1821 1417 1852 1446 et
1878 1404 2011 1445 manda-

1258 1477 1341 1499 mus.

1303 1522 1317 1562 §
1341 1521 1372 1553 tt.
1402 1521 1445 1553 Ad
1473 1532 1587 1553 usuras
1607 1531 1759 1564 quoque,
1786 1520 1811 1553 si
1831 1520 2013 1554 iuramento
2054 1531 2077 1552 m
2096 1531 2120 1551 ai,
2139 1535 2211 1567 usina-

1259 1578 1429 1607 teneantur
1456 1575 1571 1614 alicui,
1604 1585 1667 1607 non
1696 1580 1872 1617 cogantur,
1900 1584 2011 1607 verum
2027 1563 2211 1616 {i‘ss'ssfflffflu‘w'm

1259 1627 1396 1660 absoluti
1423 1633 1572 1660 maneant
1592 1633 1622 1660 et
1642 1627 1753 1671 quieti.
1772 1627 1862 1666 Quod
1883 1627 1908 1660 si
1924 1627 2012 1671 quis-

1259 1691 1355 1723 quam
1373 1687 1485 1714 contra
1501 1686 1657 1714 attentare
1672 1680 1935 1724 praesumpserit,
1955 1691 2014 1725 per

1260 1745 1430 1767 censuram
1474 1734 1722 1768 ecclesiasticam
1743 1761 1750 1774 ‚
1798 1734 2013 1778 appellatione

1261 1789 1455 1832 postposita,
1488 1794 1725 1831 compescatur.
1763 1788 1795 1821 Si
1815 1788 1888 1831 quis
1906 1794 2013 1822 autem

1262 1842 1595 1881 creditorum,contra
1617 1848 1762 1875 tenorem
1783 1841 2014 1885 praesentium,

1263 1896 1348 1940 ipsos
1373 1897 1410 1929 ad
1439 1896 1635 1929 solutionem
1657 1896 1799 1939 coegerit
1819 1905 1991 1929 usurarum
2006 1922 2014 1935 ,

1263 1960 1338 1982 eum
1372 1949 1411 1982 ad
1440 1950 1569 1982 illarum
1592 1949 1847 1989 restitutionem,
1874 1949 2014 1993 appella-

1263 2003 1350 2035 tione
1371 2003 1465 2035 etiam
1489 2008 1628 2041 remota,
1657 2001 1752 2034 simili
1773 2012 1909 2034 censura
1930 2012 2015 2035 com-

1264 2057 1339 2100 pelli
1358 2057 1517 2089 volumus.
1545 2057 1680 2089 Iudaeos
1697 2066 1770 2089 vero
1791 2055 1831 2088 ad
1847 2055 2015 2088 remitten-

1264 2111 1319 2143 das
1345 2110 1440 2154 ipsis,
1477 2115 1508 2142 111
1539 2111 1739 2153 praefertur,
1776 2119 1892 2142 usuras
1920 2108 2014 2142 etiam

1266 2175 1322 2208 pei·
1338 2164 1501 2207 principes
1510 2169 1539 2196 ct
1550 2164 1748 2196 saecularem
1761 2162 1912 2207 compelli
1921 2173 2015 2206 prac-

1266 2217 1404 2261 cipimus
1426 2223 1634 2260 potestatem,
1665 2223 1695 2250 et
1723 2217 1827 2250 donec
1853 2217 1899 2250 cis
1918 2215 2016 2250 remi-

1266 2271 1382 2312 serint,
1414 2277 1477 2303 tam
1505 2271 1537 2303 in
1562 2271 1784 2304 mercimoniis
1817 2281 1914 2315 quam
1948 2269 2017 2302 aliis

1267 2324 1362 2357 rebus
1387 2330 1417 2358 et
1451 2324 1670 2364 commerciis,
1707 2325 1766 2357 sub
1798 2321 2019 2357 excommuni-

1267 2378 1402 2411 cationis
1423 2378 1580 2410 sententia
1600 2389 1659 2421 per
1677 2377 1860 2411 ordinarios
1871 2375 2017 2421 promul-

1267 2428 1370 2469 ganda
1383 2454 1390 2467 ,
1414 2427 1570 2460 universis
1590 2427 1855 2460 christisnlelibus
1870 2425 2018 2459 iubemus

1268 2476 1529 2510 communionem
1547 2476 1766 2509 omnimodam
1784 2475 1860 2519 ipsis
1870 2472 2019 2506 hebraeis

1268 2526 1432 2567 denegari.

1313 2575 1327 2617 ξ
1360 2573 1391 2606 li.
1424 2574 1606 2607 Mandantes
1638 2573 1898 2617 quilmseumque
1927 2571 2018 2603 loco·
2060 2579 2127 2600 tussia
2147 2577 2209 2606 „uui-

1269 2623 1706 2663 1111110111111111115,1111111111ιο
1723 2627 1849 2655 sanctae
1862 2620 2018 2653 obedien·
2033 2610 2155 2663 ξξῃῗ“”“““”
2171 2607 2209 2630 ¹³⁸¹·
