2237 3100
15 261 63 288 An.
81 261 111 288 C.
128 259 197 288 1572

50 1115 118 1136 Causa
133 1114 195 1135 huius

9 1146 179 1168 constitutionis

905 256 973 281 1³1th
994 256 1015 280 V
1038 256 1086 281 PP.

212 310 295 350 beri,
321 320 405 353 quae
424 311 502 353 ipsis
518 310 731 352 originalibus
747 309 862 343 litteris
877 309 969 342 adbi-

212 364 364 403 beretur,
388 363 412 396 si
434 364 535 395 forent
559 363 719 395 exhibitae
740 363 787 395 vel
808 368 965 396 ostensae.
1010 367 1167 405 quantum
1190 372 1264 394 cum
1284 362 1348 394 Deo
1363 370 1552 404 possumus,
1578 359 1617 392 dc
1642 360 1764 402 optimo

356 417 474 450 Placet.
503 416 587 449 Motu
609 415 743 460 proprio
759 442 766 456 ,
789 416 827 449 M.

255 471 370 504 Datum
401 470 521 503 Romae
548 470 634 513 apud
662 469 694 502 S.
726 469 879 511 Petrum,
916 480 967 503 xvl

212 523 367 557 kalendas
387 523 499 567 aprilis
514 551 521 565 ,
544 533 628 556 anno
649 532 702 555 vn.

250 582 315 611 Dat.
334 581 381 611 die
396 582 433 612 17
446 582 546 612 martii
560 581 649 619 1572,
667 580 772 623 pontis.
790 580 866 612 anno
875 589 925 611 vn.

529 718 655 753 CCXIX.

208 811 382 855 Exemptio
406 809 679 842 monasteriorum
702 807 966 851 omniumquelo-

253 874 363 896 corum
379 864 511 906 piorum
533 863 572 895 ab
593 872 687 895 onere
703 861 893 904 hospitandi
907 861 968 894 mi-

253 917 325 950 lites
346 916 372 949 ¹.

323 987 386 1016 Plus
409 989 480 1023 Papa
500 983 534 1020 V.
554 988 632 1015 motu
655 986 777 1023 proprio.
801 986 857 1014 etc.

253 1051 351 1092 Cum,
377 1051 463 1084 sicut
486 1060 552 1084 non
573 1051 643 1084 sine
671 1048 758 1094 gravi
778 1048 891 1081 dolore
911 1059 968 1082 no-

209 1105 260 1139 bis
279 1105 440 1145 innotuit,
468 1104 577 1138 omnia
591 1109 622 1137 et
632 1103 758 1147 singula
779 1113 836 1136 seu
851 1113 967 1145 quam-

209 1159 353 1204 plurima
372 1158 472 1192 huius
492 1159 595 1191 almae
610 1157 705 1190 Urbis
725 1167 762 1189 ac
783 1156 879 1189 etiam
900 1156 968 1189 Sta-

209 1217 260 1246 tus
283 1212 384 1246 nostri
409 1211 625 1245 Ecclesiastici
648 1215 826 1243 conventus
849 1215 881 1243 et
900 1219 968 1242 mo-

208 1266 349 1300 nasteria
369 1271 401 1299 et
420 1265 483 1298 alia
503 1263 723 1298 ecclesiastica
751 1268 781 1296 et
801 1262 853 1306 pia
873 1263 964 1303 loca,

209 1325 273 1353 tam
293 1319 474 1353 saecularia
495 1329 593 1362 quam
610 1316 772 1360 regularia
788 1343 796 1357 ,
818 1322 849 1350 et
862 1327 880 1349 a
895 1327 968 1360 per-

207 1373 294 1408 sonis
319 1374 480 1417 religiosis
504 1371 750 1416 quomodolibet
769 1370 964 1411 inhabitata,

208 1438 246 1462 eo
257 1433 405 1471 tempore
419 1437 485 1471 quo
498 1426 625 1469 equites
645 1430 676 1458 et
691 1424 809 1457 milites
821 1424 966 1458 eiusdem

209 1483 313 1516 almae
329 1481 424 1514 Urbis
448 1491 485 1513 ac
512 1480 619 1513 Status
639 1477 855 1518 Ecclesiastici
876 1489 967 1522 prae-

208 1535 276 1576 sati,
294 1545 354 1578 pro
371 1534 560 1568 defensione
576 1532 678 1576 ipsius
694 1531 788 1565 Urbis
804 1531 964 1571 0151111115,

209 1589 361 1622 adversus
390 1587 635 1622 infestissimum
660 1586 841 1618 Turcarum
863 1591 967 1629 tyran-

208 1654 307 1683 num,
342 1642 391 1675 vel
426 1642 467 1675 ob
499 1641 597 1681 alias,
636 1650 719 1683 quae
739 1650 799 1683 pro
820 1645 966 1683 tempore

209 1708 242 1731 se
263 1707 296 1730 se
307 1696 450 1730 offerunt
462 1706 575 1729 causas
587 1693 731 1738 expediri
746 1698 776 1726 et.
789 1693 827 1726 ad
843 1693 967 1725 (1110150

210 1750 355 1785 eiusdem
373 1749 482 1783 Status
502 1749 576 1782 loca
594 1747 768 1781 transmitti
790 1746 965 1789 contingit,

208 1805 250 1838 ab
270 1804 392 1838 eisdem
417 1803 582 1847 equitibus
608 1807 638 1835 ct
663 1801 819 1834 militibus
837 1805 966 1844 pertur-

208 1859 328 1892 bentur
352 1862 383 1890 et
406 1858 642 1895 molestantium
676 1854 802 1898 ipsique
827 1864 966 1886 conven-

210 1919 279 1953 tus,
302 1911 500 1945 monasteria
532 1916 568 1943 et
590 1909 652 1943 alia
688 1907 906 1942 ecclesiastica
937 1913 967 1940 et

210 1965 263 2011 pia
288 1966 378 2006 loca,
405 1965 438 1998 in
454 1964 644 1998 eorumdem
665 1962 811 2006 equitum
830 1971 886 1994 seu
907 1961 967 1993 mi-

210 2020 304 2053 litum
342 2017 571 2051 distributione
584 2044 591 2057 ,
630 2016 805 2049 nonnullos
836 2025 967 2048 eorum-

211 2074 286 2107 dem
318 2073 465 2116 equitum
495 2076 526 2104 et
559 2070 700 2104 militum
734 2069 818 2101 intra
853 2079 967 2102 corum

213 2127 330 2161 domos
363 2131 394 2159 et
418 2123 613 2159 monasteria
647 2122 788 2167 hospitio
819 2121 968 2165 excipere

212 2186 244 2214 et
267 2179 415 2224 recipere
449 2183 624 2222 cogantur,
662 2176 694 2210 111
719 2176 896 2210 maximum
917 2186 969 2208 00-

214 2244 288 2267 rum
309 2233 544 2269 detrimentum
558 2258 565 2271 ‚
592 2231 690 2264 divini
716 2231 823 2264 cultus
842 2235 969 2274 pertur-

212 2288 396 2327 bationem,
426 2285 650 2330 gravissimum
681 2283 847 2327 religionis
871 2283 968 2316 dede-

214 2351 272 2374 cus
285 2367 292 2381 ,
318 2339 374 2373 Dei
390 2339 504 2384 optimi
524 2339 700 2378 offensam,
727 2343 758 2371 et
777 2347 843 2370 non
863 2337 969 2370 solum

214 2398 344 2439 praeter
380 2403 510 2427 omnem
551 2397 695 2426 nostram
733 2391 966 2431 intentionem,

214 2458 327 2481 verum
354 2447 451 2480 etiam
489 2446 727 2480 intolerabilem
749 2444 847 2478 animi
867 2444 968 2477 nostri

215 2500 479 2536 amaritudinem.

251 2570 263 2597 1
281 2569 355 2596 Hanc
369 2567 568 2603 exemptionem
584 2574 633 2602 pro
652 2564 798 2594 Ordinibus
813 2564 968 2593 Mendican-

215 2614 283 2641 tium
297 2613 378 2641 habes
397 2613 476 2640 etiam
495 2613 522 2639 in
545 2611 734 2640 constitutione
759 2618 823 2644 xix,
838 2611 910 2639 Dum
936 2612 971 2636 acl

215 2661 319 2693 uberes,
335 2667 395 2697 pag.
412 2658 465 2687 1168
476 2657 555 2686 huius
574 2656 648 2686 tomi.

995 468 1226 502 nasteriornm
1260 473 1290 501 et
1310 468 1448 501 aliorum
1470 466 1764 500 ecclesiasticorum
1781 459 1843 500 iocis

1655 244 1714 278 971
1781 254 1831 280 An.
1850 254 1878 281 c.
1898 254 1965 282 1572

1055 308 1125 351 §t
1159 307 1362 351 Quapropter
1393 316 1451 339 nos
1490 305 1522 338 in
1558 305 1762 349 praemissis,
1794 319 1964 346 impositam-

1779 356 1852 370 nilrtlnl
1889 354 1964 370 contra

1780 382 1914 400 assim-intes
1930 382 1965 400 11ιί-

1011 415 1154 448 remedio
1179 415 1277 448 celeri
1302 425 1401 447 manu
1421 413 1609 458 providere,
1636 424 1673 446 ac
1698 423 1766 445 mo-
1781 411 1864 462 {fissjg‘
1882 419 1963 469 ‘¹¹:⁴⁰1'in

1010 520 1762 565 etpiorumlocorumhuiusmodipersonarum,

1008 575 1073 609 Deo
1094 574 1249 608 altissimo
1270 575 1322 608 die
1339 579 1505 618 noctuque
1521 573 1765 615 famulantium,

1009 628 1128 672 quieti,
1151 629 1325 672 integritati
1347 634 1378 662 et
1398 627 1507 661 decori
1524 627 1695 661 consulere
1714 638 1766 661 vo-

1008 682 1128 722 lentes,
1165 687 1255 715 motu
1285 681 1381 714 simili
1407 687 1438 714 et
1463 691 1502 714 ex
1539 686 1627 714 certa
1655 686 1765 715 nostra

1009 735 1142 768 scientia
1159 746 1195 768 ac
1215 735 1254 768 de
1279 734 1475 778 apostolieae
1504 734 1670 778 potestatis
1696 735 1765 779 ple-

1009 788 1169 829 nitudine,
1192 788 1349 822 universis
1372 792 1402 821 et
1423 788 1556 831 singulis
1572 793 1636 820 tam
1661 787 1765 822 dictae

1009 842 1112 875 almae
1141 842 1235 875 Urbis
1260 852 1357 885 quam
1387 841 1484 875 totius
1504 841 1610 875 Status
1630 842 1765 885 praefati

1008 895 1283 938 gubernatoribus
1297 923 1304 937 ,
1327 895 1556 939 potestatibus,
1581 895 1720 929 ducibus
1736 900 1767 929 et

1009 949 1186 992 capitaneis
1200 949 1553 993 communitatibusque
1563 955 1592 983 et
1608 949 1765 982 universi—

1009 1003 1127 1036 tatibus
1147 1008 1175 1036 et
1197 1003 1287 1044 aliis,
1327 1004 1366 1037 ad
1395 1014 1477 1047 quos
1496 1008 1619 1046 spectat
1644 1009 1675 1037 et
1694 1013 1766 1047 per-

1008 1056 1089 1089 tinet
1108 1061 1140 1089 et
1159 1057 1316 1100 spectabit
1336 1062 1367 1090 et
1386 1055 1562 1100 pertinebit
1583 1056 1766 1099 quomodo-

1009 1109 1086 1142 libet
1102 1110 1134 1142 in
1150 1110 1296 1143 futurum
1316 1137 1323 1150 ,
1354 1120 1394 1142 ne
1416 1109 1569 1153 deinceps
1601 1110 1767 1153 perpetuis

1009 1163 1126 1196 tuturis
1138 1163 1350 1207 tempo-iilius,
1370 1164 1402 1196 111
1415 1163 1603 1196 eorumdem
1626 1163 1765 1196 militum

1009 1221 1040 1249 et
1064 1216 1210 1260 equitum
1241 1216 1488 1256 distributione,
1524 1222 1588 1248 tam
1625 1216 1658 1248 in
1681 1222 1767 1249 tran-

1010 1269 1134 1303 seundo
1162 1280 1259 1312 quam
1285 1269 1365 1302 inibi
1390 1269 1645 1309 commorando,
1677 1280 1767 1302 com-

1009 1323 1224 1356 munitatibus
1253 1329 1283 1356 et
1318 1323 1582 1356 universitatibus
1600 1323 1766 1364 videlicet,

1010 1387 1050 1410 ne
1085 1377 1190 1410 dictos
1224 1377 1349 1421 equites
1378 1388 1414 1410 00
1449 1377 1567 1410 milites
1598 1377 1630 1409 in
1648 1377 1766 1410 eisdem

1009 1430 1233 1470 monasteriis,
1262 1430 1427 1464 coenobiis
1441 1457 1448 1470 ,
1478 1429 1629 1463 domibus
1649 1436 1679 1463 et
1699 1430 1769 1463 aliis

1009 1484 1238 1517 ecclesiasticis
1265 1490 1295 1517 ct
1320 1484 1381 1528 piis
1400 1484 1502 1524 locis,
1541 1484 1600 1516 sub
1626 1484 1766 1516 duorum

1009 1537 1348 1571 milliumducatorum
1358 1538 1441 1577 auri⁷
1459 1537 1611 1570 Gamerae
1632 1537 1768 1580 Aposto-

1008 1591 1089 1624 licae
1110 1591 1180 1635 ipso
1197 1592 1279 1624 sacto
1296 1591 1516 1635 applicandis,
1540 1596 1570 1624 et
1590 1590 1661 1623 aliis
1683 1591 1768 1623 arbi-

1010 1645 1060 1678 trii
1080 1646 1181 1678 nostri
1201 1645 1325 1688 poenis,
1348 1645 1460 1688 quovis
1477 1644 1622 1688 quaesito
1644 1644 1765 1683 colore,

1010 1709 1105 1732 001150
1126 1725 1133 1738 ,
1168 1699 1298 1741 ingenio
1334 1699 1396 1731 sive
1436 1703 1601 1741 praetextu
1618 1725 1626 1738 ,
1659 1698 1766 1731 ‹listri-

1008 1753 1109 1786 buerc
1130 1753 1194 1785 5110
1215 1753 1398 1795 assignare,
1434 1753 1483 1785 vel
1518 1752 1557 1784 ad
1585 1752 1657 1785 illos
1681 1753 1766 1785 reci-

1008 1807 1163 1850 piendum
1181 1812 1209 1839 et
1230 1806 1369 1849 bospitio
1394 1806 1620 1850 excipiendum
1636 1816 1763 1848 cogere.

1053 1860 1068 1903 ξ,
1089 1860 1118 1892 2.
1143 1860 1222 1903 Ipsis
1241 1870 1316 1892 vero
1342 1859 1520 1904 capitaneis
1550 1864 1581 1892 et
1605 1859 1763 1898 ducibus,
1797 1869 1831 1905 ,5¹
1849 1873 1923 1890 euni...
1935 1875 1969 1888 <21-

1008 1924 1048 1946 ne
1070 1913 1199 1946 eosdem
1225 1924 1301 1946 51105
1327 1913 1451 1957 equites
1479 1918 1507 1945 et
1543 1912 1674 1953 milites,
1706 1913 1765 1945 sub
1781 1903 1969 1952 }}‡ss¹''f'1}'‚⁵1‚,f,²„,‚ssssss

1783 1966 1815 1983 les
1831 1963 1858 1982 lbi
1882 1963 1967 1985 iiiiltlcsg

1008 1967 1237 2010 indignationis
1261 1973 1390 2000 nostrae
1422 1978 1459 1999 ae
1484 1966 1670 2010 privationis
1695 1967 1765 1999 otti-

1010 2021 1137 2054 ciorum
1172 2032 1307 2054 suorum
1351 2020 1485 2064 aliisque
1518 2020 1613 2052 ctiam
1641 2020 1764 2052 arbitrii

1009 2075 1111 2108 nostri
1137 2074 1263 2118 poenis,
1286 2073 1422 2107 indictis
1444 2073 1665 2111 monasteriis,
1696 2084 1767 2105 coc-

1010 2128 1135 2169 nobiis,
1163 2128 1314 2161 domibus
1335 2133 1364 2161 et
1395 2127 1464 2160 aliis
1485 2126 1711 2159 ecclesiasticis
1737 2132 1767 2159 et

1010 2182 1072 2225 piis
1097 2182 1197 2221 10015,
1234 2182 1292 2215 0151
1313 2180 1563 2214 communitates
1586 2185 1617 2213 et
1636 2180 1766 2213 univcr-

1010 2235 1117 2269 sitates
1137 2236 1225 2280 ipsae
1246 2234 1357 2268 eadem
1378 2235 1449 2267 loca
1469 2233 1590 2266 eisdem
1611 2233 1767 2277 assignas-

1011 2295 1098 2331 sent,
1121 2289 1327 2323 distribuant.
1849 2327 1852 2329 ι

1054 2343 1119 2387 §3
1144 2341 1424 2376 Gubernatoribus
1452 2350 1528 2374 vero
1563 2347 1594 2374 et
1620 2340 1764 2385 ipsarum
1796 2344 1819 2364 Et
1836 2344 1964 2370 subernum

1782 2381 1816 2396 res
1837 2375 1930 2395 locui-uni
1946 2379 1967 2395 01

1012 2397 1176 2430 civitatum
1194 2401 1224 2429 et
1238 2397 1387 2429 locorum
1406 2394 1610 2438 praetoribus
1639 2405 1676 2427 ac
1696 2394 1766 2427 aliis
1782 2408 1834 2427 aiios
1865 2406 1967 2434 quimus

1011 2443 1667 2489 officialibusquibuscumque,quominus
1676 2454 1768 2487 prae·
1782 2438 1904 2490 {ffifffl‘jfgf
1922 2444 1957 2463 ΓΝ

1011 2495 1108 2528 1111550
1139 2495 1178 2528 ab
1208 2495 1285 2539 ipsis
1316 2492 1605 2527 communitatibus
1641 2498 1671 2525 et
1695 2492 1767 2525 uni-

1010 2544 1213 2577 versitatibus
1232 2554 1269 2576 00
1290 2542 1467 2587 capitaneis
1482 2547 1513 2575 et
1524 2541 1663 2575 ducibus
1679 2541 1763 2580 fieri,

1011 2594 1071 2627 sub
1080 2594 1224 2627 eiusdem
1237 2591 1466 2636 indignationis
1480 2596 1608 2625 nostrae
1619 2602 1656 2624 ac
1666 2590 1762 2623 etiam

1010 2643 1197 2687 privationis
1206 2642 1387 2677 officiorum
1399 2651 1533 2676 suorum
1543 2640 1763 2687 praefatorum
