2237 3100
188 254 238 282 An.
259 254 370 283 &1560

212 846 278 867 Causa
293 848 370 868 cousti-

186 878 280 899 tutionis.

388 308 557 341 tionabiles
568 315 682 340 causae
697 303 892 349 persuadent
911 309 942 337 et
960 304 1022 337 hoc
1038 305 1070 337 in
1081 305 1140 337 Do-

388 361 476 394 mino
498 360 717 404 conspicimus
741 357 913 391 salubriter
932 358 1092 401 expedire.

433 416 447 458 ἓ
466 415 498 447 ’1.
520 415 647 447 Dudum
668 412 824 456 siquidem
841 423 858 444 a
874 411 974 445 felicis
988 411 1139 444 recorda-

187 471 371 524 edicdlietnffifmffl
389 469 485 502 tionis
512 468 674 501 Clemente
694 467 778 509 Papa
801 466 863 505 vll,
893 465 1139 508 praedecessore

188 541 228 562 qua
243 535 284 556 iiic.

388 527 507 562 nostro,
529 524 719 554 emanarunt
737 519 859 558 literae,
877 518 1039 561 inquibus
1058 528 1140 550 non—

388 576 495 608 nullae
515 575 596 607 aliae
626 573 821 611 inseruntur,
852 576 1003 604 tenorum
1029 570 1140 603 subse-

387 627 567 672 quentium.
593 627 737 660 Clemens
761 625 922 667 episcopus
945 635 1053 656 servus
1080 635 1142 657 ser-

388 692 497 714 rorum
517 681 588 717 Dei,
606 680 648 711 ad
664 682 854 722 perpetuam
874 678 922 710 rei
937 678 1138 710 memoriam.

389 735 560 768 Consuezvit
581 737 637 765 etc.
663 732 688 764 ¹.

432 789 446 831 ᾖ
466 788 497 820 2.
520 787 599 819 Cum
622 791 741 825 autem,
764 785 846 818 sicut
870 784 963 818 nobis
988 784 1140 826 innotuit,

386 839 618 886 quamplurimi
634 840 745 879 duces,
758 838 903 878 comites,
923 839 1139 878 marchiones,

386 894 561 934 domicelli,
583 895 721 926 barones
737 892 835 925 etalii
856 893 888 925 in
909 893 1143 935 temporalibus

386 948 525 985 domini,
546 947 668 987 vicarii,
697 945 944 979 communitates
965 950 995 978 et
1014 945 1142 979 univer-

387 1003 495 1036 sitates
515 1000 696 1041 civitatum,
724 1006 886 1033 terrarum
911 1004 942 1032 et
975 1000 1140 1039 locorum,

387 1056 491 1089 eidem
505 1055 669 1088 Romanae
688 1053 851 1086 Ecclesiae
872 1052 1009 1086 mediate
1028 1052 1144 1086 velim-

387 1109 524 1142 mediate
540 1108 773 1147 subiectorum,
787 1105 1001 1149 nonnullique
1018 1105 1071 1138 alii
1082 1105 1144 1138 sin-

386 1162 511 1205 gularia
532 1161 708 1195 certamina
719 1164 904 1203 exoptantes
920 1166 949 1192 et
970 1158 1035 1199 alii,
1048 1158 1143 1191 etiam

388 1221 424 1249 ut
433 1216 615 1260 praefertur
630 1214 761 1255 subditi,
774 1214 827 1245 illa
837 1213 944 1246 videre
962 1213 1140 1257 cupientes,

389 1280 523 1303 suorum
544 1274 655 1306 status,
678 1267 788 1301 salutis
813 1272 841 1299 et
867 1266 1000 1300 honoris
1029 1266 1143 1299 imme-

390 1322 614 1358 moresliteris
622 1321 852 1365 praedictorum
863 1319 1050 1352 huiusmodi
1066 1331 1143 1353 con-

387 1377 558 1417 travenire,
585 1382 625 1411 et>
640 1385 793 1408 censuras
817 1385 853 1407 ac
878 1384 998 1417 poenas
1022 1374 1054 1406 in
1082 1374 1144 1407 illis

389 1436 555 1464 contentas
572 1429 804 1472 parvipendere
824 1438 889 1460 non
904 1434 1087 1468 vereantur,
1111 1427 1143 1459 in

387 1484 569 1517 animarum
601 1492 732 1515 suarum
759 1481 935 1525 perniciem
961 1486 991 1513 et
1021 1480 1143 1513 divinae

388 1537 558 1570 Maiestatis
569 1536 739 1575 offensam,
754 1545 790 1567 ac
811 1533 1011 1578 reipublicae
1028 1533 1143 1566 laesio-

389 1602 475 1624 nem.

433 1645 448 1688 g
467 1644 499 1677 3.
523 1644 596 1683 Nos,
619 1653 760 1685 quorum
781 1647 825 1674 est
847 1641 1078 1674 sceleratorum
1094 1640 1143 1672 in-

982 250 1161 275 BULLARIUM
1185 247 1336 273 ROMANUM

1181 311 1272 340 num,
1282 294 1566 343 incorporationis,
1581 297 1815 343 applicatIOnis,
1827 297 1938 331 volun-

1182 359 1283 386 tatum
1307 358 1338 385 et
1358 352 1585 385 mandatorum
1604 362 1641 385 ac
1662 351 1814 385 omnihus
1831 356 1861 384 et
1877 351 1939 384 sin-

1182 406 1265 449 gulis
1285 406 1355 439 aliis
1370 405 1403 438 in
1423 405 1467 438 eis
1483 405 1658 449 respective
1670 405 1828 438 contentis
1849 405 1938 438 clau-

1183 459 1272 500 sulis,
1300 459 1491 493 auctoritate
1515 459 1700 503 apostolica,
1712 465 1824 493 tenore
1844 469 1939 503 prae-

1183 513 1334 554 sentium,
1344 512 1563 557 approbamus
1573 518 1603 546 et
1618 513 1818 553 innovamus,
1829 517 1860 546 et
1869 523 1940 555 per-

1184 572 1298 610 petuae
1311 566 1469 600 firmitatis
1489 566 1606 600 robore
1620 567 1802 607 subsistere,
1824 572 1854 599 et
1874 566 1939 599 sin-

1183 621 1294 664 gulos,
1323 631 1404 664 quos
1432 620 1544 653 literae
1569 620 1656 665 ipsae
1683 625 1885 654 concernunt
1911 625 1941 654 et

1185 679 1394 715 concernent,
1416 674 1474 706 sub
1494 674 1848 715 excommunicationis,
1867 684 1942 707 ana-

1186 728 1349 764 thematis,
1377 727 1641 768 maledictionis,
1659 735 1834 772 perpetuae
1860 728 1941 761 insa-

1185 781 1279 822 miae,
1303 781 1524 823 diffidationis,
1552 782 1696 815 criminis
1720 782 1825 816 laesae
1846 782 1943 815 maie-

1186 835 1284 875 statis,
1308 835 1485 875 seditioniS,
1512 835 1709 877 rebellionis,
1736 836 1942 869 confiscatio-

1185 888 1234 922 nis
1259 894 1287 922 et
1309 888 1496 932 privationis
1514 893 1655 922 statuum
1671 893 1702 922 et
1722 890 1942 923 dominiorum

1185 952 1221 974 ac
1251 942 1422 975 feudorum
1445 947 1474 975 et
1497 941 1709 975 vicariatuum
1741 953 1778 976 ac
1802 943 1942 976 aliorum

1184 995 1346 1028 bonorum
1361 1006 1508 1036 suorum,
1520 1006 1556 1028 ac
1566 995 1777 1040 depositionis
1796 996 1940 1037 illorum,

1186 1058 1312 1081 necnon
1333 1048 1541 1081 inhabilitatis
1561 1048 1601 1081 ad
1621 1048 1674 1081 illa
1694 1054 1725 1081 et
1744 1048 1806 1082 alia
1830 1048 1863 1082 in
1883 1060 1942 1094 po-

1186 1106 1307 1134 sterum
1329 1102 1516 1142 obtinenda,
1548 1113 1585 1135 ac
1606 1102 1769 1135 interdicti
1803 1113 1841 1135 ac
1874 1103 1944 1135 aliis

1186 1154 1331 1188 censuris
1352 1166 1389 1188 ac
1414 1156 1538 1200 poenis,
1561 1155 1787 1189 ecclesiasticis
1812 1160 1842 1189 et
1860 1161 1943 1189 tem-

1186 1209 1364 1252 poralibus,
1388 1209 1524 1253 aliisque
1549 1209 1581 1241 in
1607 1209 1727 1243 eisdem
1748 1210 1850 1243 literis
1865 1220 1944 1243 con-

1186 1262 1292 1301 tentis,
1306 1272 1386 1305 quas
1397 1263 1673 1296 contravenientes
1689 1274 1726 1297 eo
1747 1263 1816 1307 ipso
1832 1263 1943 1297 incur-

1186 1320 1258 1348 rant
1282 1321 1311 1348 ct
1337 1315 1534 1349 intestabiles
1554 1316 1643 1357 fiant,
1665 1327 1703 1350 ac
1727 1317 1812 1350 ultra
1824 1327 1945 1361 poenas

1187 1368 1366 1412 praedictas
1392 1369 1578 1402 carceribus
1602 1369 1782 1414 mancipari
1807 1375 1838 1403 et
1862 1370 1944 1403 deti-

1186 1422 1255 1454 neri
1281 1428 1309 1454 et
1336 1422 1449 1466 poenis
1482 1422 1654 1466 praedictis
1680 1423 1945 1457 irremissibiliter

1187 1475 1294 1518 puniri
1316 1475 1465 1516 debeant,
1484 1481 1641 1520 perpetuo
1657 1476 1831 1517 observari,
1845 1482 1875 1510 et
1886 1488 1945 1522 per

1187 1534 1377 1562 executores
1401 1529 1433 1562 in
1459 1530 1552 1562 dictis
1576 1530 1678 1563 literis
1698 1529 1868 1574 deputatos
1887 1531 1944 1564 ad-

1186 1593 1296 1615 versus
1313 1583 1442 1616 eosdem
1465 1583 1734 1616 contrafacientes
1754 1584 1794 1617 ad
1812 1585 1944 1618 totalem

1187 1636 1408 1669 executionem
1430 1636 1590 1669 dictarum
1611 1647 1791 1680 poenarum
1811 1638 1944 1681 procedi

1186 1689 1303 1722 debere
1323 1690 1541 1723 decernimus.

1950 243 2000 270 An.
2017 241 2047 269 C.
2070 241 2139 272 ¹360

239 1706 372 1728 Confirmaiio
389 1697 544 1737 solennis,
563 1695 681 1739 quibus
701 1694 979 1728 adversumDeum
992 1698 1022 1726 et
1036 1694 1143 1738 proxi-

187 1736 373 1789 issssiiiistxlssiiinle'l
390 1763 479 1784 mum
494 1762 531 1783 ac
556 1750 659 1782 dictae
684 1748 774 1781 Sedis
794 1747 1029 1787 auctoritatem,
1047 1747 1144 1780 veluti

186 1800 264 1820 ἨΘΜ
280 1798 325 1820 m'
387 1805 564 1841 catholicae
585 1802 793 1847 professionis
818 1801 952 1841 inimici,
981 1801 1141 1840 saeviunt,

386 1857 560 1894 salubriter
580 1855 808 1899 reprimendis,
835 1865 875 1888 ne
896 1854 1040 1899 ipsorum
1056 1854 1144 1887 inva-

384 1915 483 1947 lescat
504 1909 725 1955 praesumptio
751 1914 781 1942 et
801 1908 991 1952 perversitas
1011 1908 1142 1941 extolla-

1231 1744 1245 1786 ξ
1265 1743 1296 1775 4.
1320 1743 1469 1787 lllasque,
1489 1749 1553 1776 tam
1565 1743 1603 1776 ad
1621 1744 1746 1787 pugiles
1760 1744 1866 1777 taliter
1880 1755 1942 1789 pu-
1983 1756 2144 1809 Εκιειιςῑοιιωιτί

1957 1789 2089 1809 stitutionum
2117 1795 2128 1810 a

1186 1801 1437 1840 gnantes,quam
1456 1807 1510 1830 eos
1530 1797 1569 1829 ad
1589 1796 1621 1828 id
1642 1802 1799 1830 tentantes
1819 1803 1849 1831 et
1868 1808 1942 1841 pro·
1956 1818 2049 1839 samos„
2078 1818 2141 1839 ‹iuer-

1186 1855 1346 1890 vocantes,
1368 1854 1423 1882 aut
1443 1850 1551 1883 locum
1568 1860 1624 1881 seu
1645 1860 1797 1894 eampum
1817 1851 1857 1884 ad
1878 1862 1940 1895 pu-
1956 1850 2043 1871 ¹³⁰¹³¹¹¹¹¹
2058 1853 2079 1870 0²
2095 1849 2143 1870 ’ffi-

1910 1904 1915 1909 ,
1956 1884 2030 1907 gentes
2048 1881 2082 1901 vel
2095 1880 2144 1901 suh-

1186 1904 1351 1946 gnandum
1385 1903 1496 1936 dantes
1521 1914 1578 1936 seu
1604 1904 1828 1945 concedentes,
1851 1915 1888 1937 ac
1908 1912 2144 1965 ¹nfgg¹¹2ss¹2¹1ssss³⁰h³‘'

383 1974 448 2007 tur,
460 1965 626 1999 intendere
636 1975 642 2003 ;
653 1969 681 1996 et
694 1974 735 1996 ne
745 1963 846 1996 litera)
856 1962 1040 2006 praedicta),
1061 1972 1143 2005 quae

384 2019 517 2064 provida
537 2017 768 2051 deliberatione
793 2016 831 2048 ab
860 2016 937 2059 ipsis
958 2015 1144 2059 praedeces—

385 2072 512 2105 soribus
523 2075 726 2109 emanarunt,
738 2069 999 2113 contemptibiles
1010 2068 1144 2101 reddan-

385 2132 448 2167 tur,
467 2126 521 2158 sed
533 2125 662 2157 illarum
678 2129 932 2167 transgressores
952 2122 1057 2156 debita
1073 2122 1142 2155 ani-

385 2179 606 2213 madversione
616 2178 804 2222 puniantur,
812 2177 981 2222 providere
989 2177 1142 2215 volentes,

385 2239 474 2266 motu
502 2232 652 2276 proprio,
681 2242 745 2265 non
775 2232 813 2264 ad
838 2231 1024 2275 aliquorum
1050 2229 1143 2262 nobis

385 2297 483 2331 super
507 2287 569 2320 hoc
596 2286 720 2319 oblatae
747 2285 912 2329 petitionis
938 2283 1139 2323 instantiam,

384 2340 439 2373 sed
451 2340 489 2373 de
501 2345 609 2373 nostra
622 2350 711 2372 mera
726 2337 957 2372 deliberatione
969 2343 998 2371 et
1007 2348 1044 2370 ex
1055 2342 1141 2370 certa

386 2392 530 2433 scientia,
545 2392 688 2435 singulas
697 2391 780 2432 Iulii,
793 2391 908 2427 Leonis
924 2396 954 2423 et
968 2390 1142 2424 Clementis

384 2441 671 2485 praedecessorum
687 2440 926 2484 praedictorum
938 2439 1056 2478 literas,
1066 2449 1140 2471 cum

384 2495 595 2530 statutorum,
618 2489 877 2529 ordinationum,
904 2487 1138 2527 adiectionum,

382 2538 605 2580 decretorum,
637 2538 910 2578 declarationum,
937 2536 1140 2570 confiscatio-

421 2606 432 2632 1
455 2605 596 2633 Omittitur
613 2605 761 2636 residuum,
780 2605 840 2639 quia
860 2603 1016 2639 simpliciter
1041 2603 1141 2631 confir-

384 2648 440 2674 mat
454 2645 540 2674 bullas
559 2645 653 2673 citatas
671 2646 697 2672 in
713 2648 776 2673 nota
794 2645 827 2672 ad
848 2644 992 2672 rubricam.

1186 1957 1248 1989 illis
1263 1962 1400 1990 astantes
1419 1962 1449 1989 et
1466 1956 1703 1997 interessentes,
1725 1968 1761 1990 ac
1783 1963 1942 1991 certantes

1187 2010 1376 2044 comitantes
1396 2016 1427 2043 et
1446 2010 1628 2044 comitivam
1649 2016 1859 2054 praestantes,
1881 2021 1942 2045 nec

1185 2074 1250 2097 non
1281 2065 1486 2097 consulentes
1506 2075 1541 2097 ac
1562 2064 1774 2098 adhaerentes
1793 2070 1824 2098 et
1842 2065 1943 2098 fauto-

1186 2128 1248 2159 res,
1262 2128 1390 2151 necnon
1411 2118 1538 2151 ehartas
1560 2118 1745 2151 certaminis
1769 2129 1825 2152 seu
1842 2119 1941 2152 duelli

1186 2171 1424 2205 subscribentes
1439 2172 1489 2204 vel
1507 2171 1672 2214 affigentes
1700 2176 1755 2205 aut
1771 2172 1940 2216 publican—

1186 2230 1244 2265 tes,
1258 2225 1352 2258 etiam
1375 2225 1399 2258 si
1421 2225 1603 2269 praedictae
1627 2236 1684 2258 seu
1704 2225 1940 2269 cuiuscumque

1185 2278 1316 2311 alterius
1336 2278 1508 2322 dignitatis,
1530 2278 1716 2319 nobilitatis,
1739 2282 1849 2320 status,
1866 2289 1940 2321 gra—

1185 2332 1244 2364 dus
1273 2337 1303 2364 ct
1328 2332 1468 2373 ordinis,
1495 2337 1560 2365 tam
1582 2331 1815 2366 ecclesiasticae
1843 2342 1941 2374 quam

1184 2385 1377 2427 mundanae,
1395 2385 1539 2426 existant,
1558 2385 1653 2418 etiam
1669 2385 1708 2418 ad
1728 2385 1790 2418 hoc
1810 2389 1845 2417 nt
1864 2384 1939 2428 ipsi,

1184 2438 1268 2471 ultra
1286 2449 1406 2482 poenas
1421 2438 1610 2483 praedictas,
1631 2437 1940 2472 excommunicatio-

1183 2487 1233 2520 nis
1249 2487 1380 2521 maioris
1396 2488 1478 2521 latae
1495 2487 1670 2521 sententiae
1682 2497 1863 2530 poenam,a
1877 2497 1941 2530 qua

1184 2536 1312 2569 nonnisi
1329 2547 1347 2568 a
1363 2537 1455 2569 nobis
1477 2548 1532 2570 seu
1553 2536 1697 2569 Romano
1708 2535 1864 2569 pontifice
1881 2545 1941 2579 pro

1184 2591 1330 2630 tempore
1352 2586 1504 2619 existente
1524 2584 1644 2618 absolvi
1664 2584 1799 2628 possint,
1821 2594 1859 2617 eo
1870 2584 1941 2628 ipso

1184 2635 1365 2676 incurrant,
1379 2635 1447 2669 etsi
1466 2633 1820 2676 ecclesiasticifuerint,
1842 2632 1940 2667 etiam
