2237 3100
35 295 84 321 An.
102 292 129 320 C.
151 292 217 321 ¹567

919 291 986 316 PIUS
1005 291 1024 313 V
1045 290 1091 317 PP.

232 345 345 389 poenis
365 345 603 383 ecclesiasticis
626 347 736 390 «plavis
755 348 924 379 occasione
941 347 985 379 la-

232 399 282 439 tis,
315 398 339 431 si
364 399 483 443 quibus
511 399 653 433 innodati
675 401 826 439 existunt,
849 401 886 433 ad
908 403 983 433 etl'c-

232 458 319 486 ctum
341 453 559 496 praesentium
587 454 748 486 dumtaxat
781 465 983 497 consequen-

231 507 319 543 dum,
340 507 456 539 harum
477 509 559 540 serie
580 508 779 541 absolventes
800 515 826 541 et
852 508 982 541 absolu-

232 566 280 593 tos
309 561 376 593 fore
406 567 584 601 censentes,
612 562 799 594 huiusmodi
820 562 983 606 supplica-

232 613 373 646 tionibus
388 614 542 653 inclinati,
555 615 739 651 canonicos,
753 616 931 648 monachos
954 622 981 647 ot

232 668 346 701 fratres
366 668 559 712 praedictos,
588 669 612 701 si
639 669 871 712 professionem
888 680 983 711 regu-

232 722 344 761 larem,
367 715 453 755 iuxta
474 733 586 755 eorum
609 728 724 755 statuta
757 728 783 755 et
807 722 985 756 laudabiles

232 775 483 808 consuetudines
509 786 545 809 ac
566 776 731 820 privilegia
751 783 781 810 et
803 777 926 809 indulta
939 777 984 810 eis

231 840 395 870 concessa,
410 830 573 863 emiserint
590 831 777 875 respective,
788 831 984 875 illorumque

232 884 443 925 monasteria,
477 884 572 917 etiam
602 885 811 924 monialium,
856 896 984 919 necnon

231 937 344 971 domos
364 943 395 971 et
412 938 483 971 loca
506 938 567 971 alia
592 950 831 983 quaecumque,
860 939 899 971 ad
920 939 984 971 sin-

230 992 305 1035 gula
330 991 576 1032 declarationes,
605 998 719 1026 statuta
741 1000 769 1026 et
797 993 984 1026 immunita-

232 1051 278 1078 tes
318 1046 329 1089 (
347 1045 587 1079 contributione
628 1047 752 1080 ratione
794 1047 985 1080 seminario-

233 1110 305 1132 rum
326 1110 509 1144 pauperum
531 1100 726 1133 clericorum
747 1101 834 1134 iuxta
855 1101 986 1134 ordina-

234 1153 354 1187 tionem
375 1154 452 1186 dicti
472 1154 602 1187 concilii
622 1154 800 1188 Tridentini
821 1155 988 1198 erigendo-

235 1218 308 1240 rum
337 1213 367 1241 et
397 1208 690 1245 instituendorum,
730 1219 855 1242 necnon
885 1209 986 1241 subsi-

235 1261 362 1295 diorum
379 1261 555 1306 apostolica
571 1263 760 1295 auctoritate
773 1274 831 1307 pro
843 1269 987 1307 tempore

236 1316 474 1360 impositorum,
508 1327 544 1349 ac
573 1318 821 1360 quaestuatione
847 1318 988 1350 eleemo-

235 1381 386 1415 synarum
408 1371 570 1404 dumtaxat
587 1371 989 1415 exceptis),exemptiones,

236 1425 428 1465 voluntates,
451 1425 698 1469 prohibitiones,
721 1425 989 1470 approbationes,

237 1479 449 1519 extensiones,
469 1480 598 1513 decreta
623 1485 651 1512 et
673 1479 735 1512 alia
761 1490 990 1523 quaecumque

236 1532 370 1575 gratias,
406 1533 574 1566 facultates
607 1539 635 1566 ct
669 1532 834 1577 privilegia
869 1533 990 1567 eisdem

238 1586 390 1619 fratribus
423 1586 693 1625 Mendicantibus,
721 1593 756 1620 ut
789 1588 988 1631 praefertur,

239 1651 390 1674 concessa
410 1646 441 1673 et
460 1642 555 1681 facta,
577 1652 614 1674 ac
635 1641 695 1674 alia
723 1641 754 1674 in
784 1642 991 1685 praeinsertis

238 1694 338 1728 literis
362 1700 512 1728 contenta
532 1700 562 1728 et
581 1695 655 1728 inde
681 1700 790 1728 secuta
814 1706 991 1738 quaecum-

238 1759 314 1792 que,
349 1749 433 1782 dicta
461 1749 651 1782 auctoritate
672 1748 860 1792 apostolica.
880 1755 991 1782 tenore

239 1803 469 1847 praesentium,
488 1809 645 1847 perpetuo
667 1803 870 1836 extendimus
882 1809 910 1836 et
927 1814 994 1835 am-

240 1855 392 1900 pliamus,
405 1856 542 1900 illosque
554 1856 838 1891 declarationibus,
858 1856 993 1892 statutis,

240 1909 508 1954 exemptionibus,
536 1910 771 1946 voluntatibus,
805 1910 996 1955 prohihitio-

241 1963 352 2003 nibus,
389 1964 695 2008 approbationibus,
732 1964 991 2003 extensionibus,

240 2018 377 2051 decretis
410 2024 441 2051 et.
465 2018 534 2051 aliis
563 2018 690 2061 gratiis,
729 2017 936 2051 facultatibus
965 2024 995 2051 et

247 2071 419 2117 privilegiis
439 2071 626 2105 huiusmodi
646 2071 866 2115 pariformiter
881 2077 909 2104 et
920 2072 993 2104 abs-

241 2137 304 2170 que
325 2127 391 2159 ulla
418 2126 547 2171 penitus
571 2126 769 2167 differentia,
798 2132 892 2170 prout
921 2126 996 2159 dicti

243 2182 356 2214 fratres
386 2180 602 2214 Mendicantes
636 2185 790 2219 utuntur,
827 2180 997 2224 potiuntur

243 2241 274 2269 et
293 2234 445 2277 gaudent,
468 2245 505 2267 ac
525 2234 584 2273 uti,
603 2233 699 2277 potiri
728 2239 759 2266 et
780 2234 919 2276 gaudere
942 2246 997 2278 po-

244 2294 364 2329 terunt,
386 2288 487 2321 libere
503 2293 533 2320 et
553 2287 638 2320 licite
660 2287 718 2327 uti,
743 2286 837 2331 potiri
863 2294 893 2320 et
917 2298 996 2331 gau-

244 2344 320 2377 dere
340 2353 434 2387 posse
464 2347 560 2386 atque
587 2341 722 2382 deberej,
750 2340 869 2384 illaque
889 2342 998 2375 omnia

245 2402 273 2430 et
290 2397 416 2441 singula
432 2396 490 2429 sibi
512 2405 691 2438 eorumque
711 2395 925 2435 monasteriis,
945 2396 999 2429 do-

246 2451 352 2485 mibus
372 2456 402 2484 et
429 2450 509 2484 locis
532 2448 719 2482 huiusmodi
749 2458 928 2492 eorumque
948 2461 1000 2483 su-

247 2500 430 2546 perioribus
445 2506 475 2533 et
487 2498 1000 2544 personisquibuscumque,quas

247 2550 301 2582 illa
326 2553 545 2587 concernunt,
566 2553 594 2580 et
617 2558 676 2591 pro
696 2551 842 2589 tempore
864 2557 999 2581 concer-

249 2604 335 2640 nent,
359 2598 538 2641 suffragari,
564 2606 691 2630 necnon
718 2595 814 2628 modo
843 2601 873 2628 et
898 2597 1001 2631 forma

248 2649 366 2693 quibus
385 2647 558 2692 praedictis
573 2645 726 2679 fratribus
747 2644 1002 2680 Mendicantibus

249 2709 402 2732 concessa
418 2703 446 2731 et
464 2698 545 2731 facta
565 2702 654 2736 sunt,
680 2705 832 2729 concessa
852 2696 1001 2741 factaque

328 2747 405 2779 Butt.
430 2746 507 2778 Rom.
534 2746 589 2776 Vol.
617 2745 675 2777 VII.
845 2745 881 2776 74

1672 279 1737 314 585

1026 354 1106 378 esse,
1134 352 1261 375 necnon
1281 343 1320 375 ad
1347 341 1472 384 singula
1493 342 1699 382 monasteria,
1721 342 1778 375 do-

1026 408 1094 430 mos
1111 402 1140 429 et
1159 397 1231 429 loca
1246 406 1473 440 quaecumque
1495 395 1655 428 dictorum
1680 406 1778 429 cano-

1026 451 1191 485 nis-orum.
1227 450 1463 483 monachorum
1493 455 1524 482 et
1544 449 1679 482 fratrum
1706 460 1780 482 nec-

1026 516 1089 537 non
1111 504 1301 537 monialium
1320 503 1607 546 congregationum
1632 509 1662 535 et
1687 502 1778 536 Ordi—

1026 570 1103 591 num
1126 559 1366 603 praedictorum
1398 557 1430 590 in
1457 557 1707 601 congregatione.
1734 559 1778 590 vi—

1025 614 1168 646 ventium
1195 618 1322 646 extensa
1339 618 1366 645 et
1388 612 1540 655 ampliata
1561 612 1697 645 censeri.

1069 670 1084 709 ς’
1104 667 1134 699 4.
1169 666 1296 710 Sieque,
1320 666 1351 698 in
1378 666 1562 709 praemissis
1577 666 1730 699 omnibus
1750 672 1779 699 et

1027 720 1172 762 singulis,
1195 730 1252 762 per
1272 730 1497 763 quoscumque
1518 719 1641 753 iudices
1660 725 1691 753 et
1706 731 1779 763 per-

1027 784 1133 811 sonas,
1158 779 1185 806 et
1204 779 1331 806 sanctae
1351 773 1514 807 Romanae
1534 773 1697 806 Ecclesiae
1713 784 1781 806 car—

1027 828 1149 861 dinales
1182 839 1217 861 at·
1251 838 1421 860 ‹rzausarum
1462 827 1572 860 Palatii
1607 828 1781 872 Apostolici

1027 880 1202 921 auditores,
1232 881 1357 914 sublata
1384 881 1430 914 eis
1459 887 1489 914 et
1515 892 1629 914 eorum
1650 881 1782 915 cuilibet

1026 935 1137 979 quavis
1167 935 1259 967 aliter
1288 934 1451 967 iudicandi
1482 940 1512 968 et
1547 935 1781 979 interpretandi

1027 989 1177 1021 stit-ultam
1199 994 1229 1021 et
1256 988 1461 1027 auctoritate,
1490 988 1625 1021 iudicari
1651 994 1681 1022 et
1701 989 1781 1022 defi-

1028 1042 1090 1075 niri
1106 1043 1237 1082 debere;
1253 1052 1381 1075 necnon
1396 1042 1552 1086 quicquid
1564 1053 1669 1083 secus,
1685 1054 1783 1088 super

1028 1097 1089 1135 his,
1111 1107 1129 1128 a
1144 1106 1321 1139 quoquam,
1333 1096 1444 1139 quavis
1457 1095 1659 1137 auctoritate,
1677 1097 1782 1130 scien-

1029 1151 1138 1182 terve]
1159 1150 1358 1192 ignoranter,
1373 1150 1543 1192 contigerit
1564 1151 1725 1190 attentari,
1742 1151 1784 1183 ir-

1030 1204 1127 1236 ritum
1148 1210 1176 1236 et
1203 1204 1299 1236 inane
1320 1204 1537 1237 decernimus.

1074 1258 1140 1300 §fr
1168 1257 1326 1296 Quocirca
1360 1257 1598 1291 venerabilibus
1633 1259 1784 1291 fratribus

1031 1318 1059 1344 et
1081 1312 1206 1344 dilectis
1227 1311 1301 1344 filiis
1322 1312 1465 1345 eiusdem
1488 1317 1615 1345 sanctae
1631 1312 1784 1346 Romame

1029 1365 1192 1399 Ecclesiae
1226 1365 1463 1402 cardinalibus.
1501 1365 1660 1398 dictorum
1691 1366 1783 1400 Ordi-

1796 292 1842 316 Au.
1861 290 1890 317 C.
1910 291 1977 317 ¹567

1821 676 1932 698 Decretum
1948 679 1979 698 ιι-

1795 710 1869 729 rizans.

1842 1273 1981 1294 meoniorum

1799 1306 1907 1332 deputatio
1919 1308 1940 1325 et
1950 1304 1981 1324 tn.-

1799 1337 1897 1357 cultates,

1031 1431 1109 1454 num
1131 1425 1159 1452 et
1186 1420 1475 1463 congregationum
1502 1419 1688 1453 huiusmodi
1716 1431 1783 1453 res·
1809 1454 1812 1458 ,

1032 1475 1154 1518 pective
1182 1484 1270 1507 nunc
1303 1480 1333 1506 et
1359 1484 1417 1517 pro
1446 1478 1593 1517 tempore
1623 1479 1785 1517 protecto—

1033 1529 1135 1567 ribus,
1162 1539 1220 1573 per
1245 1518 1421 1572 aposlolica
1446 1528 1566 1572 scripta
1595 1527 1786 1562 mandamus

1032 1588 1193 1627 quatenus
1213 1582 1273 1626 ipsi
1308 1582 1356 1614 vel
1379 1581 1444 1615 duo
1470 1586 1525 1615 aut
1545 1592 1630 1615 unus
1650 1592 1764 1615 eorum
1777 1610 1784 1623 ‚

1033 1648 1091 1681 per
1111 1648 1143 1669 se
1176 1637 1223 1670 vel
1260 1636 1360 1669 aliurn
1402 1646 1458 1669 seu
1479 1636 1571 1675 aliOS,
1602 1642 1787 1680 praesentes

1034 1691 1142 1724 literas
1171 1696 1201 1723 et
1222 1690 1256 1722 in
1286 1690 1331 1723 eis
1360 1696 1510 1723 contenta
1537 1700 1784 1734 quaecumque,

1035 1744 1089 1778 ubi
1110 1750 1140 1778 et
1159 1744 1289 1788 quando
1306 1755 1389 1788 opus
1400 1744 1508 1785 fuerit,
1530 1755 1568 1777 ac
1586 1744 1712 1788 quoties
1728 1755 1787 1789 pro

1035 1804 1124 1843 parte
1145 1798 1335 1831 eorumdem
1348 1799 1595 1838 canonicorum,
1608 1800 1786 1832 monacho-

1036 1864 1108 1885 rum
1135 1857 1163 1885 et
1190 1853 1325 1885 fratrum
1359 1859 1412 1885 aut
1449 1851 1640 1885 monialium
1674 1852 1787 1885 huius-

1036 1907 1121 1939 modi
1143 1907 1190 1938 vel
1210 1906 1349 1939 alicuius
1369 1916 1484 1939 eorum
1508 1906 1628 1939 fuerint
1649 1906 1789 1951 desuper

1037 1960 1191 2004 requisiti,
1221 1960 1408 1993 solemniter
1428 1960 1645 2003 publicantes,
1679 1960 1789 2004 eisque

1038 2016 1069 2047 in
1090 2014 1276 2059 praemissis
1302 2014 1441 2047 efficacis
1471 2013 1666 2048 defensionis
1694 2024 1788 2058 prae-

1037 2069 1117 2103 sidio
1146 2068 1330 2101 assistentes
1359 2068 1477 2101 saciant
1506 2068 1696 2102 auctoritate
1730 2078 1789 2101 no-

1038 2129 1102 2157 stra
1122 2128 1307 2167 praesentes
1332 2127 1363 2156 et
1392 2122 1426 2155 in
1444 2122 1489 2155 eis
1509 2127 1659 2155 contenta
1678 2122 1790 2156 huius-

1038 2177 1125 2211 modi
1146 2177 1283 2210 firmiter
1294 2176 1468 2218 observari,
1486 2186 1521 2209 ac
1535 2176 1690 2219 singulos,
1708 2187 1790 2220 quos

1038 2232 1149 2265 literae
1171 2231 1259 2274 ipsae
1284 2235 1498 2271 concernunt,
1521 2230 1655 2273 pacifice
1676 2230 1739 2263 frui
1760 2235 1791 2264 et

1039 2285 1197 2329 gaudere,
1227 2295 1293 2319 non
1320 2285 1543 2329 permittentes
1572 2294 1626 2317 eos
1653 2284 1702 2317 vel
1730 2283 1790 2317 ali-

1039 2350 1136 2384 quem
1157 2350 1271 2373 eorum
1293 2339 1441 2383 desuper,
1472 2343 1535 2371 tarn
1566 2343 1676 2371 contra
1695 2348 1790 2382 prae-

1040 2393 1178 2427 sentium
1198 2393 1380 2433 literarum,
1402 2403 1499 2437 quani
1516 2391 1792 2435 praeinsertarum

1040 2454 1197 2488 tenorem,
1213 2459 1271 2493 per
1285 2456 1522 2491 quoscumque,
1537 2446 1633 2479 etiam
1644 2446 1791 2479 locorum

1041 2497 1232 2538 ordinarios,
1261 2495 1505 2541 quomodolibet
1535 2495 1675 2528 indebite
1690 2495 1792 2529 mole-

1041 2546 1127 2580 stari.
1150 2546 1409 2581 Contradictores
1420 2544 1582 2588 quoslibet
1601 2549 1629 2577 et
1646 2545 1792 2581 rebelles,

1043 2608 1100 2641 per
1119 2607 1273 2630 censuras
1292 2601 1323 2629 et
1342 2605 1462 2640 poenas
1494 2594 1727 2628 ecclesiasticas
1758 2605 1792 2626 a·

1042 2646 1149 2690 liaque
1170 2651 1355 2690 opportuna
1382 2644 1461 2677 iuris
1488 2643 1647 2684 remedia,
1680 2643 1792 2688 appel-

1042 2695 1161 2729 latione
1184 2694 1378 2740 postposita‚
1411 2693 1661 2740 compescendo„
1691 2692 1794 2736 legiti-
