2237 3100
84 223 265 252 An.c.1565
957 217 1024 242 ems
1048 216 1078 240 1v
1103 217 1150 241 pp.
1730 204 1794 239 349
1857 214 1905 240 Αη.
1926 213 2040 240 01565

85 287 267 315 patrimonialibus
285 285 321 308 ac
350 273 487 307 aliarum
513 282 726 316 personarum
752 271 951 311 huiusmodi,
977 276 1038 304 tam
1129 270 1142 313 ξ
1163 268 1214 303 59.
1238 268 1393 311 Quodque
1415 267 1460 299 illi
1482 277 1518 300 ex
1545 266 1719 310 prioribus,
1748 279 1840 310 prae-
1858 312 1862 330 1
1884 279 1962 300 nunes
1983 284 2003 300 et
2020 286 2044 298 a-

85 323 134 346 post
171 321 268 340 omiss-tm
1867 312 1898 331 ἰιο
1937 316 2042 337 personae

85 350 247 377 wormium„
285 328 452 371 acquisita,
475 337 572 370 quam
594 326 625 359 in
646 332 812 370 posterum
833 325 1040 370 acquirenda,
1084 322 1280 367 reptoribus,
1303 321 1455 354 fratribus
1471 326 1500 353 et
1521 320 1656 353 subditis
1676 322 1839 365 praefatis,
1858 342 1973 367 Religion„
1990 348 2039 367 pm„

113 815 234 836 lurisdtcno
245 813 271 834 Μ.

87 849 180 874 magistri
192 850 212 868 et
223 853 274 868 con-

85 882 173 904 ventus,
184 884 221 899 uu
238 884 273 899 eo-

87 917 131 931 rum
161 909 273 935 delegato—

87 948 131 962 rum
148 942 203 962 inter
222 946 272 967 per-

87 979 150 994 sonat
158 973 227 992 dictae
236 971 273 992 Re-

87 1004 171 1030 ligioni:
183 1005 203 1024 et
219 1003 274 1022 miti-

88 1037 143 1057 tiae„

121 1776 182 1796 Citati
208 1779 278 1796 eoum

95 1810 280 1835 magistroeteon-

95 1843 172 1865 ventu,
188 1844 225 1859 seu
241 1844 280 1859 eo-

96 1877 140 1891 rum
162 1870 278 1895 detegatis,

97 1906 220 1928 comparere
245 1904 279 1921 te-

96 1935 199 1954 neuntur.

284 386 339 414 aut
359 380 421 413 illis
441 379 553 423 quovis
581 379 676 412 modo
691 406 698 419 ,
726 379 820 412 etiam
851 390 887 411 ex
909 389 1040 411 conces-

285 435 374 468 sione
390 433 565 477 apostolica
580 434 628 466 vel
640 432 825 476 magistrali,
835 432 1039 476 pertinentia,

286 499 322 521 ex
339 488 390 521 die
406 487 540 520 emissae
549 487 747 531 pereosdem
766 486 890 530 priores
906 491 936 519 et
953 496 1043 529 prae-

287 547 444 585 ceptores,
466 541 579 573 fratres
600 546 630 573 et
649 551 803 584 personas
823 539 1040 582 professionis,

287 599 322 628 ut
344 595 536 638 praefertur,
556 593 595 626 ab
608 593 759 626 omnibus
780 592 912 625 decimis
933 598 964 624 et
974 591 1044 624 aliis

287 648 442 682 oneribus
461 647 574 687 libera,
598 646 757 680 immunia
772 652 799 679 et
822 651 968 690 exempta
984 646 1044 678 exi-

288 705 382 734 stant.
490 737 496 743 ¹

332 754 416 797 557.
439 754 476 786 Et
497 753 583 797 quod
595 753 748 797 quaelibet
763 753 924 796 querelae,
945 763 1044 796 quae-

288 808 419 848 stiones,
437 807 520 847 lites,
535 817 650 840 causae
660 812 690 840 et
702 805 948 847 controversiae,
966 816 1046 849 quas

288 872 324 894 ex
345 871 432 894 nunc
453 860 537 893 inter
556 860 669 893 fratres
689 864 719 893 et
739 859 883 892 subditos
903 859 1045 902 hospita-

288 913 326 947 lis
346 918 377 947 et
397 914 529 946 militiae
558 913 589 946 S.
612 913 730 952 Lazari,
758 923 844 945 nune
862 918 1046 956 praesentes

289 972 320 1000 et
339 968 478 1007 futuros,
492 978 529 1000 ex
547 966 712 1011 quibusvis
728 965 952 1005 occasionibus
968 966 1046 998 oriri

289 1027 320 1054 et
347 1021 467 1054 moveri
489 1020 670 1064 contigerit,
702 1020 814 1063 quovis
834 1020 942 1059 modo,
972 1030 1045 1052 eum

289 1074 441 1108 omnibus
462 1075 528 1107 suis
547 1073 776 1111 incidentibus,
796 1073 1046 1116 emergentibus,

290 1128 454 1169 connexis,
467 1127 608 1168 annexis,
621 1138 657 1160 ae
672 1126 819 1160 omnium
834 1126 974 1159 cuiusvis
990 1137 1047 1170 ap-

288 1182 470 1226 pellationis
495 1182 736 1225 (praeterquam
768 1180 800 1212 in
826 1179 969 1213 desectus
994 1184 1048 1212 aut

287 1235 463 1278 denegatae
475 1234 614 1267 iustitiae
626 1234 673 1267 vel
686 1233 763 1266 illati
780 1243 951 1277 perperam
970 1244 1047 1265 con-

288 1294 337 1321 tra
369 1288 586 1321 stabilimenta
620 1292 650 1320 et
690 1286 943 1319 consuetudines
973 1286 1047 1319 dieti

288 1341 455 1386 hospitalis
471 1340 663 1384 gravaminis
679 1340 818 1383 casibus)
840 1345 964 1373 remoto
994 1340 1049 1373 ol]—

289 1396 425 1436 staculo,
448 1405 507 1439 per
526 1405 585 1437 pro
605 1400 751 1438 tempore
772 1393 956 1426 existenten‘i
981 1404 1049 1425 ma-

289 1449 426 1492 gistrum
443 1453 474 1481 et
490 1452 685 1481 conventum
702 1446 777 1479 dicti
794 1447 974 1490 hospitalis,
993 1457 1049 1479 seu

290 1502 362 1534 illos
383 1512 421 1534 ex
440 1501 604 1541 fratribus,
626 1500 744 1544 quibus
764 1500 823 1543 ipsi
845 1500 997 1542 magister
1021 1506 1048 1533 et

292 1560 466 1588 conventus
481 1555 512 1588 id
529 1554 762 1594 commiserint,
781 1553 875 1587 etiam
893 1564 995 1596 usqne
1012 1553 1049 1585 ad

292 1609 418 1642 tertiam
447 1608 641 1642 definitivam
670 1608 873 1647 sententiam,
897 1607 1050 1640 inclusive

292 1662 477 1695 audiantur.

337 1716 352 1759 ἓ
373 1715 426 1749 58.
449 1715 593 1755 Necnon,
612 1715 697 1747 iuxta
718 1714 897 1746 laudabiles
913 1724 1050 1746 eonsue-

293 1769 422 1802 tudines
442 1774 472 1802 et
499 1768 713 1801 stabilimenta
742 1766 910 1811 hospitalis
935 1767 1051 1799 liuius—

294 1822 383 1856 modi
412 1828 442 1855 et.
472 1822 559 1861 alias,
585 1827 681 1865 prout
712 1820 792 1853 iuris
814 1820 922 1857 suerit,
945 1820 1051 1852 debito

295 1876 359 1909 fine
376 1875 578 1909 decidantur.
593 1875 776 1916 Omnesque
788 1878 815 1906 et
829 1873 945 1916 singuli
965 1873 1052 1917 prio-

295 1941 347 1963 res
367 1935 398 1963 et
415 1935 655 1973 praeceptores,
679 1928 796 1961 milites
817 1932 844 1959 et
867 1928 981 1959 fratres
997 1927 1053 1959 bo-

296 1984 418 2027 spitalis
428 1983 573 2027 praefati,
585 1988 767 2026 postquam,
780 1981 818 2014 de
832 1980 980 2013 mandato
997 1991 1051 2013 seu

297 2037 488 2070 auctoritate
510 2036 654 2079 magistri
675 2046 731 2068 seu
759 2039 935 2067 conventus
962 2045 1053 2077 prae-

297 2092 447 2129 fatorum,
464 2090 496 2122 in
512 2090 678 2133 quibusvis
693 2100 727 2121 ex
750 2087 922 2131 praedictis
943 2092 1054 2120 contra

298 2154 352 2177 eos
381 2142 575 2176 intentandis
603 2142 707 2175 causis
732 2142 770 2174 ad
798 2141 1052 2184 comparemlum

298 2208 408 2230 coram
430 2196 507 2241 ipsis
536 2202 567 2230 et
591 2195 820 2229 commissariis
845 2206 903 2238 per
927 2206 992 2233 eos,
1020 2199 1053 2227 ut

298 2251 492 2296 praefertur,
524 2249 695 2293 deputatis,
723 2248 755 2280 in
781 2248 859 2281 locis
879 2254 1054 2290 quantum-

300 2315 439 2349 cumque
456 2305 495 2337 ab
516 2303 629 2337 eodem
647 2302 796 2345 hospitali
814 2301 956 2342 remotis,
970 2301 1054 2334 citati

299 2358 432 2400 fuerint,
455 2368 564 2391 coram
582 2357 701 2390 eisdem
718 2355 882 2398 magistro,
897 2360 1054 2388 conventu

300 2412 330 2441 et
350 2405 700 2450 commissariis,prout
721 2404 902 2446 contigerit,
916 2403 1056 2447 legitime

300 2466 492 2500 comparere
527 2455 665 2488 debeant
690 2459 720 2486 et
746 2458 926 2491 teneantur,
948 2453 1009 2485 iuri
1027 2459 1056 2486 et

301 2504 439 2545 institue,
457 2504 637 2538 secundum
653 2502 878 2541 stabilimenta,
896 2502 1056 2545 approba-

300 2554 416 2594 tiones,
438 2564 517 2587 usus
546 2558 575 2585 et
605 2551 783 2584 laudabiles
807 2550 1058 2584 eonsuetudines

302 2603 435 2648 praefati
456 2601 640 2646 hospitalis,
664 2600 811 2643 parituri.

1084 377 1139 419 qui
1151 382 1385 409 contraeorum
1399 374 1552 417 aliquem,
1568 385 1666 417 supet·
1677 374 1842 417 quibusvis
1859 373 2044 427 ἓξῇξᾞξὲᾗζζοᾞ

1084 430 1235 473 querelis,
1249 429 1345 462 rebus
1356 429 1403 461 vel
1417 427 1799 471 negociis(przeterquam
1812 429 1841 460 in
1859 439 1982 470 rumperem
2005 440 2041 459 rw

1086 483 1212 516 casibus
1233 483 1395 527 prresatis),
1417 492 1524 515 coram
1548 482 1610 515 alio
1627 493 1724 525 quam
1748 492 1843 525 prae·
1860 469 2046 517 ¹0¹L⁵r²iii⁸sui÷2ifftiss

1087 537 1156 569 satis
1177 538 1328 580 magistro
1348 542 1376 569 et
1399 541 1557 569 conventu
1588 547 1624 569 ac
1641 547 1700 580 per
1720 546 1774 568 eos
1785 546 1844 579 pro
1862 528 1984 554 'mmmm‘

1086 596 1231 634 tempore
1266 590 1346 623 «latis
1382 589 1612 623 commiss-ariis
1648 590 1680 622 in
1715 600 1844 623 causam

1087 644 1250 684 traxerint,
1285 650 1312 676 et
1344 644 1382 676 ad
1408 643 1507 676 alium
1533 654 1630 686 quam
1652 644 1690 676 ad
1716 643 1845 676 eosdem

1087 698 1320 741 appellationes
1336 708 1558 741 quascumque
1580 697 1844 741 interposuerint,

1088 761 1200 783 causas
1220 750 1406 782 huiusmodi
1428 761 1561 793 prorsus
1582 750 1727 794 perdant,
1747 755 1776 783 et
1794 761 1846 783 ex-

1088 803 1391 837 communicationis
1429 803 1620 836 sententiam
1661 803 1844 843 incurrant,

1089 867 1200 899 reque,
1233 867 1331 900 super
1366 867 1429 899 qua
1459 856 1696 895 contenderint,
1733 856 1846 900 privati

1089 909 1221 943 existant
1244 920 1281 942 eo
1302 909 1383 952 ipso.

1134 963 1148 1006 ξ
1168 963 1220 996 60.
1244 962 1375 994 Necnon
1402 961 1558 994 moderno
1575 968 1603 994 et
1626 973 1684 1005 pro
1700 968 1847 1006 tempore
1902 976 2001 997 Potestas
2029 980 2050 997 ει

1090 1016 1234 1049 existenti
1264 1019 1416 1058 magistro
1437 1020 1464 1048 et
1487 1016 1656 1048 conventui
1682 1016 1848 1060 hospitalis
1865 1008 2052 1065 ’,ζιζξξξξῗζωῖζ

1089 1069 1289 1106 huiusmodi,
1327 1069 1412 1101 iuxta
1446 1069 1532 1100 illius
1568 1068 1784 1102 stabilimenta
1818 1075 1845 1102 et
1865 1074 1949 1106 ‘⁰⁰¹⁰2,
1987 1076 2050 1096 ⁵¹¹Pef

1090 1123 1268 1156 laudabiles
1278 1122 1530 1155 e‹;msuetudiiies
1542 1133 1577 1155 ac
1588 1133 1704 1163 mores,
1718 1122 1749 1155 in
1763 1124 1849 1166 prio-
1865 1105 2054 1153 332⁵?i'1'iaessiisi'i.

1090 1182 1179 1209 ratus
1200 1182 1226 1209 et
1245 1175 1496 1220 praeceptorias,
1517 1176 1642 1216 domos,
1665 1176 1846 1220 hospitalia,
1866 1165 1960 1184 “mmm

1092 1230 1248 1270 membra,
1271 1230 1355 1262 bona
1376 1235 1407 1262 et.
1422 1230 1492 1262 loca
1513 1240 1751 1273 quaecumque,
1772 1240 1848 1263 nec-

1091 1294 1155 1316 non
1184 1294 1407 1327 quoscumque
1435 1282 1578 1326 priores,
1606 1288 1846 1327 praeceptores,

1092 1338 1204 1369 fratres
1225 1341 1253 1369 et
1275 1346 1430 1379 personas
1447 1335 1614 1379 hospitalis
1635 1341 1662 1368 et
1675 1335 1850 1379 Religionis

1091 1389 1290 1429 huiusmodi,
1314 1400 1348 1421 ae
1371 1389 1501 1421 illorum
1519 1389 1685 1428 vassallos,
1707 1389 1850 1422 subditos

1093 1449 1122 1476 et
1143 1443 1323 1483 servitores,
1342 1442 1553 1485 ubicumque,
1569 1448 1632 1475 tam
1651 1442 1730 1475 citra
1750 1453 1848 1486 quam

1093 1497 1175 1530 ultra
1197 1501 1341 1536 montes,
1363 1507 1448 1529 nunc
1471 1501 1501 1529 ct
1521 1507 1579 1540 pro
1605 1501 1750 1539 tempore
1771 1506 1848 1529 con-

1093 1551 1219 1583 stitutos
1240 1555 1270 1582 et
1291 1555 1542 1589 commorantes,
1569 1549 1625 1593 qui
1648 1560 1760 1582 omnes
1782 1560 1849 1582 ma-

1093 1603 1190 1647 gistro
1212 1609 1240 1636 et
1262 1603 1477 1646 subdelegatis
1497 1603 1536 1636 ab
1557 1614 1594 1636 eo
1616 1602 1763 1644 firmiter,
1786 1608 1849 1642 tam

1093 1657 1306 1701 personaliter
1337 1668 1432 1702 quam
1460 1657 1610 1697 realiter,
1644 1656 1733 1689 omni
1758 1667 1850 1690 exce-

1095 1711 1201 1754 ptione
1228 1717 1390 1751 cessante,
1423 1716 1451 1743 et
1477 1721 1687 1754 quocumque
1717 1721 1732 1742 a
1759 1710 1852 1742 nobis

1093 1765 1141 1797 vel
1163 1765 1242 1797 Sede
1264 1765 1426 1808 praedicta
1452 1765 1584 1797 obtento
1604 1764 1652 1796 vel
1679 1763 1853 1796 obtinendo

1096 1818 1218 1851 indulto
1249 1829 1313 1850 non
1342 1817 1506 1858 obstante,
1528 1828 1642 1861 parere
1668 1822 1698 1850 et
1723 1816 1853 1849 obedire

1096 1877 1293 1911 tenerentur,
1303 1872 1481 1915 plenariam
1491 1876 1518 1904 et
1529 1871 1748 1904 omnimodam
1758 1870 1851 1903 etiam

1095 1925 1176 1958 meri
1201 1931 1231 1958 et
1265 1924 1354 1957 mixti
1384 1924 1510 1968 imperii
1541 1924 1797 1957 iurisdictionem
1824 1930 1851 1957 et

1096 1978 1367 2022 superioritatem.

1140 2033 1154 2074 ,ξ
1174 2033 1226 2065 [il.
1249 2033 1378 2076 Ipsique
1400 2031 1552 2075 magistro
1578 2037 1690 2065 contra
1716 2032 1853 2077 rebelles
1907 2045 2004 2066 ramim
2028 2045 2052 2066 u.

1096 2091 1124 2119 et
1146 2086 1212 2118 suis
1232 2086 1390 2119 mandatis
1406 2096 1470 2118 non
1490 2085 1690 2125 obedientes,
1703 2085 1798 2118 etiam
1811 2086 1854 2118 vi·
1869 2079 1960 2104 ⁰¹³³³⁵¹si
1977 2084 2055 2105 mm*

1869 2111 1931 2130 uendi
1947 2112 2021 2130 contra
2036 2111 2055 2130 ἰ-

1096 2151 1173 2182 gore
1206 2140 1374 2173 literarum
1410 2139 1676 2184 apostolicarum,
1700 2139 1795 2172 etiam
1822 2139 1853 2172 in
1869 2142 2010 2161 '‘Olffliffltffl
2034 2144 2056 2160 ²²

1869 2173 1963 2193 rebelles
1992 2172 2054 2191 etiam

1097 2194 1198 2226 forma
1214 2193 1329 2234 brevis,
1341 2205 1358 2226 a
1378 2193 1470 2227 nobis
1488 2199 1513 2226 et
1538 2192 1780 2226 successoribus
1795 2204 1853 2226 no-
1870 2209 1907 2230 per
1919 2204 2008 2223 officium
2021 2209 2058 2228 pu-

1097 2247 1169 2281 stris
1194 2258 1252 2291 pro
1283 2253 1428 2291 tempore
1459 2252 1694 2287 emanat-arum,
1725 2246 1856 2280 servatis
1871 2234 2057 2292 ‡:,¹‡}¹,¹„¹,¹i¹0⁹„¹,'‘'2'„{ff

1097 2301 1393 2344 quatuorterminis
1411 2301 1448 2333 ad
1466 2300 1648 2333 docendum
1665 2310 1697 2333 se
1710 2300 1855 2344 paruisse
1870 2301 2006 2348 '‘¹¹2¹fi'c‘ffi'jgf
2019 2296 2057 2353 ἒξΐ

1098 2359 1127 2387 et
1148 2354 1336 2388 satisfecisse
1357 2354 1389 2386 in
1406 2355 1476 2387 loco
1494 2359 1668 2387 conventus
1689 2353 1856 2397 hospitalis
1871 2364 1907 2379 σος
1924 2358 2057 2385 ψιοηιοᾱοῑῑ-

1098 2403 1297 2444 huiusmodi,
1320 2409 1389 2446 post
1419 2402 1559 2446 legitime
1588 2408 1752 2435 executam
1788 2390 2055 2446 p12i-b⁰¹⁰¹'¹⁰¹¹¹⁰‘¹''¹¹'

1100 2463 1183 2484 mam
1206 2453 1401 2489 citationem,
1418 2452 1455 2484 ad
1475 2452 1627 2484 mulctam
1642 2451 1704 2483 sive
1718 2461 1855 2495 poenam

1100 2501 1322 2545 personaliter,
1345 2501 1431 2534 iuxta
1458 2511 1564 2533 mores
1594 2506 1621 2533 et
1645 2499 1857 2532 stabilimenta

1099 2550 1274 2593 praedicta,
1297 2562 1353 2583 seu
1375 2550 1470 2583 etiam
1497 2549 1709 2593 privationem
1731 2548 1859 2580 babitus

1100 2599 1387 2640 etbeneficiorum,
1407 2599 1581 2632 domorum
1599 2604 1628 2632 et
1649 2597 1857 2642 praediorum
