<?xml version="1.0" encoding="UTF-8"?>
<!DOCTYPE html PUBLIC "-//W3C//DTD XHTML 1.0 Transitional//EN"
    "http://www.w3.org/TR/xhtml1/DTD/xhtml1-transitional.dtd">
<html xmlns="http://www.w3.org/1999/xhtml" xml:lang="en" lang="en">
 <head>
  <title>
</title>
<meta http-equiv="Content-Type" content="text/html;charset=utf-8" />
  <meta name='ocr-system' content='tesseract 3.04.00' />
  <meta name='ocr-capabilities' content='ocr_page ocr_carea ocr_par ocr_line ocrx_word'/>
</head>
<body>
  <div class='ocr_page' id='page_1' title='image "./bullarumdiplomat07cath_0840.png"; bbox 0 0 2237 3100; ppageno 0'>
   <div class='ocr_carea' id='block_1_1' title="bbox 223 266 407 297">
    <p class='ocr_par' dir='ltr' id='par_1_1' title="bbox 223 266 407 297">
     <span class='ocr_line' id='line_1_1' title="bbox 223 266 407 297; baseline 0 -1"><span class='ocrx_word' id='word_1_1' title='bbox 223 267 272 297; x_wconf 79' lang='lat' dir='ltr'>An.</span> <span class='ocrx_word' id='word_1_2' title='bbox 290 269 319 297; x_wconf 92' lang='lat' dir='ltr'>C.</span> <span class='ocrx_word' id='word_1_3' title='bbox 340 266 407 296; x_wconf 78' lang='lat'><strong>1569</strong></span> 
     </span>
    </p>
   </div>
   <div class='ocr_carea' id='block_1_2' title="bbox 226 967 410 1118">
    <p class='ocr_par' dir='ltr' id='par_1_2' title="bbox 226 967 410 1118">
     <span class='ocr_line' id='line_1_2' title="bbox 247 967 410 989; baseline -0.025 0"><span class='ocrx_word' id='word_1_4' title='bbox 247 967 410 989; x_wconf 57' lang='lat' dir='ltr'>contrait-tutta&lt;</span> 
     </span>
     <span class='ocr_line' id='line_1_3' title="bbox 227 1000 410 1021; baseline -0.022 0"><span class='ocrx_word' id='word_1_5' title='bbox 227 1003 240 1021; x_wconf 85' lang='lat' dir='ltr'>ti</span> <span class='ocrx_word' id='word_1_6' title='bbox 258 1008 279 1021; x_wconf 79' lang='lat' dir='ltr'>se</span> <span class='ocrx_word' id='word_1_7' title='bbox 291 1000 410 1019; x_wconf 61' lang='lat' dir='ltr'>adscribent&lt;</span> 
     </span>
     <span class='ocr_line' id='line_1_4' title="bbox 227 1034 281 1053; baseline -0.037 0"><span class='ocrx_word' id='word_1_8' title='bbox 227 1034 281 1053; x_wconf 76' lang='lat' dir='ltr'>tibus</span> 
     </span>
     <span class='ocr_line' id='line_1_5' title="bbox 227 1062 408 1090; baseline -0.011 -7"><span class='ocrx_word' id='word_1_9' title='bbox 227 1064 334 1089; x_wconf 69' lang='lat' dir='ltr'>indulgent</span> <span class='ocrx_word' id='word_1_10' title='bbox 367 1062 408 1090; x_wconf 79' lang='lat' dir='ltr'>ple-</span> 
     </span>
     <span class='ocr_line' id='line_1_6' title="bbox 226 1097 315 1118; baseline 0 -3"><span class='ocrx_word' id='word_1_11' title='bbox 226 1097 315 1118; x_wconf 64' lang='lat' dir='ltr'>nariuuu</span> 
     </span>
    </p>
   </div>
   <div class='ocr_carea' id='block_1_3' title="bbox 311 1031 409 1051">
    <p class='ocr_par' dir='ltr' id='par_1_3' title="bbox 311 1031 409 1051">
     <span class='ocr_line' id='line_1_7' title="bbox 311 1031 409 1051; baseline -0.01 -1"><span class='ocrx_word' id='word_1_12' title='bbox 311 1031 409 1051; x_wconf 68' lang='lat' dir='ltr'>concedit.</span> 
     </span>
    </p>
   </div>
   <div class='ocr_carea' id='block_1_4' title="bbox 231 2101 415 2215">
    <p class='ocr_par' dir='ltr' id='par_1_4' title="bbox 231 2101 415 2215">
     <span class='ocr_line' id='line_1_8' title="bbox 270 2101 415 2125; baseline -0.007 -4"><span class='ocrx_word' id='word_1_13' title='bbox 270 2101 325 2121; x_wconf 69' lang='lat' dir='ltr'>Alias</span> <span class='ocrx_word' id='word_1_14' title='bbox 341 2102 415 2125; x_wconf 62' lang='lat' dir='ltr'>elargi-</span> 
     </span>
     <span class='ocr_line' id='line_1_9' title="bbox 232 2133 414 2158; baseline -0.005 -6"><span class='ocrx_word' id='word_1_15' title='bbox 232 2136 264 2153; x_wconf 86' lang='lat' dir='ltr'>lut·</span> <span class='ocrx_word' id='word_1_16' title='bbox 273 2133 414 2158; x_wconf 60' lang='lat' dir='ltr'>tndutgenuns</span> 
     </span>
     <span class='ocr_line' id='line_1_10' title="bbox 231 2165 414 2190; baseline -0.005 -6"><span class='ocrx_word' id='word_1_17' title='bbox 231 2170 268 2190; x_wconf 81' lang='lat' dir='ltr'>pro</span> <span class='ocrx_word' id='word_1_18' title='bbox 280 2165 368 2184; x_wconf 53' lang='lat' dir='ltr'>diversa</span> <span class='ocrx_word' id='word_1_19' title='bbox 380 2170 414 2183; x_wconf 82' lang='lat' dir='ltr'>:m-</span> 
     </span>
     <span class='ocr_line' id='line_1_11' title="bbox 231 2196 347 2215; baseline 0 0"><span class='ocrx_word' id='word_1_20' title='bbox 231 2196 251 2215; x_wconf 92' lang='lat' dir='ltr'>ni</span> <span class='ocrx_word' id='word_1_21' title='bbox 268 2196 347 2215; x_wconf 79' lang='lat' dir='ltr'>diebus.</span> 
     </span>
    </p>
   </div>
   <div class='ocr_carea' id='block_1_5' title="bbox 422 316 1183 2702">
    <p class='ocr_par' dir='ltr' id='par_1_5' title="bbox 422 316 1174 897">
     <span class='ocr_line' id='line_1_12' title="bbox 422 316 1170 362; baseline -0.009 -7"><span class='ocrx_word' id='word_1_22' title='bbox 422 321 528 355; x_wconf 86' lang='lat' dir='ltr'>tiones</span> <span class='ocrx_word' id='word_1_23' title='bbox 548 326 578 353; x_wconf 89' lang='lat' dir='ltr'>et</span> <span class='ocrx_word' id='word_1_24' title='bbox 598 320 713 362; x_wconf 84' lang='lat' dir='ltr'>legata,</span> <span class='ocrx_word' id='word_1_25' title='bbox 735 329 791 351; x_wconf 85' lang='lat' dir='ltr'>seu</span> <span class='ocrx_word' id='word_1_26' title='bbox 810 316 1000 350; x_wconf 86' lang='lat' dir='ltr'>donationes</span> <span class='ocrx_word' id='word_1_27' title='bbox 1021 322 1073 349; x_wconf 88' lang='lat' dir='ltr'>aut</span> <span class='ocrx_word' id='word_1_28' title='bbox 1092 316 1170 349; x_wconf 81' lang='lat' dir='ltr'>alias</span> 
     </span>
     <span class='ocr_line' id='line_1_13' title="bbox 424 369 1170 418; baseline -0.009 -10"><span class='ocrx_word' id='word_1_29' title='bbox 424 374 536 418; x_wconf 74' lang='lat' dir='ltr'>quovis</span> <span class='ocrx_word' id='word_1_30' title='bbox 556 373 665 411; x_wconf 80' lang='lat' dir='ltr'>modo,</span> <span class='ocrx_word' id='word_1_31' title='bbox 687 372 751 404; x_wconf 77' lang='lat' dir='ltr'>sive</span> <span class='ocrx_word' id='word_1_32' title='bbox 772 371 804 403; x_wconf 90' lang='lat' dir='ltr'>in</span> <span class='ocrx_word' id='word_1_33' title='bbox 835 375 1023 403; x_wconf 86' lang='lat' dir='ltr'>testamento</span> <span class='ocrx_word' id='word_1_34' title='bbox 1048 370 1113 403; x_wconf 72' lang='lat' dir='ltr'>sire</span> <span class='ocrx_word' id='word_1_35' title='bbox 1138 369 1170 402; x_wconf 94' lang='lat' dir='ltr'>in</span> 
     </span>
     <span class='ocr_line' id='line_1_14' title="bbox 423 423 1171 461; baseline -0.008 0"><span class='ocrx_word' id='word_1_36' title='bbox 423 427 579 461; x_wconf 70' lang='lat' dir='ltr'>codicillis</span> <span class='ocrx_word' id='word_1_37' title='bbox 604 431 656 458; x_wconf 87' lang='lat' dir='ltr'>aut</span> <span class='ocrx_word' id='word_1_38' title='bbox 679 425 740 457; x_wconf 86' lang='lat' dir='ltr'>alia</span> <span class='ocrx_word' id='word_1_39' title='bbox 764 423 879 457; x_wconf 87' lang='lat' dir='ltr'>ultima</span> <span class='ocrx_word' id='word_1_40' title='bbox 899 424 948 456; x_wconf 72' lang='lat' dir='ltr'>vel</span> <span class='ocrx_word' id='word_1_41' title='bbox 976 423 1061 456; x_wconf 87' lang='lat' dir='ltr'>inter</span> <span class='ocrx_word' id='word_1_42' title='bbox 1084 423 1171 456; x_wconf 70' lang='lat' dir='ltr'>vivos</span> 
     </span>
     <span class='ocr_line' id='line_1_15' title="bbox 423 477 1171 520; baseline -0.004 -7"><span class='ocrx_word' id='word_1_43' title='bbox 423 481 598 519; x_wconf 71' lang='lat' dir='ltr'>voluntate,</span> <span class='ocrx_word' id='word_1_44' title='bbox 624 479 685 511; x_wconf 83' lang='lat' dir='ltr'>illis</span> <span class='ocrx_word' id='word_1_45' title='bbox 714 477 824 510; x_wconf 89' lang='lat' dir='ltr'>relicta</span> <span class='ocrx_word' id='word_1_46' title='bbox 850 482 878 509; x_wconf 88' lang='lat' dir='ltr'>et</span> <span class='ocrx_word' id='word_1_47' title='bbox 901 482 1042 520; x_wconf 86' lang='lat' dir='ltr'>erogata,</span> <span class='ocrx_word' id='word_1_48' title='bbox 1071 488 1171 520; x_wconf 80' lang='lat' dir='ltr'>quae-</span> 
     </span>
     <span class='ocr_line' id='line_1_16' title="bbox 423 530 1170 575; baseline -0.005 -10"><span class='ocrx_word' id='word_1_49' title='bbox 423 544 575 575; x_wconf 71' lang='lat' dir='ltr'>cumque,</span> <span class='ocrx_word' id='word_1_50' title='bbox 595 536 817 574; x_wconf 80' lang='lat' dir='ltr'>quotcumque</span> <span class='ocrx_word' id='word_1_51' title='bbox 837 535 865 563; x_wconf 83' lang='lat' dir='ltr'>et</span> <span class='ocrx_word' id='word_1_52' title='bbox 888 530 1170 573; x_wconf 78' lang='lat' dir='ltr'>quotiescumque,</span> 
     </span>
     <span class='ocr_line' id='line_1_17' title="bbox 423 583 1169 628; baseline -0.001 -11"><span class='ocrx_word' id='word_1_53' title='bbox 423 585 548 619; x_wconf 85' lang='lat' dir='ltr'>etiamsi</span> <span class='ocrx_word' id='word_1_54' title='bbox 561 584 692 628; x_wconf 77' lang='lat' dir='ltr'>speciali</span> <span class='ocrx_word' id='word_1_55' title='bbox 705 590 779 617; x_wconf 87' lang='lat' dir='ltr'>nota</span> <span class='ocrx_word' id='word_1_56' title='bbox 789 583 884 627; x_wconf 85' lang='lat' dir='ltr'>digna</span> <span class='ocrx_word' id='word_1_57' title='bbox 897 584 972 623; x_wconf 90' lang='lat' dir='ltr'>sint,</span> <span class='ocrx_word' id='word_1_58' title='bbox 988 584 1169 627; x_wconf 84' lang='lat' dir='ltr'>percipere,</span> 
     </span>
     <span class='ocr_line' id='line_1_18' title="bbox 423 637 1174 682; baseline -0.004 -10"><span class='ocrx_word' id='word_1_59' title='bbox 423 640 561 682; x_wconf 74' lang='lat' dir='ltr'>exigere,</span> <span class='ocrx_word' id='word_1_60' title='bbox 588 639 694 671; x_wconf 70' lang='lat' dir='ltr'>levare</span> <span class='ocrx_word' id='word_1_61' title='bbox 716 644 745 670; x_wconf 85' lang='lat' dir='ltr'>et</span> <span class='ocrx_word' id='word_1_62' title='bbox 766 637 798 669; x_wconf 93' lang='lat' dir='ltr'>in</span> <span class='ocrx_word' id='word_1_63' title='bbox 820 637 1092 670; x_wconf 83' lang='lat' dir='ltr'>confraternitatis</span> <span class='ocrx_word' id='word_1_64' title='bbox 1115 638 1174 670; x_wconf 92' lang='lat' dir='ltr'>bu—</span> 
     </span>
     <span class='ocr_line' id='line_1_19' title="bbox 425 692 1174 735; baseline -0.003 -10"><span class='ocrx_word' id='word_1_65' title='bbox 425 692 561 725; x_wconf 82' lang='lat' dir='ltr'>iusmodi</span> <span class='ocrx_word' id='word_1_66' title='bbox 582 692 651 735; x_wconf 79' lang='lat' dir='ltr'>pios</span> <span class='ocrx_word' id='word_1_67' title='bbox 677 703 753 724; x_wconf 87' lang='lat' dir='ltr'>usus</span> <span class='ocrx_word' id='word_1_68' title='bbox 778 697 978 732; x_wconf 77' lang='lat' dir='ltr'>com-eriere,</span> <span class='ocrx_word' id='word_1_69' title='bbox 1002 692 1097 724; x_wconf 88' lang='lat' dir='ltr'>etiam</span> <span class='ocrx_word' id='word_1_70' title='bbox 1123 703 1174 724; x_wconf 90' lang='lat' dir='ltr'>or—</span> 
     </span>
     <span class='ocr_line' id='line_1_20' title="bbox 423 745 1174 779; baseline -0.001 -1"><span class='ocrx_word' id='word_1_71' title='bbox 423 746 538 779; x_wconf 87' lang='lat' dir='ltr'>dinarii</span> <span class='ocrx_word' id='word_1_72' title='bbox 566 746 626 779; x_wconf 82' lang='lat' dir='ltr'>loci</span> <span class='ocrx_word' id='word_1_73' title='bbox 649 752 699 778; x_wconf 90' lang='lat' dir='ltr'>aut</span> <span class='ocrx_word' id='word_1_74' title='bbox 729 745 867 778; x_wconf 74' lang='lat' dir='ltr'>cuiusvis</span> <span class='ocrx_word' id='word_1_75' title='bbox 892 745 1024 777; x_wconf 87' lang='lat' dir='ltr'>alterius</span> <span class='ocrx_word' id='word_1_76' title='bbox 1045 745 1174 777; x_wconf 88' lang='lat' dir='ltr'>licentia</span> 
     </span>
     <span class='ocr_line' id='line_1_21' title="bbox 423 798 1174 843; baseline -0.004 -11"><span class='ocrx_word' id='word_1_77' title='bbox 423 800 563 843; x_wconf 81' lang='lat' dir='ltr'>desuper</span> <span class='ocrx_word' id='word_1_78' title='bbox 587 799 720 832; x_wconf 91' lang='lat' dir='ltr'>minime</span> <span class='ocrx_word' id='word_1_79' title='bbox 752 798 861 842; x_wconf 87' lang='lat' dir='ltr'>petita,</span> <span class='ocrx_word' id='word_1_80' title='bbox 897 798 997 832; x_wconf 84' lang='lat' dir='ltr'>libere</span> <span class='ocrx_word' id='word_1_81' title='bbox 1032 804 1060 831; x_wconf 89' lang='lat' dir='ltr'>et</span> <span class='ocrx_word' id='word_1_82' title='bbox 1087 798 1174 830; x_wconf 84' lang='lat' dir='ltr'>licite</span> 
     </span>
     <span class='ocr_line' id='line_1_22' title="bbox 425 854 558 897; baseline 0.015 -13"><span class='ocrx_word' id='word_1_83' title='bbox 425 854 558 897; x_wconf 82' lang='lat' dir='ltr'>possint.</span> 
     </span>
    </p>

    <p class='ocr_par' dir='ltr' id='par_1_6' title="bbox 423 905 1181 2026">
     <span class='ocr_line' id='line_1_23' title="bbox 468 905 1175 951; baseline -0.008 -11"><span class='ocrx_word' id='word_1_84' title='bbox 468 908 483 951; x_wconf 65' lang='grc' dir='ltr'>ξ</span> <span class='ocrx_word' id='word_1_85' title='bbox 507 907 539 940; x_wconf 80' lang='lat'>3.</span> <span class='ocrx_word' id='word_1_86' title='bbox 568 907 601 940; x_wconf 80' lang='lat' dir='ltr'>Et</span> <span class='ocrx_word' id='word_1_87' title='bbox 630 907 780 951; x_wconf 81' lang='lat' dir='ltr'>insuper,</span> <span class='ocrx_word' id='word_1_88' title='bbox 814 918 879 950; x_wconf 83' lang='lat' dir='ltr'>quo</span> <span class='ocrx_word' id='word_1_89' title='bbox 913 906 1052 950; x_wconf 81' lang='lat' dir='ltr'>quisquc</span> <span class='ocrx_word' id='word_1_90' title='bbox 1078 905 1116 937; x_wconf 92' lang='lat' dir='ltr'>ad</span> <span class='ocrx_word' id='word_1_91' title='bbox 1142 916 1175 937; x_wconf 82' lang='lat' dir='ltr'>se</span> 
     </span>
     <span class='ocr_line' id='line_1_24' title="bbox 426 961 1174 1004; baseline -0.003 -11"><span class='ocrx_word' id='word_1_92' title='bbox 426 971 562 994; x_wconf 89' lang='lat' dir='ltr'>numero</span> <span class='ocrx_word' id='word_1_93' title='bbox 580 961 781 994; x_wconf 87' lang='lat' dir='ltr'>confratrum</span> <span class='ocrx_word' id='word_1_94' title='bbox 816 961 1035 1004; x_wconf 83' lang='lat' dir='ltr'>praefatorum</span> <span class='ocrx_word' id='word_1_95' title='bbox 1062 970 1174 1002; x_wconf 77' lang='lat' dir='ltr'>aggre-</span> 
     </span>
     <span class='ocr_line' id='line_1_25' title="bbox 424 1013 1175 1058; baseline -0.003 -11"><span class='ocrx_word' id='word_1_96' title='bbox 424 1015 565 1057; x_wconf 87' lang='lat' dir='ltr'>gandum</span> <span class='ocrx_word' id='word_1_97' title='bbox 602 1014 783 1058; x_wconf 84' lang='lat' dir='ltr'>promptior</span> <span class='ocrx_word' id='word_1_98' title='bbox 818 1020 846 1048; x_wconf 82' lang='lat' dir='ltr'>et</span> <span class='ocrx_word' id='word_1_99' title='bbox 884 1014 1022 1046; x_wconf 70' lang='lat' dir='ltr'>alacrior</span> <span class='ocrx_word' id='word_1_100' title='bbox 1043 1013 1108 1053; x_wconf 87' lang='lat' dir='ltr'>liat,</span> <span class='ocrx_word' id='word_1_101' title='bbox 1137 1013 1175 1045; x_wconf 91' lang='lat' dir='ltr'>de</span> 
     </span>
     <span class='ocr_line' id='line_1_26' title="bbox 424 1067 1175 1112; baseline -0.003 -11"><span class='ocrx_word' id='word_1_102' title='bbox 424 1069 655 1112; x_wconf 56' lang='lat' dir='ltr'>omuil‘totentis</span> <span class='ocrx_word' id='word_1_103' title='bbox 679 1069 733 1101; x_wconf 89' lang='lat' dir='ltr'>Dei</span> <span class='ocrx_word' id='word_1_104' title='bbox 758 1068 984 1101; x_wconf 22' lang='lat' dir='ltr'>miste-ricordia</span> <span class='ocrx_word' id='word_1_105' title='bbox 1009 1073 1036 1100; x_wconf 89' lang='lat' dir='ltr'>et</span> <span class='ocrx_word' id='word_1_106' title='bbox 1064 1067 1175 1100; x_wconf 53' lang='grc'><strong>11111110-</strong></span> 
     </span>
     <span class='ocr_line' id='line_1_27' title="bbox 426 1121 1176 1165; baseline -0.001 -11"><span class='ocrx_word' id='word_1_107' title='bbox 426 1134 495 1155; x_wconf 86' lang='grc'><strong>1·11111</strong></span> <span class='ocrx_word' id='word_1_108' title='bbox 518 1122 602 1155; x_wconf 81' lang='lat' dir='ltr'>Petri</span> <span class='ocrx_word' id='word_1_109' title='bbox 625 1127 655 1155; x_wconf 84' lang='lat' dir='ltr'>et</span> <span class='ocrx_word' id='word_1_110' title='bbox 674 1122 764 1155; x_wconf 82' lang='lat' dir='ltr'>Pauli</span> <span class='ocrx_word' id='word_1_111' title='bbox 787 1123 1009 1165; x_wconf 84' lang='lat' dir='ltr'>apostolorum</span> <span class='ocrx_word' id='word_1_112' title='bbox 1027 1121 1095 1154; x_wconf 81' lang='lat' dir='ltr'>eius</span> <span class='ocrx_word' id='word_1_113' title='bbox 1121 1132 1176 1153; x_wconf 89' lang='lat' dir='ltr'>au-</span> 
     </span>
     <span class='ocr_line' id='line_1_28' title="bbox 423 1176 1177 1218; baseline -0.001 -11"><span class='ocrx_word' id='word_1_114' title='bbox 423 1176 572 1209; x_wconf 77' lang='lat' dir='ltr'>ctoritate</span> <span class='ocrx_word' id='word_1_115' title='bbox 590 1176 715 1216; x_wconf 68' lang='lat' dir='ltr'>contisi,</span> <span class='ocrx_word' id='word_1_116' title='bbox 731 1176 882 1209; x_wconf 85' lang='lat' dir='ltr'>omnibus</span> <span class='ocrx_word' id='word_1_117' title='bbox 903 1182 930 1209; x_wconf 90' lang='lat' dir='ltr'>et</span> <span class='ocrx_word' id='word_1_118' title='bbox 953 1176 1088 1218; x_wconf 84' lang='lat' dir='ltr'>singulis</span> <span class='ocrx_word' id='word_1_119' title='bbox 1101 1185 1177 1207; x_wconf 89' lang='lat' dir='ltr'>eou-</span> 
     </span>
     <span class='ocr_line' id='line_1_29' title="bbox 425 1230 1175 1274; baseline -0.003 -12"><span class='ocrx_word' id='word_1_120' title='bbox 425 1230 578 1262; x_wconf 88' lang='lat' dir='ltr'>fratribus</span> <span class='ocrx_word' id='word_1_121' title='bbox 599 1230 785 1273; x_wconf 74' lang='lat' dir='ltr'>praedictis,</span> <span class='ocrx_word' id='word_1_122' title='bbox 808 1241 866 1274; x_wconf 85' lang='lat' dir='ltr'>per</span> <span class='ocrx_word' id='word_1_123' title='bbox 891 1230 1061 1272; x_wconf 62' lang='lat' dir='ltr'>dcputatos</span> <span class='ocrx_word' id='word_1_124' title='bbox 1082 1239 1175 1272; x_wconf 81' lang='lat' dir='ltr'>prae-</span> 
     </span>
     <span class='ocr_line' id='line_1_30' title="bbox 423 1282 1175 1327; baseline -0.003 -11"><span class='ocrx_word' id='word_1_125' title='bbox 423 1284 525 1316; x_wconf 82' lang='lat' dir='ltr'>dictos</span> <span class='ocrx_word' id='word_1_126' title='bbox 558 1284 745 1327; x_wconf 84' lang='lat' dir='ltr'>descriptis,</span> <span class='ocrx_word' id='word_1_127' title='bbox 773 1294 846 1316; x_wconf 70' lang='lat' dir='ltr'>rere</span> <span class='ocrx_word' id='word_1_128' title='bbox 881 1282 1121 1326; x_wconf 81' lang='lat' dir='ltr'>poenitentibus</span> <span class='ocrx_word' id='word_1_129' title='bbox 1147 1288 1175 1314; x_wconf 89' lang='lat' dir='ltr'>et</span> 
     </span>
     <span class='ocr_line' id='line_1_31' title="bbox 424 1335 1175 1381; baseline -0.003 -13"><span class='ocrx_word' id='word_1_130' title='bbox 424 1338 588 1377; x_wconf 75' lang='lat' dir='ltr'>confessis,</span> <span class='ocrx_word' id='word_1_131' title='bbox 625 1337 692 1381; x_wconf 83' lang='lat' dir='ltr'>qui,</span> <span class='ocrx_word' id='word_1_132' title='bbox 723 1337 827 1381; x_wconf 85' lang='lat' dir='ltr'>prima</span> <span class='ocrx_word' id='word_1_133' title='bbox 847 1337 914 1370; x_wconf 68' lang='lat' dir='ltr'>vice</span> <span class='ocrx_word' id='word_1_134' title='bbox 936 1348 1001 1379; x_wconf 81' lang='lat' dir='ltr'>qua</span> <span class='ocrx_word' id='word_1_135' title='bbox 1022 1335 1175 1379; x_wconf 83' lang='lat' dir='ltr'>descripti</span> 
     </span>
     <span class='ocr_line' id='line_1_32' title="bbox 426 1390 1177 1431; baseline -0.003 -8"><span class='ocrx_word' id='word_1_136' title='bbox 426 1391 554 1431; x_wconf 89' lang='lat' dir='ltr'>fuerint,</span> <span class='ocrx_word' id='word_1_137' title='bbox 575 1391 813 1424; x_wconf 82' lang='lat' dir='ltr'>sanctissimum</span> <span class='ocrx_word' id='word_1_138' title='bbox 835 1390 1055 1423; x_wconf 84' lang='lat' dir='ltr'>Eucharistiae</span> <span class='ocrx_word' id='word_1_139' title='bbox 1072 1400 1177 1422; x_wconf 84' lang='lat' dir='ltr'>sacra-</span> 
     </span>
     <span class='ocr_line' id='line_1_33' title="bbox 426 1444 1178 1489; baseline -0.003 -12"><span class='ocrx_word' id='word_1_140' title='bbox 426 1451 569 1478; x_wconf 89' lang='lat' dir='ltr'>mentum</span> <span class='ocrx_word' id='word_1_141' title='bbox 592 1445 625 1477; x_wconf 91' lang='lat' dir='ltr'>in</span> <span class='ocrx_word' id='word_1_142' title='bbox 646 1446 754 1489; x_wconf 82' lang='lat' dir='ltr'>aliqua</span> <span class='ocrx_word' id='word_1_143' title='bbox 780 1445 914 1478; x_wconf 83' lang='lat' dir='ltr'>ecclesia</span> <span class='ocrx_word' id='word_1_144' title='bbox 949 1455 1006 1477; x_wconf 86' lang='lat' dir='ltr'>seu</span> <span class='ocrx_word' id='word_1_145' title='bbox 1031 1444 1178 1487; x_wconf 67' lang='lat' dir='ltr'>cappella</span> 
     </span>
     <span class='ocr_line' id='line_1_34' title="bbox 425 1498 1174 1542; baseline -0.003 -11"><span class='ocrx_word' id='word_1_146' title='bbox 425 1498 529 1532; x_wconf 84' lang='lat' dir='ltr'>dictae</span> <span class='ocrx_word' id='word_1_147' title='bbox 560 1499 836 1532; x_wconf 62' lang='lat' dir='ltr'>confraternitatis</span> <span class='ocrx_word' id='word_1_148' title='bbox 874 1498 1108 1542; x_wconf 82' lang='lat' dir='ltr'>perceperint,</span> <span class='ocrx_word' id='word_1_149' title='bbox 1147 1503 1174 1530; x_wconf 87' lang='lat' dir='ltr'>et</span> 
     </span>
     <span class='ocr_line' id='line_1_35' title="bbox 426 1551 1177 1597; baseline -0.001 -12"><span class='ocrx_word' id='word_1_150' title='bbox 426 1563 521 1585; x_wconf 86' lang='lat' dir='ltr'>unam</span> <span class='ocrx_word' id='word_1_151' title='bbox 545 1554 657 1586; x_wconf 78' lang='lat' dir='ltr'>saltem</span> <span class='ocrx_word' id='word_1_152' title='bbox 679 1554 943 1597; x_wconf 77' lang='lat' dir='ltr'>quinquagenam</span> <span class='ocrx_word' id='word_1_153' title='bbox 978 1551 1100 1585; x_wconf 84' lang='lat' dir='ltr'>Rosarii</span> <span class='ocrx_word' id='word_1_154' title='bbox 1127 1562 1177 1584; x_wconf 86' lang='lat' dir='ltr'>re-</span> 
     </span>
     <span class='ocr_line' id='line_1_36' title="bbox 425 1606 1178 1652; baseline -0.001 -13"><span class='ocrx_word' id='word_1_155' title='bbox 425 1606 605 1644; x_wconf 70' lang='lat' dir='ltr'>citaverint,</span> <span class='ocrx_word' id='word_1_156' title='bbox 629 1614 657 1641; x_wconf 86' lang='lat' dir='ltr'>et</span> <span class='ocrx_word' id='word_1_157' title='bbox 686 1619 745 1652; x_wconf 87' lang='lat' dir='ltr'>pro</span> <span class='ocrx_word' id='word_1_158' title='bbox 781 1606 1015 1650; x_wconf 74' lang='lat' dir='ltr'>tratiquillitate</span> <span class='ocrx_word' id='word_1_159' title='bbox 1049 1611 1178 1639; x_wconf 82' lang='lat' dir='ltr'>sanctae</span> 
     </span>
     <span class='ocr_line' id='line_1_37' title="bbox 425 1659 1176 1702; baseline -0.001 -10"><span class='ocrx_word' id='word_1_160' title='bbox 425 1660 537 1692; x_wconf 84' lang='lat' dir='ltr'>matris</span> <span class='ocrx_word' id='word_1_161' title='bbox 562 1660 722 1695; x_wconf 83' lang='lat' dir='ltr'>Ecclesiae</span> <span class='ocrx_word' id='word_1_162' title='bbox 748 1660 927 1699; x_wconf 56' lang='lat' dir='ltr'>oraverint5</span> <span class='ocrx_word' id='word_1_163' title='bbox 954 1670 1081 1692; x_wconf 89' lang='lat' dir='ltr'>necnon</span> <span class='ocrx_word' id='word_1_164' title='bbox 1107 1659 1176 1702; x_wconf 78' lang='grc'><strong>(1111,</strong></span> 
     </span>
     <span class='ocr_line' id='line_1_38' title="bbox 426 1713 1178 1753; baseline -0.001 -8"><span class='ocrx_word' id='word_1_165' title='bbox 426 1713 458 1745; x_wconf 91' lang='grc'>111</span> <span class='ocrx_word' id='word_1_166' title='bbox 493 1714 607 1747; x_wconf 89' lang='lat' dir='ltr'>mortis</span> <span class='ocrx_word' id='word_1_167' title='bbox 641 1715 780 1748; x_wconf 86' lang='lat' dir='ltr'>articulo</span> <span class='ocrx_word' id='word_1_168' title='bbox 812 1714 993 1753; x_wconf 77' lang='lat' dir='ltr'>constituti3</span> <span class='ocrx_word' id='word_1_169' title='bbox 1028 1713 1178 1746; x_wconf 83' lang='lat' dir='ltr'>salutaris</span> 
     </span>
     <span class='ocr_line' id='line_1_39' title="bbox 425 1766 1176 1801; baseline -0.001 -2"><span class='ocrx_word' id='word_1_170' title='bbox 425 1767 645 1801; x_wconf 88' lang='lat' dir='ltr'>Poenitentiae</span> <span class='ocrx_word' id='word_1_171' title='bbox 663 1774 694 1801; x_wconf 89' lang='lat' dir='ltr'>et</span> <span class='ocrx_word' id='word_1_172' title='bbox 706 1769 817 1801; x_wconf 84' lang='lat' dir='ltr'>Viatici</span> <span class='ocrx_word' id='word_1_173' title='bbox 841 1773 1044 1801; x_wconf 86' lang='lat' dir='ltr'>sacramento</span> <span class='ocrx_word' id='word_1_174' title='bbox 1061 1766 1176 1799; x_wconf 88' lang='lat' dir='ltr'>muniti</span> 
     </span>
     <span class='ocr_line' id='line_1_40' title="bbox 428 1820 1178 1865; baseline -0.001 -12"><span class='ocrx_word' id='word_1_175' title='bbox 428 1820 559 1861; x_wconf 84' lang='lat' dir='ltr'>suerint,</span> <span class='ocrx_word' id='word_1_176' title='bbox 574 1822 753 1865; x_wconf 70' lang='lat' dir='ltr'>plenariam</span> <span class='ocrx_word' id='word_1_177' title='bbox 769 1822 914 1855; x_wconf 88' lang='lat' dir='ltr'>omnium</span> <span class='ocrx_word' id='word_1_178' title='bbox 928 1828 955 1854; x_wconf 88' lang='lat' dir='ltr'>et</span> <span class='ocrx_word' id='word_1_179' title='bbox 974 1821 1178 1864; x_wconf 86' lang='lat' dir='ltr'>singulorum</span> 
     </span>
     <span class='ocr_line' id='line_1_41' title="bbox 426 1875 1181 1918; baseline 0.001 -14"><span class='ocrx_word' id='word_1_180' title='bbox 426 1880 635 1917; x_wconf 70' lang='lat' dir='ltr'>peccattjtrum</span> <span class='ocrx_word' id='word_1_181' title='bbox 662 1886 796 1909; x_wconf 82' lang='lat' dir='ltr'>suorum</span> <span class='ocrx_word' id='word_1_182' title='bbox 818 1875 1052 1918; x_wconf 77' lang='lat' dir='ltr'>iiululgentiam</span> <span class='ocrx_word' id='word_1_183' title='bbox 1077 1880 1104 1907; x_wconf 89' lang='lat' dir='ltr'>et</span> <span class='ocrx_word' id='word_1_184' title='bbox 1132 1886 1181 1906; x_wconf 87' lang='lat' dir='ltr'>re-</span> 
     </span>
     <span class='ocr_line' id='line_1_42' title="bbox 428 1928 1181 1962; baseline -0.001 -2"><span class='ocrx_word' id='word_1_185' title='bbox 428 1928 613 1962; x_wconf 88' lang='lat' dir='ltr'>missionem</span> <span class='ocrx_word' id='word_1_186' title='bbox 631 1929 886 1962; x_wconf 64' lang='lat' dir='ltr'>misericorditer</span> <span class='ocrx_word' id='word_1_187' title='bbox 902 1929 934 1961; x_wconf 92' lang='lat' dir='ltr'>in</span> <span class='ocrx_word' id='word_1_188' title='bbox 954 1929 1091 1962; x_wconf 89' lang='lat' dir='ltr'>Domino</span> <span class='ocrx_word' id='word_1_189' title='bbox 1104 1938 1181 1961; x_wconf 86' lang='lat' dir='ltr'>con-</span> 
     </span>
     <span class='ocr_line' id='line_1_43' title="bbox 428 1981 834 2026; baseline 0.002 -12"><span class='ocrx_word' id='word_1_190' title='bbox 428 1981 572 2015; x_wconf 84' lang='lat' dir='ltr'>cedimus</span> <span class='ocrx_word' id='word_1_191' title='bbox 593 1988 620 2015; x_wconf 92' lang='lat' dir='ltr'>et</span> <span class='ocrx_word' id='word_1_192' title='bbox 647 1983 834 2026; x_wconf 76' lang='lat' dir='ltr'>elargimur.</span> 
     </span>
    </p>

    <p class='ocr_par' dir='ltr' id='par_1_7' title="bbox 428 2035 1183 2702">
     <span class='ocr_line' id='line_1_44' title="bbox 471 2035 1181 2079; baseline 0.001 -11"><span class='ocrx_word' id='word_1_193' title='bbox 471 2035 537 2079; x_wconf 47' lang='lat' dir='ltr'>§ln</span> <span class='ocrx_word' id='word_1_194' title='bbox 566 2036 625 2075; x_wconf 82' lang='lat' dir='ltr'>Qui</span> <span class='ocrx_word' id='word_1_195' title='bbox 660 2047 735 2069; x_wconf 71' lang='lat' dir='ltr'>vero</span> <span class='ocrx_word' id='word_1_196' title='bbox 769 2037 802 2069; x_wconf 90' lang='grc'>111</span> <span class='ocrx_word' id='word_1_197' title='bbox 840 2036 890 2069; x_wconf 91' lang='lat' dir='ltr'>die</span> <span class='ocrx_word' id='word_1_198' title='bbox 921 2036 1181 2069; x_wconf 86' lang='lat' dir='ltr'>Resurrectionis</span> 
     </span>
     <span class='ocr_line' id='line_1_45' title="bbox 428 2089 1181 2123; baseline 0.001 -2"><span class='ocrx_word' id='word_1_199' title='bbox 428 2089 462 2121; x_wconf 88' lang='lat' dir='ltr'>D.</span> <span class='ocrx_word' id='word_1_200' title='bbox 485 2090 522 2122; x_wconf 89' lang='lat' dir='ltr'>N.</span> <span class='ocrx_word' id='word_1_201' title='bbox 545 2090 616 2123; x_wconf 86' lang='lat' dir='ltr'>lesu</span> <span class='ocrx_word' id='word_1_202' title='bbox 641 2089 758 2123; x_wconf 78' lang='lat' dir='ltr'>Christi</span> <span class='ocrx_word' id='word_1_203' title='bbox 786 2096 813 2123; x_wconf 89' lang='lat' dir='ltr'>et</span> <span class='ocrx_word' id='word_1_204' title='bbox 849 2090 1119 2123; x_wconf 73' lang='lat' dir='ltr'>Aununciationis</span> <span class='ocrx_word' id='word_1_205' title='bbox 1145 2101 1181 2122; x_wconf 88' lang='lat' dir='ltr'>ac</span> 
     </span>
     <span class='ocr_line' id='line_1_46' title="bbox 430 2143 1181 2187; baseline 0.001 -12"><span class='ocrx_word' id='word_1_206' title='bbox 430 2143 665 2186; x_wconf 74' lang='lat' dir='ltr'>Assumptionis</span> <span class='ocrx_word' id='word_1_207' title='bbox 686 2143 830 2177; x_wconf 83' lang='lat' dir='ltr'>eiusdem</span> <span class='ocrx_word' id='word_1_208' title='bbox 855 2143 888 2176; x_wconf 91' lang='lat' dir='ltr'>B.</span> <span class='ocrx_word' id='word_1_209' title='bbox 913 2144 1029 2177; x_wconf 85' lang='lat' dir='ltr'>Mariae</span> <span class='ocrx_word' id='word_1_210' title='bbox 1055 2145 1181 2187; x_wconf 72' lang='lat' dir='ltr'>praela—</span> 
     </span>
     <span class='ocr_line' id='line_1_47' title="bbox 431 2197 1181 2241; baseline 0.003 -12"><span class='ocrx_word' id='word_1_211' title='bbox 431 2202 497 2229; x_wconf 92' lang='lat' dir='ltr'>tum</span> <span class='ocrx_word' id='word_1_212' title='bbox 518 2197 740 2230; x_wconf 86' lang='lat' dir='ltr'>Eucharistiae</span> <span class='ocrx_word' id='word_1_213' title='bbox 766 2203 1003 2230; x_wconf 89' lang='lat' dir='ltr'>sacramentum</span> <span class='ocrx_word' id='word_1_214' title='bbox 1035 2209 1181 2241; x_wconf 85' lang='lat' dir='ltr'>sumpse-</span> 
     </span>
     <span class='ocr_line' id='line_1_48' title="bbox 430 2249 1179 2294; baseline 0.004 -13"><span class='ocrx_word' id='word_1_215' title='bbox 430 2249 506 2291; x_wconf 82' lang='lat' dir='ltr'>rint⁷</span> <span class='ocrx_word' id='word_1_216' title='bbox 530 2256 560 2283; x_wconf 86' lang='lat' dir='ltr'>et</span> <span class='ocrx_word' id='word_1_217' title='bbox 585 2257 711 2294; x_wconf 88' lang='lat' dir='ltr'>partem</span> <span class='ocrx_word' id='word_1_218' title='bbox 747 2251 884 2291; x_wconf 73' lang='lat' dir='ltr'>Rosarii,</span> <span class='ocrx_word' id='word_1_219' title='bbox 918 2256 949 2283; x_wconf 88' lang='grc'>111</span> <span class='ocrx_word' id='word_1_220' title='bbox 986 2252 1179 2294; x_wconf 84' lang='lat' dir='ltr'>praefertur⁷</span> 
     </span>
     <span class='ocr_line' id='line_1_49' title="bbox 431 2303 1181 2345; baseline 0.004 -11"><span class='ocrx_word' id='word_1_221' title='bbox 431 2303 661 2345; x_wconf 62' lang='lat' dir='ltr'>rccitaverint,</span> <span class='ocrx_word' id='word_1_222' title='bbox 700 2304 811 2337; x_wconf 87' lang='lat' dir='ltr'>decem</span> <span class='ocrx_word' id='word_1_223' title='bbox 843 2314 944 2336; x_wconf 90' lang='lat' dir='ltr'>annos</span> <span class='ocrx_word' id='word_1_224' title='bbox 980 2310 1007 2337; x_wconf 87' lang='lat' dir='ltr'>et</span> <span class='ocrx_word' id='word_1_225' title='bbox 1046 2305 1181 2338; x_wconf 80' lang='lat' dir='ltr'>totidem</span> 
     </span>
     <span class='ocr_line' id='line_1_50' title="bbox 431 2357 1179 2401; baseline 0.004 -13"><span class='ocrx_word' id='word_1_226' title='bbox 431 2357 666 2401; x_wconf 69' lang='lat' dir='ltr'>quadragenas,</span> <span class='ocrx_word' id='word_1_227' title='bbox 681 2357 802 2391; x_wconf 88' lang='lat' dir='ltr'>eisdem</span> <span class='ocrx_word' id='word_1_228' title='bbox 820 2362 929 2390; x_wconf 84' lang='lat' dir='ltr'>autem</span> <span class='ocrx_word' id='word_1_229' title='bbox 950 2358 1179 2399; x_wconf 63' lang='lat' dir='ltr'>confratribus,</span> 
     </span>
     <span class='ocr_line' id='line_1_51' title="bbox 431 2410 1180 2455; baseline 0.005 -15"><span class='ocrx_word' id='word_1_230' title='bbox 431 2410 486 2452; x_wconf 87' lang='lat' dir='ltr'>qui</span> <span class='ocrx_word' id='word_1_231' title='bbox 517 2410 548 2443; x_wconf 93' lang='lat' dir='ltr'>in</span> <span class='ocrx_word' id='word_1_232' title='bbox 581 2411 713 2455; x_wconf 84' lang='lat' dir='ltr'>reliquis</span> <span class='ocrx_word' id='word_1_233' title='bbox 743 2411 869 2444; x_wconf 83' lang='lat' dir='ltr'>Domini</span> <span class='ocrx_word' id='word_1_234' title='bbox 894 2411 931 2444; x_wconf 87' lang='lat' dir='ltr'>N.</span> <span class='ocrx_word' id='word_1_235' title='bbox 965 2411 1035 2444; x_wconf 86' lang='lat' dir='ltr'>Iesu</span> <span class='ocrx_word' id='word_1_236' title='bbox 1063 2412 1180 2445; x_wconf 77' lang='lat' dir='ltr'>Christi</span> 
     </span>
     <span class='ocr_line' id='line_1_52' title="bbox 432 2459 1182 2504; baseline 0.001 -13"><span class='ocrx_word' id='word_1_237' title='bbox 432 2464 463 2491; x_wconf 91' lang='lat' dir='ltr'>et</span> <span class='ocrx_word' id='word_1_238' title='bbox 482 2459 515 2491; x_wconf 91' lang='lat' dir='ltr'>B.</span> <span class='ocrx_word' id='word_1_239' title='bbox 540 2460 655 2494; x_wconf 85' lang='lat' dir='ltr'>Mariae</span> <span class='ocrx_word' id='word_1_240' title='bbox 676 2461 814 2503; x_wconf 76' lang='lat' dir='ltr'>Virginis</span> <span class='ocrx_word' id='word_1_241' title='bbox 849 2461 1069 2504; x_wconf 84' lang='lat' dir='ltr'>praefatorum</span> <span class='ocrx_word' id='word_1_242' title='bbox 1095 2462 1182 2494; x_wconf 73' lang='lat' dir='ltr'>festis</span> 
     </span>
     <span class='ocr_line' id='line_1_53' title="bbox 433 2508 1181 2554; baseline 0.004 -14"><span class='ocrx_word' id='word_1_243' title='bbox 433 2508 557 2549; x_wconf 80' lang='lat' dir='ltr'>diebus,</span> <span class='ocrx_word' id='word_1_244' title='bbox 593 2510 623 2542; x_wconf 91' lang='lat' dir='ltr'>iu</span> <span class='ocrx_word' id='word_1_245' title='bbox 655 2510 773 2553; x_wconf 86' lang='lat' dir='ltr'>quibus</span> <span class='ocrx_word' id='word_1_246' title='bbox 807 2522 898 2543; x_wconf 87' lang='lat' dir='ltr'>sacra</span> <span class='ocrx_word' id='word_1_247' title='bbox 931 2510 1032 2554; x_wconf 85' lang='lat' dir='ltr'>ipsius</span> <span class='ocrx_word' id='word_1_248' title='bbox 1058 2511 1181 2544; x_wconf 78' lang='lat' dir='ltr'>Rosarii</span> 
     </span>
     <span class='ocr_line' id='line_1_54' title="bbox 434 2558 1181 2601; baseline 0.004 -13"><span class='ocrx_word' id='word_1_249' title='bbox 434 2558 583 2601; x_wconf 58' lang='lat' dir='ltr'>mysteria</span> <span class='ocrx_word' id='word_1_250' title='bbox 608 2566 838 2601; x_wconf 77' lang='lat' dir='ltr'>recensentur,</span> <span class='ocrx_word' id='word_1_251' title='bbox 861 2571 959 2593; x_wconf 90' lang='lat' dir='ltr'>unam</span> <span class='ocrx_word' id='word_1_252' title='bbox 985 2560 1099 2592; x_wconf 88' lang='lat' dir='ltr'>saltem</span> <span class='ocrx_word' id='word_1_253' title='bbox 1120 2560 1181 2593; x_wconf 80' lang='lat' dir='ltr'>Ro—</span> 
     </span>
     <span class='ocr_line' id='line_1_55' title="bbox 433 2609 1182 2652; baseline 0.004 -13"><span class='ocrx_word' id='word_1_254' title='bbox 433 2619 508 2640; x_wconf 84' lang='lat' dir='ltr'>sarn</span> <span class='ocrx_word' id='word_1_255' title='bbox 534 2619 794 2652; x_wconf 70' lang='lat' dir='ltr'>quinquagenam</span> <span class='ocrx_word' id='word_1_256' title='bbox 816 2609 1034 2649; x_wconf 70' lang='lat' dir='ltr'>recitaverint3</span> <span class='ocrx_word' id='word_1_257' title='bbox 1056 2620 1182 2642; x_wconf 78' lang='lat' dir='ltr'>necnon</span> 
     </span>
     <span class='ocr_line' id='line_1_56' title="bbox 433 2656 1183 2702; baseline 0.005 -14"><span class='ocrx_word' id='word_1_258' title='bbox 433 2656 503 2690; x_wconf 88' lang='lat' dir='ltr'>aliis</span> <span class='ocrx_word' id='word_1_259' title='bbox 523 2657 675 2690; x_wconf 85' lang='lat' dir='ltr'>omnihus</span> <span class='ocrx_word' id='word_1_260' title='bbox 695 2664 726 2691; x_wconf 81' lang='lat' dir='ltr'>et</span> <span class='ocrx_word' id='word_1_261' title='bbox 742 2658 878 2701; x_wconf 81' lang='lat' dir='ltr'>singulis</span> <span class='ocrx_word' id='word_1_262' title='bbox 902 2658 1074 2702; x_wconf 82' lang='lat' dir='ltr'>utriusque</span> <span class='ocrx_word' id='word_1_263' title='bbox 1091 2669 1183 2692; x_wconf 81' lang='lat' dir='ltr'>sexus</span> 
     </span>
    </p>
   </div>
   <div class='ocr_carea' id='block_1_6' title="bbox 1016 261 1368 288">
    <p class='ocr_par' dir='ltr' id='par_1_8' title="bbox 1016 261 1368 288">
     <span class='ocr_line' id='line_1_57' title="bbox 1016 261 1368 288; baseline 0 -1"><span class='ocrx_word' id='word_1_264' title='bbox 1016 264 1197 288; x_wconf 81' lang='lat' dir='ltr'><strong>BULLARIUM</strong></span> <span class='ocrx_word' id='word_1_265' title='bbox 1216 261 1368 288; x_wconf 73' lang='lat' dir='ltr'>ROMANUM</span> 
     </span>
    </p>
   </div>
   <div class='ocr_carea' id='block_1_7' title="bbox 1214 316 1989 2702">
    <p class='ocr_par' dir='ltr' id='par_1_9' title="bbox 1214 316 1966 670">
     <span class='ocr_line' id='line_1_58' title="bbox 1214 316 1962 359; baseline 0.004 -11"><span class='ocrx_word' id='word_1_266' title='bbox 1214 316 1489 357; x_wconf 76' lang='lat' dir='ltr'>eluistitidclibus,</span> <span class='ocrx_word' id='word_1_267' title='bbox 1512 317 1609 350; x_wconf 86' lang='lat' dir='ltr'>etiam</span> <span class='ocrx_word' id='word_1_268' title='bbox 1639 327 1705 351; x_wconf 89' lang='lat' dir='ltr'>non</span> <span class='ocrx_word' id='word_1_269' title='bbox 1732 318 1962 359; x_wconf 76' lang='lat' dir='ltr'>confratribus,</span> 
     </span>
     <span class='ocr_line' id='line_1_59' title="bbox 1214 370 1964 415; baseline 0.004 -13"><span class='ocrx_word' id='word_1_270' title='bbox 1214 370 1269 413; x_wconf 78' lang='lat' dir='ltr'>qui</span> <span class='ocrx_word' id='word_1_271' title='bbox 1292 370 1324 402; x_wconf 90' lang='lat' dir='ltr'>in</span> <span class='ocrx_word' id='word_1_272' title='bbox 1345 370 1490 403; x_wconf 89' lang='lat' dir='ltr'>eiusdem</span> <span class='ocrx_word' id='word_1_273' title='bbox 1507 370 1631 404; x_wconf 86' lang='lat' dir='ltr'>Rosarii</span> <span class='ocrx_word' id='word_1_274' title='bbox 1648 371 1866 414; x_wconf 77' lang='lat' dir='ltr'>processione,</span> <span class='ocrx_word' id='word_1_275' title='bbox 1880 382 1964 415; x_wconf 84' lang='lat' dir='ltr'>quae</span> 
     </span>
     <span class='ocr_line' id='line_1_60' title="bbox 1215 424 1965 467; baseline 0.004 -11"><span class='ocrx_word' id='word_1_276' title='bbox 1215 435 1323 457; x_wconf 87' lang='lat' dir='ltr'>mense</span> <span class='ocrx_word' id='word_1_277' title='bbox 1349 424 1493 467; x_wconf 85' lang='lat' dir='ltr'>quolibet</span> <span class='ocrx_word' id='word_1_278' title='bbox 1528 424 1599 458; x_wconf 89' lang='lat' dir='ltr'>fieri</span> <span class='ocrx_word' id='word_1_279' title='bbox 1624 425 1816 463; x_wconf 72' lang='lat' dir='ltr'>consuevit,</span> <span class='ocrx_word' id='word_1_280' title='bbox 1853 426 1965 459; x_wconf 87' lang='lat' dir='ltr'>devote</span> 
     </span>
     <span class='ocr_line' id='line_1_61' title="bbox 1216 477 1964 521; baseline 0.003 -12"><span class='ocrx_word' id='word_1_281' title='bbox 1216 477 1419 510; x_wconf 66' lang='lat' dir='ltr'>interfuerint</span> <span class='ocrx_word' id='word_1_282' title='bbox 1437 504 1444 516; x_wconf 85' lang='lat'>‚</span> <span class='ocrx_word' id='word_1_283' title='bbox 1485 484 1606 521; x_wconf 88' lang='lat' dir='ltr'>septem</span> <span class='ocrx_word' id='word_1_284' title='bbox 1646 488 1746 511; x_wconf 88' lang='lat' dir='ltr'>annos</span> <span class='ocrx_word' id='word_1_285' title='bbox 1773 484 1804 511; x_wconf 89' lang='lat' dir='ltr'>et</span> <span class='ocrx_word' id='word_1_286' title='bbox 1833 478 1964 511; x_wconf 82' lang='lat' dir='ltr'>totidem</span> 
     </span>
     <span class='ocr_line' id='line_1_62' title="bbox 1215 531 1966 575; baseline 0.001 -12"><span class='ocrx_word' id='word_1_287' title='bbox 1215 531 1439 574; x_wconf 78' lang='lat' dir='ltr'>quadragenas</span> <span class='ocrx_word' id='word_1_288' title='bbox 1457 531 1495 564; x_wconf 89' lang='lat' dir='ltr'>de</span> <span class='ocrx_word' id='word_1_289' title='bbox 1511 532 1664 564; x_wconf 86' lang='lat' dir='ltr'>iniunctis</span> <span class='ocrx_word' id='word_1_290' title='bbox 1687 531 1747 564; x_wconf 86' lang='lat' dir='ltr'>sibi</span> <span class='ocrx_word' id='word_1_291' title='bbox 1760 531 1966 575; x_wconf 75' lang='lat' dir='ltr'>poenitentiis</span> 
     </span>
     <span class='ocr_line' id='line_1_63' title="bbox 1216 584 1965 618; baseline 0.003 -2"><span class='ocrx_word' id='word_1_292' title='bbox 1216 584 1311 617; x_wconf 88' lang='lat' dir='ltr'>etiam</span> <span class='ocrx_word' id='word_1_293' title='bbox 1353 585 1607 618; x_wconf 73' lang='lat' dir='ltr'>misericorditer</span> <span class='ocrx_word' id='word_1_294' title='bbox 1642 585 1674 617; x_wconf 92' lang='lat' dir='ltr'>in</span> <span class='ocrx_word' id='word_1_295' title='bbox 1708 585 1846 618; x_wconf 88' lang='lat' dir='ltr'>Domino</span> <span class='ocrx_word' id='word_1_296' title='bbox 1881 585 1965 618; x_wconf 86' lang='lat' dir='ltr'>rela-</span> 
     </span>
     <span class='ocr_line' id='line_1_64' title="bbox 1216 649 1338 670; baseline 0 0"><span class='ocrx_word' id='word_1_297' title='bbox 1216 649 1338 670; x_wconf 70' lang='lat' dir='ltr'>xittttttS.</span> 
     </span>
    </p>

    <p class='ocr_par' dir='ltr' id='par_1_10' title="bbox 1217 692 1989 2081">
     <span class='ocr_line' id='line_1_65' title="bbox 1260 692 1967 735; baseline -0.001 -9"><span class='ocrx_word' id='word_1_298' title='bbox 1260 692 1274 735; x_wconf 58' lang='grc' dir='ltr'>ξ</span> <span class='ocrx_word' id='word_1_299' title='bbox 1303 692 1333 726; x_wconf 83' lang='grc'>5.</span> <span class='ocrx_word' id='word_1_300' title='bbox 1371 692 1587 725; x_wconf 63' lang='lat' dir='ltr'>Dec-eruentes</span> <span class='ocrx_word' id='word_1_301' title='bbox 1612 693 1790 725; x_wconf 71' lang='lat' dir='ltr'>confratres</span> <span class='ocrx_word' id='word_1_302' title='bbox 1822 697 1853 725; x_wconf 85' lang='lat' dir='ltr'>et</span> <span class='ocrx_word' id='word_1_303' title='bbox 1887 692 1967 725; x_wconf 85' lang='lat' dir='ltr'>alios</span> 
     </span>
     <span class='ocr_line' id='line_1_66' title="bbox 1218 745 1965 790; baseline 0.004 -15"><span class='ocrx_word' id='word_1_304' title='bbox 1218 748 1376 789; x_wconf 77' lang='lat' dir='ltr'>praefatos</span> <span class='ocrx_word' id='word_1_305' title='bbox 1402 756 1598 789; x_wconf 81' lang='lat' dir='ltr'>aquoquam</span> <span class='ocrx_word' id='word_1_306' title='bbox 1624 746 1763 790; x_wconf 83' lang='lat' dir='ltr'>desuper</span> <span class='ocrx_word' id='word_1_307' title='bbox 1789 745 1965 787; x_wconf 83' lang='lat' dir='ltr'>molestari,</span> 
     </span>
     <span class='ocr_line' id='line_1_67' title="bbox 1217 799 1967 843; baseline 0.004 -13"><span class='ocrx_word' id='word_1_308' title='bbox 1217 806 1469 843; x_wconf 75' lang='lat' dir='ltr'>praesentesque</span> <span class='ocrx_word' id='word_1_309' title='bbox 1487 800 1609 833; x_wconf 81' lang='lat' dir='ltr'>litteras</span> <span class='ocrx_word' id='word_1_310' title='bbox 1629 801 1668 833; x_wconf 92' lang='lat' dir='ltr'>de</span> <span class='ocrx_word' id='word_1_311' title='bbox 1685 799 1905 843; x_wconf 86' lang='lat' dir='ltr'>subreptionis</span> <span class='ocrx_word' id='word_1_312' title='bbox 1919 799 1967 833; x_wconf 81' lang='lat' dir='ltr'>vel</span> 
     </span>
     <span class='ocr_line' id='line_1_68' title="bbox 1217 853 1969 897; baseline 0.001 -12"><span class='ocrx_word' id='word_1_313' title='bbox 1217 853 1418 897; x_wconf 83' lang='lat' dir='ltr'>obreptionis</span> <span class='ocrx_word' id='word_1_314' title='bbox 1438 860 1493 887; x_wconf 90' lang='lat' dir='ltr'>aut</span> <span class='ocrx_word' id='word_1_315' title='bbox 1514 854 1671 887; x_wconf 88' lang='lat' dir='ltr'>nullitatis</span> <span class='ocrx_word' id='word_1_316' title='bbox 1691 854 1792 887; x_wconf 68' lang='lat' dir='ltr'>aliove</span> <span class='ocrx_word' id='word_1_317' title='bbox 1812 854 1889 887; x_wconf 77' lang='lat' dir='ltr'>vitio</span> <span class='ocrx_word' id='word_1_318' title='bbox 1914 859 1969 886; x_wconf 84' lang='lat' dir='ltr'>aut</span> 
     </span>
     <span class='ocr_line' id='line_1_69' title="bbox 1219 907 1968 950; baseline 0.001 -12"><span class='ocrx_word' id='word_1_319' title='bbox 1219 907 1406 940; x_wconf 84' lang='lat' dir='ltr'>intentionis</span> <span class='ocrx_word' id='word_1_320' title='bbox 1428 914 1555 940; x_wconf 87' lang='lat' dir='ltr'>nostrae</span> <span class='ocrx_word' id='word_1_321' title='bbox 1577 907 1702 941; x_wconf 85' lang='lat' dir='ltr'>defectu</span> <span class='ocrx_word' id='word_1_322' title='bbox 1731 907 1849 947; x_wconf 90' lang='lat' dir='ltr'>notari,</span> <span class='ocrx_word' id='word_1_323' title='bbox 1876 907 1968 950; x_wconf 81' lang='lat' dir='ltr'>argui</span> 
     </span>
     <span class='ocr_line' id='line_1_70' title="bbox 1218 960 1968 1005; baseline 0 -12"><span class='ocrx_word' id='word_1_324' title='bbox 1218 961 1264 993; x_wconf 70' lang='lat' dir='ltr'>rel</span> <span class='ocrx_word' id='word_1_325' title='bbox 1288 961 1483 1005; x_wconf 81' lang='lat' dir='ltr'>impugnari,</span> <span class='ocrx_word' id='word_1_326' title='bbox 1500 967 1530 994; x_wconf 88' lang='lat' dir='ltr'>et</span> <span class='ocrx_word' id='word_1_327' title='bbox 1546 961 1605 995; x_wconf 83' lang='lat' dir='ltr'>sub</span> <span class='ocrx_word' id='word_1_328' title='bbox 1626 961 1793 1005; x_wconf 71' lang='lat' dir='ltr'>quibusvis</span> <span class='ocrx_word' id='word_1_329' title='bbox 1812 960 1968 994; x_wconf 85' lang='lat' dir='ltr'>similium</span> 
     </span>
     <span class='ocr_line' id='line_1_71' title="bbox 1220 1014 1967 1058; baseline 0.001 -12"><span class='ocrx_word' id='word_1_330' title='bbox 1220 1015 1266 1047; x_wconf 82' lang='lat' dir='ltr'>rel</span> <span class='ocrx_word' id='word_1_331' title='bbox 1278 1014 1482 1047; x_wconf 80' lang='lat' dir='ltr'>dissimilium</span> <span class='ocrx_word' id='word_1_332' title='bbox 1500 1014 1678 1058; x_wconf 80' lang='lat' dir='ltr'>gratiarum</span> <span class='ocrx_word' id='word_1_333' title='bbox 1694 1014 1967 1054; x_wconf 80' lang='lat' dir='ltr'>revocationibus,</span> 
     </span>
     <span class='ocr_line' id='line_1_72' title="bbox 1218 1068 1970 1112; baseline 0.001 -12"><span class='ocrx_word' id='word_1_334' title='bbox 1218 1069 1485 1111; x_wconf 78' lang='lat' dir='ltr'>suspensionilnis</span> <span class='ocrx_word' id='word_1_335' title='bbox 1506 1076 1561 1103; x_wconf 86' lang='lat' dir='ltr'>aut</span> <span class='ocrx_word' id='word_1_336' title='bbox 1581 1069 1651 1102; x_wconf 89' lang='lat' dir='ltr'>aliis</span> <span class='ocrx_word' id='word_1_337' title='bbox 1671 1068 1843 1102; x_wconf 87' lang='lat' dir='ltr'>contrariis</span> <span class='ocrx_word' id='word_1_338' title='bbox 1863 1068 1970 1112; x_wconf 89' lang='lat' dir='ltr'>dispo-</span> 
     </span>
     <span class='ocr_line' id='line_1_73' title="bbox 1218 1122 1970 1167; baseline 0.001 -14"><span class='ocrx_word' id='word_1_339' title='bbox 1218 1122 1388 1155; x_wconf 69' lang='lat' dir='ltr'>sitionibus</span> <span class='ocrx_word' id='word_1_340' title='bbox 1422 1122 1654 1167; x_wconf 80' lang='lat' dir='ltr'>comprehendi</span> <span class='ocrx_word' id='word_1_341' title='bbox 1693 1133 1759 1156; x_wconf 90' lang='lat' dir='ltr'>non</span> <span class='ocrx_word' id='word_1_342' title='bbox 1782 1132 1889 1166; x_wconf 87' lang='lat' dir='ltr'>posse;</span> <span class='ocrx_word' id='word_1_343' title='bbox 1915 1122 1970 1155; x_wconf 87' lang='lat' dir='ltr'>sed</span> 
     </span>
     <span class='ocr_line' id='line_1_74' title="bbox 1218 1175 1969 1220; baseline 0.003 -14"><span class='ocrx_word' id='word_1_344' title='bbox 1218 1177 1345 1219; x_wconf 72' lang='lat' dir='ltr'>‹proties</span> <span class='ocrx_word' id='word_1_345' title='bbox 1366 1177 1438 1210; x_wconf 85' lang='lat' dir='ltr'>illae</span> <span class='ocrx_word' id='word_1_346' title='bbox 1458 1177 1677 1211; x_wconf 60' lang='lat' dir='ltr'>emanz‘tverint</span> <span class='ocrx_word' id='word_1_347' title='bbox 1692 1204 1700 1217; x_wconf 86' lang='lat'>,</span> <span class='ocrx_word' id='word_1_348' title='bbox 1723 1176 1817 1210; x_wconf 88' lang='lat' dir='ltr'>toties</span> <span class='ocrx_word' id='word_1_349' title='bbox 1847 1175 1881 1208; x_wconf 89' lang='lat' dir='ltr'>in</span> <span class='ocrx_word' id='word_1_350' title='bbox 1901 1175 1969 1220; x_wconf 90' lang='lat' dir='ltr'>pri-</span> 
     </span>
     <span class='ocr_line' id='line_1_75' title="bbox 1219 1229 1972 1265; baseline 0 -3"><span class='ocrx_word' id='word_1_351' title='bbox 1219 1230 1338 1263; x_wconf 83' lang='lat' dir='ltr'>stinum</span> <span class='ocrx_word' id='word_1_352' title='bbox 1366 1237 1393 1263; x_wconf 89' lang='lat' dir='ltr'>et</span> <span class='ocrx_word' id='word_1_353' title='bbox 1412 1231 1646 1265; x_wconf 73' lang='lat' dir='ltr'>validissimum</span> <span class='ocrx_word' id='word_1_354' title='bbox 1665 1236 1784 1264; x_wconf 87' lang='lat' dir='ltr'>statum</span> <span class='ocrx_word' id='word_1_355' title='bbox 1806 1229 1972 1263; x_wconf 85' lang='lat' dir='ltr'>restitutas</span> 
     </span>
     <span class='ocr_line' id='line_1_76' title="bbox 1219 1284 1989 1328; baseline -0.001 -12"><span class='ocrx_word' id='word_1_356' title='bbox 1219 1284 1256 1316; x_wconf 84' lang='lat' dir='ltr'>de</span> <span class='ocrx_word' id='word_1_357' title='bbox 1279 1295 1372 1326; x_wconf 80' lang='lat' dir='ltr'>noro,</span> <span class='ocrx_word' id='word_1_358' title='bbox 1401 1285 1497 1317; x_wconf 86' lang='lat' dir='ltr'>etiam</span> <span class='ocrx_word' id='word_1_359' title='bbox 1533 1285 1572 1318; x_wconf 89' lang='lat' dir='ltr'>de</span> <span class='ocrx_word' id='word_1_360' title='bbox 1602 1284 1782 1328; x_wconf 87' lang='lat' dir='ltr'>posteriore</span> <span class='ocrx_word' id='word_1_361' title='bbox 1804 1284 1890 1324; x_wconf 86' lang='lat' dir='ltr'>data,</span> <span class='ocrx_word' id='word_1_362' title='bbox 1914 1294 1989 1327; x_wconf 72' lang='lat' dir='ltr'>per</span> 
     </span>
     <span class='ocr_line' id='line_1_77' title="bbox 1221 1337 1973 1382; baseline 0.003 -14"><span class='ocrx_word' id='word_1_363' title='bbox 1221 1338 1305 1380; x_wconf 80' lang='lat' dir='ltr'>ipsos</span> <span class='ocrx_word' id='word_1_364' title='bbox 1325 1339 1494 1382; x_wconf 85' lang='lat' dir='ltr'>deputatos</span> <span class='ocrx_word' id='word_1_365' title='bbox 1520 1339 1699 1372; x_wconf 87' lang='lat' dir='ltr'>confratres</span> <span class='ocrx_word' id='word_1_366' title='bbox 1719 1337 1876 1381; x_wconf 84' lang='lat' dir='ltr'>eligenda,</span> <span class='ocrx_word' id='word_1_367' title='bbox 1897 1347 1973 1371; x_wconf 87' lang='lat' dir='ltr'>con-</span> 
     </span>
     <span class='ocr_line' id='line_1_78' title="bbox 1220 1391 1973 1436; baseline 0.003 -14"><span class='ocrx_word' id='word_1_368' title='bbox 1220 1402 1336 1432; x_wconf 74' lang='lat' dir='ltr'>cessas,</span> <span class='ocrx_word' id='word_1_369' title='bbox 1360 1403 1395 1425; x_wconf 84' lang='lat' dir='ltr'>ac</span> <span class='ocrx_word' id='word_1_370' title='bbox 1416 1398 1576 1436; x_wconf 86' lang='lat' dir='ltr'>perpetuo</span> <span class='ocrx_word' id='word_1_371' title='bbox 1610 1392 1731 1425; x_wconf 75' lang='lat' dir='ltr'>validas</span> <span class='ocrx_word' id='word_1_372' title='bbox 1766 1397 1797 1425; x_wconf 87' lang='lat' dir='ltr'>et</span> <span class='ocrx_word' id='word_1_373' title='bbox 1826 1391 1973 1425; x_wconf 85' lang='lat' dir='ltr'>efficaces</span> 
     </span>
     <span class='ocr_line' id='line_1_79' title="bbox 1220 1445 1974 1490; baseline 0.001 -13"><span class='ocrx_word' id='word_1_374' title='bbox 1220 1456 1287 1478; x_wconf 76' lang='lat' dir='ltr'>esse</span> <span class='ocrx_word' id='word_1_375' title='bbox 1313 1450 1343 1478; x_wconf 54' lang='lat' dir='ltr'>ct,</span> <span class='ocrx_word' id='word_1_376' title='bbox 1364 1446 1444 1488; x_wconf 88' lang='lat' dir='ltr'>fore,</span> <span class='ocrx_word' id='word_1_377' title='bbox 1467 1457 1609 1490; x_wconf 83' lang='lat' dir='ltr'>suosque</span> <span class='ocrx_word' id='word_1_378' title='bbox 1639 1445 1804 1490; x_wconf 85' lang='lat' dir='ltr'>plenarios</span> <span class='ocrx_word' id='word_1_379' title='bbox 1828 1450 1860 1479; x_wconf 85' lang='grc'>61</span> <span class='ocrx_word' id='word_1_380' title='bbox 1892 1445 1974 1478; x_wconf 87' lang='lat' dir='ltr'>inte-</span> 
     </span>
     <span class='ocr_line' id='line_1_80' title="bbox 1220 1498 1975 1543; baseline 0 -12"><span class='ocrx_word' id='word_1_381' title='bbox 1220 1510 1293 1542; x_wconf 82' lang='lat' dir='ltr'>gros</span> <span class='ocrx_word' id='word_1_382' title='bbox 1314 1500 1447 1533; x_wconf 82' lang='lat' dir='ltr'>effectus</span> <span class='ocrx_word' id='word_1_383' title='bbox 1468 1500 1575 1533; x_wconf 84' lang='lat' dir='ltr'>sortiri</span> <span class='ocrx_word' id='word_1_384' title='bbox 1597 1499 1736 1541; x_wconf 74' lang='lat' dir='ltr'>dehere3</span> <span class='ocrx_word' id='word_1_385' title='bbox 1772 1505 1804 1533; x_wconf 85' lang='lat' dir='ltr'>et</span> <span class='ocrx_word' id='word_1_386' title='bbox 1837 1498 1882 1532; x_wconf 86' lang='lat' dir='ltr'>ita</span> <span class='ocrx_word' id='word_1_387' title='bbox 1915 1508 1975 1543; x_wconf 84' lang='lat' dir='ltr'>per</span> 
     </span>
     <span class='ocr_line' id='line_1_81' title="bbox 1221 1551 1972 1597; baseline 0.001 -13"><span class='ocrx_word' id='word_1_388' title='bbox 1221 1564 1446 1597; x_wconf 63' lang='lat' dir='ltr'>quoscumnque</span> <span class='ocrx_word' id='word_1_389' title='bbox 1485 1553 1607 1588; x_wconf 88' lang='lat' dir='ltr'>iudices</span> <span class='ocrx_word' id='word_1_390' title='bbox 1646 1559 1677 1587; x_wconf 89' lang='lat' dir='ltr'>et</span> <span class='ocrx_word' id='word_1_391' title='bbox 1719 1551 1972 1592; x_wconf 86' lang='lat' dir='ltr'>commissarios,</span> 
     </span>
     <span class='ocr_line' id='line_1_82' title="bbox 1221 1606 1972 1652; baseline 0 -13"><span class='ocrx_word' id='word_1_392' title='bbox 1221 1607 1332 1650; x_wconf 72' lang='lat' dir='ltr'>quavis</span> <span class='ocrx_word' id='word_1_393' title='bbox 1353 1608 1545 1641; x_wconf 86' lang='lat' dir='ltr'>auctoritate</span> <span class='ocrx_word' id='word_1_394' title='bbox 1572 1608 1754 1652; x_wconf 79' lang='lat' dir='ltr'>fungentes,</span> <span class='ocrx_word' id='word_1_395' title='bbox 1777 1606 1874 1640; x_wconf 86' lang='lat' dir='ltr'>etiam</span> <span class='ocrx_word' id='word_1_396' title='bbox 1895 1616 1972 1640; x_wconf 83' lang='lat' dir='ltr'>cau-</span> 
     </span>
     <span class='ocr_line' id='line_1_83' title="bbox 1221 1661 1975 1706; baseline -0.001 -13"><span class='ocrx_word' id='word_1_397' title='bbox 1221 1672 1329 1694; x_wconf 83' lang='lat' dir='ltr'>sarum</span> <span class='ocrx_word' id='word_1_398' title='bbox 1365 1662 1477 1695; x_wconf 88' lang='lat' dir='ltr'>Palatii</span> <span class='ocrx_word' id='word_1_399' title='bbox 1512 1662 1689 1706; x_wconf 87' lang='lat' dir='ltr'>Apostolici</span> <span class='ocrx_word' id='word_1_400' title='bbox 1724 1661 1911 1702; x_wconf 83' lang='lat' dir='ltr'>auditores,</span> <span class='ocrx_word' id='word_1_401' title='bbox 1943 1664 1975 1693; x_wconf 86' lang='lat' dir='ltr'>et</span> 
     </span>
     <span class='ocr_line' id='line_1_84' title="bbox 1222 1715 1972 1757; baseline -0.001 -8"><span class='ocrx_word' id='word_1_402' title='bbox 1222 1718 1252 1749; x_wconf 71' lang='lat' dir='ltr'>S.</span> <span class='ocrx_word' id='word_1_403' title='bbox 1276 1716 1312 1749; x_wconf 82' lang='lat' dir='ltr'>R.</span> <span class='ocrx_word' id='word_1_404' title='bbox 1336 1716 1370 1748; x_wconf 88' lang='lat' dir='ltr'>E.</span> <span class='ocrx_word' id='word_1_405' title='bbox 1394 1716 1587 1757; x_wconf 83' lang='lat' dir='ltr'>cardinales,</span> <span class='ocrx_word' id='word_1_406' title='bbox 1609 1716 1736 1749; x_wconf 87' lang='lat' dir='ltr'>sublata</span> <span class='ocrx_word' id='word_1_407' title='bbox 1752 1715 1797 1748; x_wconf 88' lang='lat' dir='ltr'>eis</span> <span class='ocrx_word' id='word_1_408' title='bbox 1813 1721 1972 1748; x_wconf 91' lang='lat' dir='ltr'>eteorum</span> 
     </span>
     <span class='ocr_line' id='line_1_85' title="bbox 1222 1768 1974 1813; baseline -0.001 -10"><span class='ocrx_word' id='word_1_409' title='bbox 1222 1769 1353 1803; x_wconf 86' lang='lat' dir='ltr'>cuilibet</span> <span class='ocrx_word' id='word_1_410' title='bbox 1375 1770 1487 1813; x_wconf 80' lang='lat' dir='ltr'>quavis</span> <span class='ocrx_word' id='word_1_411' title='bbox 1508 1770 1602 1803; x_wconf 89' lang='lat' dir='ltr'>aliter</span> <span class='ocrx_word' id='word_1_412' title='bbox 1636 1768 1800 1802; x_wconf 88' lang='lat' dir='ltr'>iudicandi</span> <span class='ocrx_word' id='word_1_413' title='bbox 1822 1774 1854 1802; x_wconf 85' lang='lat' dir='ltr'>et</span> <span class='ocrx_word' id='word_1_414' title='bbox 1872 1768 1974 1802; x_wconf 85' lang='lat' dir='ltr'>inter-</span> 
     </span>
     <span class='ocr_line' id='line_1_86' title="bbox 1222 1821 1988 1868; baseline -0.001 -13"><span class='ocrx_word' id='word_1_415' title='bbox 1222 1823 1370 1868; x_wconf 86' lang='lat' dir='ltr'>pretandi</span> <span class='ocrx_word' id='word_1_416' title='bbox 1390 1824 1542 1857; x_wconf 84' lang='lat' dir='ltr'>facultate</span> <span class='ocrx_word' id='word_1_417' title='bbox 1562 1829 1593 1857; x_wconf 87' lang='lat' dir='ltr'>et</span> <span class='ocrx_word' id='word_1_418' title='bbox 1612 1822 1817 1864; x_wconf 88' lang='lat' dir='ltr'>auctoritate,</span> <span class='ocrx_word' id='word_1_419' title='bbox 1836 1821 1988 1856; x_wconf 56' lang='lat' dir='ltr'>iudicari*</span> 
     </span>
     <span class='ocr_line' id='line_1_87' title="bbox 1223 1875 1976 1918; baseline -0.003 -8"><span class='ocrx_word' id='word_1_420' title='bbox 1223 1883 1250 1910; x_wconf 89' lang='lat' dir='ltr'>et</span> <span class='ocrx_word' id='word_1_421' title='bbox 1277 1877 1406 1910; x_wconf 82' lang='lat' dir='ltr'>deliniri</span> <span class='ocrx_word' id='word_1_422' title='bbox 1427 1878 1559 1918; x_wconf 85' lang='lat' dir='ltr'>debere;</span> <span class='ocrx_word' id='word_1_423' title='bbox 1581 1888 1617 1910; x_wconf 90' lang='lat' dir='ltr'>ac</span> <span class='ocrx_word' id='word_1_424' title='bbox 1638 1888 1675 1910; x_wconf 86' lang='lat' dir='ltr'>ex</span> <span class='ocrx_word' id='word_1_425' title='bbox 1690 1888 1778 1911; x_wconf 89' lang='lat' dir='ltr'>nunc</span> <span class='ocrx_word' id='word_1_426' title='bbox 1794 1875 1923 1910; x_wconf 86' lang='lat' dir='ltr'>irritum</span> <span class='ocrx_word' id='word_1_427' title='bbox 1944 1881 1976 1909; x_wconf 87' lang='lat' dir='ltr'>et</span> 
     </span>
     <span class='ocr_line' id='line_1_88' title="bbox 1224 1930 1973 1974; baseline -0.001 -11"><span class='ocrx_word' id='word_1_428' title='bbox 1224 1931 1331 1971; x_wconf 69' lang='lat' dir='ltr'>inane,</span> <span class='ocrx_word' id='word_1_429' title='bbox 1359 1930 1384 1962; x_wconf 90' lang='lat' dir='ltr'>si</span> <span class='ocrx_word' id='word_1_430' title='bbox 1412 1942 1504 1963; x_wconf 88' lang='lat' dir='ltr'>secus</span> <span class='ocrx_word' id='word_1_431' title='bbox 1539 1941 1637 1974; x_wconf 89' lang='lat' dir='ltr'>super</span> <span class='ocrx_word' id='word_1_432' title='bbox 1661 1930 1710 1963; x_wconf 90' lang='lat' dir='ltr'>his</span> <span class='ocrx_word' id='word_1_433' title='bbox 1743 1941 1761 1963; x_wconf 89' lang='lat' dir='ltr'>a</span> <span class='ocrx_word' id='word_1_434' title='bbox 1792 1939 1973 1974; x_wconf 86' lang='lat' dir='ltr'>quoquam,</span> 
     </span>
     <span class='ocr_line' id='line_1_89' title="bbox 1223 1984 1973 2028; baseline 0 -12"><span class='ocrx_word' id='word_1_435' title='bbox 1223 1984 1334 2028; x_wconf 70' lang='lat' dir='ltr'>«utaris</span> <span class='ocrx_word' id='word_1_436' title='bbox 1349 1984 1545 2027; x_wconf 69' lang='lat' dir='ltr'>¹auctoritate</span> <span class='ocrx_word' id='word_1_437' title='bbox 1559 1985 1697 2018; x_wconf 86' lang='lat' dir='ltr'>scienter</span> <span class='ocrx_word' id='word_1_438' title='bbox 1712 1985 1761 2018; x_wconf 83' lang='lat' dir='ltr'>vel</span> <span class='ocrx_word' id='word_1_439' title='bbox 1772 1984 1973 2028; x_wconf 80' lang='lat' dir='ltr'>ignoranter,</span> 
     </span>
     <span class='ocr_line' id='line_1_90' title="bbox 1224 2038 1573 2081; baseline 0.003 -11"><span class='ocrx_word' id='word_1_440' title='bbox 1224 2038 1395 2081; x_wconf 85' lang='lat' dir='ltr'>contigerit</span> <span class='ocrx_word' id='word_1_441' title='bbox 1411 2038 1573 2071; x_wconf 88' lang='lat' dir='ltr'>attentari.</span> 
     </span>
    </p>

    <p class='ocr_par' dir='ltr' id='par_1_11' title="bbox 1224 2091 1976 2457">
     <span class='ocr_line' id='line_1_91' title="bbox 1268 2091 1975 2135; baseline -0.001 -10"><span class='ocrx_word' id='word_1_442' title='bbox 1268 2092 1333 2135; x_wconf 61' lang='lat'>56.</span> <span class='ocrx_word' id='word_1_443' title='bbox 1361 2092 1429 2125; x_wconf 84' lang='lat' dir='ltr'>Non</span> <span class='ocrx_word' id='word_1_444' title='bbox 1465 2092 1668 2125; x_wconf 84' lang='lat' dir='ltr'>obstantibus</span> <span class='ocrx_word' id='word_1_445' title='bbox 1700 2091 1867 2135; x_wconf 85' lang='lat' dir='ltr'>quibusvis</span> <span class='ocrx_word' id='word_1_446' title='bbox 1895 2101 1975 2135; x_wconf 79' lang='lat' dir='ltr'>apo-</span> 
     </span>
     <span class='ocr_line' id='line_1_92' title="bbox 1224 2143 1976 2190; baseline -0.001 -12"><span class='ocrx_word' id='word_1_447' title='bbox 1224 2146 1344 2179; x_wconf 88' lang='lat' dir='ltr'>stolicis</span> <span class='ocrx_word' id='word_1_448' title='bbox 1369 2157 1417 2186; x_wconf 84' lang='lat' dir='ltr'>ac,</span> <span class='ocrx_word' id='word_1_449' title='bbox 1440 2146 1472 2178; x_wconf 94' lang='lat' dir='ltr'>in</span> <span class='ocrx_word' id='word_1_450' title='bbox 1493 2145 1746 2190; x_wconf 75' lang='lat' dir='ltr'>provincialibus</span> <span class='ocrx_word' id='word_1_451' title='bbox 1766 2151 1798 2179; x_wconf 86' lang='lat' dir='ltr'>et</span> <span class='ocrx_word' id='word_1_452' title='bbox 1816 2143 1976 2190; x_wconf 68' lang='lat' dir='ltr'>synodali-</span> 
     </span>
     <span class='ocr_line' id='line_1_93' title="bbox 1224 2195 1975 2243; baseline 0.001 -12"><span class='ocrx_word' id='word_1_453' title='bbox 1224 2200 1284 2232; x_wconf 85' lang='lat' dir='ltr'>bus</span> <span class='ocrx_word' id='word_1_454' title='bbox 1304 2199 1448 2232; x_wconf 85' lang='lat' dir='ltr'>conciliis</span> <span class='ocrx_word' id='word_1_455' title='bbox 1473 2199 1579 2240; x_wconf 87' lang='lat' dir='ltr'>editis,</span> <span class='ocrx_word' id='word_1_456' title='bbox 1601 2195 1811 2243; x_wconf 78' lang='lat' dir='ltr'>generalibus</span> <span class='ocrx_word' id='word_1_457' title='bbox 1833 2199 1882 2232; x_wconf 89' lang='lat' dir='ltr'>vel</span> <span class='ocrx_word' id='word_1_458' title='bbox 1902 2208 1975 2241; x_wconf 84' lang='lat' dir='ltr'>spe-</span> 
     </span>
     <span class='ocr_line' id='line_1_94' title="bbox 1225 2251 1976 2286; baseline 0 -2"><span class='ocrx_word' id='word_1_459' title='bbox 1225 2252 1360 2286; x_wconf 79' lang='lat' dir='ltr'>cialibus</span> <span class='ocrx_word' id='word_1_460' title='bbox 1371 2253 1661 2286; x_wconf 83' lang='lat' dir='ltr'>constitutionibus</span> <span class='ocrx_word' id='word_1_461' title='bbox 1673 2259 1704 2286; x_wconf 86' lang='grc'>61</span> <span class='ocrx_word' id='word_1_462' title='bbox 1716 2251 1976 2286; x_wconf 80' lang='lat' dir='ltr'>ordinationibus</span> 
     </span>
     <span class='ocr_line' id='line_1_95' title="bbox 1225 2304 1975 2351; baseline -0.001 -13"><span class='ocrx_word' id='word_1_463' title='bbox 1225 2318 1260 2339; x_wconf 84' lang='lat' dir='ltr'>ac</span> <span class='ocrx_word' id='word_1_464' title='bbox 1281 2307 1499 2340; x_wconf 85' lang='lat' dir='ltr'>Cancellariae</span> <span class='ocrx_word' id='word_1_465' title='bbox 1510 2307 1714 2351; x_wconf 85' lang='lat' dir='ltr'>Apostolieae</span> <span class='ocrx_word' id='word_1_466' title='bbox 1730 2305 1852 2350; x_wconf 84' lang='lat' dir='ltr'>regulis</span> <span class='ocrx_word' id='word_1_467' title='bbox 1882 2304 1975 2339; x_wconf 85' lang='lat' dir='ltr'>editis</span> 
     </span>
     <span class='ocr_line' id='line_1_96' title="bbox 1225 2358 1974 2404; baseline -0.001 -11"><span class='ocrx_word' id='word_1_468' title='bbox 1225 2366 1251 2393; x_wconf 84' lang='lat' dir='ltr'>ct</span> <span class='ocrx_word' id='word_1_469' title='bbox 1276 2360 1422 2402; x_wconf 79' lang='lat' dir='ltr'>edendis,</span> <span class='ocrx_word' id='word_1_470' title='bbox 1446 2361 1626 2404; x_wconf 86' lang='lat' dir='ltr'>ceterisque</span> <span class='ocrx_word' id='word_1_471' title='bbox 1648 2359 1819 2394; x_wconf 83' lang='lat' dir='ltr'>contrariis</span> <span class='ocrx_word' id='word_1_472' title='bbox 1839 2358 1974 2403; x_wconf 82' lang='lat' dir='ltr'>quibus-</span> 
     </span>
     <span class='ocr_line' id='line_1_97' title="bbox 1224 2425 1378 2457; baseline 0.013 -12"><span class='ocrx_word' id='word_1_473' title='bbox 1224 2425 1378 2457; x_wconf 69' lang='lat' dir='ltr'>cumque.</span> 
     </span>
    </p>

    <p class='ocr_par' dir='ltr' id='par_1_12' title="bbox 1225 2462 1976 2702">
     <span class='ocr_line' id='line_1_98' title="bbox 1270 2462 1974 2506; baseline -0.001 -10"><span class='ocrx_word' id='word_1_474' title='bbox 1270 2464 1284 2506; x_wconf 56' lang='grc' dir='ltr'><strong>ἓ</strong></span> <span class='ocrx_word' id='word_1_475' title='bbox 1305 2463 1334 2496; x_wconf 92' lang='grc'>7.</span> <span class='ocrx_word' id='word_1_476' title='bbox 1365 2463 1521 2496; x_wconf 74' lang='lat' dir='ltr'>Volumus</span> <span class='ocrx_word' id='word_1_477' title='bbox 1557 2469 1664 2496; x_wconf 86' lang='lat' dir='ltr'>autem</span> <span class='ocrx_word' id='word_1_478' title='bbox 1699 2462 1786 2506; x_wconf 84' lang='lat' dir='ltr'>quod</span> <span class='ocrx_word' id='word_1_479' title='bbox 1820 2472 1974 2506; x_wconf 85' lang='lat' dir='ltr'>praesen-</span> 
     </span>
     <span class='ocr_line' id='line_1_99' title="bbox 1227 2511 1974 2556; baseline 0.001 -13"><span class='ocrx_word' id='word_1_480' title='bbox 1227 2512 1306 2544; x_wconf 90' lang='lat' dir='ltr'>tium</span> <span class='ocrx_word' id='word_1_481' title='bbox 1328 2512 1550 2556; x_wconf 85' lang='lat' dir='ltr'>transumptis,</span> <span class='ocrx_word' id='word_1_482' title='bbox 1573 2523 1670 2545; x_wconf 87' lang='lat' dir='ltr'>manu</span> <span class='ocrx_word' id='word_1_483' title='bbox 1693 2511 1829 2544; x_wconf 86' lang='lat' dir='ltr'>alicuius</span> <span class='ocrx_word' id='word_1_484' title='bbox 1857 2511 1974 2544; x_wconf 87' lang='lat' dir='ltr'>notarii</span> 
     </span>
     <span class='ocr_line' id='line_1_100' title="bbox 1226 2559 1975 2605; baseline 0.004 -14"><span class='ocrx_word' id='word_1_485' title='bbox 1226 2561 1346 2603; x_wconf 76' lang='lat' dir='ltr'>publici</span> <span class='ocrx_word' id='word_1_486' title='bbox 1364 2561 1555 2605; x_wconf 85' lang='lat' dir='ltr'>subscriptis</span> <span class='ocrx_word' id='word_1_487' title='bbox 1575 2567 1604 2594; x_wconf 85' lang='lat' dir='ltr'>et</span> <span class='ocrx_word' id='word_1_488' title='bbox 1625 2561 1729 2604; x_wconf 85' lang='lat' dir='ltr'>sigillo</span> <span class='ocrx_word' id='word_1_489' title='bbox 1750 2559 1888 2594; x_wconf 83' lang='lat' dir='ltr'>alieuius</span> <span class='ocrx_word' id='word_1_490' title='bbox 1902 2571 1975 2605; x_wconf 90' lang='lat' dir='ltr'>per-</span> 
     </span>
     <span class='ocr_line' id='line_1_101' title="bbox 1225 2609 1976 2653; baseline 0.003 -12"><span class='ocrx_word' id='word_1_491' title='bbox 1225 2620 1322 2643; x_wconf 84' lang='lat' dir='ltr'>sonae</span> <span class='ocrx_word' id='word_1_492' title='bbox 1336 2610 1368 2642; x_wconf 92' lang='lat' dir='ltr'>in</span> <span class='ocrx_word' id='word_1_493' title='bbox 1380 2610 1596 2643; x_wconf 83' lang='lat' dir='ltr'>ecclesiastica</span> <span class='ocrx_word' id='word_1_494' title='bbox 1616 2610 1769 2653; x_wconf 80' lang='lat' dir='ltr'>dignitate</span> <span class='ocrx_word' id='word_1_495' title='bbox 1783 2609 1976 2643; x_wconf 86' lang='lat' dir='ltr'>constitutae</span> 
     </span>
     <span class='ocr_line' id='line_1_102' title="bbox 1227 2658 1976 2702; baseline 0.003 -11"><span class='ocrx_word' id='word_1_496' title='bbox 1227 2658 1374 2699; x_wconf 86' lang='lat' dir='ltr'>munitis,</span> <span class='ocrx_word' id='word_1_497' title='bbox 1400 2659 1513 2692; x_wconf 87' lang='lat' dir='ltr'>eadem</span> <span class='ocrx_word' id='word_1_498' title='bbox 1533 2670 1667 2702; x_wconf 83' lang='lat' dir='ltr'>prorsus</span> <span class='ocrx_word' id='word_1_499' title='bbox 1685 2659 1776 2700; x_wconf 85' lang='lat' dir='ltr'>fides,</span> <span class='ocrx_word' id='word_1_500' title='bbox 1792 2665 1857 2692; x_wconf 86' lang='lat' dir='ltr'>tarn</span> <span class='ocrx_word' id='word_1_501' title='bbox 1873 2659 1906 2693; x_wconf 90' lang='lat' dir='ltr'>in</span> <span class='ocrx_word' id='word_1_502' title='bbox 1926 2659 1976 2693; x_wconf 89' lang='lat' dir='ltr'>iu-</span> 
     </span>
    </p>
   </div>
   <div class='ocr_carea' id='block_1_8' title="bbox 1977 264 2163 293">
    <p class='ocr_par' dir='ltr' id='par_1_13' title="bbox 1977 264 2163 293">
     <span class='ocr_line' id='line_1_103' title="bbox 1977 264 2163 293; baseline 0.005 -1"><span class='ocrx_word' id='word_1_503' title='bbox 1977 264 2028 293; x_wconf 82' lang='grc' dir='ltr'><strong>Αῐι.</strong></span> <span class='ocrx_word' id='word_1_504' title='bbox 2046 265 2076 293; x_wconf 86' lang='lat' dir='ltr'>C.</span> <span class='ocrx_word' id='word_1_505' title='bbox 2094 265 2163 293; x_wconf 75' lang='lat'>¹569</span> 
     </span>
    </p>
   </div>
   <div class='ocr_carea' id='block_1_9' title="bbox 1981 704 2163 757">
    <p class='ocr_par' dir='ltr' id='par_1_14' title="bbox 1981 704 2163 757">
     <span class='ocr_line' id='line_1_104' title="bbox 1981 704 2163 732; baseline -0.005 -7"><span class='ocrx_word' id='word_1_506' title='bbox 1981 704 2092 725; x_wconf 73' lang='lat' dir='ltr'>Clausulae</span> <span class='ocrx_word' id='word_1_507' title='bbox 2103 710 2163 732; x_wconf 74' lang='lat' dir='ltr'>pruc-</span> 
     </span>
     <span class='ocr_line' id='line_1_105' title="bbox 1983 737 2109 757; baseline -0.016 -1"><span class='ocrx_word' id='word_1_508' title='bbox 1983 737 2109 757; x_wconf 74' lang='lat' dir='ltr'>servativae.</span> 
     </span>
    </p>
   </div>
   <div class='ocr_carea' id='block_1_10' title="bbox 1991 2091 2172 2143">
    <p class='ocr_par' dir='ltr' id='par_1_15' title="bbox 1991 2091 2172 2143">
     <span class='ocr_line' id='line_1_106' title="bbox 2001 2091 2172 2117; baseline -0.012 -5"><span class='ocrx_word' id='word_1_509' title='bbox 2001 2091 2113 2117; x_wconf 75' lang='lat' dir='ltr'>Dorogatio</span> <span class='ocrx_word' id='word_1_510' title='bbox 2124 2095 2172 2110; x_wconf 79' lang='lat' dir='ltr'>con-</span> 
     </span>
     <span class='ocr_line' id='line_1_107' title="bbox 1991 2123 2110 2143; baseline -0.017 0"><span class='ocrx_word' id='word_1_511' title='bbox 1991 2123 2110 2143; x_wconf 71' lang='lat' dir='ltr'>uariorum.</span> 
     </span>
    </p>
   </div>
   <div class='ocr_carea' id='block_1_11' title="bbox 1989 2469 2173 2521">
    <p class='ocr_par' dir='ltr' id='par_1_16' title="bbox 1989 2469 2173 2521">
     <span class='ocr_line' id='line_1_108' title="bbox 2003 2469 2173 2490; baseline -0.012 0"><span class='ocrx_word' id='word_1_512' title='bbox 2003 2469 2173 2490; x_wconf 76' lang='lat' dir='ltr'>Tiansunitoruin</span> 
     </span>
     <span class='ocr_line' id='line_1_109' title="bbox 1989 2501 2048 2521; baseline -0.017 0"><span class='ocrx_word' id='word_1_513' title='bbox 1989 2501 2048 2521; x_wconf 75' lang='lat' dir='ltr'>tides.</span> 
     </span>
    </p>
   </div>
  </div>
 </body>
</html>
