2237 3100
50 268 99 295 Δπ.
117 267 144 294 C.
165 267 232 294 ¹560

75 2072 139 2093 eam
173 2074 233 2094 istius

50 2103 213 2124 nonsit-uuum.

919 262 987 287 Plus
1006 262 1037 286 lv
1057 261 1105 286 Pr.

249 319 438 361 iuscumque
458 316 631 360 dignitatis,
653 323 752 350 status
772 317 819 349 vel
839 315 997 349 conditio-

247 371 296 404 nis
315 370 534 410 existentibus,
557 371 616 403 sub
631 370 891 414 quibuscumque
910 376 999 404 teno-

248 424 336 457 ribus
355 430 384 457 et
404 423 516 457 formis
535 434 572 456 ac
593 434 667 456 cnm
688 424 852 466 quibusvis
872 425 999 457 clausu-

249 478 286 510 lis
305 483 336 511 et
354 478 491 510 decretis
511 477 684 518 concessis,
702 477 888 521 approbatis
904 483 933 510 et
950 478 998 509 in-

248 531 378 571 novatis,
394 530 512 575 quibus
527 531 690 571 omnibus,
714 531 843 563 illorum
862 537 998 569 tenores,

247 595 283 617 ac
304 584 329 617 si
349 584 388 617 de
407 584 505 617 verbo
525 585 563 617 ad
585 585 737 623 verbum,
759 584 839 617 nihil
873 584 999 627 penitus
1019 606 1020 609 η

248 638 383 676 omisso,
405 636 514 670 inserti
549 638 670 675 forent,
698 637 921 681 praesentibus
941 647 999 680 pro

248 690 445 724 sufficienter
468 691 624 734 expressis
648 691 818 730 habentes,
841 690 903 722 illis
923 690 1000 722 alias
1020 727 1021 730 Ἰ

249 745 280 777 in
301 755 359 778 suo
370 744 486 777 robore
500 745 732 788 permansuris,
751 746 811 777 hac
826 744 892 777 vice
908 743 1000 776 dum-

248 802 349 837 taxat,
372 797 553 840 speoialiter
573 803 602 830 ct
624 808 772 841 expresse
793 798 997 840 derogamus,

249 850 417 883 contrariis
431 850 703 894 quibuscumque3
720 856 773 883 aut
795 850 819 882 si
839 849 1001 893 aliquibus
1021 863 1022 885 i

249 913 372 943 eorum,
393 904 611 937 communiter
622 904 669 936 vel
683 903 816 941 divisim,
833 902 871 935 ab
888 903 1000 936 eadem
1021 919 1023 940 ι,

1021 947 1023 971 ³
1046 958 1110 985 tute
1132 958 1259 985 sanctae
1280 953 1482 985 obedientiae
1504 964 1539 986 ac
1561 954 1620 985 sul)
1639 953 1799 987 interdicti

249 957 289 991 sit
301 957 382 991 Sede
397 957 556 991 indultum
572 959 657 1002 quod
675 957 833 997 interdici,
848 957 1002 1000 suspendi

249 1012 295 1045 vel
312 1012 584 1045 excommunicari
600 1023 663 1044 non
686 1011 807 1055 possint
822 1022 880 1054 per
894 1011 1002 1044 literas

249 1065 441 1109 apostolicas
456 1076 521 1099 non
533 1066 684 1098 facientes
694 1065 823 1109 plenam
834 1070 863 1097 et
875 1075 1001 1108 expres-

250 1130 316 1152 sam
345 1130 381 1152 ac
415 1119 454 1152 de
483 1119 577 1153 verbo
600 1118 639 1151 ad
663 1118 795 1151 verbum
817 1118 855 1151 de
876 1118 1002 1152 indulto

251 1173 437 1206 huiusmodi
457 1172 664 1206 mentionem.

295 1226 380 1259 Nulli
402 1236 478 1269 ergo
503 1230 560 1259 etc..

294 1279 407 1313 Datum
432 1279 551 1312 Romae
572 1280 658 1322 apud
679 1280 831 1312 Sanctum
853 1280 1000 1320 Petrum,

1022 1330 1024 1358 ἶ
1045 1337 1118 1360 vero
1135 1327 1256 1360 ltaliam
1268 1328 1449 1366 existentes,
1462 1327 1545 1360 intra
1564 1332 1705 1370 quatuor
1714 1338 1803 1361 men-

1022 1376 1024 1397 ἒ
1045 1391 1094 1413 ses
1114 1392 1131 1413 a
1147 1381 1197 1413 die
1211 1380 1438 1423 publicationis
1458 1380 1691 1424 praesentium,
1710 1381 1742 1414 in
1758 1382 1802 1415 lo—

1022 1435 1024 1439 ’
1045 1433 1090 1466 eis
1110 1433 1322 1477 infrascriptis
1347 1433 1540 1474 faciendam,
1553 1434 1800 1477 computandos,

1022 1489 1024 1528 ζ
1046 1500 1077 1521 se
1098 1487 1205 1521 itineri
1226 1486 1428 1520 committere
1449 1491 1479 1519 et
1499 1486 1650 1530 legitimis
1676 1487 1800 1521 itineri—

251 1342 334 1365 anno
360 1332 592 1365 Incarnationis
621 1332 803 1366 dominicae
831 1333 1002 1366 millesimo

249 1384 505 1428 quingentesimo
526 1386 735 1429 sexagesimo,
759 1386 903 1419 kalendis
918 1387 999 1425 iulii,

249 1437 456 1481 pontificatus
475 1439 574 1472 nostri
596 1450 681 1471 anuo
702 1451 721 1472 1.

316 1496 374 1526 Dat.
390 1497 437 1526 dic
458 1498 465 1526 1
491 1497 554 1526 iulii
575 1498 665 1530 1500,
686 1499 787 1536 pontis.
806 1508 882 1527 auno
902 1508 917 1527 ι.

594 1677 655 1709 Xll.

248 1754 293 1786 De
316 1754 492 1786 residentia
516 1754 705 1796 episcopali,
734 1748 1025 1797 reszklentimnqaff

290 1806 472 1849 privileqiis
491 1810 520 1838 et
540 1817 606 1838 ¹non
628 1806 838 1839 residentimn
850 1807 999 1849 poenis¹.

335 1887 396 1916 Pius
412 1887 552 1923 episcopus
572 1894 670 1915 servus
688 1894 828 1915 servorum
847 1886 906 1919 Dei.

410 1941 443 1969 ad
462 1940 588 1970 futuram
607 1941 647 1969 rei
666 1941 834 1970 memoriam.

291 2014 333 2046 De
355 2014 456 2046 salute
476 2013 581 2056 gregis
601 2013 754 2046 dominici
775 2013 867 2046 nobis
883 2025 919 2046 ex
940 2015 1002 2046 alto

249 2066 410 2100 commissi
438 2067 589 2099 attentius
614 2067 811 2110 cogitantes,
834 2067 873 2099 ad
901 2078 936 2099 ea
965 2067 1002 2099 li-

249 2120 362 2153 benter
386 2119 604 2160 intendimus,
628 2131 686 2163 per
710 2130 793 2163 quae
818 2130 893 2163 grex
915 2120 1000 2164 ipse,

249 2173 402 2206 continua
430 2183 563 2206 suorum
590 2184 662 2206 cum
690 2184 728 2206 eo
753 2174 924 2206 residentia
946 2185 1002 2218 pa-

247 2281 431 2323 prolabens,
450 2280 487 2312 :id
510 2280 708 2313 rectitudinis
729 2281 887 2313 tramitem
911 2282 1002 2313 redu-

246 2339 349 2374 vatur,
373 2339 407 2366 ut
428 2340 571 2377 pastores
587 2333 646 2377 ipsi
664 2333 867 2366 residentiam
890 2334 1002 2378 ipsam,

247 2393 516 2430 prouttenentur,
530 2387 733 2420 commodius
743 2388 856 2424 Facere,
869 2399 904 2420 ac
918 2389 1002 2421 circa

246 2440 347 2484 ipsius
372 2440 478 2483 gregis
504 2452 616 2472 curam
639 2439 791 2473 libentius
816 2452 852 2474 ac
880 2442 1002 2474 ferven-

246 2494 308 2527 tius
327 2494 502 2537 invigilare,
524 2498 552 2526 ct
574 2494 664 2526 illum
682 2494 721 2526 alti
737 2505 885 2527 errorum
910 2506 1003 2539 prae-

247 2547 363 2591 cipitiis
390 2557 607 2592 praeservare,
634 2546 717 2579 acin
744 2547 805 2580 fide
826 2548 1004 2581 orthodoxa

282 2611 292 2635 1
313 2610 341 2636 1η
357 2609 548 2636 constitutione
563 2611 592 2636 ln
603 2617 740 2642 suprema,
752 2610 848 2644 quibus
859 2611 923 2637 alias
933 2620 1002 2647 quo-

244 2662 296 2689 que
316 2661 414 2689 poenas
430 2654 565 2693 imposuit,
584 2654 617 2680 ibi
634 2653 732 2680 videas,

1710 249 1752 282 55

1040 321 1071 347 ct
1104 314 1270 347 dovotione
1303 318 1413 346 nostra
1451 312 1617 344 continere
1649 312 1793 351 valcant,

1041 378 1135 412 opem
1161 372 1192 401 et
1216 377 1349 411 operam
1374 366 1521 398 efficaces
1554 365 1792 408 impendimus,

1041 426 1149 466 prout,
1171 430 1282 453 rerum
1300 424 1329 451 et
1341 424 1525 462 temporum
1546 417 1699 462 qualitate
1716 429 1795 461 pen-

1042 480 1124 514 sata,
1147 472 1367 516 conspicimus
1399 471 1430 504 in
1464 471 1600 503 Domino
1625 471 1796 504 salubriter

1019 537 1021 547 ¹
1042 527 1204 570 expedire.

1086 580 1099 619 ,ξ
1125 580 1150 612 l.
1174 580 1254 612 Hinc
1275 586 1320 612 est
1340 579 1426 623 quod
1448 589 1517 618 nos,
1537 584 1626 612 motu
1647 578 1792 622 proprio.

1045 845 1211 889 piscopos,
1236 846 1388 889 primates
1413 851 1443 878 et
1463 845 1661 889 patriarchas
1685 845 1724 878 ab
1746 856 1798 879 ec-

1045 899 1149 931 clesiis
1169 905 1199 932 et
1220 899 1423 932 dioecesibus
1438 899 1504 932 suis
1517 900 1677 939 absentes,
1692 899 1723 933 in
1738 900 1800 933 vir-

1045 1005 1207 1047 ingressus
1223 1006 1378 1039 ecclesiae
1396 1016 1511 1049 poena,
1526 1017 1563 1039 eo
1580 1006 1662 1049 ipso,
1680 1007 1800 1051 absque

1045 1060 1104 1092 alia
1138 1060 1355 1093 declaratione
1368 1087 1375 1099 ,
1412 1060 1607 1093 incurrenda
1621 1087 1628 1100 ,
1660 1060 1801 1094 districtc.

1022 1115 1024 1130 ³
1047 1113 1275 1157 praecipiendo
1297 1123 1468 1146 monemus
1486 1119 1530 1153 ut,
1549 1113 1700 1146 omnibus
1717 1119 1801 1157 post-

1021 1167 1024 1174 '
1046 1166 1299 1211 positis‚quanto
1317 1166 1424 1206 citius,
1442 1166 1474 1199 in
1494 1167 1638 1200 Romana
1649 1166 1745 1200 Curia
1759 1167 1802 1199 vi-

1022 1214 1023 1220 *
1045 1220 1158 1253 delicet
1182 1231 1306 1254 moram
1327 1221 1502 1261 trahentes,
1521 1220 1605 1254 intra
1620 1231 1734 1261 unum;
1753 1233 1803 1255 ex-

1045 1280 1092 1306 tra
1113 1284 1183 1306 eam
1205 1284 1291 1313 vero,
1306 1274 1339 1306 in
1355 1273 1461 1313 Italia,
1484 1273 1567 1306 intra
1592 1274 1692 1313 duos;
1715 1280 1801 1307 extra

1046 1541 1105 1573 bus
1130 1541 1168 1573 ad
1194 1539 1346 1573 ecclesias
1370 1550 1427 1573 seu
1447 1540 1612 1573 dioeceses
1631 1551 1705 1573 suas
1726 1551 1801 1584 pro-

1046 1594 1145 1627 ticisci
1179 1598 1207 1626 et
1243 1604 1310 1627 sese
1341 1593 1556 1636 personaliter
1576 1594 1743 1634 conferre,
1765 1605 1803 1627 ac.

1023 1677 1025 1684 ‚
1046 1647 1177 1682 ibidem.
1202 1654 1233 1680 ut
1255 1653 1419 1687 tenentur,
1437 1647 1579 1681 residere
1595 1652 1626 1681 et
1643 1648 1801 1691 pastorale

1045 1701 1187 1733 osticium
1210 1711 1361 1733 exercere
1381 1700 1531 1733 debeant..

1089 1755 1104 1797 ᾗ
1124 1754 1154 1787 ⁶2.
1179 1754 1209 1787 Si
1235 1754 1307 1798 quis
1327 1760 1434 1787 autem
1456 1765 1473 1787 a
1494 1754 1715 1798 patriarchali,
1739 1757 1801 1798 pri-

1047 1807 1184 1847 matiali,
1208 1807 1456 1851 metropolitana
1477 1819 1533 1841 seu
1555 1808 1731 1841 cathedrali
1751 1821 1802 1841 ec-

1046 1861 1153 1900 clesia,
1165 1861 1223 1895 sibi
1241 1872 1450 1905 quocumque
1460 1862 1553 1895 titulo
1562 1862 1591 1902 2,
1604 1862 1735 1895 nomine
1745 1874 1798 1895 seu

1022 1916 1025 1940 ἓ
1047 1915 1115 1948 iure
1136 1916 1319 1955 commissa,
1342 1926 1549 1959 quacumque
1566 1916 1619 1948 ille
1635 1915 1798 1958 dignitate.

1023 1969 1146 2011 ,gradu
1178 1975 1207 2001 et
1240 1969 1482 2013 praeeminentia
1514 1970 1729 2013 praefulgeat.
1760 1971 1801 2002 le-

1045 2022 1156 2065 gitimo
1179 2022 1412 2066 impedimento
1433 2033 1489 2055 seu
1508 2022 1599 2055 iustis
1614 2027 1644 2055 et.
1665 2022 1802 2055 rationa-

1046 2076 1165 2109 bilibus
1187 2077 1292 2109 causis
1318 2076 1536 2116 cessantibus,
1560 2086 1611 2109 sex
1639 2076 1803 2109 mensibus

1024 2136 1025 2160 i
1046 2130 1207 2163 continuis
1228 2136 1315 2163 extra
1335 2141 1426 2163 snam
1447 2130 1620 2163 dioecesim
1632 2130 1801 2170 morando,

263 2232 274 2259 t
559 2232 566 2259 1
721 2226 738 2231 ..
803 2227 835 2259 Γ
876 2228 894 2259 d
937 2228 942 2233 .
1024 2179 1202 2231 Qabfuerit,
1231 2184 1364 2222 quartae
1393 2178 1492 2222 partis
1518 2179 1682 2211 fructuum
1708 2178 1803 2212 unius

248 2239 260 2259 s
276 2237 381 2263 orum,
398 2236 555 2270 prieserve
573 2238 611 2258 ur
625 2238 768 2263 auoxus,
783 2238 798 2259 e
829 2238 858 2258 m
883 2238 1001 2260 devium
1024 2234 1025 2253 ἒ

1024 2286 1025 2290 ’
1048 2288 1104 2320 per
1129 2278 1331 2321 superiorem
1359 2277 1614 2310 ecclesiasticum
1636 2277 1802 2321 applican-

1024 2328 1025 2334 ’
1046 2327 1162 2359 dorum
1197 2338 1335 2371 poenam
1358 2327 1426 2370 ipso
1448 2326 1516 2359 iure
1540 2326 1693 2359 incurrat.
1712 2326 1803 2366 Quod

1046 2229 1132 2265 anui,
1158 2229 1296 2261 fabricae
1313 2228 1467 2261 ecclesiae
1485 2232 1513 2261 et
1526 2228 1725 2272 pauperibus
1741 2228 1803 2262 loci

1046 2375 1070 2407 si
1093 2386 1151 2418 per
1170 2375 1249 2408 alios
1270 2385 1322 2408 sex
1343 2385 1470 2407 menses
1490 2374 1521 2406 in
1543 2374 1729 2408 huiusmodi
1750 2374 1805 2407 ab-

1046 2423 1147 2456 sentia
1168 2423 1428 2467 perseveraverit,
1452 2423 1545 2456 aliam
1567 2428 1714 2467 quartam
1732 2434 1804 2467 par-

1047 2477 1109 2505 tem
1132 2474 1310 2511 fructuum,
1334 2472 1482 2506 similiter
1505 2472 1742 2517 applicandam,
1764 2483 1802 2506 eo

1047 2521 1115 2565 ipso
1136 2521 1270 2555 amittat.
1294 2521 1464 2555 Crescente
1484 2532 1559 2555 vero
1575 2522 1798 2559 contumacia.

1085 2576 1092 2600 t
1113 2574 1186 2610 Quas
1203 2582 1301 2610 poenas
1318 2574 1555 2610 imposuitConcil.
1568 2574 1654 2606 Trid.‚
1675 2582 1741 2601 sess.
1764 2582 1799 2600 ri.

1048 2616 1084 2641 De
1100 2615 1216 2648 Reform.
1237 2623 1295 2649 cap.
1318 2617 1339 2641 l.
1378 2616 1395 2641 2
1415 2615 1500 2642 Cama
1519 2617 1570 2642 etc.
1591 2616 1654 2641 Can.
1677 2619 1702 2641 et
1725 2616 1790 2640 Deci*

1047 2654 1127 2682 Conc.
1140 2655 1211 2682 'ri-id⁴
1226 2654 1338 2689 (Romae
1356 2654 1435 2689 18u5)
1454 2654 1493 2690 (a.
1514 2654 1562 2688 τ.).

1811 256 1862 282 Au.
1880 256 1908 281 C.
1929 254 1993 282 1360

1839 592 1934 619 Episcopi
1959 592 1996 611 ab·

1812 626 1885 643 :eules
1909 624 1996 643 redeant

1042 643 1106 664 nou
1127 634 1165 665 ad
1186 633 1324 667 alicuius
1344 632 1436 665 nobis
1461 643 1559 675 super
1584 632 1645 664 hoc
1671 632 1795 665 oblatae
1812 655 1836 675 ,d
1861 660 1932 674 mmm
1958 659 1995 674 ,μ

1044 685 1203 728 petitionis
1224 686 1419 725 instantiam,
1443 686 1496 718 sed
1517 686 1555 718 de
1578 691 1687 718 nostra
1708 696 1797 718 mera
1812 686 1896 706 “¹⁸⁶³

1019 734 1021 756 ⁴*
1043 739 1286 779 deliberatione,
1305 740 1471 772 universos
1491 744 1522 772 et
1541 739 1684 782 singulos
1704 749 1798 772 vene—

1020 818 1022 822 ,
1042 791 1160 825 rabiles
1181 793 1293 825 t'ratres
1314 798 1441 826 nostros
1465 792 1647 836 episcopos
1670 792 1797 825 archie-

1852 1761 2003 1782 inobediente·

1817 1795 1836 1812 et
1853 1798 1894 1813 non
1908 1792 2003 1813 residen-

1818 1826 1849 1843 tes
1871 1829 1951 1850 poena·
1968 1823 2003 1843 ht·

1816 1860 1929 1881 expressa·
1970 1856 2002 1874 iu·

1817 1888 1901 1906 currant
1918 1884 1936 1905 1.
