2237 3100
196 247 246 276 An.
264 247 294 276 C.
311 248 380 276 ¹560

215 1448 345 1470 Prommiunt.

438 236 480 272 86

438 299 524 333 Nulli
544 308 621 342 ergo
642 303 698 332 etc.

437 352 552 386 Datum
572 352 692 385 Romae
717 351 802 396 apud
830 351 981 385 Sanctum
1002 351 1144 388 Petrum,

394 416 478 440 anno
507 405 739 440 incarnationis
765 405 944 438 dominicae
977 404 1147 436 millesimo

394 460 652 504 quingentesimo
671 458 879 502 sexagesimo,
891 458 997 490 idibus
1016 467 1146 490 novem-

394 513 470 552 bris,
487 513 694 557 pontificatus
712 512 811 545 nostri
832 522 916 544 anno
937 521 957 543 t.

447 571 508 601 liat.
532 572 578 602 die
599 572 635 602 13
658 581 723 601 nov.
745 570 830 607 1550,
851 568 952 608 pontif.
976 577 1051 598 anno
1076 577 1094 598 1.

724 771 825 803 xxvl.

391 846 1146 892 Approbatioarcltt'confralcrnilntz'sOrationis

435 906 464 934 et
487 901 612 941 Mortis,
631 912 733 944 nuper
752 902 789 933 in
813 901 892 933 Urbe
909 901 1091 940 institutae,
1105 901 1147 933 ad

434 956 614 988 orationem
639 955 858 998 qttadraqv'nttt
889 954 1044 986 horarum
1073 955 1145 986 εἰη-

432 1008 517 1051 ynlis
537 1008 698 1040 mensibus
715 1007 840 1051 pttblz'cc
862 1008 1093 1050 peraycmlam,
1117 1011 1144 1039 et

430 1072 609 1104 pauperum
637 1062 859 1103 (Iefhmctorttm
890 1061 1047 1093 cadavera
1072 1071 1145 1103 gyra-

434 1117 474 1147 tis
501 1119 530 1147 ct
554 1116 699 1148 decenter
722 1115 915 1158 sepelienda,
944 1125 1015 1147 cnm
1036 1114 1144 1146 indul-

431 1168 617 1211 qentt'mwn
638 1169 835 1201 concessione
860 1167 884 1200 ¹.

474 1249 536 1277 Pius
555 1250 695 1285 episcopus
716 1256 813 1277 servus
837 1255 978 1277 servorum
993 1248 1054 1280 Dei.

524 1303 557 1330 ad
589 1304 751 1338 perpetuam
776 1303 817 1331 rei
839 1303 1007 1331 memoriam.

432 1374 543 1407 Divina
564 1373 753 1417 disponente
775 1373 947 1406 clementia
965 1373 1003 1406 ad
1025 1373 1141 1406 summi

387 1428 585 1472 apostolatus
594 1428 729 1471 apicem,
742 1427 863 1460 meritis
874 1427 944 1460 licet
954 1427 1141 1470 imparibus,

388 1481 569 1522 sublimati,
597 1480 854 1514 christifidelium
876 1480 1023 1513 omnium
1045 1481 1140 1520 votis,

389 1535 579 1578 praesertim
605 1535 644 1567 ad
669 1534 809 1567 caritatis
840 1534 1044 1577 aliorumque
1072 1535 1141 1577 pio-

388 1599 459 1621 rum
479 1599 614 1632 operum
637 1587 823 1621 exercitium
842 1593 869 1619 ct
882 1587 1059 1621 devotionis
1077 1588 1141 1621 sin-

388 1641 552 1675 ceritatem
586 1648 775 1684 certumque
801 1641 984 1674 orationum
1007 1647 1035 1675 et
1061 1641 1141 1674 icin-

386 1696 515 1729 niorutn
536 1695 697 1728 Altissimo
724 1705 803 1738 pura
829 1700 934 1728 mente.
952 1706 1142 1729 consecran-

386 1749 503 1783 dorum
525 1749 672 1783 ordinem
692 1749 909 1789 tendentibus,
933 1760 969 1782 ac
997 1750 1139 1793 ipsorum

386 1803 531 1836 fidelium
552 1803 771 1841 societatibus,
799 1803 1047 1847 salubribusque
1070 1805 1140 1837 illa-

386 1868 458 1889 rum
476 1857 743 1898 ordinationibus,
755 1869 820 1900 quo
838 1863 1008 1901 propterea
1028 1858 1080 1901 pic
1092 1858 1140 1891 in-

386 1909 513 1943 stitutae
534 1910 630 1943 fuisse
646 1911 810 1951 dicuntur,
843 1911 991 1947 libenter,
1014 1911 1140 1955 potissi-

387 1975 476 1997 mum
497 1975 572 1997 cum
589 1976 606 1997 a
627 1965 860 2008 nobispctitttr,
884 1965 1051 2008 apostolici
1072 1977 1140 1997 inu-

386 2016 518 2050 niminis
538 2017 734 2061 praesidium
753 2017 935 2057 adiicimus,
954 2028 990 2050 ac
1011 2018 1139 2051 eosdem

386 2069 508 2110 fideles,
531 2076 566 2103 ut
586 2071 624 2104 ad
642 2082 741 2114 opera
760 2071 947 2104 huiusmodi
968 2071 1140 2104 ferventius

385 2125 597 2168 amplexanda
609 2124 816 2168 procliviores
826 2125 1019 2165 efficiantur,
1037 2125 1140 2157 indul-

385 2178 499 2219 gentiis
525 2184 555 2211 et
579 2184 787 2222 peccatorum
809 2178 1053 2211 remissionibus
1077 2178 1139 2210 sre-

385 2236 523 2273 quenter
538 2231 717 2271 invitamus,
733 2237 768 2264 ut
788 2231 901 2265 exinde
917 2231 1140 2264 desiderabilia

386 2284 496 2317 salutis
526 2291 675 2319 aeternae
698 2285 842 2329 praemia
870 2285 996 2319 facilius
1015 2286 1137 2318 valeant

387 2340 578 2382 promereri.

424 2416 434 2441 ¹
457 2415 612 2443 Huiusmodi
633 2415 780 2443 orationem
800 2416 825 2442 in
842 2416 944 2443 cunctis
961 2415 1039 2443 Urbis
1056 2416 1139 2443 eccle-

384 2459 432 2486 siis
447 2459 564 2495 locisque
580 2461 639 2495 piis,
657 2460 819 2495 praescripta
836 2460 1006 2487 ecclesiarum
1027 2464 1053 2487 et
1069 2464 1138 2487 tern-

385 2505 457 2539 poris
467 2504 664 2537 distributione,
676 2505 776 2540 absque
788 2505 983 2532 intermissione
997 2504 1051 2531 fieri
1064 2505 1139 2531 iussit

384 2549 505 2576 Clemens
521 2549 582 2578 VIll
601 2549 626 2575 in
643 2557 690 2576 sua
707 2549 909 2581 constitutione,
928 2551 1023 2576 Graves
1038 2570 1044 2582 ‚
1071 2557 1139 2584 quae

384 2592 471 2619 adhuc
490 2596 624 2620 servatur.
646 2594 684 2620 De
700 2593 868 2628 indulgentiis
895 2596 983 2620 autem
997 2614 1003 2626 ,
1032 2593 1139 2621 attende

384 2637 600 2666 constitutionem
617 2637 688 2666 Pauli
710 2637 731 2665 V
748 2638 780 2664 de
800 2645 852 2673 qua
872 2646 920 2666 suo
942 2638 1006 2665 loco.

990 243 1171 270 BULLARIUM
1193 244 1346 270 ROMANUM

1957 241 2006 269 An.
2025 242 2053 269 C.
2074 241 2143 272 {860

1232 298 1247 340 g
1262 298 1293 330 l.
1308 293 1400 338 Sane,
1411 297 1494 331 sicut
1507 296 1645 331 exhibita
1658 295 1751 330 nobis
1768 305 1874 341 nuper
1882 306 1941 340 pro
1984 303 2007 324 1n
2023 303 2079 325 Urbe
2095 306 2143 332 qut-

1190 355 1278 394 parte
1299 351 1493 384 dilectorum
1510 351 1652 384 filiorum
1673 351 1938 394 guardianorum,
1957 335 2016 387 ἓὲῗζ,
2040 335 2143 388 Ϊζᾟῗῑῖἓζ

1188 405 1486 438 administratorum
1506 411 1537 437 et
1561 404 1747 438 officialium
1764 405 1941 438 consratcr-
1957 397 2143 450 {ssffssecn'ssnof‘fffigj

1189 458 1295 490 nitatis
1311 458 1349 491 de
1365 458 1614 499 Oratione,alias
1629 459 1720 492 Delta
1736 463 1837 491 morte
1856 469 1941 491 nun·
1956 458 2142 512 xgsorffuffiffjl

1189 517 1336 554 cupatac,
1360 512 1392 544 in
1417 512 1501 544 alma
1526 512 1610 545 Urbe
1634 512 1808 552 institutae,
1832 511 1941 555 petitio
1957 521 2054 557 hor-atum
2069 527 2142 558 mense

1189 565 1385 605 continebat,
1399 564 1461 597 iam
1474 565 1583 597 multis
1603 565 1694 598 annis
1714 565 1840 609 elapsis,
1862 575 1942 598 non·
1957 553 2050 610 221²}be
2062 553 2143 611 ξζῗξξ.

1188 618 1270 650 nulli
1291 618 1514 651 christifideles
1534 618 1565 651 in
1578 618 1644 662 ipsa
1668 619 1752 652 Urbe
1777 619 1940 661 degentes,
1957 621 2019 667 1:20
2022 615 2142 673 3333ssssss

1188 672 1293 704 divino
1310 671 1462 704 instinctu
1482 671 1560 705 moti
1586 676 1617 705 et
1641 672 1693 716 pia
1712 677 1819 705 mente
1836 671 1941 705 consi·
1957 677 2143 714 centersepfssierj-

1188 725 1337 758 clerantes
1362 724 1524 758 orationes
1551 725 1717 758 humiliter
1737 732 1766 758 et
1790 726 1900 758 devote
1925 708 2142 766 ἱιὲῗιέιξιεὲἒῗοὲιιιῗ

1188 778 1453 811 christifidelibus
1484 778 1516 810 in
1543 788 1643 811 unum
1670 779 1701 811 in
1729 779 1785 812 Dei
1812 778 1942 812 nomine

1189 831 1455 864 convenientibus
1487 832 1604 872 factas,
1638 832 1761 865 divinae
1790 832 1942 866 Maiestati

1187 891 1292 927 gratas
1313 890 1343 918 et
1359 890 1507 929 acceptas
1528 885 1675 926 existere,
1693 886 1801 919 acillis
1817 891 1847 919 et
1856 887 1941 919 elee-

1188 939 1328 982 mosynis
1347 938 1482 982 aliisque
1505 938 1565 983 piis
1581 938 1855 983 operibus'ipsius
1870 950 1940 973 om-

1186 992 1362 1037 nipotentis
1369 993 1423 1025 Dei
1433 992 1637 1025 clementiam
1648 998 1678 1025 et
1686 993 1940 1026 misericordiam

1187 1045 1373 1089 impetrari,
1403 1056 1499 1078 unam
1523 1045 1795 1090 societatemffiseu
1817 1047 1942 1079 confra-

1187 1099 1369 1132 ternitatem
1385 1099 1553 1142 utriusque
1574 1110 1667 1132 sexus
1677 1109 1890 1143 personarum
1902 1100 1940 1133 de

1186 1152 1347 1194 Oratione,
1358 1152 1435 1186 alias
1448 1153 1648 1186 Dellamorte
1662 1158 1896 1197 nuncupatam,
1907 1153 1940 1186 in

1186 1198 1297 1240 cadem
1310 1206 1622 1247 Urbeinstituerunt,
1637 1212 1678 1246 et,
1690 1206 1773 1240 inter
1792 1207 1864 1248 alia,
1885 1217 1939 1240 or-

1186 1260 1375 1293 dinaverunt
1401 1266 1435 1293 ut
1459 1260 1593 1303 singulis
1618 1260 1799 1302 mensibus,
1826 1260 1940 1294 diebus

1186 1319 1215 1346 ct
1236 1314 1324 1347 horis
1347 1314 1385 1347 ad
1413 1314 1443 1346 id
1460 1325 1518 1357 per
1534 1324 1592 1357 pro
1609 1318 1754 1357 tempore
1770 1314 1940 1347 existentes

1185 1367 1328 1400 eiusdem
1359 1367 1628 1400 confraternitatis
1657 1367 1851 1410 guardianos
1883 1378 1939 1401 seu

1184 1421 1461 1454 administratores
1473 1426 1503 1454 et
1523 1421 1675 1453 officiales
1695 1420 1899 1464 designandis
1909 1426 1940 1454 et

1184 1474 1369 1514 statuendis,
1380 1475 1417 1507 ad
1431 1474 1642 1507 imitationem
1653 1474 1864 1518 quadraginta
1874 1474 1939 1508 die-

1185 1539 1270 1565 rum,
1293 1529 1411 1571 quibus
1431 1528 1587 1561 Dominus
1606 1533 1715 1562 noster
1738 1529 1826 1562 lesus
1850 1528 1939 1562 Chri-

1184 1586 1250 1614 stus
1270 1581 1302 1614 in
1323 1582 1460 1622 deserto,
1477 1582 1572 1614 vitam
1584 1582 1762 1615 humanam
1774 1592 1882 1625 agens,
1896 1581 1939 1615 ie-

1184 1634 1314 1673 iunavit,
1335 1646 1371 1668 ac
1392 1635 1488 1668 etiam
1509 1641 1695 1669 sanctorum
1716 1636 1938 1680 apostolorum

1183 1694 1213 1721 et
1244 1694 1372 1731 patrum
1404 1689 1582 1732 primitivae
1610 1689 1791 1731 Ecclesiae,
1817 1690 1873 1734 qui
1898 1689 1939 1723 ad

1183 1743 1283 1775 Deum
1306 1742 1372 1776 sine
1398 1743 1636 1777 intermissione
1660 1744 1812 1785 orabant,
1836 1743 1937 1777 oratio

1184 1796 1271 1829 steret
1305 1797 1343 1829 ad
1371 1797 1520 1830 eumdem
1547 1797 1802 1840 omnipotentem
1835 1797 1937 1831 Deum

1184 1850 1300 1883 vocalis
1317 1855 1346 1883 et
1358 1850 1516 1891 mentalis,
1535 1851 1631 1884 horas
1640 1851 1853 1894 quadraginta
1863 1861 1938 1884 con-

1184 1903 1287 1937 tinuas
1303 1914 1361 1947 per
1380 1904 1529 1937 homines
1549 1910 1577 1937 et
1595 1903 1749 1937 mulieres
1764 1904 1868 1938 dictae
1887 1914 1938 1938 so-

1183 1956 1305 1990 cietatis
1325 1968 1361 1990 ac
1378 1957 1456 1991 alias
1467 1967 1624 2001 personas
1644 1957 1762 1989 ibidem
1783 1957 1937 1990 interesse

1182 2010 1341 2050 volentes,
1364 2009 1459 2042 etiam
1481 2010 1506 2042 si
1526 2010 1703 2043 confratres
1728 2021 1793 2043 non
1817 2015 1935 2051 essent,

1182 2073 1218 2095 ac
1244 2062 1303 2106 ipsi
1325 2064 1512 2103 confratres,
1536 2063 1567 2096 in
1589 2063 1749 2107 principio
1766 2064 1938 2098 cuiuslibet

1182 2116 1349 2157 orationis,
1363 2116 1489 2160 singulo
1506 2127 1615 2149 mense
1628 2117 1659 2149 in
1671 2117 1851 2161 penultima
1867 2117 1936 2151 eius

1182 2170 1344 2203 dominica
1364 2171 1489 2203 velatio
1506 2170 1556 2203 die
1577 2171 1646 2203 fieri
1667 2171 1936 2215 solitae,‚Corpus

1182 2223 1384 2257 Don‘tinicum
1405 2225 1529 2258 decenti
1546 2235 1665 2269 pompa
1685 2225 1857 2265 deser1‘ent;
1876 2235 1936 2258 nec

1182 2287 1246 2309 non
1266 2288 1449 2321 pauperum
1475 2290 1511 2311 ac
1530 2278 1762 2313 miserabilium
1783 2289 1936 2323 persona·

1182 2341 1253 2362 rum
1276 2331 1501 2365 decedentium
1519 2343 1666 2376 corpora,
1681 2332 1743 2365 iam
1760 2337 1852 2365 antea
1870 2343 1935 2366 sae-

1182 2395 1359 2427 penumero
1378 2387 1498 2429 absque
1522 2386 1588 2420 ulla
1604 2388 1709 2420 forsan
1730 2385 1934 2419 caeremonia

1181 2439 1309 2475 praeter
1321 2435 1589 2468 consuetudinem
1603 2434 1808 2468 christianam
1820 2435 1933 2475 delata,

1181 2485 1326 2527 exemplo
1348 2484 1482 2524 Tobiae,
1510 2484 1604 2517 etiam
1625 2483 1764 2527 propriis
1788 2484 1935 2517 humeris

1181 2532 1353 2573 deferrent,
1368 2544 1403 2566 ac
1420 2534 1560 2577 propriis
1579 2533 1703 2573 faculis,
1726 2532 1890 2567 intortitiis
1903 2538 1935 2566 et

1181 2582 1321 2614 candelis
1336 2582 1487 2615 adhibitis
1503 2582 1637 2625 aliisque
1662 2581 1809 2626 expensis
1821 2592 1932 2616 neces-

1180 2629 1270 2664 sariis
1281 2631 1466 2675 sepelirent3
1479 2641 1605 2665 necnon
1614 2630 1741 2674 singulo
1751 2641 1861 2665 mense
1872 2641 1932 2676 pro
