2237 3100
67 323 117 351 An.
134 323 162 351 C.
182 323 245 352 ¹56¹

64 1023 250 1077 ιξζῗῖἓᾞθέζ
263 1034 495 1067 acceperamus
514 1034 531 1056 a
548 1022 711 1055 nonnullis
726 1020 803 1054 verti
826 1021 858 1054 in
881 1020 1017 1053 dubium

64 1087 250 1138 pagaciaaonioii-
263 1088 303 1110 an
324 1088 376 1110 res
395 1083 425 1110 et
444 1078 529 1110 bona
549 1087 607 1120 per
627 1074 773 1113 clericos,
796 1074 892 1107 etiam
913 1074 945 1107 in
968 1085 1017 1107 sa-

64 1121 250 1177 sttztzzttt'j

64 1180 249 1239 ssgjf’nff'gzgffije
264 1184 375 1218 illicita
397 1189 451 1217 aut
483 1182 560 1216 alias
589 1188 699 1215 contra
732 1192 840 1214 sacros
877 1192 1018 1214 canones

65 1243 158 1264 decrevit
169 1242 187 1263 1.

945 316 1013 341 PIUS
1032 315 1063 340 IV
1081 313 1131 339 PP.

263 378 399 411 fratrum
416 374 554 409 militurn
570 374 714 409 eiusdem
733 373 901 418 hospitalis
918 372 1014 413 bona,
1036 405 1038 420 Ι

262 438 334 476 post
362 442 475 466 eorum
505 430 628 464 obitum
659 429 781 469 relicta,
806 428 844 461 ad
860 427 1017 472 hospitale

263 491 293 519 et
316 491 508 519 conventum
529 484 742 529 praedictum,
765 483 797 516 in
812 482 874 516 vim
896 481 1016 515 stabili·
1036 510 1038 526 ,

263 546 468 580 mentorum,
504 549 622 572 usuum
652 544 682 572 et
716 544 905 571 naturarum
942 535 1017 568 dicti

262 594 431 638 hospitalis
464 605 520 627 seu
549 592 790 637 privilegiorum
821 596 851 624 et
879 590 1018 623 indulto-

262 659 336 681 rum
373 648 638 692 apostolicorum,
668 646 772 679 eidem
799 644 948 688 hospitali
978 643 1016 676 il-

262 701 390 745 liusque
417 712 533 744 magno
559 701 711 744 magistro
736 705 767 733 et
790 698 937 744 personis
962 708 1019 741 per

263 755 403 789 diversos
413 755 575 789 Romanos
583 755 754 788 Pontifices
765 754 1018 798 praedecessores

263 814 390 843 nostros
422 819 670 850 concessorum,
701 820 737 841 ac
763 808 858 841 etiam
879 817 937 851 per
960 816 1019 838 nos

263 863 530 907 approbatorum,
544 868 575 896 et
590 862 667 895 alias
681 862 822 905 legitime
839 866 870 894 et
885 861 923 894 de
948 859 1018 892 iure

263 922 408 961 spectant
427 922 457 950 et
477 916 649 960 pertinent.

308 970 322 1013 ἓ
342 969 373 1002 2.
396 969 476 1003 Cum
498 975 604 1003 autem
621 980 679 1002 nos
704 978 819 1012 nuper,
847 972 1018 1012 postquam

264 1130 327 1164 cris
342 1131 510 1164 ordinibus
526 1129 725 1168 constitutos,
738 1139 774 1160 ex
794 1127 1018 1172 negociatione

262 1237 429 1281 acquisita,
448 1236 493 1269 uti
509 1234 611 1280 spolia
625 1235 673 1268 vel
689 1235 767 1268 alias
791 1235 830 1268 ad
850 1235 1017 1268 Cameram

262 1296 402 1324 nostram
412 1288 627 1333 Apostolicam
640 1288 709 1321 iure
721 1288 863 1332 legitimo
873 1294 1016 1332 spectare

261 1350 292 1377 et
310 1343 471 1388 pertinere
491 1342 658 1382 deberent,
680 1353 750 1383 nos,
773 1342 861 1375 omni
878 1342 1018 1386 desuper

261 1396 478 1431 haesitationis
498 1396 666 1429 materiam
687 1396 891 1437 submovere,
910 1407 946 1429 ac
963 1408 1016 1430 ca-

259 1450 475 1484 villationibus
502 1455 532 1484 et
557 1450 823 1484 altercationibus
842 1449 1016 1494 litibusque

258 1504 468 1547 praecludere
479 1503 506 1544 2,
524 1509 555 1537 et
566 1504 705 1548 denique
732 1504 862 1537 malitiis
882 1515 1014 1545 eorum,

256 1558 312 1602 qui
337 1557 408 1590 iura
428 1557 531 1591 dictae
551 1558 703 1591 Gamerae
725 1569 883 1601 usurpare
896 1563 1016 1601 satage-

256 1610 351 1651 bant,
382 1611 507 1645 obviam
532 1611 593 1652 ire,
619 1612 761 1655 aliasque
785 1612 816 1644 in
833 1611 1017 1656 praemissis

257 1670 440 1709 opportune
456 1665 624 1710 providere
640 1671 718 1699 tunc
737 1666 887 1706 volentes,
909 1667 1015 1699 onmia

257 1723 288 1752 et
307 1719 432 1762 singula
448 1731 499 1753 res
514 1725 544 1753 et
563 1719 659 1760 bona,
684 1719 920 1762 cuiuscumque
940 1731 1016 1762 qua-

257 1772 354 1806 litatis
374 1778 404 1806 et
423 1773 609 1817 quantitatis
629 1773 806 1813 exIstentia,
833 1785 869 1806 ac
891 1773 923 1805 in
943 1773 1015 1817 qui-

257 1826 364 1860 busvis
391 1827 488 1860 rebus
508 1833 539 1861 et
564 1827 672 1871 regnis
694 1839 731 1860 ae
761 1827 922 1867 dominiis,
951 1832 1014 1859 tani

258 1880 336 1914 citra
361 1892 458 1925 quam
480 1881 563 1914 ultra
583 1887 708 1914 montes
729 1886 759 1914 et
779 1881 880 1913 maria
909 1879 1015 1913 eonsi-

259 1934 381 1975 stentia,
400 1945 457 1979 per
472 1934 600 1978 quosvis
619 1934 765 1975 clericos,
786 1940 850 1967 tam
874 1934 1016 1967 saecula-

259 1994 310 2016 res
342 1995 440 2028 quam
469 1983 667 2027 quorumvis,
703 1984 798 2016 etiam
833 1983 1015 2016 Mcndican—

258 2031 352 2072 tium,
379 2032 534 2066 Ordinum
561 2043 597 2065 ac
621 2032 809 2065 militiarum
835 2033 1013 2075 regulares,

260 2080 355 2113 etiarn
375 2080 408 2113 in
429 2081 527 2114 sacris
548 2081 716 2114 ordinibus
737 2081 940 2120 constitutos,
959 2092 1016 2114 cu-

260 2129 452 2174 iuscumque
478 2135 588 2170 status,
616 2131 738 2163 ordinis
767 2136 797 2163 et
824 2129 1018 2163 conditionis

260 2184 376 2219 essent,
399 2190 436 2212 ac
457 2179 742 2224 archiepiscopali,
765 2179 939 2223 episcopali
968 2179 1016 2212 vel

260 2227 321 2261 alia
337 2228 451 2262 maiori
472 2228 624 2271 dignitate
640 2228 891 2272 piaefulgcrent,
912 2239 949 2261 ex
966 2238 1017 2261 ne-

260 2277 441 2319 gociatione
462 2277 572 2310 illicita
592 2284 648 2311 aut
666 2277 744 2310 alias
773 2284 885 2310 contra
910 2288 1018 2311 sacros

261 2337 402 2361 canones
413 2327 657 2371 quomodolibet
672 2327 841 2370 acquisita,
864 2338 946 2370 quae
959 2338 1016 2371 pro

261 2382 406 2421 tempore
434 2383 504 2422 post
529 2377 652 2410 obitum
680 2387 805 2416 eorum,
828 2377 895 2420 qui,
922 2377 1016 2410 etiam

261 2437 299 2459 ex
327 2427 476 2460 facultate
514 2437 611 2470 quam
646 2426 834 2459 habuissent
868 2427 1014 2467 testandi,

262 2477 390 2511 condito
410 2482 612 2517 testamento,
631 2476 734 2509 ubivis
748 2477 895 2509 locorum
906 2478 1016 2512 deces-

262 2526 375 2560 sissent
395 2532 425 2560 et
444 2527 648 2565 decederent,
666 2532 721 2559 aut
736 2526 854 2569 quibus
874 2526 945 2560 illos
965 2528 1016 2561 de-

262 2576 348 2609 stitui
375 2577 573 2619 contigisset,
605 2575 834 2609 remansissent
858 2581 888 2609 et
912 2587 1016 2610 rema-

262 2631 377 2659 nerent
413 2626 453 2659 ad
472 2627 618 2660 eamdem
643 2625 808 2658 Cameram
835 2631 865 2658 et
888 2636 953 2659 non
977 2628 1016 2659 ad

301 2685 311 2710 t
335 2684 400 2711 Vide
416 2692 495 2720 supra
512 2684 537 2711 in
555 2689 640 2712 const.
655 2691 736 2716 xxiii,
748 2685 855 2716 Decem,
874 2692 931 2720 pag.
945 2685 988 2712 78.

298 2725 315 2752 2
334 2726 444 2752 Aditum
460 2727 630 2758 praecludere
647 2725 683 2761 (a,
704 2724 754 2760 T.)-

1707 303 1772 338 115

1059 369 1149 410 alios,
1173 368 1268 403 etiarn
1292 368 1325 402 in
1346 367 1510 412 quibusvis
1535 368 1774 401 cathedralibus
1786 373 1816 401 et

1059 423 1314 469 metropolitanis
1339 428 1369 456 et
1398 422 1574 466 collegiatis
1601 434 1638 456 ac
1667 422 1737 455 aliis
1766 434 1816 456 ec-

1060 480 1176 520 clesiis,
1197 477 1409 517 monasteriis,
1432 477 1657 521 hospitalibus,
1681 477 1813 517 militiis,

1060 534 1239 578 ceterisque
1271 530 1438 566 beneficiis
1468 531 1711 572 ecelesiasticis,
1741 542 1814 564 cum

1060 600 1137 621 cura
1158 594 1189 621 et
1209 588 1276 621 sine
1302 598 1398 626 cura,
1433 585 1653 619 saecularibus
1678 590 1708 618 et
1734 596 1816 628 quo-

1059 642 1180 675 rumvis
1213 641 1369 675 Ordinum
1403 639 1625 683 regularibus,
1662 639 1816 683 qualiter-

1060 707 1198 740 cumque
1219 695 1423 740 qualificafis,
1459 704 1679 734 successores,
1699 694 1753 727 illa
1785 694 1817 727 in

1060 750 1208 791 titulum,
1232 749 1476 789 commendam,
1506 747 1817 782 administrationem

1060 813 1097 836 ac
1112 803 1191 836 alias
1211 803 1454 847 quomodolibet
1474 813 1532 846 pro
1562 807 1708 846 tempore
1735 801 1817 835 obti-

1060 862 1185 897 nentes,
1217 857 1312 890 etiam
1340 857 1364 889 si
1392 857 1431 890 ad
1459 857 1529 895 illa,
1565 856 1673 899 vigore
1701 855 1819 901 prioris

1059 909 1163 950 tituli,
1190 910 1241 943 ius
1261 910 1465 954 regrediendi
1498 921 1554 944 seu
1585 910 1759 944 accedendi
1789 914 1819 944 et

1061 963 1263 1007 ingrediendi
1286 964 1449 1008 aliquibus
1474 974 1664 998 concessum
1689 964 1817 1004 fuisset,

1060 1022 1219 1061 spectasse
1230 1023 1260 1050 et
1276 1023 1433 1061 spectare,
1456 1022 1486 1050 et
1505 1017 1565 1050 sub
1583 1017 1713 1051 nomine
1744 1029 1818 1062 spo-

1060 1069 1178 1103 liorum
1204 1070 1311 1104 venire
1326 1097 1333 1111 ,
1355 1071 1476 1114 illaque
1496 1069 1542 1103 uti
1567 1071 1669 1114 spolia
1697 1071 1736 1104 ad
1760 1071 1818 1105 Ca-

1060 1124 1297 1168 meramipsam
1309 1123 1503 1168 pertinentia
1526 1129 1684 1167 perpetuo
1710 1125 1818 1168 colligi

1060 1183 1090 1210 et
1111 1178 1298 1222 recuperari
1311 1178 1453 1222 potuisse
1470 1183 1499 1210 et
1515 1188 1609 1221 posse
1629 1188 1664 1211 ac
1686 1178 1815 1213 debere.

1059 1231 1150 1264 Etita
1163 1243 1220 1275 per
1235 1242 1460 1276 quoscumque
1482 1230 1613 1272 iudices,
1633 1232 1743 1275 quavis
1764 1244 1819 1266 au-

1060 1286 1206 1319 ctoritate
1227 1286 1408 1328 fungentes,
1426 1285 1458 1318 in
1471 1296 1677 1329 quacumque
1697 1286 1819 1319 instan-

1059 1339 1113 1379 tia,
1132 1339 1257 1372 sublata
1278 1340 1323 1372 eis
1343 1339 1453 1383 quavis
1478 1339 1571 1372 aliter
1595 1339 1758 1373 iudicandi
1790 1345 1821 1372 et

1059 1391 1292 1437 interpretandi
1309 1393 1458 1426 facultate
1471 1398 1501 1426 et
1516 1393 1721 1432 auctoritate,
1736 1393 1819 1427 iudi-

1060 1446 1125 1479 cari
1146 1453 1176 1480 et
1192 1446 1320 1480 definiri
1336 1447 1468 1486 debere3
1491 1456 1617 1479 necnon
1637 1446 1765 1480 irritum
1790 1452 1821 1480 et

1059 1500 1154 1533 inane
1184 1500 1342 1545 quidquid
1370 1511 1463 1534 secus
1490 1510 1588 1543 super
1618 1499 1668 1533 liis
1692 1511 1709 1533 a
1736 1511 1818 1544 quo-

1059 1565 1167 1597 quam,
1180 1554 1289 1597 quavis
1300 1553 1502 1593 auctoritate,
1515 1553 1655 1586 scienter
1665 1554 1712 1587 vel
1726 1554 1818 1597 igno-

1059 1613 1179 1647 ranter,
1202 1608 1371 1651 contigerit
1390 1606 1557 1647 attentari,
1580 1606 1819 1642 decreverimus

1059 1667 1089 1695 et
1109 1662 1391 1702 declaraverimus,
1415 1672 1489 1694 cum
1510 1661 1663 1701 mandati,
1682 1661 1817 1704 deroga-

1059 1715 1154 1749 tionis
1177 1715 1312 1758 aliisque
1351 1714 1505 1748 clausulis
1535 1721 1611 1748 tunc
1638 1714 1815 1759 expressis,

1060 1775 1155 1813 prout
1175 1769 1207 1802 in
1227 1769 1345 1802 nostris
1365 1768 1505 1812 desuper
1525 1768 1557 1800 in
1579 1768 1679 1801 forma
1700 1769 1815 1809 brevis,

1059 1824 1118 1856 sub
1139 1823 1210 1856 data
1230 1823 1376 1856 videlicet
1397 1821 1490 1855 nonis
1516 1822 1711 1862 novembris,
1735 1834 1817 1866 pon-

1058 1876 1197 1910 tificatus
1231 1877 1330 1910 nostri
1356 1887 1440 1909 anno
1466 1886 1493 1913 1,
1525 1881 1556 1909 et
1585 1876 1756 1919 praedictis
1780 1876 1819 1909 li-

1058 1930 1146 1970 teris,
1163 1941 1302 1974 quarum
1321 1935 1450 1963 tenores
1469 1929 1521 1962 hic
1538 1929 1649 1963 haberi
1671 1930 1819 1963 volumus

1058 1994 1116 2027 pro
1137 1984 1307 2028 expressis,
1330 1984 1425 2016 latius
1445 1983 1639 2016 continetur,

1102 2038 1117 2081 ἓ
1136 2037 1168 2071 3.
1187 2037 1332 2081 Cumque
1354 2048 1489 2079 magnus
1511 2037 1663 2079 magister
1683 2042 1713 2070 et.
1740 2048 1818 2071 con-

1059 2097 1171 2124 ventus
1195 2103 1231 2124 ac
1260 2092 1374 2124 fratres
1395 2090 1512 2123 milites
1533 2091 1678 2134 praefati,
1702 2102 1818 2124 occur—

1059 2151 1148 2178 rente
1169 2146 1302 2178 fratrum
1320 2145 1458 2177 militum
1477 2143 1644 2187 hospitalis
1659 2144 1813 2187 praedicti

1059 2199 1158 2239 obitu,
1180 2210 1278 2243 super
1303 2199 1492 2232 eorumdem
1514 2198 1738 2231 decedentium
1756 2199 1819 2232 sra-
1835 2212 1844 2222 ··

1060 2258 1145 2285 trum
1176 2253 1313 2286 militum
1338 2253 1444 2293 bonis,
1467 2263 1526 2296 per
1551 2252 1671 2285 iurium
1694 2257 1723 2285 et
1745 2264 1819 2297 spo-

1059 2306 1177 2339 liorum
1199 2307 1351 2340 Gamerae
1372 2311 1490 2339 nostrae
1512 2305 1704 2349 Apostolicae
1726 2318 1819 2350 prae-

1059 2360 1161 2393 dictae
1196 2362 1385 2395 collectores
1418 2368 1448 2394 et
1486 2360 1628 2394 eiusdem
1666 2360 1819 2395 Gamerae

1060 2415 1310 2455 commissarios,
1324 2415 1510 2448 earumdem
1522 2414 1687 2448 literarum
1700 2414 1817 2458 vigore,

1060 2470 1221 2502 molestari
1233 2470 1391 2509 dubitent;
1406 2480 1528 2512 nosque
1546 2468 1689 2502 eiusdem
1708 2469 1818 2513 hospi—

1060 2519 1130 2552 talis
1168 2525 1196 2552 et
1230 2519 1316 2552 illius
1341 2529 1553 2563 personarum
1582 2518 1817 2551 manutentioni

1059 2579 1095 2600 ac
1116 2568 1371 2609 necessitatibus,
1394 2573 1550 2612 quantum
1573 2579 1646 2601 cuni
1662 2568 1726 2601 Deo
1748 2579 1819 2613 pos—

1060 2628 1187 2659 sumus,
1222 2618 1359 2651 libenter
1389 2617 1556 2662 providere
1591 2628 1815 2661 procuremus,

1060 2667 1196 2700 maxime
1224 2667 1463 2701 considerantes
1491 2667 1642 2700 attentius
1674 2667 1816 2700 eiusdem

1059 2716 1225 2760 hospitalis
1251 2718 1364 2751 fratres
1389 2717 1505 2750 milites
1531 2728 1563 2751 se
1596 2722 1627 2751 et
1653 2727 1730 2758 sua,
1757 2727 1816 2761 pro

1833 313 1882 340 An.
1899 312 1929 341 C.
1948 313 2012 341 1561

1860 2046 1911 2068 Ideo
1927 2048 1966 2068 isia
1982 2046 2021 2067 Rc-

1834 2080 1883 2105 ligiu
1893 2079 1979 2101 dubitatv
1990 2079 2020 2097 vi-

1834 2110 1960 2136 gurcdirtae
1971 2116 2017 2129 ron-

1834 2141 1958 2164 sunamith,
1973 2146 2019 2166 pos*

1835 2173 1889 2192 sitne
1911 2173 2018 2192 molestari

1861 2204 1963 2224 ministris
1983 2202 2019 2223 Ca-

1834 2240 1913 2255 merae.
