2237 3100
244 258 291 284 An,
311 257 339 284 C.
358 257 426 285 ¹568

265 1272 351 1294 Notarn,
370 1271 423 1291 infra

241 1307 323 1329 tempus
340 1303 372 1322 hii·
390 1308 424 1321 ex—

241 1340 345 1359 pressum,
371 1334 425 1353 nuit

345 1365 425 1385 uitii-ia—

240 1397 293 1417 tri-us
317 1397 351 1416 xet
363 1398 424 1420 depu-

239 1430 287 1448 tatis
319 1429 424 1448 ecelesiae

234 1460 259 1484 Β4
291 1459 366 1479 Mariae

241 1490 344 1512 Lauretu,

239 1524 272 1542 nia
289 1524 307 1543 ei
319 1523 392 1543 relivtu

240 1369 304 1386 hren(

485 247 549 281 660

485 309 500 351 ἓ
520 309 549 340 Ἰ.
574 309 655 341 Sane
676 319 781 351 nuper
801 308 839 340 ad
860 317 955 339 aures
970 312 1106 346 nostras,
1128 317 1193 339 non

267 368 334 388 caum
363 369 423 388 imin<
440 361 507 394 sine
534 361 657 398 dolore,
685 361 829 405 pervenit
853 360 1038 403 complures
1064 359 1192 392 christi-

242 401 409 420 constitutionis.

440 414 551 447 fideles
577 424 730 458 personas
752 413 950 445 diversarum
976 412 1138 445 civitatum
1165 417 1194 444 et

440 468 599 506 locorum,
623 473 685 499 tam
712 466 743 498 in
767 465 855 498 ltalia
880 476 976 509 quam
1005 471 1092 498 extra
1108 476 1191 505 eam,

441 521 556 552 multas
576 520 743 563 variasque
764 519 976 562 pecuniarum
994 530 1136 552 summas
1164 524 1194 551 et

438 583 489 605 res
518 584 554 605 ac
574 573 658 605 bona
679 572 834 606 eeclesiae
855 573 967 605 beatae
993 572 1108 605 Mariae
1124 572 1193 604 Vir-

437 625 518 667 ginis
539 625 577 658 de
598 626 735 658 Laureto
756 630 974 669 nuncupatae,
998 625 1084 658 illius
1104 625 1193 658 dioe-

437 678 529 717 cesis,
553 678 732 712 devotionis
749 690 845 712 causa
861 678 1042 722 reliquisse,
1059 679 1193 711 donasse

437 737 489 764 aut
511 732 590 764 alias
610 732 820 769 concessisse,
843 733 881 765 de.
902 732 1020 776 quibus
1032 738 1118 766 certa
1135 743 1193 765 uo—

436 784 525 823 iiiia,
561 780 694 829 propter
720 785 877 818 incuriam
905 791 935 818 et
966 786 1192 829 negligentiam

437 838 660 877 notariorum,
689 839 743 881 qui
780 839 810 871 iu
831 839 925 871 dictis
958 839 1136 872 civitatibus
1166 844 1192 871 et

437 890 516 924 locis
536 892 574 924 de
592 892 724 930 relictis,
747 892 977 925 donationibus
1006 898 1033 925 et
1061 903 1194 925 eonces-

437 944 582 977 sionibus
607 946 794 978 huiusmodi
827 946 927 989 rogati
961 947 1113 986 fuerunt,
1141 952 1192 978 aut

437 998 574 1031 aliarum
611 1010 846 1042 personarum,
868 1010 951 1043 quae
972 999 1010 1032 de.
1031 1000 1094 1032 illis
1115 1000 1194 1032 seri—

437 1057 549 1095 pturas
564 1054 786 1091 confecerunt,
809 1054 966 1086 hacteuus
992 1053 1102 1086 baberi
1130 1063 1194 1087 non

439 1106 554 1148 potuit,
578 1117 636 1140 nec
655 1113 758 1151 potest.
779 1107 810 1140 in
831 1107 1194 1151 praesenti,undedicta

438 1159 573 1192 eeclesia
583 1170 648 1193 uon
661 1161 824 1193 modicum
837 1161 930 1193 sentit
946 1161 1189 1194 detrimentum.

484 1212 550 1255 §⁹2
578 1213 641 1246 Nos
662 1214 782 1256 igitur,
811 1225 850 1246 ne
884 1214 1019 1247 ecclesia
1053 1215 1195 1257 praefata

440 1267 599 1309 pecuniis,
623 1267 720 1300 rebus
750 1279 785 1300 ac
807 1268 899 1300 bonis
930 1268 1117 1300 huiusmodi
1143 1268 1196 1299 de-

442 1319 729 1364 fraudetursatque
743 1320 922 1353 immodicis
934 1321 1125 1364 sumptibus,
1139 1332 1196 1364 pei·

441 1374 680 1407 commissarios
691 1386 749 1417 pro
762 1385 874 1407 eorum
888 1375 1053 1407 exactione
1065 1375 1133 1407 lieri
1143 1386 1192 1405 so-

441 1426 518 1465 litis,
541 1433 745 1467 exoneretur,
759 1428 1084 1471 ipsasquepecunias‚
1103 1438 1153 1460 res
1166 1434 1192 1460 et

441 1479 523 1512 bona
544 1480 654 1513 eadem
677 1481 811 1513 ecelesia
832 1481 1194 1525 faciliusconsequatur,

441 1534 479 1565 de
505 1534 613 1577 aliquo
635 1541 819 1578 opportuno
841 1535 985 1567 remedio
1012 1536 1192 1579 providere,

440 1586 606 1630 ipsiusque
627 1588 781 1621 ecclesiae
802 1588 1017 1627 indemnitati,
1036 1594 1192 1631 quantum

441 1650 513 1671 eum
535 1640 599 1673 Deo
622 1652 805 1684 possumus,
828 1648 923 1685 prout
943 1646 1100 1681 tenemur,
1120 1652 1195 1674 eon-

440 1693 545 1726 sulere
565 1694 718 1735 volentes,
743 1700 830 1727 motu
862 1695 994 1738 proprio
1011 1701 1036 1728 et
1059 1701 1193 1728 exeerta

439 1752 547 1779 nostra
579 1748 711 1780 scientia
749 1759 783 1780 ae
806 1749 843 1780 de
875 1749 1070 1791 apostolieae
1102 1755 1192 1793 pote-

439 1800 526 1833 statis
551 1801 779 1844 plenitudine,
814 1802 965 1834 omnibus
999 1808 1027 1835 et
1060 1802 1193 1845 singulis

439 1853 617 1894 civitatum,
632 1861 804 1891 terrarum,
821 1861 1000 1888 castrorum
1013 1861 1040 1888 et
1054 1856 1191 1888 aliorum

438 1907 586 1940 locorum
604 1918 889 1950 quoiauneumque
913 1909 1045 1941 notariis
1058 1909 1192 1953 aliisque

439 1961 596 2003 personiS,
619 1972 654 1993 ex
680 1972 819 2003 quorum
843 1967 903 1993 tam
927 1962 1063 2005 publicis
1095 1974 1191 2006 quain

439 2014 569 2056 privatis
595 2014 764 2058 scripturis
789 2020 934 2047 constare
965 2016 1192 2058 quovismodo

440 2072 540 2110 potest
574 2073 628 2100 aut
648 2067 765 2111 poterit
786 2068 979 2100 infuturum
1007 2069 1044 2100 de
1074 2069 1190 2111 aliqui-

438 2119 498 2152 bus
519 2121 731 2164 pecuniarum
752 2121 900 2161 summis,
930 2122 1026 2154 rebus
1058 2133 1094 2154 ac
1134 2124 1191 2155 bo—

439 2175 487 2205 nis
510 2201 516 2214 ,
558 2174 794 2218 cuiuscumque
833 2175 1019 2217 quantitatis
1037 2204 1044 2217 ,
1089 2176 1192 2219 quali-

438 2226 521 2267 tatis,
549 2228 676 2270 generis
696 2238 732 2260 ac
763 2228 878 2260 valoris
899 2228 1058 2260 extiterint
1079 2255 1086 2268 ,
1109 2240 1191 2271 quae

439 2280 593 2314 ecelesiae
614 2282 788 2324 praefatae,
815 2292 895 2324 pure
916 2282 962 2313 vel
989 2282 1189 2315 conditiona-

440 2333 512 2366 liter
532 2340 585 2366 aut
610 2334 687 2367 alias
698 2334 1018 2378 quomodocumque,
1046 2336 1157 2368 saltem
1174 2346 1189 2368 a

439 2387 569 2428 triginta
589 2388 680 2420 annis
701 2387 780 2420 citra
799 2414 806 2427 ,
827 2388 857 2420 in
874 2388 982 2431 aliqua
1002 2388 1115 2421 ultima
1136 2401 1189 2422 xo·-

439 2436 559 2468 luntate
580 2437 704 2477 relicta,
731 2437 777 2469 vel
797 2436 880 2469 inter
900 2437 983 2469 vivos
1000 2437 1127 2477 donata,
1144 2438 1189 2470 vel

438 2485 683 2527 quomodolibet
699 2496 849 2518 concessa
876 2492 928 2518 aut
946 2486 1102 2529 promissa
1125 2488 1191 2519 t'ue-

439 2532 514 2574 rint,
537 2539 591 2566 aut
609 2533 637 2566 in
656 2540 821 2577 posterum
839 2534 1075 2577 relinquentur,
1093 2535 1190 2567 dona-

437 2581 572 2622 buntur,
600 2584 820 2616 concedentur
846 2589 900 2617 aut
934 2584 1186 2627 promittentur,

439 2631 469 2662 in
504 2632 619 2665 virtute
654 2638 779 2666 sanctae
806 2632 1019 2667 obedientiae,
1047 2632 1189 2665 districte

1038 254 1218 278 BULLARlUM
1242 254 1393 277 ROMANUM

1236 305 1482 349 praecipiendo,
1505 312 1533 338 et
1556 307 1615 339 sub
1640 307 1827 350 privationis
1856 317 1990 340 suorum

1236 358 1430 399 ot'tieiormu,
1439 370 1476 391 ac
1486 359 1656 392 solutionis
1664 359 1754 403 dupli
1765 360 1991 404 pecuniarum,

1237 422 1347 444 rerum
1365 424 1401 444 ae
1424 412 1584 445 bonorum
1602 413 1838 455 praefatorum,
1851 424 1911 456 pro
1928 423 1991 446 una

1237 465 1380 498 videlicet
1405 466 1463 509 ipsi
1485 467 1705 506 ecclesiae‚.et
1721 466 1820 499 altera
1836 467 1991 500 medieta—

1238 519 1324 551 tibus
1340 519 1510 552 solutionis
1530 520 1606 553 dicti
1627 520 1717 564 dupli
1753 521 1936 553 accusatori
1962 525 1990 552 et

1237 572 1413 611 executori,
1437 572 1615 616 aequaliter
1634 572 1717 605 inter
1731 583 1786 605 eos
1809 572 1989 613 dividenda,

1236 625 1438 668 applicandis
1458 626 1584 669 poenis,
1608 625 1826 670 praecipimus
1846 631 1876 658 et
1902 635 1992 658 man-

1238 678 1362 718 damus,
1372 684 1398 711 et
1414 678 1616 722 insuperhac
1630 685 1737 712 nostra
1751 679 1782 712 in
1800 684 1992 723 perpetuum

1240 731 1374 764 valitura
1402 732 1604 765 ordinatione
1628 737 1656 765 et
1675 732 1915 773 constitutione,
1934 731 1994 765 sub

1238 785 1356 817 eisdem
1383 784 1508 828 poenis,
1544 785 1714 818 statuimus
1749 791 1777 819 et
1805 785 1995 818 ordinamus

1239 844 1271 870 ut
1287 838 1325 871 de
1339 844 1454 871 cadero
1467 839 1634 882 perpetuis
1653 838 1767 872 suturis
1787 839 1989 883 temporibus

1238 891 1353 924 notarii
1385 897 1412 923 et
1436 902 1593 935 personae
1614 892 1801 936 praefatae,
1825 903 1938 925 omnes
1962 897 1993 925 et

1239 945 1381 987 singulas
1397 945 1624 988 dispositiones
1639 945 1671 977 in
1684 946 1822 978 favorem
1840 945 1933 979 dictae
1944 957 1995 980 ec-

1238 998 1354 1035 elesia:
1374 1010 1390 1031 a
1412 1009 1621 1042 quoeiun‹:pie
1639 1004 1667 1031 et
1684 999 1993 1043 quomodocumque

1239 1052 1411 1093 faciendas,
1435 1052 1607 1096 dequibus
1623 1079 1630 1091 ,
1655 1057 1717 1084 tam
1738 1063 1797 1096 per
1826 1062 1900 1086 suas
1920 1062 1994 1096 pro-

1240 1106 1335 1148 prias,
1355 1117 1451 1148 quam
1473 1116 1531 1149 per
1546 1106 1696 1145 aliorum,
1717 1106 1811 1138 etiam
1822 1105 1993 1139 defuneto-

1239 1170 1321 1194 rum,
1345 1160 1533 1204 scripturas,
1561 1170 1660 1202 penes
1680 1159 1766 1203 ipsos
1796 1159 1966 1194 existentes
1983 1186 1990 1200 ‚

1238 1213 1547 1256 quomodocumque
1568 1217 1715 1244 constare
1733 1217 1847 1256 potest,
1861 1212 1893 1245 in
1905 1212 1992 1246 Italia

1240 1265 1318 1298 intra
1341 1266 1460 1305 trium,
1485 1272 1571 1298 extra
1596 1276 1670 1298 vero
1705 1276 1774 1298 eam
1805 1265 1888 1299 infra
1920 1271 1993 1300 octo

1239 1320 1396 1351 meusium
1419 1320 1570 1363 spatium,
1588 1319 1611 1352 si
1625 1330 1678 1352 eas
1693 1330 1752 1363 per
1767 1319 1848 1352 viam
1861 1319 1993 1352 ultimae

1239 1374 1408 1405 ioluutatis
1430 1374 1497 1406 iteri
1512 1372 1694 1415 eontigerit,
1710 1383 1726 1405 a
1743 1373 1793 1406 die
1805 1372 1917 1406 mortis
1932 1373 1994 1406 dis-

1238 1427 1442 1470 ponentium
1462 1427 1486 1459 si
1508 1437 1581 1459 vero
1608 1426 1691 1459 inter
1711 1426 1808 1467 vivos,
1831 1437 1849 1459 a
1869 1426 1920 1460 die
1940 1437 1992 1460 so-

1238 1481 1554 1525 lutionistaciendae
1583 1485 1790 1523 computan.:
1814 1480 1994 1524 dispositio-

1238 1540 1407 1567 nesautem
1419 1534 1479 1566 iani
1496 1534 1605 1572 saetas,
1623 1533 1705 1566 infra
1721 1533 1825 1566 simile
1843 1533 1992 1577 spatium,

1237 1598 1253 1619 a
1274 1587 1324 1620 die.
1342 1594 1447 1619 tamen
1470 1586 1679 1619 intimationis
1695 1586 1927 1629 praesentium,
1945 1587 1992 1621 vel

1238 1652 1348 1673 ‹faiann
1372 1646 1661 1684 transumptoruin,
1685 1646 1718 1672 ut
1741 1639 1823 1673 infra
1849 1640 1991 1673 subscri·

1236 1695 1418 1727 beudoruiu
1433 1705 1469 1727 ae
1486 1694 1746 1737 sigillandorum,
1772 1693 1930 1727 astixionis
1951 1694 1991 1727 ad

1236 1749 1339 1780 vairas
1351 1747 1585 1780 ratbedralium
1594 1747 1805 1780 ecclesiarum
1818 1747 1849 1779 in
1860 1747 1991 1780 eivitati-

1236 1801 1306 1839 bus,
1322 1807 1350 1834 et
1373 1801 1585 1844 insigniorum
1602 1800 1814 1833 eeclesiarum
1831 1800 1863 1833 in
1884 1801 1988 1841 terris,

1237 1855 1347 1888 castris
1363 1860 1390 1887 et
1408 1855 1487 1887 loeis
1501 1853 1650 1897 praefatis
1666 1854 1844 1892 faciendae,
1858 1864 1992 1898 compu-

1236 1909 1381 1945 tandum,
1399 1908 1608 1951 gubernatori
1618 1918 1677 1951 pro
1689 1913 1834 1951 tempore
1846 1907 1991 1941 existenti

1236 1962 1336 2006 ipsius
1353 1962 1520 2001 ecclesiae,
1535 1972 1590 1994 seu
1601 1961 1747 2004 personis
1755 1961 1795 1993 ab
1804 1971 1842 1994 eo
1851 1971 1910 2005 pro
1926 1972 1991 1994 ma·

1236 2015 1293 2048 iori
1325 2015 1552 2048 commoditate
1573 2014 1762 2046 eorumdem
1788 2013 1989 2047 notariorum

1235 2075 1262 2101 et
1282 2069 1418 2102 aliarum
1449 2078 1660 2111 personarum
1683 2067 1716 2100 in
1742 2067 1837 2100 certis
1865 2067 1988 2110 praeci—

1235 2122 1308 2166 puis
1333 2122 1516 2155 civitatibus
1552 2132 1608 2153 seu
1638 2120 1718 2154 locis
1735 2148 1743 2161 ,
1766 2121 1835 2154 eius
1855 2120 1990 2154 arbitrio

1234 2176 1271 2208 ad
1295 2176 1356 2208 boe
1373 2175 1577 2219 tlepulandiS,
1596 2174 1738 2207 revelare
1754 2185 1790 2206 ac
1805 2173 1986 2208 notificare.

1278 2230 1292 2271 ,ξ
1313 2228 1344 2261 3.
1368 2228 1503 2261 Praefati
1520 2239 1595 2260 vero
1605 2228 1794 2271 deputandi,
1806 2227 1912 2270 ipsum
1928 2237 1988 2270 gu-

1234 2283 1437 2316 bernatorem
1455 2281 1711 2315 notificationum
1722 2285 1753 2313 et
1767 2280 1989 2314 denunciatio-

1234 2346 1311 2368 muu
1330 2335 1388 2367 sibi
1411 2346 1468 2379 per
1482 2335 1789 2368 notariosfactarum
1801 2333 1987 2367 huiusmodi

1234 2389 1368 2431 singulis
1392 2389 1655 2432 quibuscumque
1676 2387 1842 2420 mensibus
1869 2387 1986 2421 certio·

1236 2450 1300 2471 rem
1324 2439 1427 2471 facere
1448 2465 1454 2476 ,
1483 2443 1510 2470 et
1534 2437 1659 2470 easdem
1690 2434 1926 2469 notificationes
1950 2446 1986 2469 ac

1233 2486 1499 2519 denunciatioues
1515 2486 1545 2517 in
1562 2485 1652 2518 libris
1670 2485 1746 2525 suis,
1760 2484 1855 2518 etiam
1870 2484 1909 2517 ad
1925 2484 1985 2517 hoe

1233 2536 1415 2579 specialiter
1427 2535 1582 2568 consectis
1594 2535 1641 2567 vel
1654 2533 1873 2573 conficiendis,
1888 2542 1985 2566 manu

1234 2585 1364 2628 livropria
1385 2584 1539 2616 adnotare
1558 2611 1564 2619 ,
1603 2583 1797 2626 eosdemque
1826 2582 1927 2615 libros
1946 2581 1986 2614 ad

1231 2633 1481 2677 gubernatorem
1508 2632 1687 2675 praefatum
1705 2659 1711 2669 ,
1733 2631 1862 2675 quoties
1887 2630 1927 2663 ab
1947 2641 1986 2664 eo

2010 254 2057 280 An.
2077 254 2106 280 C.
2124 253 2190 281 1568

2031 2242 2128 2270 Deputati
2139 2249 2188 2270 μνῶ-

2004 2274 2055 2294 dicu
2093 2274 2188 2295 nonnon-

2004 2305 2075 2326 tiones
2085 2306 2137 2326 istus
2152 2305 2188 2325 de-

2003 2335 2104 2361 scribant,
2117 2339 2159 2357 etc.
