2237 3100
1012 252 1190 277 eruanimi
1214 251 1365 276 ROMANL'M
1974 246 2024 274 An.
2041 247 2070 275 C.
2090 246 2152 276 ¹561

1210 294 1434 348 occupatores,
1457 309 1637 338 castrorum
1657 309 1687 337 et
1707 304 1844 337 aliorum
1858 303 1960 337 bono-

1209 369 1281 390 rum
1314 359 1506 398 detentores,
1529 364 1559 391 et.
1587 358 1829 402 quomodolibet
1860 357 1959 391 delin—

1209 418 1343 455 quentes
1362 412 1411 444 vel
1431 422 1546 445 census
1566 412 1686 445 solvere
1712 416 1882 452 cessantes,
1904 416 1960 444 aut

1208 465 1358 507 legitimis
1385 464 1578 498 investituris
1611 471 1642 499 et
1668 465 1767 498 titulis
1795 470 1956 505 carentes,

1208 518 1270 551 sire
1294 518 1366 552 illos
1384 529 1450 551 non
1477 518 1673 560 exhibentes,
1699 530 1754 553 eos
1774 519 1807 552 in
1827 518 1958 553 caduci-

461 245 526 280 400

461 308 476 351 ἓ
495 307 527 341 4.
554 307 734 352 Omnesque
761 312 945 341 contractus
965 318 1062 350 super
1082 307 1166 339 loca-

218 362 404 413 hesifsffifflcffif
418 361 559 395 tionibus
579 368 606 395 et
634 361 880 395 alienationibus
908 371 944 393 ac
973 360 1168 393 investituris

216 430 287 445 merae
306 425 402 451 Aposio-
417 415 577 448 bonorum
599 422 626 448 et
649 416 781 455 iuriuni,
812 415 907 447 etiam
931 424 1166 457 quorumcum-

216 455 271 476 {icae
291 457 401 476 contineu-
697 480 700 481 ⁷
790 469 811 481 n
892 468 903 477 Ἴ
1105 467 1110 472 .

216 488 401 510 tesrescindenaa
417 479 479 512 que
500 469 670 502 feudorum
687 469 868 513 praedictae
884 471 1047 507 (latueram,
1071 473 1165 499 etiam

219 254 267 281 An.
286 253 315 281 C.
335 253 400 282 ¹561

256 899 397 921 Detentores-

212 935 251 958 que
294 931 394 951 bonorum

211 963 305 982 eiusdem
325 962 396 982 Came-

212 997 247 1012 rae
267 993 395 1014 coercendi:

231 1647 256 1668 m
271 1654 332 1671 manu
354 1657 390 1671 re-

205 1678 239 1703 gia
254 1682 274 1700 et
289 1682 388 1708 appellat.

205 1717 288 1735 romam
298 1716 334 1733 etc*
343 1720 389 1740 pro-

205 1745 301 1767 cedendi.

416 533 490 555 cum
519 524 670 556 Romanis
700 522 908 555 Pontificibus
934 526 964 553 et
984 520 1063 554 Sede
1084 521 1166 565 Apo-

415 576 525 610 stolica
545 577 787 621 quomodolibet
803 575 991 614 celebratos,
1008 585 1165 618 recogno-

414 635 491 670 scat,
515 637 542 664 et
564 631 738 663 laesionem
759 629 902 662 eiusdem
914 628 1065 662 Gamerae
1087 639 1164 662 con-

414 683 549 717 tinentes
570 683 729 716 rescindat
749 688 779 716 et.
803 683 964 723 annullet,
992 683 1164 726 nullosque

413 743 441 769 et
462 737 581 778 irritos,
604 742 699 781 prout
722 736 801 770 iuris
820 736 933 776 suerit,
963 736 1115 770 decernat
1134 741 1165 770 et

412 791 563 824 declaret.

455 844 520 887 55.
544 846 587 877 Ae
608 856 835 889 quaecumque
870 850 990 885 eastra,
1027 844 1160 889 oppida,

410 897 583 939 territoria,
609 899 710 940 villas,
733 910 878 939 nemora,
901 899 1047 943 paludes,
1069 909 1162 931 mon-

410 955 456 984 tes
486 958 514 984 et
536 952 597 985 alia
618 953 688 986 loca
713 952 847 986 dominii
868 952 980 986 directi
1004 953 1052 986 vel
1076 953 1163 985 utilis

411 1011 538 1039 sanctae
559 1006 721 1040 Romanae
740 1006 902 1040 Ecclesiae
937 1007 985 1039 vel
1009 1006 1162 1040 Gamerae

409 1060 622 1103 Apostolicae‚
646 1060 785 1094 indebite
806 1072 823 1093 a
839 1060 1003 1103 quibusvis
1022 1061 1162 1104 particu-

407 1112 529 1146 laribus
557 1114 721 1157 personis,
751 1125 957 1158 quacumque
990 1114 1159 1157 dignitate,

408 1167 595 1200 excellentia
624 1173 653 1201 et
688 1168 906 1211 praerogativa
941 1168 1158 1211 fulgentibus,

407 1231 463 1254 seu
484 1221 579 1254 etiam
608 1221 913 1261 communitatibus,
945 1221 1160 1255 universitati-

406 1275 467 1307 bus
487 1279 515 1308 et
538 1275 681 1319 collegiis
714 1280 871 1319 occupata
897 1275 946 1308 vel
973 1275 1082 1309 illicite
1108 1277 1161 1309 de-

406 1333 504 1369 tenta,
531 1329 571 1361 ad
600 1329 711 1362 eadem
736 1329 889 1362 Gamerae
909 1328 1090 1373 praedictae
1111 1331 1159 1363 di-

406 1381 597 1416 mittendum
618 1388 646 1416 et
667 1383 888 1423 relaxandum,
917 1384 976 1416 sub
997 1384 1110 1427 poenis
1129 1390 1159 1417 et

406 1437 550 1469 censuris
570 1437 703 1469 arbitrio
725 1447 783 1469 suo
810 1437 1015 1470 moderandis
1035 1443 1065 1470 et
1085 1449 1158 1471 exe-

405 1489 554 1533 quendis,
581 1489 675 1523 etiam
697 1495 790 1534 prout
814 1490 935 1523 iustum
956 1490 1016 1523 sibi
1038 1491 1157 1524 videbi-

405 1548 474 1583 tur,
498 1549 588 1587 cogat
610 1549 637 1576 et
661 1544 844 1587 compellat.

449 1596 514 1640 ξὸ.
537 1597 573 1629 Et
599 1603 630 1630 ut
654 1597 777 1630 l'aeilius
798 1598 859 1629 hoc
889 1598 1002 1642 exequi
1036 1598 1154 1642 possit,

405 1661 628 1694 quoscumque
668 1662 952 1695 ‹pioriuncumque
981 1652 1155 1693 bonorum,

405 1710 597 1744 castrorum,
612 1705 818 1748 oppidorum,
834 1705 1032 1738 territorium
1056 1706 1080 1747 ¹,
1103 1706 1157 1739 vil-

404 1758 520 1797 larum,
549 1769 732 1799 nemorum,
756 1758 923 1802 paludum,
947 1760 1107 1792 montium
1128 1767 1155 1793 et

405 1812 542 1844 aliorum
567 1812 686 1845 iurium
707 1811 850 1845 eiusdem
871 1812 1023 1846 Gamerae
1049 1814 1156 1848 deten-

405 1866 489 1894 tores
509 1867 539 1894 et
559 1867 788 1905 occupatores,
817 1861 856 1894 ad
877 1861 1006 1894 titulum
1035 1863 1155 1898 iustum

404 1921 480 1943 suae
509 1911 702 1945 detentionis
730 1912 766 1954 ets
786 1911 1008 1955 occupationis
1042 1912 1156 1946 liuius-

404 1959 504 2001 modi,
539 1960 621 1993 intra
643 1965 770 2004 tempus
794 1971 850 1992 seu
874 1960 1049 1994 terminum
1070 1963 1155 1995 arbi-

405 2008 464 2042 trio
487 2020 545 2042 suo
578 2009 840 2053 praeligendum,
872 2020 981 2042 coram
1011 2020 1043 2043 se
1069 2012 1156 2044 exhi-

404 2057 545 2090 bendum
570 2058 699 2091 mandet
727 2064 755 2090 et
788 2058 897 2099 saciat,
924 2069 989 2102 quo
1018 2060 1156 2093 termino

404 2106 512 2150 elapso
533 2113 561 2140 et
587 2108 679 2140 titulo
706 2118 769 2139 non
796 2107 953 2147 exhibito,
985 2108 1023 2140 ad
1052 2108 1156 2142 incor-

404 2156 605 2197 poratiOnem
626 2157 786 2189 bonorum
807 2155 994 2188 huiusmodi
1005 2156 1043 2189 de
1060 2157 1155 2191 simili

403 2211 487 2245 voto,
510 2212 607 2249 prout
625 2212 732 2238 tamen
751 2205 829 2238 alias
845 2205 924 2238 iuris
948 2205 1056 2246 fuerit,
1082 2218 1155 2249 pro-

404 2255 505 2288 cedat.
528 2256 608 2288 Cum
629 2255 790 2293 facultate,
813 2255 851 2288 de
872 2254 966 2287 simili
986 2260 1058 2288 voto
1075 2255 1155 2289 eius-

404 2306 477 2338 dem
510 2305 785 2348 congregationis,
827 2304 946 2337 eisdem
983 2304 1013 2336 in
1049 2306 1154 2338 causis

404 2354 598 2395 summarie,
632 2354 698 2386 sola
729 2353 801 2386 sacti
830 2354 961 2386 veritate
996 2354 1151 2398 inspecta,

403 2403 491 2436 omni
507 2408 538 2436 et
557 2413 763 2446 quacumque
783 2403 999 2446 appel-latione
1016 2408 1150 2444 remota,

402 2453 497 2485 etiam
519 2463 615 2485 manu
644 2452 742 2495 regia,
769 2463 805 2485 ac
835 2452 859 2485 si
880 2462 938 2485 nos
958 2452 1017 2495 ipsi
1038 2452 1069 2484 in
1095 2452 1153 2485 eis-

401 2501 475 2534 dem
498 2501 602 2535 causis
630 2501 860 2542 iudicarenms,
883 2501 1092 2545 procedendi,
1123 2507 1153 2535 et

402 2555 513 2584 eontra
542 2556 687 2595 repertos
714 2550 816 2584 dictae
847 2550 998 2584 Gamerae
1027 2551 1151 2585 debito-

400 2610 463 2641 res,
480 2600 681 2633 fraudatores
696 2605 726 2633 et
741 2599 841 2643 ipsius
858 2599 980 2632 iurium
997 2605 1025 2633 et
1038 2611 1150 2634 rerum

435 2659 449 2685 1
468 2659 692 2692 Territoriorum,
708 2656 823 2686 Cherub.
842 2658 880 2694 (a.
902 2657 951 2693 T.).

1208 573 1278 606 tatis
1299 572 1483 613 feudorum,
1507 573 1740 607 beneficiorum
1761 579 1791 607 et
1810 573 1959 617 privatio-

1207 626 1255 659 nis
1274 627 1436 660 bonorum
1456 637 1576 671 poenas
1596 627 1768 661 incurrisse
1796 627 1960 662 declaran—

1207 680 1256 721 di,
1280 680 1476 724 procedendi
1492 686 1522 714 et
1542 691 1617 714 cum
1632 681 1749 715 effectu
1766 682 1956 726 exequendi,

1206 734 1302 767 etiam
1323 746 1381 778 per
1400 734 1638 768 distractionem
1663 735 1825 768 bonorum
1850 741 1881 769 et
1907 748 1958 771 ca-

1206 793 1333 831 pturam
1354 789 1528 832 pignorum
1548 794 1579 822 et
1604 794 1787 822 tenutarum
1816 801 1853 824 ac
1882 802 1957 834 per-

1205 852 1376 883 sonarum;
1419 843 1569 887 ipsasque
1615 854 1768 887 personas
1812 845 1956 890 compel-

1204 896 1289 928 lendi
1311 897 1350 930 ad
1375 897 1477 930 dictae
1506 897 1658 930 Gamerae
1684 897 1840 941 integram
1865 899 1956 933 satis-

1204 950 1388 991 factionem,
1417 962 1454 984 ac
1474 950 1588 984 debitis
1608 950 1736 995 poenis,
1767 952 1862 986 etiam
1883 965 1955 987 cor-

1204 1004 1369 1047 poralibus
1381 1010 1411 1038 et
1421 1004 1562 1049 decupli,
1575 1015 1611 1038 ac
1623 1005 1695 1045 alia,
1711 1013 1807 1050 prout
1817 1008 1850 1040 in
1865 1014 1955 1043 motu

1204 1058 1337 1102 proprio
1370 1058 1473 1092 felicis
1512 1058 1744 1093 recordationis
1776 1061 1867 1094 Pauli
1895 1063 1954 1097 Pa-

1203 1122 1262 1154 pae
1277 1113 1328 1153 III,
1351 1112 1609 1156 praedecessoris
1624 1113 1735 1154 nostri,
1748 1125 1845 1158 quem
1860 1116 1955 1150 etiam

1203 1175 1261 1208 per
1285 1172 1469 1209 praesentes
1485 1166 1718 1200 confirmamus
1733 1173 1775 1208 et,
1797 1174 1956 1212 quatenus

1202 1228 1284 1262 opus
1304 1220 1358 1261 sit,
1385 1220 1590 1261 innovamus,
1611 1225 1641 1253 et
1659 1231 1768 1254 coram
1793 1223 1956 1258 cardinale

1202 1277 1231 1304 et
1252 1274 1501 1317 congregatione
1512 1274 1699 1307 huiusmodi
1711 1275 1821 1309 locum
1836 1276 1956 1311 habere

1201 1325 1421 1368 decernimus,
1444 1327 1619 1372 puniendi,
1644 1339 1846 1373 poenasque,
1870 1330 1956 1364 iuxta

1201 1379 1434 1414 demeritorum
1464 1387 1495 1414 et
1525 1392 1739 1425 personarum
1764 1384 1952 1426 qualitates,

1200 1432 1295 1466 etiam
1325 1435 1470 1479 corporis
1499 1435 1678 1475 afflietivas,
1711 1437 1866 1480 augendi,
1897 1438 1954 1471 mi-

1200 1488 1339 1528 nuendi,
1371 1488 1592 1522 commutandi
1622 1494 1653 1521 et
1684 1491 1874 1533 exequendi.
1910 1492 1954 1525 Ac

1199 1539 1316 1573 dictam
1341 1541 1509 1575 Cameram
1539 1542 1578 1576 ad
1607 1553 1665 1575 sua
1697 1542 1782 1576 bona
1807 1549 1837 1577 et
1866 1544 1953 1585 iura,

1200 1599 1314 1637 castra,
1350 1595 1511 1629 territoria
1538 1596 1601 1629 sive
1620 1595 1749 1629 illorum
1775 1598 1953 1641 plenariam

1200 1648 1433 1690 possessionem
1454 1650 1652 1693 reponendi,
1684 1650 1902 1694 reintegrandi
1923 1658 1950 1686 et

1199 1702 1400 1743 restituendi,
1427 1714 1502 1736 curn
1518 1708 1674 1747 potestate
1703 1704 1834 1746 citandi,
1857 1706 1952 1740 etiam

1199 1766 1257 1799 per
1276 1757 1416 1789 edictum
1438 1756 1619 1801 publicum,
1639 1768 1675 1790 ac
1696 1757 1755 1790 suh
1772 1760 1950 1801 sententiis,

1199 1810 1345 1843 censuris
1377 1816 1407 1844 et
1437 1809 1662 1844 ecclesiasticis
1691 1822 1727 1843 ac
1756 1813 1953 1855 pecuniariis

1198 1864 1322 1908 poenis,
1339 1864 1470 1897 arbitrio
1488 1875 1546 1897 suo
1562 1864 1779 1905 moderandis,
1800 1866 1894 1899 etiam
1910 1867 1952 1900 si-

1199 1917 1266 1950 mili
1286 1918 1391 1951 edicto
1406 1918 1585 1959 inhibendi,
1598 1924 1626 1951 et
1641 1918 1811 1952 monitoria
1828 1920 1868 1953 ad
1882 1932 1953 1965 per-

1198 1971 1351 2005 sonaliter
1370 1977 1400 2005 et
1418 1983 1484 2005 non
1501 1983 1559 2015 per
1579 1978 1824 2016 procuratorem
1842 1985 1952 2008 coram

1198 2036 1230 2057 se
1251 2025 1525 2069 comparendum,
1561 2025 1620 2059 sub
1654 2025 1815 2060 similibus
1839 2028 1952 2072 poenis

1198 2079 1393 2112 decernendi
1417 2084 1447 2112 et
1474 2079 1653 2112 relaxandi.
1686 2080 1729 2112 Ac
1763 2081 1951 2115 monitioni-

1197 2133 1257 2165 bus
1277 2138 1308 2166 et
1336 2132 1581 2166 inhibitionibus
1611 2133 1677 2166 suis
1708 2133 1948 2177 inobedientes,

1197 2197 1350 2219 censuras
1376 2192 1406 2220 et
1433 2198 1553 2231 poenas
1579 2186 1610 2219 in
1636 2186 1682 2219 eis
1707 2192 1873 2221 contentas
1899 2189 1949 2222 in-

1197 2240 1335 2273 currisse
1361 2240 1563 2280 declarandi,
1606 2240 1755 2284 ipsasque
1797 2251 1950 2275 censuras

1196 2294 1290 2326 etiam
1312 2294 1431 2328 iteratis
1451 2294 1574 2328 vicibus
1593 2294 1802 2337 agg-ravandi,
1833 2306 1870 2328 ac
1893 2306 1949 2329 au-

1196 2347 1306 2380 xilium
1330 2349 1455 2381 brachii
1480 2348 1673 2389 saecularis,
1709 2348 1834 2391 quoties
1866 2359 1949 2393 opus

1195 2401 1302 2441 fuerit,
1325 2402 1506 2435 invocandi.
1529 2402 1662 2445 Aliaque
1678 2401 1785 2434 omnia
1801 2403 1945 2445 gerendi,

1195 2454 1343 2496 faciendi,
1366 2455 1536 2489 exercendi
1557 2460 1587 2489 et
1602 2455 1792 2499 exequendi,
1815 2457 1946 2499 quaein

1194 2504 1378 2546 praemissis
1419 2510 1449 2538 et
1483 2505 1567 2537 circa
1597 2515 1633 2538 ea
1673 2504 1745 2545 sibi,
1769 2515 1843 2538 cum
1874 2510 1946 2539 voto

1194 2553 1450 2597 congregationis
1470 2553 1664 2598 praedictae,
1687 2554 1867 2588 necessaria
1881 2554 1946 2589 xasa

1193 2603 1312 2636 suerint
1331 2608 1361 2636 et
1380 2609 1575 2647 opportuna.

1236 2652 1252 2696 g
1271 2652 1301 2686 7.
1323 2652 1507 2688 Mandantes
1530 2652 1680 2688 omnibus
1700 2658 1731 2687 et
1755 2652 1889 2698 singulis
1908 2652 1943 2687 in
