2237 3100
224 245 274 273 An.
291 242 321 273 C.
340 245 407 273 ¹569

253 1266 367 1287 l'roliibitio
382 1266 407 1286 dc

225 1301 298 1319 ‹uu-10
310 1305 347 1318 cos·
357 1304 407 1318 reri-

225 1331 303 1356 piendi.

251 2352 371 2373 Anunttuno
383 2352 415 2372 lil-

232 2388 322 2405 tetzirum
332 2387 415 2409 aposto-

230 2416 317 2436 nicarum
326 2415 415 2441 desuper

231 2446 382 2468 confectatum,
395 2448 416 2466 et

231 2480 415 2504 pravressttuiiietc.

465 233 529 270 784

1015 237 1194 264 BULLARIUM
1218 236 1368 261 ROMANUM

421 304 510 332 motu
531 297 663 342 proprio
684 302 715 329 et
735 307 772 328 ex
792 300 878 327 certa
898 292 1032 325 scientia
1063 293 1169 334 deque
1211 302 1351 333 cumque
1372 290 1462 331 alios,
1477 289 1588 333 quavis
1599 291 1802 332 auctoritate,
1825 291 1964 325 scienter

419 352 518 385 simili
539 350 705 395 potestatis·
726 347 941 392 plenitudine,
964 345 1060 378 etiam
1088 356 1169 388 pau-

421 416 534 449 perum
557 405 761 436 infirmorum
798 399 1032 433 miserabilium
1054 404 1085 432 et
1116 410 1169 431 cu-

422 460 612 501 iuscumque
637 455 769 489 alterius
790 454 833 498 pii
855 453 962 497 operis
984 453 1114 492 intuitu,
1134 463 1170 485 ac

421 513 517 546 etiam
535 523 571 544 ex
583 510 844 554 quibuscumque
857 508 926 540 aliis
940 507 1056 547 causis,
1070 517 1171 549 quau-

422 566 536 600 tumvis
557 564 715 607 gravibus,
726 562 899 595 caritativis
920 567 946 594 et
968 560 1168 601 necessariis,

422 620 517 653 etiam
539 617 799 651 consideratione
820 617 865 649 vel
894 615 933 648 ad
959 614 1170 658 supplicatio-

422 684 493 705 nem
526 672 759 715 imperatorum
780 697 786 710 ,
820 680 930 713 regma
967 668 1172 710 aliorumque

423 726 605 770 principum
628 735 753 758 necnon
773 729 901 757 sanctae
922 724 1085 755 llomanae
1112 722 1171 754 Ec-

421 780 537 813 clesiae
557 779 771 812 cardinalium
793 804 800 818 ,
820 778 925 820 deque
947 776 1076 809 illorum
1098 786 1173 808 cou-

421 833 492 867 silio
503 839 533 866 et
545 838 672 866 matura
688 831 923 865 deliberatione
941 830 1032 873 prius
1048 828 1170 867 habita,

421 898 574 920 concessa
593 914 600 928 ,
623 887 815 919 confirmata
836 896 872 917 ae
892 884 989 917 etiam
1019 882 1173 925 multipli-

422 941 500 975 catis
519 940 643 973 vicibus
676 940 836 979 innovata,
857 944 986 971 extensa
1007 937 1054 969 vel
1076 936 1172 968 etiam

423 995 600 1028 moderata.
624 994 792 1028 Cassamus
820 1003 951 1036 quoque
972 997 1003 1025 et.
1024 991 1173 1023 annulla-

424 1060 513 1090 mus,
537 1048 643 1092 quoad
665 1048 719 1080 illa
738 1074 745 1087 ,
783 1058 895 1080 omnes
931 1045 1123 1089 apostolicas
1144 1050 1170 1076 et

422 1102 500 1135 alias
521 1102 642 1135 litteras
663 1112 761 1145 super
781 1101 818 1133 iis
843 1101 1016 1139 consectas,
1044 1110 1081 1131 ac
1103 1109 1175 1141 pro-

422 1168 529 1190 cessus
549 1162 579 1189 et
603 1156 666 1189 alia
686 1156 762 1188 inde
782 1161 891 1188 secuta
912 1164 1149 1197 quaecuunpie.

466 1210 481 1253 ἓ
501 1210 532 1242 2.
555 1211 599 1243 Ac
619 1211 768 1242 volumus
789 1220 826 1241 ea
846 1207 956 1241 omnia
975 1207 1057 1240 vires
1078 1213 1108 1239 et
1129 1207 1173 1239 es-

423 1264 541 1298 sectum
554 1265 593 1297 de
614 1269 721 1296 cetero
742 1273 806 1296 non
825 1261 958 1301 habere,
980 1261 1023 1293 ita
1040 1266 1075 1293 ut
1092 1266 1176 1303 post-

423 1318 494 1358 hac,
518 1317 647 1351 illorum
672 1317 717 1349 sic
741 1321 963 1349 revocatorum
989 1318 1173 1357 praetextu,

423 1371 557 1414 praelati
580 1376 610 1403 et
630 1370 814 1414 superiores
849 1368 1006 1412 praedicti
1043 1373 1097 1400 aut
1121 1366 1174 1399 alii

423 1423 623 1469 quicumque
645 1425 769 1457 nullum
780 1434 912 1467 prorsus
922 1422 1066 1462 alterius,
1080 1420 1176 1453 etiam

425 1478 567 1519 laxioris,
590 1478 719 1512 Ordinis
736 1478 784 1511 vel
805 1476 1028 1510 observantiae
1049 1475 1177 1516 regula-

425 1543 504 1573 rem,
528 1532 625 1565 otiam
645 1532 818 1575 specialem
837 1530 1026 1564 transeundi
1039 1530 1077 1562 ad
1092 1528 1176 1572 ipsos

424 1585 587 1618 licentiam
598 1585 699 1629 (iuxta
709 1584 896 1618 huiusmodi
905 1583 1073 1628 privilegia
1084 1583 1177 1615 dum-

426 1639 522 1683 taxat)
542 1640 711 1680 ferentem,
734 1639 774 1672 ad
791 1639 939 1672 habitum
957 1643 988 1671 et
1004 1636 1178 1681 professio-

426 1704 498 1726 nem
506 1694 688 1736 regularem
698 1693 802 1726 insuis-
812 1693 950 1736 quisque
962 1690 1176 1731 monasteriis,

424 1746 588 1788 domibus,
606 1747 685 1780 locis
701 1748 749 1780 vel
767 1747 954 1787 Ordinibus,
975 1746 1071 1779 etiam
1093 1751 1127 1777 ut
1144 1744 1177 1776 in

426 1801 566 1834 claustro
587 1807 744 1844 perpetuo
762 1807 902 1842 maneat,
922 1800 1104 1840 adnullant,
1119 1809 1178 1831 uec

426 1854 558 1887 omnino
570 1865 767 1898 quemquam
780 1854 992 1898 recipiautvel
1004 1853 1176 1892 retineant,

426 1919 480 1941 eos
500 1918 575 1941 vero
595 1935 602 1950 ‚
627 1919 708 1951 quos
728 1908 761 1940 in
781 1909 890 1951 aliquo
912 1920 948 1941 ex
973 1907 1100 1940 casibus
1126 1918 1177 1939 su-

427 1962 581 2005 pradictis
600 1962 722 2005 (vigore
734 1962 920 1995 huiusmodi
935 1961 1177 2005 privilt'ffgiorum

428 2021 551 2048 tantum
571 2043 578 2056 ‚
601 2027 637 2048 ac
658 2021 786 2059 praeter
806 2016 885 2048 iuris
905 2015 1088 2049 connnunis
1116 2014 1180 2047 ‹lis-

429 2069 651 2113 positionem)
678 2069 741 2101 iam
771 2069 891 2102 babent
922 2070 1111 2108 translatos,
1139 2069 1178 2101 ad

427 2133 540 2156 eorum
561 2122 745 2166 superiores
771 2128 801 2155 et.
830 2123 900 2155 loca
930 2125 998 2155 eius
1027 2122 1176 2162 Ordinis,

427 2176 513 2209 unde
533 2182 623 2210 erant
645 2176 793 2220 profecti,
813 2176 1057 2219 quamprimum
1070 2176 1180 2209 reinit-

429 2235 507 2263 tant.

472 2284 487 2327 g
513 2283 544 2317 3.
574 2283 787 2317 Decernentes
816 2283 1047 2325 admissiones,
1070 2296 1180 2328 incep-

429 2342 532 2375 tiones
553 2348 580 2375 et
604 2343 799 2376 retentiones
818 2342 1005 2375 huiusmodi
1027 2344 1114 2375 nulla
1129 2344 1181 2375 lir-

432 2399 540 2434 mitate
560 2401 756 2440 subsistere,
788 2401 1018 2443 neminemque
1050 2412 1180 2443 prorsus

431 2458 486 2490 ulli
499 2464 583 2499 voto,
602 2459 698 2492 ullive
717 2460 858 2502 Regulae
879 2460 926 2492 vel
947 2459 1179 2499 observantim·‚

431 2516 527 2549 etiam
549 2517 731 2550 iuramento
752 2517 851 2550 aliave
877 2517 1081 2550 solemnitate
1107 2528 1181 2560 pro-

433 2574 558 2615 missae,
581 2574 736 2617 obligare:
751 2586 876 2609 necnon
898 2575 1024 2608 irritum
1038 2580 1069 2607 et
1085 2574 1180 2607 inane
1198 2588 1200 2599 ·

1210 344 1258 377 vel
1279 344 1478 387 ignoranter,
1501 343 1672 386 contigerit
1692 345 1854 378 attentari.

1255 397 1320 440 §le
1344 397 1547 441 Quicumque
1576 407 1650 430 vero
1680 397 1821 440 aliquem
1850 404 1964 432 contra

1212 451 1308 483 buius
1337 456 1466 484 nostrae
1495 450 1707 484 revocationis
1736 457 1882 485 tenorem
1910 452 1965 485 ad-

1214 505 1357 538 miserint
1381 510 1435 537 aut,
1456 505 1650 548 receperint,
1664 505 1801 538 autillos
1818 511 1873 538 aut
1884 516 1964 549 quos

1214 558 1275 590 iam
1297 558 1419 591 liabent
1437 585 1444 599 ,
1469 559 1566 591 modo
1596 559 1763 602 praedicto
1794 559 1966 592 translatos

1214 618 1263 644 aut
1289 618 1446 656 receptos,
1469 612 1675 654 retinuerint,
1699 613 1784 656 ipsos
1813 612 1965 646 omnibus

1214 671 1240 705 et
1265 665 1399 709 singulis
1420 666 1653 709 dignitatibus,
1677 666 1966 700 administrationi-

1214 719 1286 759 bus,
1309 720 1487 761 beneficiis,
1510 721 1635 761 officiis,
1659 721 1817 753 fructibus
1837 726 1869 754 et
1888 731 1966 764 pen-

1214 773 1360 806 sionibus
1371 774 1609 815 eeclesiastieis,
1626 775 1844 817 praesentium
1857 779 1967 807 aucto-

1216 826 1319 867 ritate,
1328 827 1502 870 privamus,
1515 833 1543 860 et
1557 828 1596 861 ad
1609 828 1716 861 sutura
1728 828 1887 862 inhabiles
1898 838 1966 862 esse

1214 881 1362 914 volumus
1383 892 1420 914 eo
1442 882 1523 925 ipso.

1259 936 1273 977 ξ
1295 934 1326 968 5.
1349 935 1506 974 Quocirca
1527 935 1678 968 omnibus
1705 936 1851 969 locorum
1881 935 1969 970 ordi-

1216 988 1326 1029 nariis,
1350 989 1382 1021 in
1404 1000 1545 1032 quorum
1566 989 1768 1022 dioecesibus
1788 990 1859 1022 loca
1876 1000 1969 1033 prae-

1216 1042 1302 1075 dicta
1322 1043 1523 1084 consistunt,
1557 1055 1614 1087 per
1643 1043 1821 1087 apostolica
1849 1043 1969 1087 scripta

1217 1097 1409 1129 mandamus
1430 1103 1476 1138 ut,
1499 1108 1557 1141 per
1567 1108 1600 1130 se
1610 1098 1658 1130 vel
1679 1097 1778 1129 alium
1799 1108 1855 1131 seu
1875 1097 1967 1139 alios

1216 1151 1255 1182 de
1277 1151 1438 1183 translatis
1459 1151 1633 1194 praedictis
1653 1151 1844 1184 auctoritate
1860 1155 1969 1184 nostra

1217 1210 1468 1246 ‹=‹·g11t)s‹·e11t‹:s‚
1492 1204 1524 1237 in
1549 1215 1623 1245 eos,
1655 1216 1737 1248 quos
1766 1210 1879 1237 contra
1907 1204 1969 1237 hoc

1217 1258 1454 1301 praescriptum
1476 1263 1623 1291 nostrum
1644 1258 1966 1301 degereinvenerint‚

1218 1322 1252 1343 ae
1274 1311 1370 1343 etiam
1384 1311 1576 1355 recipientes
1585 1312 1633 1344 vel
1648 1311 1835 1352 retinentes,
1849 1311 1969 1344 reiecto

1218 1376 1427 1409 quocumque
1448 1365 1661 1409 exemptionis
1682 1365 1871 1409 privilegio,
1902 1365 1970 1398 ani-

1219 1419 1431 1461 madvertant,
1454 1420 1607 1463 ipsosque
1619 1424 1787 1463 praeterea
1798 1420 1970 1452 translatos

1218 1473 1265 1505 vel
1287 1479 1428 1507 retentos
1454 1474 1493 1506 ad
1514 1474 1640 1517 priores
1660 1473 1797 1508 Ordines
1825 1478 1856 1506 et
1876 1472 1971 1506 disci-

1219 1526 1340 1570 plinam
1362 1528 1527 1561 remittere
1548 1533 1735 1571 procurent.
1749 1527 1972 1561 Contradicto-

1219 1592 1269 1613 res
1289 1592 1513 1625 quostjrumque
1534 1593 1593 1625 per
1618 1592 1770 1615 censuras
1791 1586 1822 1614 et
1850 1591 1971 1625 poenas

1220 1635 1451 1668 o‹ect·;=siasti1:as
1464 1641 1636 1679 ceteraque
1648 1635 1727 1668 iuris
1740 1641 1770 1668 et
1782 1635 1855 1668 facti
1867 1645 1971 1668 reme-

1219 1688 1272 1721 dia
1297 1695 1501 1733 opportuna,
1525 1700 1733 1733 quacumque
1753 1688 1970 1733 appellatione

1219 1743 1409 1786 postposita,
1433 1743 1681 1787 compescendo,
1705 1743 1852 1777 invocato
1873 1742 1969 1776 etiam

1220 1797 1258 1828 ad
1278 1796 1350 1837 hoc,
1371 1797 1395 1830 si
1414 1808 1496 1840 opus
1517 1796 1624 1838 fuerit,
1638 1796 1756 1830 auxilio
1768 1795 1892 1830 brachii
1904 1806 1972 1829 sae-

1220 1850 1349 1883 calaris.

1264 1904 1278 1946 ξ
1299 1903 1330 1936 6.
1357 1904 1427 1937 Non
1452 1904 1655 1937 obstantibus
1684 1902 1972 1937 constitutionibus

1220 1962 1251 1989 et
1271 1957 1532 1991 ordinationibus
1562 1957 1768 2001 apostolicis3
1799 1968 1836 1990 ac
1861 1967 1973 1990 mona*

1220 2010 1407 2052 steriorum,
1430 2011 1653 2055 hospitalium,
1677 2011 1887 2051 militiarum,
1916 2010 1972 2044 Or-

1221 2064 1334 2097 dinum
1361 2071 1391 2098 et
1420 2066 1566 2099 locorum
1598 2065 1862 2109 praedictorum,
1884 2064 1971 2097 iura-

1222 2125 1343 2159 mento,
1356 2120 1604 2153 confirmatione
1616 2119 1792 2163 apostolica
1801 2119 1851 2152 vel
1862 2118 1973 2162 quavis

1221 2172 1372 2205 firmitate
1394 2173 1454 2206 alia
1477 2173 1648 2213 roboratis,
1672 2173 1819 2214 statutis,-
1838 2182 1973 2205 consue-

1222 2226 1399 2267 tudinibus,
1411 2226 1650 2268 stabilimentis,
1664 2226 1776 2259 usibus
1787 2231 1819 2259 et
1834 2224 1970 2265 naturis;

1222 2280 1375 2322 quodque
1406 2280 1556 2323 praelatis
1577 2286 1608 2313 et
1628 2280 1851 2324 superioribus
1880 2289 1973 2322 prae-

1222 2332 1315 2365 dictis
1332 2334 1379 2365 vel
1400 2333 1566 2376 quibusvis
1587 2334 1668 2375 aliis,
1692 2333 1909 2366 communiter
1923 2333 1971 2365 vel

1222 2386 1359 2427 divisim,
1390 2398 1407 2419 a
1436 2387 1602 2430 praedicta
1630 2387 1669 2420 sit
1699 2387 1780 2420 Sede
1809 2386 1970 2419 indultum

1222 2436 1309 2477 quod
1322 2436 1436 2469 luseris
1459 2436 1676 2475 revocatorbs,
1689 2436 1748 2468 sub
1765 2444 1971 2478 quacumque

1223 2486 1362 2518 toi-mula
1382 2486 1486 2525 editis,
1509 2487 1703 2526 nullatenus,
1726 2486 1773 2518 vel
1794 2484 1854 2518 nisi
1866 2484 1971 2517 modis

1222 2538 1252 2565 et
1273 2534 1384 2567 formis
1406 2534 1636 2568 inliuiusmodi
1650 2534 1783 2567 indultis
1797 2534 1968 2575 contentis,

1222 2594 1348 2625 parere,
1371 2590 1402 2617 et
1421 2584 1538 2617 ob'non
1552 2584 1744 2627 paritionem
1757 2583 1881 2626 aliquas
1898 2593 1971 2616 cen-

432 2633 587 2676 quicquid
609 2645 699 2667 secus
720 2645 777 2677 per
797 2634 978 2678 praedictos
1003 2639 1057 2667 aut
1085 2644 1181 2677 quos-
1221 2643 1311 2665 suras
1324 2638 1354 2665 et
1370 2633 1680 2676 poenasincurrere,
1703 2638 1755 2665 aut
1776 2633 1853 2666 alias
1873 2633 1971 2667 inter-

1978 238 2028 265 Αῐι.
2044 238 2073 265 C.
2091 236 2159 266 156⁹

1997 410 2161 431 Contraventen-

1979 444 2027 464 liunt
2044 448 2133 468 poenae,

2001 951 2106 971 Ordiuarti
2117 956 2165 971 con-

1983 985 2015 1003 tra
2043 983 2165 1009 praedictos

1983 1014 2106 1041 procedant.

2012 1914 2123 1936 mensulae
2135 1915 2169 1935 de-

1986 1947 2110 1973 rog-nortae
