2237 3100
194 260 243 286 An.
266 260 294 287 C.
310 259 377 287 ¹560

207 1109 255 1129 riu<
264 1111 332 1129 autem
344 1106 376 1132 Ν,

195 1140 290 1161 Pantitex
320 1141 376 1162 itte,

194 1178 217 1191 et
247 1173 316 1192 causis
345 1170 377 1190 l=¹·-

194 1204 301 1230 expressis
312 1218 316 1225 ,
334 1209 376 1228 pi,-

193 1236 269 1260 *itegia
291 1237 310 1254 et
333 1240 379 1257 gia-

194 1267 232 1285 tins
249 1270 285 1290 pet·
307 1262 379 1283 §lat-tt-

193 1302 240 1316 num
259 1295 274 1313 V
293 1297 312 1314 et
327 1294 380 1313 alios

194 1327 328 1353 praedecess.
345 1325 380 1344 ho-

195 1358 264 1385 spitali
288 1360 308 1377 et
325 1357 380 1377 mih-

194 1392 235 1410 tiae
258 1389 278 1409 Ξ,
296 1388 380 1408 loannis

195 1420 379 1447 Hierosolpinitani

195 1454 282 1479 eiusque
306 1457 380 1478 perso-

194 1485 226 1505 nis
261 1486 282 1503 et
318 1482 380 1502 rebus

195 1514 381 1537 e01110essas,iuxta

196 1546 272 1567 Leonis
288 1545 311 1567 X.
330 1544 379 1565 Cle—

193 1578 270 1597 mentis
300 1574 335 1595 tlt
360 1578 379 1595 et

195 1608 250 1628 l'auli
276 1605 304 1626 tlt
328 1612 381 1626 con-

195 1639 382 1659 ressionesotinx-

195 1675 215 1690 ta
244 1669 381 1689 rom-titutio-

196 1700 380 1725 mnemnupertn

196 1732 254 1751 coria
268 1736 339 1755 regum
353 1729 381 1749 Α-

197 1768 295 1788 vngonum
335 1761 383 1781 edi-

197 1798 245 1819 tam,
262 1793 379 1814 confirmat:

436 250 477 284 ts

391 313 598 356 eligerentur,
621 314 905 356 praesentarentur
924 308 972 340 vel
994 307 1070 339 alias
1091 317 1141 338 as-

391 367 598 395 sumerentur
617 361 655 394 ad
682 360 747 399 itta,
783 364 810 392 et
843 357 1090 391 instituerentur
1111 355 1141 388 in

391 413 448 452 eis,
470 411 626 455 recipere,
647 415 675 443 et
698 410 730 442 in
752 409 893 447 titulum,
916 407 1010 440 etiam
1037 405 1143 449 quoad

391 462 540 501 viverent,
564 461 703 494 retinere
724 457 917 503 respective,
940 457 1040 489 libere
1059 461 1085 488 et
1108 455 1144 487 li-

392 512 452 545 cite
471 511 625 550 valerent,
645 508 782 542 extendit
796 513 823 540 et
842 505 1016 549 ampliavit:
1034 503 1143 546 cisque

391 560 545 593 concessit
576 564 603 592 et
639 558 758 603 pariter
783 555 927 595 indulsit,
949 565 984 586 ac
1006 564 1080 585 cum
1100 553 1144 586 eis

391 620 489 654 super
521 610 582 641 boc
617 607 758 649 legitime
783 603 994 649 dispensavit3
1017 613 1143 635 necnon

392 659 592 702 magistrum,
612 657 747 700 priores,
767 653 933 690 luiiulivos,
957 658 1144 696 praecepto-

392 719 453 742 res,
476 706 610 744 milites,
635 708 764 741 tratres,
789 712 959 745 personas,
982 702 1143 740 vassallos,

392 756 534 788 subditos
555 761 582 787 et
606 753 775 785 servitores
795 751 978 795 praedictos
999 750 1061 782 illis
1077 761 1144 782 om-

392 805 501 839 nibus,
526 804 612 836 iuxta
639 803 769 835 illorum
795 799 1026 832 continentiam
1047 805 1077 833 et
1098 804 1143 832 te-

391 864 515 889 norem,
541 858 697 896 perpetuo
719 850 778 887 uti,
802 850 909 893 potiri,
933 849 995 881 l'rui
1016 854 1046 882 et
1065 860 1144 891 gau-

391 901 466 934 dere
488 901 587 934 libere
608 906 633 933 et
660 900 743 933 licite
766 909 858 943 posse
879 898 1030 937 decrevit,
1050 903 1143 941 prout

392 951 422 982 in
443 950 578 993 singulis
599 949 698 982 literis
719 948 1005 992 praedecessorum
1032 947 1144 980 liuius-

391 1000 476 1033 modi
500 999 627 1043 plenius
648 998 843 1031 continetur.

435 1049 522 1093 3¹53.
555 1049 617 1082 Nos
645 1048 752 1091 igitur,
771 1046 939 1091 cupientes
966 1052 997 1078 ut
1023 1046 1146 1088 Religio

391 1099 558 1144 hospitalis
578 1098 775 1139 huiusmodi,
790 1097 884 1130 cuius
900 1097 1024 1136 fratres,
1051 1096 1147 1128 nullis

394 1151 555 1194 parcendo
571 1148 734 1193 periculis,
755 1152 866 1179 contra
879 1146 1009 1190 piratas.
1027 1145 1147 1178 Turcas

394 1205 419 1231 ct
444 1200 523 1233 alios
543 1198 658 1231 Christi
681 1196 821 1229 nominis
842 1196 949 1228 hostes
977 1194 1145 1235 dimicare,

394 1260 428 1281 ae
452 1259 509 1292 pro
531 1249 631 1281 salute
657 1245 831 1279 christiana
862 1245 1029 1276 honestam
1064 1254 1148 1276 mor-

395 1302 456 1329 tem
479 1302 632 1341 oppetere
653 1306 718 1328 non
739 1300 884 1333 cessant,
903 1299 931 1326 et
950 1303 1148 1336 quaquaver-

395 1357 464 1378 sum
487 1345 595 1378 classis
616 1343 866 1377 cln·istianorn1n
889 1342 919 1374 in
941 1341 1087 1374 infideles
1102 1341 1150 1373 di—

396 1395 521 1438 rigitur,
544 1394 645 1427 vocati
672 1404 704 1426 se.
726 1392 769 1425 illi
791 1392 986 1434 adiungunt,
1011 1390 1149 1434 primos-

395 1456 455 1486 que
477 1454 668 1487 congressus
699 1441 822 1474 sortiter
850 1440 1023 1480 sustinent,
1056 1439 1149 1473 sicuti

395 1493 616 1532 1iovissinn=,in
634 1490 869 1535 expugnatione
881 1495 986 1522 terrae
998 1489 1112 1521 Africa}
1125 1489 1149 1529 l,

395 1544 534 1588 priscam
567 1542 715 1574 virtutem
747 1539 966 1579 ostendentes,
1004 1538 1149 1571 omnium

396 1592 488 1636 primi
516 1591 600 1624 illius
631 1600 740 1622 muros
770 1587 1041 1628 conscenderunt,
1065 1587 1151 1620 salu-

395 1640 495 1674 briter
515 1640 671 1683 dirigatur
696 1645 721 1672 et
752 1638 937 1682 amplietur,
965 1637 1099 1669 dilectos
1118 1636 1152 1668 fi-

396 1691 454 1723 lios
466 1691 617 1723 loannem
629 1690 666 1721 de
678 1689 786 1721 Valeta
796 1687 824 1726 2,
835 1687 1027 1719 modernum
1050 1686 1150 1728 magi-

396 1746 508 1779 strum,
527 1750 563 1771 ac
582 1739 714 1782 priores,
727 1736 895 1774 baiulivos,
914 1739 1151 1779 praeceptores,

396 1788 526 1828 milites,
550 1789 663 1820 fratres
684 1792 713 1818 et
732 1796 887 1830 personas
908 1783 1074 1827 hospitalis
1095 1784 1153 1815 bu-

399 1837 536 1871 iusmodi
572 1848 609 1869 ac
636 1847 749 1869 eorum
777 1835 921 1876 singulos
951 1844 967 1865 a
988 1833 1153 1875 quibusvis

397 1886 752 1925 excommunicationis,
790 1882 1010 1927 suspensionis
1043 1888 1071 1915 et
1108 1882 1154 1914 in-

397 1935 523 1969 terdicti
553 1935 687 1978 aliisque
721 1931 947 1966 ecclesiasticis
972 1930 1151 1971 sententiis,

399 1985 543 2020 censuris
563 1990 591 2017 et
614 1983 739 2028 poenis,
759 1995 775 2015 a
793 1983 862 2015 iure
878 1983 926 2015 vel
948 1981 986 2014 ab
1007 1981 1151 2020 bomine,

399 2034 508 2078 quavis
529 2034 698 2067 occasione
715 2033 761 2066 vel
784 2042 879 2065 cansa
897 2030 978 2069 latis,
997 2029 1021 2063 si
1037 2030 1155 2073 quibus

400 2082 641 2127 quomodolibet
664 2081 807 2114 innodati
825 2081 1008 2119 existerent,
1027 2079 1064 2111 ad
1083 2079 1156 2112 effe-

400 2139 487 2166 ctum
513 2133 730 2177 praesentium
761 2131 923 2163 dumtaxat
959 2138 1156 2171 cousequen-

401 2183 491 2221 dum,
514 2183 629 2215 barum
652 2181 733 2214 serie
752 2180 951 2212 absolventes
976 2183 1004 2211 et
1024 2178 1155 2211 absolu-

402 2238 450 2265 tos
471 2232 537 2263 fore
556 2236 734 2267 censentes,
758 2234 846 2261 motu
864 2228 1009 2271 protitrio,
1033 2238 1097 2259 non
1118 2226 1158 2259 ad

403 2280 531 2313 loannis
552 2281 590 2312 de
610 2279 715 2312 Valeta
744 2276 885 2320 magistri
920 2281 975 2308 aut
1004 2275 1158 2308 bainlivo-

406 2341 490 2369 rum,
513 2329 680 2372 priorum,
704 2332 973 2371 praeceptorum,
996 2324 1134 2357 militum
1149 2351 1156 2365 ,

406 2380 539 2411 fratrum
573 2379 619 2410 vel
661 2386 880 2421 personarum
921 2374 1157 2419 praedictarum

406 2440 460 2461 seu
482 2428 619 2461 aliorum
646 2437 704 2470 pro
725 2426 769 2458 eis
789 2425 881 2458 nobis
901 2435 999 2467 super
1019 2423 1079 2456 hoc
1101 2423 1159 2456 ob-

407 2479 487 2509 latae
509 2475 671 2520 petitionis
700 2474 895 2514 instantiam,
917 2474 971 2506 sed
992 2473 1030 2506 de
1051 2478 1160 2506 nostra

445 2537 454 2561 l
475 2536 675 2565 Aphrodisium,
692 2532 771 2566 vulgo
791 2532 895 2565 Africa,
913 2531 1006 2558 incolis
1025 2532 1159 2562 Mahndia,

409 2575 472 2601 urbs
489 2574 590 2601 atricae
607 2573 755 2600 maritimae
771 2580 783 2598 a
805 2572 898 2599 Carolo
915 2571 933 2597 V
949 2574 1109 2606 expugnata.
1127 2571 1157 2596 Γ.

409 2614 560 2646 Baudrand,
581 2616 692 2640 Lexicon
713 2614 918 2645 yeoyraphicum
939 2611 975 2645 (n.
998 2611 1048 2645 Τ.),
1087 2612 1102 2636 “2
1121 2610 1161 2636 lo-

409 2655 522 2682 hannem
539 2654 572 2680 de
592 2653 613 2680 la
634 2653 746 2680 Vallette
766 2652 869 2683 Parisot
884 2650 922 2684 (n.
945 2651 992 2683 τ.).

984 249 1162 277 lumbardum
1194 248 1343 273 ROMANUM

1184 313 1273 336 mera
1292 302 1482 336 liberalitate
1509 305 1534 333 et
1564 311 1599 332 ex
1621 304 1707 331 certa
1727 296 1861 331 scientia
1882 305 1937 328 no-

1185 362 1248 389 stra
1273 366 1309 389 ac
1330 356 1368 388 de
1389 355 1584 399 apostolicae
1609 352 1773 397 potestatis
1794 351 1936 396 plenitu-

1185 410 1270 449 dine,
1294 412 1421 447 statuta,
1438 406 1670 446 ordinationes,
1690 404 1936 443 declarationes,

1186 461 1416 501 revocationes,
1435 460 1640 499 cassationes,
1663 458 1868 497 irritationes,
1887 468 1939 490 vo—

1185 518 1338 552 luntates,
1363 514 1574 552 monitiones,
1597 513 1840 557 requisitiones,
1869 522 1940 554 pro-

1186 569 1411 611 mulgationes,
1435 568 1691 612 suppressiones,
1715 565 1936 600 extinctiones.

1187 623 1339 662 uniones,
1368 621 1663 665 ineorporationes,
1690 619 1937 653 concessiones.

1186 676 1280 709 etiam
1308 676 1494 708 facultatum
1522 674 1770 715 assignationes,
1798 672 1938 708 decreta,

1186 729 1439 766 annullationes,
1461 728 1696 768 advocationes,
1720 726 1937 763 remissiones,

1188 784 1404 823 inhibitiones,
1414 783 1659 821 iniunctionem,
1671 781 1937 815 moderationem.

1188 837 1409 881 repetitionem
1424 864 1430 876 ,
1452 836 1710 875 renovationem,
1738 833 1941 878 approbatio-

1188 903 1257 931 nes,
1280 890 1559 927 confirmationes„
1588 889 1825 933 sulwletiones‚
1853 887 1942 921 resti-

1188 945 1362 983 tutionem,
1388 944 1632 988 repositionem,
1660 942 1939 979 commissionem,

1189 998 1392 1038 mandatum,
1416 998 1654 1041 susceptionem
1668 1023 1675 1035 ,
1698 996 1940 1034 liberationem,

1188 1053 1445 1097 exemptionem,
1473 1051 1725 1089 subiectionem,
1753 1049 1943 1093 prohibitio·

1188 1117 1274 1145 nem,
1297 1106 1526 1142 extensionem,
1551 1104 1812 1148 ampliationem,
1835 1103 1942 1136 indul-

1189 1166 1255 1192 tum
1275 1166 1305 1193 et
1320 1159 1591 1203 dispensationem
1614 1158 1755 1195 Martini,
1779 1156 1870 1196 Sixfi,
1891 1157 1943 1190 In-

1189 1213 1341 1253 nocentii‚
1364 1213 1447 1253 Iulii,
1470 1213 1595 1250 Leonis,
1620 1211 1793 1247 Clementis
1809 1215 1840 1243 et
1854 1210 1943 1243 Pauli

1190 1267 1474 1311 praedecessoriun
1498 1266 1700 1305 huiusmodi,
1724 1274 1851 1297 necnon
1876 1274 1944 1297 om-

1190 1321 1242 1353 nia
1271 1326 1301 1353 et
1331 1321 1456 1363 singula
1481 1319 1662 1364 privilegia,
1685 1317 1941 1357 iurisdictiones,

1192 1375 1368 1414 facultates,
1392 1374 1619 1414 immunitates,
1645 1372 1881 1410 concessiones,
1899 1371 1946 1404 in-

1191 1427 1381 1471 dulgentias,
1391 1427 1566 1467 libertates,
1580 1425 1827 1471 praerogativa&
1842 1436 1946 1458 exem-

1193 1482 1329 1524 ptiones,
1349 1481 1478 1524 gratias
1498 1480 1619 1513 favores
1640 1484 1670 1512 et
1689 1479 1813 1511 indulta
1833 1478 1944 1521 hospi-

1193 1535 1267 1573 tali,
1290 1534 1465 1573 baiuliviis,
1488 1533 1700 1577 prioratibus,
1727 1532 1944 1572 castellaniae,

1193 1588 1440 1632 praeceptoriis,
1462 1586 1629 1625 domibus,
1651 1586 1861 1619 conventibus
1890 1596 1945 1618 seu

1194 1640 1411 1678 i‘ttonasteriis,
1433 1639 1595 1676 eeclesiis,
1619 1639 1794 1683 cappellis,
1818 1638 1897 1672 locis
1917 1643 1945 1671 et

1195 1695 1357 1735 membris,
1385 1704 1510 1727 necnon
1537 1704 1595 1737 pro
1620 1699 1766 1736 tempore
1791 1691 1949 1725 existenti-

1193 1750 1253 1781 bus
1270 1749 1435 1792 magistro,
1462 1747 1620 1787 baiulivis,
1640 1747 1816 1790 prioribus,
1839 1747 1950 1780 castel-

1195 1804 1279 1844 lano,
1313 1802 1590 1847 praeceptoribus,
1610 1801 1777 1840 militibus,
1797 1801 1949 1834 fratribus

1195 1862 1224 1889 et
1250 1856 1395 1900 personis
1422 1867 1458 1888 ac
1486 1866 1597 1888 eorum
1633 1854 1793 1895 vassallis,
1816 1854 1950 1888 subditis

1195 1917 1220 1943 et
1258 1910 1477 1947 servitoribus,
1509 1920 1566 1952 per
1601 1908 1782 1952 praedictos
1815 1913 1845 1941 et
1871 1908 1950 1941 alios

1195 1975 1419 2007 ‹pioscnrnqne
1442 1964 1602 1996 Romanos
1621 1963 1793 1995 Pontitices
1813 1962 1948 2006 praede-

1197 2029 1339 2051 cessores
1374 2023 1499 2051 nostros
1533 2022 1560 2049 et
1592 2016 1707 2050 Sedetn
1733 2015 1948 2058 praedictam,

1197 2072 1255 2104 sub
1273 2071 1533 2114 ‹plilniscumque
1550 2069 1717 2102 tenoribus
1737 2075 1768 2102 et
1788 2069 1899 2102 formis
1915 2080 1950 2102 ae

1198 2136 1270 2158 cum
1293 2124 1457 2168 quibusvis
1478 2123 1631 2156 clausulis
1643 2127 1670 2155 et
1684 2122 1832 2161 decretis,
1847 2123 1953 2155 bacte-

1198 2190 1258 2212 nus
1278 2179 1521 2223 qnommlolibet
1542 2188 1707 2215 concessa,
1726 2174 1903 2221 approbata
1923 2183 1950 2210 et

1199 2233 1358 2269 innovata,
1382 2243 1507 2265 necnon
1529 2242 1603 2263 cuni
1625 2230 1774 2263 omnibus
1796 2236 1822 2263 et
1846 2230 1952 2272 singu-

1200 2287 1237 2318 lis
1258 2286 1288 2318 in
1310 2286 1354 2318 eis
1375 2285 1533 2319 contentis
1559 2284 1713 2317 clausulis
1739 2284 1881 2326 singulas
1901 2293 1954 2317 eo-

1202 2340 1346 2372 rumdem
1359 2340 1656 2383 praedecessorum,
1669 2344 1733 2370 tam
1744 2337 1803 2370 sub
1820 2338 1952 2381 plumbo

1200 2404 1295 2437 quani
1318 2393 1348 2425 in
1375 2394 1478 2426 l‘orma
1503 2392 1607 2425 brevis
1632 2392 1756 2427 literas,
1780 2396 1877 2433 prout
1896 2401 1954 2435 per

1201 2447 1419 2474 amet-essores
1440 2446 1567 2474 nostros
1587 2441 1725 2473 Leonem
1752 2439 1787 2478 X,
1805 2438 1953 2471 Clemen-

1202 2496 1264 2523 tem
1288 2491 1335 2523 Vll
1357 2496 1387 2523 et
1413 2490 1547 2522 Paulum
1573 2489 1611 2521 ΙΙΙ
1641 2498 1813 2527 concessa,
1834 2487 1953 2520 confir—

1202 2544 1286 2571 mata
1315 2544 1342 2571 et
1375 2539 1551 2583 amirobata
1576 2538 1724 2576 fuerunt,
1747 2540 1777 2568 et
1797 2535 1954 2569 constitu-

1201 2588 1320 2621 tionem
1342 2598 1454 2624 eorum
1475 2590 1707 2630 nuncupatam,
1730 2585 1762 2617 in
1785 2584 1955 2618 novissime

1203 2637 1362 2670 celebrata
1383 2636 1472 2670 curia
1497 2646 1609 2680 regum
1630 2636 1829 2676 Aragonum,
1851 2638 1884 2666 ut
1905 2644 1955 2666 ac-

1956 232 2004 260 An.
2024 233 2051 259 C.
2073 233 2139 260 1560
