<?xml version="1.0" encoding="UTF-8"?>
<!DOCTYPE html PUBLIC "-//W3C//DTD XHTML 1.0 Transitional//EN"
    "http://www.w3.org/TR/xhtml1/DTD/xhtml1-transitional.dtd">
<html xmlns="http://www.w3.org/1999/xhtml" xml:lang="en" lang="en">
 <head>
  <title>
</title>
<meta http-equiv="Content-Type" content="text/html;charset=utf-8" />
  <meta name='ocr-system' content='tesseract 3.04.00' />
  <meta name='ocr-capabilities' content='ocr_page ocr_carea ocr_par ocr_line ocrx_word'/>
</head>
<body>
  <div class='ocr_page' id='page_1' title='image "./bullarumdiplomat07cath_0745.png"; bbox 0 0 2237 3100; ppageno 0'>
   <div class='ocr_carea' id='block_1_1' title="bbox 54 266 234 294">
    <p class='ocr_par' dir='ltr' id='par_1_1' title="bbox 54 266 234 294">
     <span class='ocr_line' id='line_1_1' title="bbox 54 266 234 294; baseline 0 -1"><span class='ocrx_word' id='word_1_1' title='bbox 54 266 234 294; x_wconf 75' lang='lat' dir='ltr'>An.c.11568</span> 
     </span>
    </p>
   </div>
   <div class='ocr_carea' id='block_1_2' title="bbox 52 409 106 434">
    <p class='ocr_par' dir='ltr' id='par_1_2' title="bbox 52 409 106 434">
     <span class='ocr_line' id='line_1_2' title="bbox 52 409 106 434; baseline -0.037 -4"><span class='ocrx_word' id='word_1_2' title='bbox 52 409 106 434; x_wconf 70' lang='lat' dir='ltr'>tupa,</span> 
     </span>
    </p>
   </div>
   <div class='ocr_carea' id='block_1_3' title="bbox 50 536 233 593">
    <p class='ocr_par' dir='ltr' id='par_1_3' title="bbox 50 536 233 593">
     <span class='ocr_line' id='line_1_3' title="bbox 66 536 233 572; baseline 0 -15"><span class='ocrx_word' id='word_1_3' title='bbox 66 536 181 572; x_wconf 26' lang='lat' dir='ltr'>,cedentes</span> <span class='ocrx_word' id='word_1_4' title='bbox 198 536 233 557; x_wconf 82' lang='lat' dir='ltr'>bo-</span> 
     </span>
     <span class='ocr_line' id='line_1_4' title="bbox 50 573 91 593; baseline 0 -5"><span class='ocrx_word' id='word_1_5' title='bbox 50 573 91 593; x_wconf 71' lang='lat' dir='ltr'>nis,</span> 
     </span>
    </p>
   </div>
   <div class='ocr_carea' id='block_1_4' title="bbox 48 705 232 759">
    <p class='ocr_par' dir='ltr' id='par_1_4' title="bbox 48 705 232 759">
     <span class='ocr_line' id='line_1_5' title="bbox 75 705 232 727; baseline 0.006 -1"><span class='ocrx_word' id='word_1_6' title='bbox 75 705 162 727; x_wconf 79' lang='lat' dir='ltr'>Nulliter</span> <span class='ocrx_word' id='word_1_7' title='bbox 183 711 232 727; x_wconf 81' lang='lat' dir='ltr'>car-</span> 
     </span>
     <span class='ocr_line' id='line_1_6' title="bbox 48 740 142 759; baseline -0.011 -1"><span class='ocrx_word' id='word_1_8' title='bbox 48 740 142 759; x_wconf 70' lang='lat' dir='ltr'>ceratos.</span> 
     </span>
    </p>
   </div>
   <div class='ocr_carea' id='block_1_5' title="bbox 48 1077 231 1166">
    <p class='ocr_par' dir='ltr' id='par_1_5' title="bbox 48 1077 231 1166">
     <span class='ocr_line' id='line_1_7' title="bbox 75 1077 231 1098; baseline 0.006 -1"><span class='ocrx_word' id='word_1_9' title='bbox 75 1077 189 1098; x_wconf 74' lang='lat' dir='ltr'>Arbitrium</span> <span class='ocrx_word' id='word_1_10' title='bbox 199 1079 231 1098; x_wconf 84' lang='lat' dir='ltr'>vi-</span> 
     </span>
     <span class='ocr_line' id='line_1_8' title="bbox 48 1109 230 1129; baseline 0 0"><span class='ocrx_word' id='word_1_11' title='bbox 48 1109 158 1129; x_wconf 73' lang='lat' dir='ltr'>nitatorum</span> <span class='ocrx_word' id='word_1_12' title='bbox 210 1110 230 1129; x_wconf 91' lang='lat' dir='ltr'>in</span> 
     </span>
     <span class='ocr_line' id='line_1_9' title="bbox 48 1140 168 1166; baseline -0.008 -6"><span class='ocrx_word' id='word_1_13' title='bbox 48 1140 168 1166; x_wconf 26' lang='lat' dir='ltr'>praedietis*</span> 
     </span>
    </p>
   </div>
   <div class='ocr_carea' id='block_1_6' title="bbox 49 2080 232 2135">
    <p class='ocr_par' dir='ltr' id='par_1_6' title="bbox 49 2080 232 2135">
     <span class='ocr_line' id='line_1_10' title="bbox 89 2080 232 2102; baseline 0 -1"><span class='ocrx_word' id='word_1_14' title='bbox 89 2080 156 2102; x_wconf 70' lang='lat' dir='ltr'>Caum</span> <span class='ocrx_word' id='word_1_15' title='bbox 171 2080 232 2102; x_wconf 84' lang='lat' dir='ltr'>huius</span> 
     </span>
     <span class='ocr_line' id='line_1_11' title="bbox 49 2113 217 2135; baseline -0.012 0"><span class='ocrx_word' id='word_1_16' title='bbox 49 2113 217 2135; x_wconf 70' lang='lat' dir='ltr'>constitutionis.</span> 
     </span>
    </p>
   </div>
   <div class='ocr_carea' id='block_1_7' title="bbox 938 264 1108 289">
    <p class='ocr_par' dir='ltr' id='par_1_7' title="bbox 938 264 1108 289">
     <span class='ocr_line' id='line_1_12' title="bbox 938 264 1108 289; baseline -0.012 0"><span class='ocrx_word' id='word_1_17' title='bbox 938 264 1004 289; x_wconf 80' lang='lat' dir='ltr'>PIUS</span> <span class='ocrx_word' id='word_1_18' title='bbox 1023 265 1041 288; x_wconf 89' lang='lat' dir='ltr'>V</span> <span class='ocrx_word' id='word_1_19' title='bbox 1061 264 1108 288; x_wconf 76' lang='lat' dir='ltr'>Pr.</span> 
     </span>
    </p>
   </div>
   <div class='ocr_carea' id='block_1_8' title="bbox 295 317 998 361">
    <p class='ocr_par' dir='ltr' id='par_1_8' title="bbox 295 317 998 361">
     <span class='ocr_line' id='line_1_13' title="bbox 295 317 998 361; baseline 0 -10"><span class='ocrx_word' id='word_1_20' title='bbox 295 318 309 361; x_wconf 63' lang='grc' dir='ltr'><strong>ἓ</strong></span> <span class='ocrx_word' id='word_1_21' title='bbox 333 317 364 351; x_wconf 86' lang='grc'>6.</span> <span class='ocrx_word' id='word_1_22' title='bbox 387 317 520 357; x_wconf 87' lang='lat' dir='ltr'>Octavo,</span> <span class='ocrx_word' id='word_1_23' title='bbox 556 318 738 351; x_wconf 76' lang='lat' dir='ltr'>relaxentur</span> <span class='ocrx_word' id='word_1_24' title='bbox 758 318 917 352; x_wconf 71' lang='lat' dir='ltr'>debitores</span> <span class='ocrx_word' id='word_1_25' title='bbox 948 329 998 351; x_wconf 91' lang='lat' dir='ltr'>ca-</span> 
     </span>
    </p>
   </div>
   <div class='ocr_carea' id='block_1_9' title="bbox 79 371 998 416">
    <p class='ocr_par' dir='ltr' id='par_1_9' title="bbox 79 371 998 416">
     <span class='ocr_line' id='line_1_14' title="bbox 79 371 998 416; baseline 0.001 -12"><span class='ocrx_word' id='word_1_26' title='bbox 79 377 193 404; x_wconf 67' lang='lat' dir='ltr'>Susrectos</span> <span class='ocrx_word' id='word_1_27' title='bbox 210 377 235 397; x_wconf 72' lang='lat' dir='ltr'>de</span> <span class='ocrx_word' id='word_1_28' title='bbox 250 371 295 416; x_wconf 92' lang='lat' dir='ltr'>pti</span> <span class='ocrx_word' id='word_1_29' title='bbox 315 376 351 404; x_wconf 91' lang='lat' dir='ltr'>ut</span> <span class='ocrx_word' id='word_1_30' title='bbox 369 372 509 414; x_wconf 85' lang='lat' dir='ltr'>suspecti</span> <span class='ocrx_word' id='word_1_31' title='bbox 526 372 565 405; x_wconf 91' lang='lat' dir='ltr'>de</span> <span class='ocrx_word' id='word_1_32' title='bbox 585 372 658 415; x_wconf 79' lang='lat' dir='ltr'>fuga</span> <span class='ocrx_word' id='word_1_33' title='bbox 673 399 680 413; x_wconf 88' lang='lat'>,</span> <span class='ocrx_word' id='word_1_34' title='bbox 702 372 775 405; x_wconf 88' lang='lat' dir='ltr'>data</span> <span class='ocrx_word' id='word_1_35' title='bbox 795 372 943 406; x_wconf 88' lang='lat' dir='ltr'>cautione</span> <span class='ocrx_word' id='word_1_36' title='bbox 959 373 998 406; x_wconf 83' lang='lat' dir='ltr'>de</span> 
     </span>
    </p>
   </div>
   <div class='ocr_carea' id='block_1_10' title="bbox 244 425 998 1697">
    <p class='ocr_par' dir='ltr' id='par_1_10' title="bbox 249 425 905 470">
     <span class='ocr_line' id='line_1_15' title="bbox 249 425 905 470; baseline 0.002 -12"><span class='ocrx_word' id='word_1_37' title='bbox 249 436 282 459; x_wconf 90' lang='lat' dir='ltr'>se</span> <span class='ocrx_word' id='word_1_38' title='bbox 306 426 579 469; x_wconf 89' lang='lat' dir='ltr'>repraesentando</span> <span class='ocrx_word' id='word_1_39' title='bbox 596 425 654 458; x_wconf 90' lang='lat' dir='ltr'>sub</span> <span class='ocrx_word' id='word_1_40' title='bbox 674 436 777 470; x_wconf 88' lang='lat' dir='ltr'>poena</span> <span class='ocrx_word' id='word_1_41' title='bbox 797 426 905 459; x_wconf 88' lang='lat' dir='ltr'>debiti.</span> 
     </span>
    </p>

    <p class='ocr_par' dir='ltr' id='par_1_11' title="bbox 246 478 996 630">
     <span class='ocr_line' id='line_1_16' title="bbox 292 478 995 522; baseline 0 -10"><span class='ocrx_word' id='word_1_42' title='bbox 292 479 307 522; x_wconf 62' lang='grc' dir='ltr'><strong>ἓ</strong></span> <span class='ocrx_word' id='word_1_43' title='bbox 328 478 359 512; x_wconf 93' lang='grc'>7.</span> <span class='ocrx_word' id='word_1_44' title='bbox 386 478 498 519; x_wconf 90' lang='lat' dir='ltr'>Nono,</span> <span class='ocrx_word' id='word_1_45' title='bbox 520 480 705 513; x_wconf 89' lang='lat' dir='ltr'>relaxentur</span> <span class='ocrx_word' id='word_1_46' title='bbox 720 479 892 521; x_wconf 82' lang='lat' dir='ltr'>debitores,</span> <span class='ocrx_word' id='word_1_47' title='bbox 916 480 995 513; x_wconf 84' lang='lat' dir='ltr'>sacta</span> 
     </span>
     <span class='ocr_line' id='line_1_17' title="bbox 248 531 996 576; baseline 0.003 -12"><span class='ocrx_word' id='word_1_48' title='bbox 248 531 393 565; x_wconf 77' lang='lat' dir='ltr'><strong>cessione</strong></span> <span class='ocrx_word' id='word_1_49' title='bbox 418 532 578 565; x_wconf 91' lang='lat' dir='ltr'>bonorum</span> <span class='ocrx_word' id='word_1_50' title='bbox 600 538 696 576; x_wconf 89' lang='lat' dir='ltr'>prout</span> <span class='ocrx_word' id='word_1_51' title='bbox 715 533 753 566; x_wconf 88' lang='lat' dir='ltr'>de</span> <span class='ocrx_word' id='word_1_52' title='bbox 774 533 844 566; x_wconf 91' lang='lat' dir='ltr'>iure</span> <span class='ocrx_word' id='word_1_53' title='bbox 868 539 899 566; x_wconf 90' lang='lat' dir='ltr'>et</span> <span class='ocrx_word' id='word_1_54' title='bbox 930 544 996 566; x_wconf 89' lang='lat' dir='ltr'>ser-</span> 
     </span>
     <span class='ocr_line' id='line_1_18' title="bbox 246 585 719 630; baseline 0.004 -13"><span class='ocrx_word' id='word_1_55' title='bbox 246 590 316 619; x_wconf 89' lang='lat' dir='ltr'>vata</span> <span class='ocrx_word' id='word_1_56' title='bbox 335 585 438 619; x_wconf 88' lang='lat' dir='ltr'>forma</span> <span class='ocrx_word' id='word_1_57' title='bbox 458 591 564 619; x_wconf 89' lang='lat' dir='ltr'>motus</span> <span class='ocrx_word' id='word_1_58' title='bbox 584 586 719 630; x_wconf 88' lang='lat' dir='ltr'>proprii.</span> 
     </span>
    </p>

    <p class='ocr_par' dir='ltr' id='par_1_12' title="bbox 245 638 998 995">
     <span class='ocr_line' id='line_1_19' title="bbox 291 638 998 682; baseline 0.001 -11"><span class='ocrx_word' id='word_1_59' title='bbox 291 639 306 682; x_wconf 72' lang='lat'>§</span> <span class='ocrx_word' id='word_1_60' title='bbox 326 638 357 672; x_wconf 85' lang='lat'>8.</span> <span class='ocrx_word' id='word_1_61' title='bbox 380 639 528 678; x_wconf 87' lang='lat' dir='ltr'>Decimo,</span> <span class='ocrx_word' id='word_1_62' title='bbox 550 640 734 672; x_wconf 75' lang='lat' dir='ltr'>relaxentur</span> <span class='ocrx_word' id='word_1_63' title='bbox 749 639 911 673; x_wconf 89' lang='lat' dir='ltr'>debitores</span> <span class='ocrx_word' id='word_1_64' title='bbox 926 641 998 674; x_wconf 91' lang='lat' dir='ltr'>nul-</span> 
     </span>
     <span class='ocr_line' id='line_1_20' title="bbox 246 692 997 737; baseline 0.003 -12"><span class='ocrx_word' id='word_1_65' title='bbox 246 692 319 725; x_wconf 87' lang='lat' dir='ltr'>liter</span> <span class='ocrx_word' id='word_1_66' title='bbox 348 697 378 725; x_wconf 82' lang='lat' dir='ltr'>et</span> <span class='ocrx_word' id='word_1_67' title='bbox 398 692 537 726; x_wconf 76' lang='lat' dir='ltr'>indebite</span> <span class='ocrx_word' id='word_1_68' title='bbox 559 694 662 737; x_wconf 79' lang='lat' dir='ltr'>capti,</span> <span class='ocrx_word' id='word_1_69' title='bbox 689 694 727 726; x_wconf 89' lang='lat' dir='ltr'>de</span> <span class='ocrx_word' id='word_1_70' title='bbox 759 704 822 736; x_wconf 85' lang='lat' dir='ltr'>qua</span> <span class='ocrx_word' id='word_1_71' title='bbox 851 693 997 727; x_wconf 80' lang='lat' dir='ltr'>nullitate</span> 
     </span>
     <span class='ocr_line' id='line_1_21' title="bbox 246 746 997 790; baseline 0.004 -12"><span class='ocrx_word' id='word_1_72' title='bbox 246 746 412 780; x_wconf 77' lang='lat' dir='ltr'>manifeste</span> <span class='ocrx_word' id='word_1_73' title='bbox 432 752 565 780; x_wconf 88' lang='lat' dir='ltr'>constat.</span> <span class='ocrx_word' id='word_1_74' title='bbox 589 747 623 780; x_wconf 90' lang='lat' dir='ltr'>ln</span> <span class='ocrx_word' id='word_1_75' title='bbox 643 747 761 790; x_wconf 82' lang='lat' dir='ltr'>quibus</span> <span class='ocrx_word' id='word_1_76' title='bbox 780 748 931 781; x_wconf 87' lang='lat' dir='ltr'>omnibus</span> <span class='ocrx_word' id='word_1_77' title='bbox 947 759 997 781; x_wconf 91' lang='lat' dir='ltr'>re-</span> 
     </span>
     <span class='ocr_line' id='line_1_22' title="bbox 246 800 996 845; baseline 0.001 -12"><span class='ocrx_word' id='word_1_78' title='bbox 246 800 460 833; x_wconf 88' lang='lat' dir='ltr'>laxationibus</span> <span class='ocrx_word' id='word_1_79' title='bbox 485 800 543 833; x_wconf 91' lang='lat' dir='ltr'>sint</span> <span class='ocrx_word' id='word_1_80' title='bbox 570 806 755 845; x_wconf 69' lang='lat' dir='ltr'>praesentes</span> <span class='ocrx_word' id='word_1_81' title='bbox 790 801 913 835; x_wconf 89' lang='lat' dir='ltr'>iudices</span> <span class='ocrx_word' id='word_1_82' title='bbox 942 802 996 845; x_wconf 88' lang='lat' dir='ltr'>qui</span> 
     </span>
     <span class='ocr_line' id='line_1_23' title="bbox 246 854 996 896; baseline 0.001 -10"><span class='ocrx_word' id='word_1_83' title='bbox 246 854 395 887; x_wconf 85' lang='lat' dir='ltr'>mandata</span> <span class='ocrx_word' id='word_1_84' title='bbox 425 855 624 896; x_wconf 78' lang='lat' dir='ltr'>relaxarunt,</span> <span class='ocrx_word' id='word_1_85' title='bbox 648 860 675 887; x_wconf 89' lang='lat' dir='ltr'>et</span> <span class='ocrx_word' id='word_1_86' title='bbox 706 854 751 887; x_wconf 91' lang='lat' dir='ltr'>uti</span> <span class='ocrx_word' id='word_1_87' title='bbox 773 855 877 888; x_wconf 79' lang='lat' dir='ltr'>edocti</span> <span class='ocrx_word' id='word_1_88' title='bbox 898 860 928 888; x_wconf 90' lang='lat' dir='ltr'>et</span> <span class='ocrx_word' id='word_1_89' title='bbox 948 855 996 888; x_wconf 85' lang='lat' dir='ltr'>in-</span> 
     </span>
     <span class='ocr_line' id='line_1_24' title="bbox 246 908 996 943; baseline 0.001 -2"><span class='ocrx_word' id='word_1_90' title='bbox 246 908 358 941; x_wconf 76' lang='lat' dir='ltr'>structi</span> <span class='ocrx_word' id='word_1_91' title='bbox 396 908 436 942; x_wconf 92' lang='lat' dir='ltr'>de</span> <span class='ocrx_word' id='word_1_92' title='bbox 461 908 582 942; x_wconf 88' lang='lat' dir='ltr'>meritis</span> <span class='ocrx_word' id='word_1_93' title='bbox 602 919 717 942; x_wconf 87' lang='lat' dir='ltr'>causae</span> <span class='ocrx_word' id='word_1_94' title='bbox 737 908 895 943; x_wconf 83' lang='lat' dir='ltr'>rationein</span> <span class='ocrx_word' id='word_1_95' title='bbox 923 909 996 942; x_wconf 91' lang='lat' dir='ltr'>red-</span> 
     </span>
     <span class='ocr_line' id='line_1_25' title="bbox 245 961 332 995; baseline 0.011 -1"><span class='ocrx_word' id='word_1_96' title='bbox 245 961 332 995; x_wconf 89' lang='lat' dir='ltr'>dant.</span> 
     </span>
    </p>

    <p class='ocr_par' dir='ltr' id='par_1_13' title="bbox 244 1016 997 1644">
     <span class='ocr_line' id='line_1_26' title="bbox 290 1016 997 1060; baseline -0.001 -10"><span class='ocrx_word' id='word_1_97' title='bbox 290 1016 304 1059; x_wconf 57' lang='lat' dir='ltr'>[Q</span> <span class='ocrx_word' id='word_1_98' title='bbox 330 1016 361 1050; x_wconf 85' lang='lat'>9.</span> <span class='ocrx_word' id='word_1_99' title='bbox 398 1017 436 1049; x_wconf 89' lang='lat' dir='ltr'>Et</span> <span class='ocrx_word' id='word_1_100' title='bbox 468 1016 500 1049; x_wconf 89' lang='lat' dir='ltr'>in</span> <span class='ocrx_word' id='word_1_101' title='bbox 521 1016 704 1060; x_wconf 68' lang='lat' dir='ltr'>praemissis</span> <span class='ocrx_word' id='word_1_102' title='bbox 728 1016 887 1050; x_wconf 84' lang='lat' dir='ltr'>habeatur</span> <span class='ocrx_word' id='word_1_103' title='bbox 916 1017 997 1050; x_wconf 86' lang='lat' dir='ltr'>ratio</span> 
     </span>
     <span class='ocr_line' id='line_1_27' title="bbox 247 1070 996 1115; baseline 0.001 -13"><span class='ocrx_word' id='word_1_104' title='bbox 247 1070 444 1115; x_wconf 82' lang='lat' dir='ltr'>paupertatis</span> <span class='ocrx_word' id='word_1_105' title='bbox 468 1070 654 1112; x_wconf 85' lang='lat' dir='ltr'>creditoris,</span> <span class='ocrx_word' id='word_1_106' title='bbox 685 1076 715 1104; x_wconf 91' lang='lat' dir='ltr'>et</span> <span class='ocrx_word' id='word_1_107' title='bbox 735 1081 775 1103; x_wconf 88' lang='lat' dir='ltr'>an</span> <span class='ocrx_word' id='word_1_108' title='bbox 797 1070 923 1103; x_wconf 89' lang='lat' dir='ltr'>debitor</span> <span class='ocrx_word' id='word_1_109' title='bbox 943 1081 996 1103; x_wconf 86' lang='lat' dir='ltr'>ca-</span> 
     </span>
     <span class='ocr_line' id='line_1_28' title="bbox 246 1124 997 1167; baseline 0 -11"><span class='ocrx_word' id='word_1_110' title='bbox 246 1124 405 1157; x_wconf 90' lang='lat' dir='ltr'>lumniose</span> <span class='ocrx_word' id='word_1_111' title='bbox 426 1124 514 1157; x_wconf 89' lang='lat' dir='ltr'>litem</span> <span class='ocrx_word' id='word_1_112' title='bbox 535 1125 590 1157; x_wconf 92' lang='lat' dir='ltr'>diu</span> <span class='ocrx_word' id='word_1_113' title='bbox 612 1124 815 1164; x_wconf 83' lang='lat' dir='ltr'>sustinuerit,</span> <span class='ocrx_word' id='word_1_114' title='bbox 836 1124 997 1167; x_wconf 78' lang='lat' dir='ltr'>fatigando</span> 
     </span>
     <span class='ocr_line' id='line_1_29' title="bbox 246 1177 997 1222; baseline 0 -12"><span class='ocrx_word' id='word_1_115' title='bbox 246 1177 439 1211; x_wconf 91' lang='lat' dir='ltr'>creditorem</span> <span class='ocrx_word' id='word_1_116' title='bbox 460 1177 607 1222; x_wconf 79' lang='lat' dir='ltr'>expensis</span> <span class='ocrx_word' id='word_1_117' title='bbox 627 1184 657 1211; x_wconf 85' lang='lat' dir='ltr'>ct</span> <span class='ocrx_word' id='word_1_118' title='bbox 680 1177 864 1218; x_wconf 79' lang='lat' dir='ltr'>laboribus,</span> <span class='ocrx_word' id='word_1_119' title='bbox 898 1183 929 1210; x_wconf 91' lang='lat' dir='ltr'>et</span> <span class='ocrx_word' id='word_1_120' title='bbox 957 1188 997 1210; x_wconf 85' lang='lat' dir='ltr'>an</span> 
     </span>
     <span class='ocr_line' id='line_1_30' title="bbox 244 1231 997 1265; baseline 0 -1"><span class='ocrx_word' id='word_1_121' title='bbox 244 1231 339 1264; x_wconf 87' lang='lat' dir='ltr'>aliam</span> <span class='ocrx_word' id='word_1_122' title='bbox 352 1231 538 1265; x_wconf 89' lang='lat' dir='ltr'>dilationem</span> <span class='ocrx_word' id='word_1_123' title='bbox 554 1231 703 1265; x_wconf 88' lang='lat' dir='ltr'>babuerit</span> <span class='ocrx_word' id='word_1_124' title='bbox 719 1236 749 1265; x_wconf 84' lang='lat' dir='ltr'>et</span> <span class='ocrx_word' id='word_1_125' title='bbox 765 1231 915 1264; x_wconf 79' lang='lat' dir='ltr'>creditori</span> <span class='ocrx_word' id='word_1_126' title='bbox 932 1242 997 1264; x_wconf 90' lang='lat' dir='ltr'>non</span> 
     </span>
     <span class='ocr_line' id='line_1_31' title="bbox 244 1284 996 1328; baseline -0.001 -10"><span class='ocrx_word' id='word_1_127' title='bbox 244 1285 444 1326; x_wconf 82' lang='lat' dir='ltr'>satisfecerit,</span> <span class='ocrx_word' id='word_1_128' title='bbox 467 1296 533 1318; x_wconf 92' lang='lat' dir='ltr'>non</span> <span class='ocrx_word' id='word_1_129' title='bbox 553 1285 690 1318; x_wconf 86' lang='lat' dir='ltr'>constito</span> <span class='ocrx_word' id='word_1_130' title='bbox 711 1285 749 1318; x_wconf 89' lang='lat' dir='ltr'>de</span> <span class='ocrx_word' id='word_1_131' title='bbox 769 1284 911 1328; x_wconf 80' lang='lat' dir='ltr'>legitimo</span> <span class='ocrx_word' id='word_1_132' title='bbox 936 1285 996 1317; x_wconf 89' lang='lat' dir='ltr'>im-</span> 
     </span>
     <span class='ocr_line' id='line_1_32' title="bbox 244 1338 996 1383; baseline -0.001 -11"><span class='ocrx_word' id='word_1_133' title='bbox 244 1338 440 1383; x_wconf 89' lang='lat' dir='ltr'>pedimento.</span> <span class='ocrx_word' id='word_1_134' title='bbox 464 1339 501 1372; x_wconf 87' lang='lat' dir='ltr'>Et</span> <span class='ocrx_word' id='word_1_135' title='bbox 518 1339 550 1372; x_wconf 94' lang='lat' dir='ltr'>in</span> <span class='ocrx_word' id='word_1_136' title='bbox 565 1339 616 1372; x_wconf 89' lang='lat' dir='ltr'>his</span> <span class='ocrx_word' id='word_1_137' title='bbox 636 1339 786 1372; x_wconf 86' lang='lat' dir='ltr'>omnibus</span> <span class='ocrx_word' id='word_1_138' title='bbox 805 1339 866 1371; x_wconf 82' lang='lat' dir='ltr'>DD.</span> <span class='ocrx_word' id='word_1_139' title='bbox 890 1338 996 1372; x_wconf 86' lang='lat' dir='ltr'>visita-</span> 
     </span>
     <span class='ocr_line' id='line_1_33' title="bbox 245 1392 996 1437; baseline 0.001 -11"><span class='ocrx_word' id='word_1_140' title='bbox 245 1398 329 1426; x_wconf 88' lang='lat' dir='ltr'>tores</span> <span class='ocrx_word' id='word_1_141' title='bbox 353 1392 485 1426; x_wconf 79' lang='lat' dir='ltr'>arbitrio</span> <span class='ocrx_word' id='word_1_142' title='bbox 506 1398 648 1434; x_wconf 87' lang='lat' dir='ltr'>utantur,</span> <span class='ocrx_word' id='word_1_143' title='bbox 671 1392 739 1436; x_wconf 89' lang='lat' dir='ltr'>qui,</span> <span class='ocrx_word' id='word_1_144' title='bbox 757 1393 897 1437; x_wconf 84' lang='lat' dir='ltr'>pensatis</span> <span class='ocrx_word' id='word_1_145' title='bbox 917 1404 996 1436; x_wconf 85' lang='lat' dir='ltr'>qua-</span> 
     </span>
     <span class='ocr_line' id='line_1_34' title="bbox 245 1446 995 1491; baseline 0.001 -11"><span class='ocrx_word' id='word_1_146' title='bbox 245 1446 386 1480; x_wconf 88' lang='lat' dir='ltr'>litatihus</span> <span class='ocrx_word' id='word_1_147' title='bbox 402 1452 468 1480; x_wconf 84' lang='lat' dir='ltr'>tam</span> <span class='ocrx_word' id='word_1_148' title='bbox 496 1447 665 1481; x_wconf 86' lang='lat' dir='ltr'>creditoris</span> <span class='ocrx_word' id='word_1_149' title='bbox 685 1458 782 1491; x_wconf 86' lang='lat' dir='ltr'>quam</span> <span class='ocrx_word' id='word_1_150' title='bbox 817 1447 970 1481; x_wconf 87' lang='lat' dir='ltr'>debitoris</span> <span class='ocrx_word' id='word_1_151' title='bbox 988 1474 995 1487; x_wconf 89' lang='lat'>,</span> 
     </span>
     <span class='ocr_line' id='line_1_35' title="bbox 244 1500 997 1542; baseline 0.001 -8"><span class='ocrx_word' id='word_1_152' title='bbox 244 1511 282 1534; x_wconf 90' lang='lat' dir='ltr'>ac</span> <span class='ocrx_word' id='word_1_153' title='bbox 301 1501 506 1535; x_wconf 84' lang='lat' dir='ltr'>facultatibus</span> <span class='ocrx_word' id='word_1_154' title='bbox 526 1506 556 1534; x_wconf 88' lang='lat' dir='ltr'>et</span> <span class='ocrx_word' id='word_1_155' title='bbox 575 1506 691 1535; x_wconf 85' lang='lat' dir='ltr'>natura</span> <span class='ocrx_word' id='word_1_156' title='bbox 728 1500 824 1534; x_wconf 87' lang='lat' dir='ltr'>debiti</span> <span class='ocrx_word' id='word_1_157' title='bbox 844 1528 851 1542; x_wconf 91' lang='lat'>‚</span> <span class='ocrx_word' id='word_1_158' title='bbox 888 1502 997 1535; x_wconf 89' lang='lat' dir='ltr'>decer-</span> 
     </span>
     <span class='ocr_line' id='line_1_36' title="bbox 245 1554 997 1599; baseline 0.003 -11"><span class='ocrx_word' id='word_1_159' title='bbox 245 1559 324 1588; x_wconf 87' lang='lat' dir='ltr'>nant</span> <span class='ocrx_word' id='word_1_160' title='bbox 342 1565 380 1588; x_wconf 86' lang='lat' dir='ltr'>ea</span> <span class='ocrx_word' id='word_1_161' title='bbox 392 1581 400 1596; x_wconf 88' lang='lat'>‚</span> <span class='ocrx_word' id='word_1_162' title='bbox 422 1565 505 1599; x_wconf 86' lang='lat' dir='ltr'>quae</span> <span class='ocrx_word' id='word_1_163' title='bbox 522 1554 584 1588; x_wconf 90' lang='lat' dir='ltr'>iuri</span> <span class='ocrx_word' id='word_1_164' title='bbox 605 1560 635 1588; x_wconf 90' lang='lat' dir='ltr'>et</span> <span class='ocrx_word' id='word_1_165' title='bbox 655 1554 808 1598; x_wconf 85' lang='lat' dir='ltr'>aequitati</span> <span class='ocrx_word' id='word_1_166' title='bbox 823 1560 852 1589; x_wconf 90' lang='lat' dir='ltr'>et</span> <span class='ocrx_word' id='word_1_167' title='bbox 869 1555 997 1590; x_wconf 82' lang='lat' dir='ltr'>utilitati</span> 
     </span>
     <span class='ocr_line' id='line_1_37' title="bbox 246 1609 789 1644; baseline 0 -1"><span class='ocrx_word' id='word_1_168' title='bbox 246 1609 342 1643; x_wconf 85' lang='lat' dir='ltr'>etiam</span> <span class='ocrx_word' id='word_1_169' title='bbox 362 1609 560 1644; x_wconf 88' lang='lat' dir='ltr'>creditorum</span> <span class='ocrx_word' id='word_1_170' title='bbox 587 1610 789 1643; x_wconf 89' lang='lat' dir='ltr'>conveniant.</span> 
     </span>
    </p>

    <p class='ocr_par' dir='ltr' id='par_1_14' title="bbox 528 1663 713 1697">
     <span class='ocr_line' id='line_1_38' title="bbox 528 1663 713 1697; baseline 0 0"><span class='ocrx_word' id='word_1_171' title='bbox 528 1663 573 1697; x_wconf 91' lang='lat' dir='ltr'>Ita</span> <span class='ocrx_word' id='word_1_172' title='bbox 594 1668 650 1697; x_wconf 88' lang='lat' dir='ltr'>est.</span> <span class='ocrx_word' id='word_1_173' title='bbox 674 1664 713 1697; x_wconf 89' lang='lat' dir='ltr'>M.</span> 
     </span>
    </p>
   </div>
   <div class='ocr_carea' id='block_1_11' title="bbox 313 1793 929 1882">
    <p class='ocr_par' dir='ltr' id='par_1_15' title="bbox 313 1793 929 1882">
     <span class='ocr_line' id='line_1_39' title="bbox 538 1793 692 1837; baseline -0.013 -10"><span class='ocrx_word' id='word_1_174' title='bbox 538 1793 692 1837; x_wconf 74' lang='lat' dir='ltr'>Sequitur</span> 
     </span>
     <span class='ocr_line' id='line_1_40' title="bbox 313 1848 929 1882; baseline -0.002 -1"><span class='ocrx_word' id='word_1_175' title='bbox 313 1848 493 1882; x_wconf 66' lang='lat' dir='ltr'>iurisdictio</span> <span class='ocrx_word' id='word_1_176' title='bbox 513 1849 550 1881; x_wconf 77' lang='lat' dir='ltr'>in</span> <span class='ocrx_word' id='word_1_177' title='bbox 569 1848 673 1881; x_wconf 77' lang='lat' dir='ltr'>causis</span> <span class='ocrx_word' id='word_1_178' title='bbox 693 1848 929 1880; x_wconf 63' lang='lat' dir='ltr'>criminalibus.</span> 
     </span>
    </p>
   </div>
   <div class='ocr_carea' id='block_1_12' title="bbox 369 1939 874 1976">
    <p class='ocr_par' dir='ltr' id='par_1_16' title="bbox 369 1939 874 1976">
     <span class='ocr_line' id='line_1_41' title="bbox 369 1939 874 1976; baseline -0.006 -7"><span class='ocrx_word' id='word_1_179' title='bbox 369 1939 431 1969; x_wconf 78' lang='lat' dir='ltr'>Pius</span> <span class='ocrx_word' id='word_1_180' title='bbox 448 1940 519 1976; x_wconf 81' lang='lat' dir='ltr'>Papa</span> <span class='ocrx_word' id='word_1_181' title='bbox 537 1939 567 1972; x_wconf 86' lang='lat' dir='ltr'>V.</span> <span class='ocrx_word' id='word_1_182' title='bbox 583 1940 660 1968; x_wconf 83' lang='lat' dir='ltr'>motu</span> <span class='ocrx_word' id='word_1_183' title='bbox 678 1939 800 1975; x_wconf 80' lang='lat' dir='ltr'>proprio,</span> <span class='ocrx_word' id='word_1_184' title='bbox 819 1939 874 1967; x_wconf 78' lang='lat' dir='ltr'>etc.</span> 
     </span>
    </p>
   </div>
   <div class='ocr_carea' id='block_1_13' title="bbox 247 2020 1001 2659">
    <p class='ocr_par' dir='ltr' id='par_1_17' title="bbox 247 2020 1001 2659">
     <span class='ocr_line' id='line_1_42' title="bbox 291 2020 1000 2065; baseline -0.003 -10"><span class='ocrx_word' id='word_1_185' title='bbox 291 2021 384 2063; x_wconf 79' lang='lat' dir='ltr'>Cum,</span> <span class='ocrx_word' id='word_1_186' title='bbox 398 2021 482 2055; x_wconf 87' lang='lat' dir='ltr'>sieut</span> <span class='ocrx_word' id='word_1_187' title='bbox 492 2020 691 2065; x_wconf 88' lang='lat' dir='ltr'>accepimus,</span> <span class='ocrx_word' id='word_1_188' title='bbox 703 2020 882 2053; x_wconf 81' lang='lat' dir='ltr'>visitatores</span> <span class='ocrx_word' id='word_1_189' title='bbox 892 2030 1000 2053; x_wconf 82' lang='lat' dir='ltr'>carce-</span> 
     </span>
     <span class='ocr_line' id='line_1_43' title="bbox 248 2073 1000 2115; baseline -0.003 -6"><span class='ocrx_word' id='word_1_190' title='bbox 248 2086 321 2109; x_wconf 90' lang='lat' dir='ltr'>rum</span> <span class='ocrx_word' id='word_1_191' title='bbox 333 2076 435 2109; x_wconf 86' lang='lat' dir='ltr'>almae</span> <span class='ocrx_word' id='word_1_192' title='bbox 451 2075 544 2108; x_wconf 87' lang='lat' dir='ltr'>Urbis</span> <span class='ocrx_word' id='word_1_193' title='bbox 563 2080 709 2115; x_wconf 85' lang='lat' dir='ltr'>nostrae,</span> <span class='ocrx_word' id='word_1_194' title='bbox 734 2073 900 2107; x_wconf 87' lang='lat' dir='ltr'>homicidii</span> <span class='ocrx_word' id='word_1_195' title='bbox 924 2073 1000 2107; x_wconf 88' lang='lat' dir='ltr'>alio-</span> 
     </span>
     <span class='ocr_line' id='line_1_44' title="bbox 248 2128 1000 2173; baseline -0.007 -9"><span class='ocrx_word' id='word_1_196' title='bbox 248 2140 387 2173; x_wconf 87' lang='lat' dir='ltr'>rumque</span> <span class='ocrx_word' id='word_1_197' title='bbox 399 2128 585 2173; x_wconf 89' lang='lat' dir='ltr'>capitalium</span> <span class='ocrx_word' id='word_1_198' title='bbox 602 2128 776 2161; x_wconf 87' lang='lat' dir='ltr'>criminum</span> <span class='ocrx_word' id='word_1_199' title='bbox 798 2138 870 2160; x_wconf 89' lang='lat' dir='ltr'>reos</span> <span class='ocrx_word' id='word_1_200' title='bbox 894 2138 1000 2160; x_wconf 82' lang='lat' dir='ltr'>carce—</span> 
     </span>
     <span class='ocr_line' id='line_1_45' title="bbox 248 2180 1001 2224; baseline -0.005 -7"><span class='ocrx_word' id='word_1_201' title='bbox 248 2189 344 2224; x_wconf 88' lang='lat' dir='ltr'>ratos,</span> <span class='ocrx_word' id='word_1_202' title='bbox 355 2183 395 2217; x_wconf 86' lang='lat' dir='ltr'>ad</span> <span class='ocrx_word' id='word_1_203' title='bbox 405 2183 537 2216; x_wconf 90' lang='lat' dir='ltr'>illorum</span> <span class='ocrx_word' id='word_1_204' title='bbox 548 2182 785 2216; x_wconf 89' lang='lat' dir='ltr'>absolutionem</span> <span class='ocrx_word' id='word_1_205' title='bbox 798 2185 828 2214; x_wconf 89' lang='lat' dir='ltr'>et</span> <span class='ocrx_word' id='word_1_206' title='bbox 839 2180 1001 2214; x_wconf 87' lang='lat' dir='ltr'>liberatio-</span> 
     </span>
     <span class='ocr_line' id='line_1_46' title="bbox 247 2235 1000 2280; baseline -0.005 -9"><span class='ocrx_word' id='word_1_207' title='bbox 247 2248 322 2271; x_wconf 87' lang='lat' dir='ltr'>nem</span> <span class='ocrx_word' id='word_1_208' title='bbox 338 2237 437 2271; x_wconf 87' lang='lat' dir='ltr'>nimia</span> <span class='ocrx_word' id='word_1_209' title='bbox 453 2237 653 2270; x_wconf 84' lang='lat' dir='ltr'>humanitate</span> <span class='ocrx_word' id='word_1_210' title='bbox 666 2235 760 2280; x_wconf 88' lang='lat' dir='ltr'>proni</span> <span class='ocrx_word' id='word_1_211' title='bbox 771 2241 866 2279; x_wconf 90' lang='lat' dir='ltr'>atque</span> <span class='ocrx_word' id='word_1_212' title='bbox 883 2235 1000 2279; x_wconf 90' lang='lat' dir='ltr'>procli-</span> 
     </span>
     <span class='ocr_line' id='line_1_47' title="bbox 247 2289 1000 2336; baseline -0.007 -10"><span class='ocrx_word' id='word_1_213' title='bbox 247 2303 310 2333; x_wconf 81' lang='lat' dir='ltr'>veS‚</span> <span class='ocrx_word' id='word_1_214' title='bbox 322 2302 417 2336; x_wconf 85' lang='lat' dir='ltr'>saepe</span> <span class='ocrx_word' id='word_1_215' title='bbox 427 2302 444 2325; x_wconf 86' lang='lat' dir='ltr'>a</span> <span class='ocrx_word' id='word_1_216' title='bbox 460 2291 644 2325; x_wconf 85' lang='lat' dir='ltr'>carceribus</span> <span class='ocrx_word' id='word_1_217' title='bbox 654 2290 784 2324; x_wconf 90' lang='lat' dir='ltr'>liberari</span> <span class='ocrx_word' id='word_1_218' title='bbox 795 2289 927 2329; x_wconf 81' lang='lat' dir='ltr'>faciunt,</span> <span class='ocrx_word' id='word_1_219' title='bbox 941 2289 1000 2322; x_wconf 89' lang='lat' dir='ltr'>sub</span> 
     </span>
     <span class='ocr_line' id='line_1_48' title="bbox 249 2343 1001 2390; baseline -0.007 -10"><span class='ocrx_word' id='word_1_220' title='bbox 249 2345 399 2380; x_wconf 86' lang='lat' dir='ltr'>cautione</span> <span class='ocrx_word' id='word_1_221' title='bbox 419 2345 459 2379; x_wconf 87' lang='lat' dir='ltr'>de</span> <span class='ocrx_word' id='word_1_222' title='bbox 496 2356 529 2379; x_wconf 89' lang='lat' dir='ltr'>se</span> <span class='ocrx_word' id='word_1_223' title='bbox 561 2344 812 2390; x_wconf 87' lang='lat' dir='ltr'>praesentando,</span> <span class='ocrx_word' id='word_1_224' title='bbox 836 2348 891 2376; x_wconf 89' lang='lat' dir='ltr'>aut</span> <span class='ocrx_word' id='word_1_225' title='bbox 923 2343 1001 2376; x_wconf 87' lang='lat' dir='ltr'>alias</span> 
     </span>
     <span class='ocr_line' id='line_1_49' title="bbox 249 2397 1001 2443; baseline -0.005 -10"><span class='ocrx_word' id='word_1_226' title='bbox 249 2401 308 2434; x_wconf 88' lang='lat' dir='ltr'>sub</span> <span class='ocrx_word' id='word_1_227' title='bbox 328 2399 398 2433; x_wconf 89' lang='lat' dir='ltr'>aliis</span> <span class='ocrx_word' id='word_1_228' title='bbox 419 2399 668 2443; x_wconf 83' lang='lat' dir='ltr'>obligationibus</span> <span class='ocrx_word' id='word_1_229' title='bbox 699 2403 729 2432; x_wconf 89' lang='lat' dir='ltr'>et</span> <span class='ocrx_word' id='word_1_230' title='bbox 762 2397 1001 2431; x_wconf 86' lang='lat' dir='ltr'>conditionibus</span> 
     </span>
     <span class='ocr_line' id='line_1_50' title="bbox 250 2450 1000 2497; baseline -0.007 -9"><span class='ocrx_word' id='word_1_231' title='bbox 250 2455 295 2488; x_wconf 91' lang='lat' dir='ltr'>eis</span> <span class='ocrx_word' id='word_1_232' title='bbox 313 2453 396 2488; x_wconf 88' lang='lat' dir='ltr'>bene</span> <span class='ocrx_word' id='word_1_233' title='bbox 415 2453 506 2495; x_wconf 88' lang='lat' dir='ltr'>visis,</span> <span class='ocrx_word' id='word_1_234' title='bbox 528 2458 558 2486; x_wconf 86' lang='lat' dir='ltr'>et</span> <span class='ocrx_word' id='word_1_235' title='bbox 577 2453 620 2486; x_wconf 89' lang='lat' dir='ltr'>ita</span> <span class='ocrx_word' id='word_1_236' title='bbox 640 2461 810 2497; x_wconf 86' lang='lat' dir='ltr'>processus</span> <span class='ocrx_word' id='word_1_237' title='bbox 829 2450 1000 2484; x_wconf 88' lang='lat' dir='ltr'>debilitan-</span> 
     </span>
     <span class='ocr_line' id='line_1_51' title="bbox 250 2504 1001 2551; baseline -0.007 -9"><span class='ocrx_word' id='word_1_238' title='bbox 250 2514 318 2549; x_wconf 92' lang='lat' dir='ltr'>tur,</span> <span class='ocrx_word' id='word_1_239' title='bbox 338 2513 369 2541; x_wconf 89' lang='lat' dir='ltr'>et</span> <span class='ocrx_word' id='word_1_240' title='bbox 380 2517 552 2541; x_wconf 90' lang='lat' dir='ltr'>causarum</span> <span class='ocrx_word' id='word_1_241' title='bbox 564 2505 781 2551; x_wconf 75' lang='lat' dir='ltr'>expeditiones</span> <span class='ocrx_word' id='word_1_242' title='bbox 794 2504 1001 2545; x_wconf 82' lang='lat' dir='ltr'>differuntur,</span> 
     </span>
     <span class='ocr_line' id='line_1_52' title="bbox 250 2559 1001 2606; baseline -0.004 -11"><span class='ocrx_word' id='word_1_243' title='bbox 250 2562 297 2595; x_wconf 91' lang='lat' dir='ltr'>vel</span> <span class='ocrx_word' id='word_1_244' title='bbox 317 2561 422 2606; x_wconf 82' lang='lat' dir='ltr'>(quod</span> <span class='ocrx_word' id='word_1_245' title='bbox 441 2560 607 2594; x_wconf 85' lang='lat' dir='ltr'>molestius</span> <span class='ocrx_word' id='word_1_246' title='bbox 629 2559 782 2602; x_wconf 87' lang='lat' dir='ltr'>ferimus)</span> <span class='ocrx_word' id='word_1_247' title='bbox 815 2569 870 2592; x_wconf 88' lang='lat' dir='ltr'>eos</span> <span class='ocrx_word' id='word_1_248' title='bbox 902 2568 1001 2601; x_wconf 86' lang='lat' dir='ltr'>quan-</span> 
     </span>
     <span class='ocr_line' id='line_1_53' title="bbox 251 2612 1001 2659; baseline -0.004 -11"><span class='ocrx_word' id='word_1_249' title='bbox 251 2616 358 2659; x_wconf 88' lang='lat' dir='ltr'>doque</span> <span class='ocrx_word' id='word_1_250' title='bbox 378 2614 532 2654; x_wconf 85' lang='lat' dir='ltr'>liberant,</span> <span class='ocrx_word' id='word_1_251' title='bbox 555 2619 610 2647; x_wconf 89' lang='lat' dir='ltr'>aut</span> <span class='ocrx_word' id='word_1_252' title='bbox 630 2612 740 2647; x_wconf 90' lang='lat' dir='ltr'>leviori</span> <span class='ocrx_word' id='word_1_253' title='bbox 760 2622 885 2656; x_wconf 85' lang='lat' dir='ltr'>poena,</span> <span class='ocrx_word' id='word_1_254' title='bbox 905 2622 1001 2656; x_wconf 90' lang='lat' dir='ltr'>quam</span> 
     </span>
    </p>
   </div>
   <div class='ocr_carea' id='block_1_14' title="bbox 251 2667 1003 2750">
    <p class='ocr_par' dir='ltr' id='par_1_18' title="bbox 251 2667 1003 2750">
     <span class='ocr_line' id='line_1_54' title="bbox 251 2667 1003 2713; baseline -0.004 -11"><span class='ocrx_word' id='word_1_255' title='bbox 251 2669 371 2704; x_wconf 81' lang='lat' dir='ltr'>iustitia</span> <span class='ocrx_word' id='word_1_256' title='bbox 391 2668 553 2713; x_wconf 84' lang='lat' dir='ltr'>exposcit,</span> <span class='ocrx_word' id='word_1_257' title='bbox 576 2667 738 2710; x_wconf 84' lang='lat' dir='ltr'>afficiunt,</span> <span class='ocrx_word' id='word_1_258' title='bbox 774 2677 811 2701; x_wconf 88' lang='lat' dir='ltr'>ac</span> <span class='ocrx_word' id='word_1_259' title='bbox 830 2670 1003 2710; x_wconf 85' lang='lat' dir='ltr'>propterea</span> 
     </span>
     <span class='ocr_line' id='line_1_55' title="bbox 331 2716 883 2750; baseline -0.007 0"><span class='ocrx_word' id='word_1_260' title='bbox 331 2718 407 2750; x_wconf 74' lang='lat' dir='ltr'>Ball.</span> <span class='ocrx_word' id='word_1_261' title='bbox 429 2717 507 2749; x_wconf 85' lang='lat' dir='ltr'>Rom.</span> <span class='ocrx_word' id='word_1_262' title='bbox 530 2717 587 2749; x_wconf 80' lang='lat' dir='ltr'>Vol.</span> <span class='ocrx_word' id='word_1_263' title='bbox 610 2716 670 2748; x_wconf 84' lang='lat' dir='ltr'>Vll.</span> <span class='ocrx_word' id='word_1_264' title='bbox 847 2716 883 2746; x_wconf 80' lang='lat'>87</span> 
     </span>
    </p>
   </div>
   <div class='ocr_carea' id='block_1_15' title="bbox 1683 256 1746 290">
    <p class='ocr_par' dir='ltr' id='par_1_19' title="bbox 1683 256 1746 290">
     <span class='ocr_line' id='line_1_56' title="bbox 1683 256 1746 290; baseline -0.032 0"><span class='ocrx_word' id='word_1_265' title='bbox 1683 256 1746 290; x_wconf 69' lang='lat'>680</span> 
     </span>
    </p>
   </div>
   <div class='ocr_carea' id='block_1_16' title="bbox 1039 317 1991 2407">
    <p class='ocr_par' dir='ltr' id='par_1_20' title="bbox 1040 317 1792 416">
     <span class='ocr_line' id='line_1_57' title="bbox 1040 317 1792 361; baseline 0.004 -12"><span class='ocrx_word' id='word_1_266' title='bbox 1040 317 1154 350; x_wconf 87' lang='lat' dir='ltr'>delicta</span> <span class='ocrx_word' id='word_1_267' title='bbox 1171 317 1330 361; x_wconf 84' lang='lat' dir='ltr'>impunita</span> <span class='ocrx_word' id='word_1_268' title='bbox 1358 323 1525 351; x_wconf 86' lang='lat' dir='ltr'>remanent</span> <span class='ocrx_word' id='word_1_269' title='bbox 1545 324 1657 352; x_wconf 88' lang='lat' dir='ltr'>contra</span> <span class='ocrx_word' id='word_1_270' title='bbox 1682 319 1732 353; x_wconf 86' lang='lat' dir='ltr'>ius</span> <span class='ocrx_word' id='word_1_271' title='bbox 1762 327 1792 353; x_wconf 83' lang='lat' dir='ltr'>et</span> 
     </span>
     <span class='ocr_line' id='line_1_58' title="bbox 1041 371 1414 416; baseline 0.003 -13"><span class='ocrx_word' id='word_1_272' title='bbox 1041 371 1211 404; x_wconf 83' lang='lat' dir='ltr'>utilitatem</span> <span class='ocrx_word' id='word_1_273' title='bbox 1233 371 1414 416; x_wconf 85' lang='lat' dir='ltr'>publicam.</span> 
     </span>
    </p>

    <p class='ocr_par' dir='ltr' id='par_1_21' title="bbox 1039 424 1991 2029">
     <span class='ocr_line' id='line_1_59' title="bbox 1084 424 1989 469; baseline 0.001 -12"><span class='ocrx_word' id='word_1_274' title='bbox 1084 425 1099 466; x_wconf 60' lang='grc' dir='ltr'>,ξ</span> <span class='ocrx_word' id='word_1_275' title='bbox 1128 424 1159 457; x_wconf 75' lang='grc' dir='ltr'>Δ1.</span> <span class='ocrx_word' id='word_1_276' title='bbox 1195 425 1269 465; x_wconf 85' lang='lat' dir='ltr'>Nos,</span> <span class='ocrx_word' id='word_1_277' title='bbox 1293 425 1532 459; x_wconf 85' lang='lat' dir='ltr'>considerantes</span> <span class='ocrx_word' id='word_1_278' title='bbox 1566 425 1791 469; x_wconf 87' lang='lat' dir='ltr'>impunitatem</span> <span class='ocrx_word' id='word_1_279' title='bbox 1869 438 1989 459; x_wconf 60' lang='lat' dir='ltr'>nectarae„</span> 
     </span>
     <span class='ocr_line' id='line_1_60' title="bbox 1040 469 1990 521; baseline 0.003 -11"><span class='ocrx_word' id='word_1_280' title='bbox 1040 478 1199 511; x_wconf 85' lang='lat' dir='ltr'>scelerum</span> <span class='ocrx_word' id='word_1_281' title='bbox 1221 489 1289 512; x_wconf 87' lang='lat' dir='ltr'>csse</span> <span class='ocrx_word' id='word_1_282' title='bbox 1310 479 1505 512; x_wconf 83' lang='lat' dir='ltr'>incentivum</span> <span class='ocrx_word' id='word_1_283' title='bbox 1532 480 1713 521; x_wconf 88' lang='lat' dir='ltr'>malorum,</span> <span class='ocrx_word' id='word_1_284' title='bbox 1737 492 1792 513; x_wconf 89' lang='lat' dir='ltr'>no-</span> <span class='ocrx_word' id='word_1_285' title='bbox 1806 469 1990 521; x_wconf 46' lang='grc' dir='ltr'>ἱῗῑᾞῖζζᾞζζζ</span> 
     </span>
     <span class='ocr_line' id='line_1_61' title="bbox 1039 531 1991 582; baseline 0.005 -19"><span class='ocrx_word' id='word_1_286' title='bbox 1039 532 1204 575; x_wconf 85' lang='lat' dir='ltr'>lentesque</span> <span class='ocrx_word' id='word_1_287' title='bbox 1225 532 1257 565; x_wconf 92' lang='lat' dir='ltr'>in</span> <span class='ocrx_word' id='word_1_288' title='bbox 1278 532 1424 565; x_wconf 83' lang='lat' dir='ltr'>futurum</span> <span class='ocrx_word' id='word_1_289' title='bbox 1446 543 1517 567; x_wconf 87' lang='lat' dir='ltr'>reos</span> <span class='ocrx_word' id='word_1_290' title='bbox 1550 533 1718 567; x_wconf 87' lang='lat' dir='ltr'>homicidii</span> <span class='ocrx_word' id='word_1_291' title='bbox 1756 545 1792 568; x_wconf 84' lang='lat' dir='ltr'>ac</span> <span class='ocrx_word' id='word_1_292' title='bbox 1807 531 1991 582; x_wconf 39' lang='lat' dir='ltr'>{ssffissffffissss‘x&#39;</span> 
     </span>
     <span class='ocr_line' id='line_1_62' title="bbox 1040 584 1988 631; baseline 0.004 -14"><span class='ocrx_word' id='word_1_293' title='bbox 1040 584 1178 618; x_wconf 80' lang='lat' dir='ltr'>alioruin</span> <span class='ocrx_word' id='word_1_294' title='bbox 1210 586 1402 619; x_wconf 89' lang='lat' dir='ltr'>delictorum</span> <span class='ocrx_word' id='word_1_295' title='bbox 1424 586 1629 631; x_wconf 88' lang='lat' dir='ltr'>capitalium,</span> <span class='ocrx_word' id='word_1_296' title='bbox 1664 587 1725 621; x_wconf 89' lang='lat' dir='ltr'>nisi</span> <span class='ocrx_word' id='word_1_297' title='bbox 1761 589 1793 622; x_wconf 92' lang='lat' dir='ltr'>in</span> <span class='ocrx_word' id='word_1_298' title='bbox 1807 596 1988 616; x_wconf 67' lang='lat' dir='ltr'>cau-acuminati-</span> 
     </span>
     <span class='ocr_line' id='line_1_63' title="bbox 1040 638 1791 684; baseline 0.007 -14"><span class='ocrx_word' id='word_1_299' title='bbox 1040 638 1166 671; x_wconf 87' lang='lat' dir='ltr'>casibus</span> <span class='ocrx_word' id='word_1_300' title='bbox 1195 650 1212 672; x_wconf 86' lang='lat' dir='ltr'>a</span> <span class='ocrx_word' id='word_1_301' title='bbox 1233 639 1302 673; x_wconf 91' lang='lat' dir='ltr'>iure</span> <span class='ocrx_word' id='word_1_302' title='bbox 1323 639 1479 684; x_wconf 84' lang='lat' dir='ltr'>expressis</span> <span class='ocrx_word' id='word_1_303' title='bbox 1499 651 1515 673; x_wconf 90' lang='lat' dir='ltr'>e</span> <span class='ocrx_word' id='word_1_304' title='bbox 1536 641 1721 675; x_wconf 82' lang='lat' dir='ltr'>carceribus</span> <span class='ocrx_word' id='word_1_305' title='bbox 1753 642 1791 675; x_wconf 92' lang='lat' dir='ltr'>li-</span> 
     </span>
     <span class='ocr_line' id='line_1_64' title="bbox 1039 692 1792 735; baseline 0.007 -11"><span class='ocrx_word' id='word_1_306' title='bbox 1039 692 1143 725; x_wconf 90' lang='lat' dir='ltr'>berari</span> <span class='ocrx_word' id='word_1_307' title='bbox 1156 699 1183 726; x_wconf 91' lang='lat' dir='ltr'>et</span> <span class='ocrx_word' id='word_1_308' title='bbox 1207 699 1293 727; x_wconf 86' lang='lat' dir='ltr'>extra</span> <span class='ocrx_word' id='word_1_309' title='bbox 1313 704 1460 727; x_wconf 86' lang='lat' dir='ltr'>carceres</span> <span class='ocrx_word' id='word_1_310' title='bbox 1476 694 1599 735; x_wconf 84' lang='lat' dir='ltr'>audiri,</span> <span class='ocrx_word' id='word_1_311' title='bbox 1617 700 1672 728; x_wconf 86' lang='lat' dir='ltr'>aut</span> <span class='ocrx_word' id='word_1_312' title='bbox 1690 696 1792 729; x_wconf 86' lang='lat' dir='ltr'>levius</span> 
     </span>
     <span class='ocr_line' id='line_1_65' title="bbox 1040 745 1793 791; baseline 0.007 -14"><span class='ocrx_word' id='word_1_313' title='bbox 1040 745 1168 789; x_wconf 80' lang='lat' dir='ltr'>puniri,</span> <span class='ocrx_word' id='word_1_314' title='bbox 1200 752 1311 781; x_wconf 83' lang='lat' dir='ltr'>tenore</span> <span class='ocrx_word' id='word_1_315' title='bbox 1332 747 1551 791; x_wconf 86' lang='lat' dir='ltr'>praesentium</span> <span class='ocrx_word' id='word_1_316' title='bbox 1572 748 1691 781; x_wconf 80' lang='lat' dir='ltr'>eisdem</span> <span class='ocrx_word' id='word_1_317' title='bbox 1721 749 1793 782; x_wconf 86' lang='lat' dir='ltr'>visi-</span> 
     </span>
     <span class='ocr_line' id='line_1_66' title="bbox 1040 799 1789 844; baseline 0.008 -13"><span class='ocrx_word' id='word_1_318' title='bbox 1040 799 1205 840; x_wconf 87' lang='lat' dir='ltr'>tatoribus,</span> <span class='ocrx_word' id='word_1_319' title='bbox 1226 800 1286 833; x_wconf 84' lang='lat' dir='ltr'>sub</span> <span class='ocrx_word' id='word_1_320' title='bbox 1299 811 1402 844; x_wconf 88' lang='lat' dir='ltr'>poena</span> <span class='ocrx_word' id='word_1_321' title='bbox 1422 801 1650 844; x_wconf 79' lang='lat' dir='ltr'>indignationis</span> <span class='ocrx_word' id='word_1_322' title='bbox 1661 808 1789 843; x_wconf 61' lang='lat' dir='ltr'>nostrae,</span> 
     </span>
     <span class='ocr_line' id='line_1_67' title="bbox 1040 852 1791 900; baseline 0.008 -16"><span class='ocrx_word' id='word_1_323' title='bbox 1040 852 1222 887; x_wconf 80' lang='lat' dir='ltr'>inhibemus</span> <span class='ocrx_word' id='word_1_324' title='bbox 1245 859 1339 897; x_wconf 87' lang='lat' dir='ltr'>atque</span> <span class='ocrx_word' id='word_1_325' title='bbox 1357 854 1579 888; x_wconf 84' lang='lat' dir='ltr'>interdicimus</span> <span class='ocrx_word' id='word_1_326' title='bbox 1604 866 1643 889; x_wconf 89' lang='lat' dir='ltr'>ne</span> <span class='ocrx_word' id='word_1_327' title='bbox 1658 857 1791 900; x_wconf 86' lang='lat' dir='ltr'>posthac</span> 
     </span>
     <span class='ocr_line' id='line_1_68' title="bbox 1040 909 1790 952; baseline 0.008 -14"><span class='ocrx_word' id='word_1_328' title='bbox 1040 916 1112 939; x_wconf 87' lang='lat' dir='ltr'>reos</span> <span class='ocrx_word' id='word_1_329' title='bbox 1128 912 1327 949; x_wconf 83' lang='lat' dir='ltr'>carceratos,</span> <span class='ocrx_word' id='word_1_330' title='bbox 1350 914 1386 941; x_wconf 92' lang='lat' dir='ltr'>ut</span> <span class='ocrx_word' id='word_1_331' title='bbox 1405 909 1620 952; x_wconf 85' lang='lat' dir='ltr'>praemittitur</span> <span class='ocrx_word' id='word_1_332' title='bbox 1632 936 1640 949; x_wconf 88' lang='lat'>,</span> <span class='ocrx_word' id='word_1_333' title='bbox 1658 910 1790 944; x_wconf 85' lang='lat' dir='ltr'>arbitrio</span> 
     </span>
     <span class='ocr_line' id='line_1_69' title="bbox 1039 961 1791 997; baseline 0.007 -5"><span class='ocrx_word' id='word_1_334' title='bbox 1039 970 1098 993; x_wconf 89' lang='lat' dir='ltr'>suo</span> <span class='ocrx_word' id='word_1_335' title='bbox 1135 961 1276 994; x_wconf 80' lang='lat' dir='ltr'>relaxent</span> <span class='ocrx_word' id='word_1_336' title='bbox 1310 967 1340 994; x_wconf 85' lang='lat' dir='ltr'>et</span> <span class='ocrx_word' id='word_1_337' title='bbox 1373 962 1522 995; x_wconf 82' lang='lat' dir='ltr'>liberent.</span> <span class='ocrx_word' id='word_1_338' title='bbox 1559 963 1593 995; x_wconf 90' lang='lat' dir='ltr'>In</span> <span class='ocrx_word' id='word_1_339' title='bbox 1618 963 1791 997; x_wconf 90' lang='lat' dir='ltr'>levioribus</span> 
     </span>
     <span class='ocr_line' id='line_1_70' title="bbox 1039 1014 1790 1051; baseline 0.007 -5"><span class='ocrx_word' id='word_1_340' title='bbox 1039 1019 1146 1047; x_wconf 85' lang='lat' dir='ltr'>autem</span> <span class='ocrx_word' id='word_1_341' title='bbox 1158 1014 1281 1048; x_wconf 89' lang='lat' dir='ltr'>delictis</span> <span class='ocrx_word' id='word_1_342' title='bbox 1297 1025 1369 1048; x_wconf 92' lang='lat' dir='ltr'>reos</span> <span class='ocrx_word' id='word_1_343' title='bbox 1383 1015 1545 1050; x_wconf 81' lang='lat' dir='ltr'>confessos</span> <span class='ocrx_word' id='word_1_344' title='bbox 1556 1022 1610 1049; x_wconf 91' lang='lat' dir='ltr'>aut</span> <span class='ocrx_word' id='word_1_345' title='bbox 1627 1018 1790 1051; x_wconf 90' lang='lat' dir='ltr'>convictos</span> 
     </span>
     <span class='ocr_line' id='line_1_71' title="bbox 1039 1068 1789 1115; baseline 0.007 -16"><span class='ocrx_word' id='word_1_346' title='bbox 1039 1077 1104 1100; x_wconf 88' lang='lat' dir='ltr'>non</span> <span class='ocrx_word' id='word_1_347' title='bbox 1120 1068 1280 1109; x_wconf 87' lang='lat' dir='ltr'>relaxent,</span> <span class='ocrx_word' id='word_1_348' title='bbox 1304 1079 1408 1112; x_wconf 87' lang='lat' dir='ltr'>neque</span> <span class='ocrx_word' id='word_1_349' title='bbox 1428 1069 1583 1110; x_wconf 84' lang='lat' dir='ltr'>liberent,</span> <span class='ocrx_word' id='word_1_350' title='bbox 1613 1070 1672 1104; x_wconf 89' lang='lat' dir='ltr'>nisi</span> <span class='ocrx_word' id='word_1_351' title='bbox 1699 1071 1789 1115; x_wconf 89' lang='lat' dir='ltr'>prius</span> 
     </span>
     <span class='ocr_line' id='line_1_72' title="bbox 1039 1121 1790 1167; baseline 0.005 -13"><span class='ocrx_word' id='word_1_352' title='bbox 1039 1121 1214 1154; x_wconf 85' lang='lat' dir='ltr'>sententiae</span> <span class='ocrx_word' id='word_1_353' title='bbox 1243 1128 1299 1155; x_wconf 89' lang='lat' dir='ltr'>aut</span> <span class='ocrx_word' id='word_1_354' title='bbox 1327 1122 1588 1156; x_wconf 84' lang='lat' dir='ltr'>condemnationi</span> <span class='ocrx_word' id='word_1_355' title='bbox 1605 1150 1612 1163; x_wconf 93' lang='lat'>‚</span> <span class='ocrx_word' id='word_1_356' title='bbox 1631 1135 1728 1167; x_wconf 87' lang='lat' dir='ltr'>quam</span> <span class='ocrx_word' id='word_1_357' title='bbox 1745 1125 1790 1158; x_wconf 87' lang='lat' dir='ltr'>eis</span> 
     </span>
     <span class='ocr_line' id='line_1_73' title="bbox 1040 1174 1789 1223; baseline 0.007 -16"><span class='ocrx_word' id='word_1_358' title='bbox 1040 1174 1244 1217; x_wconf 73' lang='lat' dir='ltr'>infligendam</span> <span class='ocrx_word' id='word_1_359' title='bbox 1280 1181 1310 1209; x_wconf 92' lang='lat' dir='ltr'>et</span> <span class='ocrx_word' id='word_1_360' title='bbox 1330 1176 1512 1219; x_wconf 87' lang='lat' dir='ltr'>ponendam</span> <span class='ocrx_word' id='word_1_361' title='bbox 1533 1177 1700 1218; x_wconf 83' lang='lat' dir='ltr'>duxerint,</span> <span class='ocrx_word' id='word_1_362' title='bbox 1735 1190 1789 1223; x_wconf 88' lang='lat' dir='ltr'>pa-</span> 
     </span>
     <span class='ocr_line' id='line_1_74' title="bbox 1040 1229 1786 1270; baseline 0.007 -9"><span class='ocrx_word' id='word_1_363' title='bbox 1040 1229 1180 1270; x_wconf 83' lang='lat' dir='ltr'>ruerint,</span> <span class='ocrx_word' id='word_1_364' title='bbox 1215 1235 1245 1262; x_wconf 89' lang='lat' dir='ltr'>et</span> <span class='ocrx_word' id='word_1_365' title='bbox 1269 1230 1355 1263; x_wconf 88' lang='lat' dir='ltr'>illius</span> <span class='ocrx_word' id='word_1_366' title='bbox 1386 1230 1532 1264; x_wconf 86' lang='lat' dir='ltr'>executio</span> <span class='ocrx_word' id='word_1_367' title='bbox 1565 1231 1647 1265; x_wconf 86' lang='lat' dir='ltr'>sacta</span> <span class='ocrx_word' id='word_1_368' title='bbox 1680 1233 1786 1266; x_wconf 89' lang='lat' dir='ltr'>suerit.</span> 
     </span>
     <span class='ocr_line' id='line_1_75' title="bbox 1039 1283 1790 1328; baseline 0.005 -12"><span class='ocrx_word' id='word_1_369' title='bbox 1039 1283 1194 1317; x_wconf 90' lang='lat' dir='ltr'>Volumus</span> <span class='ocrx_word' id='word_1_370' title='bbox 1213 1290 1334 1325; x_wconf 84' lang='lat' dir='ltr'>autem,</span> <span class='ocrx_word' id='word_1_371' title='bbox 1352 1284 1622 1328; x_wconf 82' lang='lat' dir='ltr'>quotiescumque</span> <span class='ocrx_word' id='word_1_372' title='bbox 1654 1286 1790 1320; x_wconf 85' lang='lat' dir='ltr'>viderint</span> 
     </span>
     <span class='ocr_line' id='line_1_76' title="bbox 1039 1337 1790 1385; baseline 0.004 -15"><span class='ocrx_word' id='word_1_373' title='bbox 1039 1337 1232 1381; x_wconf 86' lang='lat' dir='ltr'>aequitatem</span> <span class='ocrx_word' id='word_1_374' title='bbox 1254 1338 1333 1371; x_wconf 91' lang='lat' dir='ltr'>iuris</span> <span class='ocrx_word' id='word_1_375' title='bbox 1349 1338 1448 1381; x_wconf 75' lang='lat' dir='ltr'>rigori</span> <span class='ocrx_word' id='word_1_376' title='bbox 1463 1366 1470 1379; x_wconf 96' lang='lat'>,</span> <span class='ocrx_word' id='word_1_377' title='bbox 1492 1344 1610 1372; x_wconf 86' lang='lat' dir='ltr'>attenta</span> <span class='ocrx_word' id='word_1_378' title='bbox 1625 1340 1697 1373; x_wconf 81' lang='lat' dir='ltr'>sacti</span> <span class='ocrx_word' id='word_1_379' title='bbox 1713 1351 1790 1385; x_wconf 88' lang='lat' dir='ltr'>qua-</span> 
     </span>
     <span class='ocr_line' id='line_1_77' title="bbox 1039 1392 1789 1436; baseline 0.004 -11"><span class='ocrx_word' id='word_1_380' title='bbox 1039 1392 1143 1431; x_wconf 86' lang='lat' dir='ltr'>litate,</span> <span class='ocrx_word' id='word_1_381' title='bbox 1167 1392 1412 1436; x_wconf 81' lang='lat' dir='ltr'>praeferendam</span> <span class='ocrx_word' id='word_1_382' title='bbox 1430 1402 1497 1425; x_wconf 86' lang='lat' dir='ltr'>esse</span> <span class='ocrx_word' id='word_1_383' title='bbox 1512 1419 1519 1432; x_wconf 87' lang='lat'>,</span> <span class='ocrx_word' id='word_1_384' title='bbox 1542 1403 1616 1426; x_wconf 89' lang='lat' dir='ltr'>cum</span> <span class='ocrx_word' id='word_1_385' title='bbox 1630 1394 1668 1427; x_wconf 83' lang='lat' dir='ltr'>ad</span> <span class='ocrx_word' id='word_1_386' title='bbox 1684 1394 1789 1428; x_wconf 90' lang='lat' dir='ltr'>solum</span> 
     </span>
     <span class='ocr_line' id='line_1_78' title="bbox 1039 1445 1790 1490; baseline 0.004 -11"><span class='ocrx_word' id='word_1_387' title='bbox 1039 1446 1222 1490; x_wconf 85' lang='lat' dir='ltr'>Principem</span> <span class='ocrx_word' id='word_1_388' title='bbox 1252 1446 1301 1479; x_wconf 93' lang='lat' dir='ltr'>ius</span> <span class='ocrx_word' id='word_1_389' title='bbox 1331 1445 1525 1479; x_wconf 87' lang='lat' dir='ltr'>decernendi</span> <span class='ocrx_word' id='word_1_390' title='bbox 1555 1446 1637 1480; x_wconf 88' lang='lat' dir='ltr'>inter</span> <span class='ocrx_word' id='word_1_391' title='bbox 1669 1448 1719 1480; x_wconf 91' lang='lat' dir='ltr'>ius</span> <span class='ocrx_word' id='word_1_392' title='bbox 1760 1454 1790 1482; x_wconf 89' lang='lat' dir='ltr'>et</span> 
     </span>
     <span class='ocr_line' id='line_1_79' title="bbox 1040 1500 1789 1546; baseline 0.004 -14"><span class='ocrx_word' id='word_1_393' title='bbox 1040 1500 1233 1543; x_wconf 86' lang='lat' dir='ltr'>aequitatem</span> <span class='ocrx_word' id='word_1_394' title='bbox 1253 1510 1319 1533; x_wconf 91' lang='lat' dir='ltr'>non</span> <span class='ocrx_word' id='word_1_395' title='bbox 1339 1500 1491 1544; x_wconf 87' lang='lat' dir='ltr'>scriptam</span> <span class='ocrx_word' id='word_1_396' title='bbox 1512 1506 1633 1544; x_wconf 87' lang='lat' dir='ltr'>spectet</span> <span class='ocrx_word' id='word_1_397' title='bbox 1660 1507 1691 1534; x_wconf 90' lang='lat' dir='ltr'>et</span> <span class='ocrx_word' id='word_1_398' title='bbox 1715 1512 1789 1546; x_wconf 88' lang='lat' dir='ltr'>per—</span> 
     </span>
     <span class='ocr_line' id='line_1_80' title="bbox 1041 1553 1790 1598; baseline 0.003 -12"><span class='ocrx_word' id='word_1_399' title='bbox 1041 1554 1161 1595; x_wconf 87' lang='lat' dir='ltr'>tineat,</span> <span class='ocrx_word' id='word_1_400' title='bbox 1198 1559 1276 1587; x_wconf 89' lang='lat' dir='ltr'>tunc</span> <span class='ocrx_word' id='word_1_401' title='bbox 1305 1553 1379 1587; x_wconf 86' lang='lat' dir='ltr'>facti</span> <span class='ocrx_word' id='word_1_402' title='bbox 1399 1554 1535 1598; x_wconf 84' lang='lat' dir='ltr'>qualitas</span> <span class='ocrx_word' id='word_1_403' title='bbox 1563 1555 1733 1598; x_wconf 79' lang='lat' dir='ltr'>diligenter</span> <span class='ocrx_word' id='word_1_404' title='bbox 1758 1556 1790 1589; x_wconf 88' lang='lat' dir='ltr'>in</span> 
     </span>
     <span class='ocr_line' id='line_1_81' title="bbox 1040 1607 1789 1652; baseline 0.004 -12"><span class='ocrx_word' id='word_1_405' title='bbox 1040 1607 1129 1641; x_wconf 85' lang='lat' dir='ltr'>visita</span> <span class='ocrx_word' id='word_1_406' title='bbox 1156 1607 1397 1649; x_wconf 84' lang='lat' dir='ltr'>consideretur,</span> <span class='ocrx_word' id='word_1_407' title='bbox 1434 1613 1464 1641; x_wconf 91' lang='lat' dir='ltr'>et</span> <span class='ocrx_word' id='word_1_408' title='bbox 1484 1608 1509 1641; x_wconf 89' lang='lat' dir='ltr'>si</span> <span class='ocrx_word' id='word_1_409' title='bbox 1529 1608 1607 1652; x_wconf 88' lang='lat' dir='ltr'>quid</span> <span class='ocrx_word' id='word_1_410' title='bbox 1627 1608 1666 1642; x_wconf 89' lang='lat' dir='ltr'>ab</span> <span class='ocrx_word' id='word_1_411' title='bbox 1687 1609 1731 1642; x_wconf 89' lang='lat' dir='ltr'>eis</span> <span class='ocrx_word' id='word_1_412' title='bbox 1751 1610 1789 1643; x_wconf 86' lang='lat' dir='ltr'>de</span> 
     </span>
     <span class='ocr_line' id='line_1_82' title="bbox 1040 1661 1790 1703; baseline 0.004 -9"><span class='ocrx_word' id='word_1_413' title='bbox 1040 1661 1111 1695; x_wconf 87' lang='lat' dir='ltr'>iure</span> <span class='ocrx_word' id='word_1_414' title='bbox 1126 1662 1335 1696; x_wconf 86' lang='lat' dir='ltr'>relaxandum</span> <span class='ocrx_word' id='word_1_415' title='bbox 1351 1661 1510 1695; x_wconf 87' lang='lat' dir='ltr'>videbitur</span> <span class='ocrx_word' id='word_1_416' title='bbox 1527 1688 1534 1703; x_wconf 93' lang='lat'>,</span> <span class='ocrx_word' id='word_1_417' title='bbox 1550 1661 1583 1694; x_wconf 89' lang='lat' dir='ltr'>id</span> <span class='ocrx_word' id='word_1_418' title='bbox 1598 1662 1690 1696; x_wconf 86' lang='lat' dir='ltr'>nobis</span> <span class='ocrx_word' id='word_1_419' title='bbox 1705 1673 1790 1697; x_wconf 89' lang='lat' dir='ltr'>unus</span> 
     </span>
     <span class='ocr_line' id='line_1_83' title="bbox 1040 1716 1790 1752; baseline 0.003 -3"><span class='ocrx_word' id='word_1_420' title='bbox 1040 1727 1077 1749; x_wconf 82' lang='lat' dir='ltr'>ex</span> <span class='ocrx_word' id='word_1_421' title='bbox 1109 1716 1326 1749; x_wconf 84' lang='lat' dir='ltr'>visitatoribus</span> <span class='ocrx_word' id='word_1_422' title='bbox 1345 1726 1410 1749; x_wconf 88' lang='lat' dir='ltr'>una</span> <span class='ocrx_word' id='word_1_423' title='bbox 1430 1726 1505 1749; x_wconf 86' lang='lat' dir='ltr'>cum</span> <span class='ocrx_word' id='word_1_424' title='bbox 1540 1716 1646 1750; x_wconf 86' lang='lat' dir='ltr'>iudice</span> <span class='ocrx_word' id='word_1_425' title='bbox 1675 1727 1790 1752; x_wconf 83' lang='lat' dir='ltr'>causae</span> 
     </span>
     <span class='ocr_line' id='line_1_84' title="bbox 1040 1770 1790 1814; baseline 0.001 -11"><span class='ocrx_word' id='word_1_426' title='bbox 1040 1770 1176 1810; x_wconf 81' lang='lat' dir='ltr'>reserat,</span> <span class='ocrx_word' id='word_1_427' title='bbox 1198 1770 1359 1814; x_wconf 87' lang='lat' dir='ltr'>praesenti</span> <span class='ocrx_word' id='word_1_428' title='bbox 1382 1775 1594 1814; x_wconf 87' lang='lat' dir='ltr'>procuratore</span> <span class='ocrx_word' id='word_1_429' title='bbox 1618 1770 1718 1804; x_wconf 86' lang='lat' dir='ltr'>fiscali</span> <span class='ocrx_word' id='word_1_430' title='bbox 1742 1771 1790 1804; x_wconf 94' lang='lat' dir='ltr'>vel</span> 
     </span>
     <span class='ocr_line' id='line_1_85' title="bbox 1040 1824 1790 1858; baseline 0.001 -1"><span class='ocrx_word' id='word_1_431' title='bbox 1040 1824 1192 1857; x_wconf 87' lang='lat' dir='ltr'>advocato</span> <span class='ocrx_word' id='word_1_432' title='bbox 1213 1824 1314 1857; x_wconf 85' lang='lat' dir='ltr'>fiscali</span> <span class='ocrx_word' id='word_1_433' title='bbox 1331 1824 1475 1858; x_wconf 87' lang='lat' dir='ltr'>eiusdem</span> <span class='ocrx_word' id='word_1_434' title='bbox 1496 1835 1642 1858; x_wconf 88' lang='lat' dir='ltr'>camerae</span> <span class='ocrx_word' id='word_1_435' title='bbox 1668 1830 1699 1858; x_wconf 91' lang='lat' dir='ltr'>et</span> <span class='ocrx_word' id='word_1_436' title='bbox 1722 1825 1790 1858; x_wconf 89' lang='lat' dir='ltr'>fisci</span> 
     </span>
     <span class='ocr_line' id='line_1_86' title="bbox 1041 1878 1791 1923; baseline 0.001 -12"><span class='ocrx_word' id='word_1_437' title='bbox 1041 1889 1077 1911; x_wconf 88' lang='lat' dir='ltr'>ac</span> <span class='ocrx_word' id='word_1_438' title='bbox 1102 1878 1196 1911; x_wconf 85' lang='lat' dir='ltr'>etiam</span> <span class='ocrx_word' id='word_1_439' title='bbox 1216 1889 1398 1923; x_wconf 89' lang='lat' dir='ltr'>pauperum</span> <span class='ocrx_word' id='word_1_440' title='bbox 1419 1878 1590 1918; x_wconf 85' lang='lat' dir='ltr'>advocato,</span> <span class='ocrx_word' id='word_1_441' title='bbox 1611 1884 1679 1912; x_wconf 88' lang='lat' dir='ltr'>uta</span> <span class='ocrx_word' id='word_1_442' title='bbox 1698 1879 1791 1912; x_wconf 91' lang='lat' dir='ltr'>nobis</span> 
     </span>
     <span class='ocr_line' id='line_1_87' title="bbox 1040 1931 1788 1976; baseline 0.001 -12"><span class='ocrx_word' id='word_1_443' title='bbox 1040 1931 1117 1976; x_wconf 85' lang='lat' dir='ltr'>quid</span> <span class='ocrx_word' id='word_1_444' title='bbox 1142 1932 1346 1966; x_wconf 86' lang='lat' dir='ltr'>statuendum</span> <span class='ocrx_word' id='word_1_445' title='bbox 1391 1938 1422 1966; x_wconf 91' lang='lat' dir='ltr'>et</span> <span class='ocrx_word' id='word_1_446' title='bbox 1451 1932 1697 1966; x_wconf 89' lang='lat' dir='ltr'>deliberandum</span> <span class='ocrx_word' id='word_1_447' title='bbox 1728 1932 1788 1973; x_wconf 89' lang='lat' dir='ltr'>sit,</span> 
     </span>
     <span class='ocr_line' id='line_1_88' title="bbox 1042 1986 1231 2029; baseline 0.005 -11"><span class='ocrx_word' id='word_1_448' title='bbox 1042 1986 1231 2029; x_wconf 82' lang='lat' dir='ltr'>intelligant.</span> 
     </span>
    </p>

    <p class='ocr_par' dir='ltr' id='par_1_22' title="bbox 1041 2039 1989 2407">
     <span class='ocr_line' id='line_1_89' title="bbox 1085 2039 1790 2084; baseline 0.001 -11"><span class='ocrx_word' id='word_1_449' title='bbox 1085 2040 1100 2083; x_wconf 56' lang='grc' dir='ltr'>ᾗ</span> <span class='ocrx_word' id='word_1_450' title='bbox 1125 2039 1156 2073; x_wconf 74' lang='lat'>⁶2.</span> <span class='ocrx_word' id='word_1_451' title='bbox 1170 2039 1353 2074; x_wconf 84' lang='lat' dir='ltr'>Mandantes</span> <span class='ocrx_word' id='word_1_452' title='bbox 1364 2045 1535 2084; x_wconf 90' lang='lat' dir='ltr'>propterea</span> <span class='ocrx_word' id='word_1_453' title='bbox 1550 2039 1723 2081; x_wconf 78' lang='lat' dir='ltr'>iudicibus,</span> <span class='ocrx_word' id='word_1_454' title='bbox 1739 2051 1790 2074; x_wconf 92' lang='lat' dir='ltr'>co-</span> 
     </span>
     <span class='ocr_line' id='line_1_90' title="bbox 1042 2093 1790 2137; baseline 0 -10"><span class='ocrx_word' id='word_1_455' title='bbox 1042 2104 1109 2127; x_wconf 87' lang='lat' dir='ltr'>ram</span> <span class='ocrx_word' id='word_1_456' title='bbox 1130 2094 1247 2137; x_wconf 88' lang='lat' dir='ltr'>quibus</span> <span class='ocrx_word' id='word_1_457' title='bbox 1267 2104 1383 2128; x_wconf 87' lang='lat' dir='ltr'>causae</span> <span class='ocrx_word' id='word_1_458' title='bbox 1404 2093 1577 2127; x_wconf 87' lang='lat' dir='ltr'>criminum</span> <span class='ocrx_word' id='word_1_459' title='bbox 1603 2094 1790 2128; x_wconf 89' lang='lat' dir='ltr'>huiusmodi</span> 
     </span>
     <span class='ocr_line' id='line_1_91' title="bbox 1041 2148 1989 2201; baseline 0.002 -21"><span class='ocrx_word' id='word_1_460' title='bbox 1041 2148 1193 2192; x_wconf 87' lang='lat' dir='ltr'>pendent,</span> <span class='ocrx_word' id='word_1_461' title='bbox 1216 2153 1271 2182; x_wconf 87' lang='lat' dir='ltr'>aut</span> <span class='ocrx_word' id='word_1_462' title='bbox 1290 2148 1322 2181; x_wconf 92' lang='lat' dir='ltr'>in</span> <span class='ocrx_word' id='word_1_463' title='bbox 1342 2149 1487 2181; x_wconf 81' lang='lat' dir='ltr'>futurum</span> <span class='ocrx_word' id='word_1_464' title='bbox 1521 2148 1661 2191; x_wconf 87' lang='lat' dir='ltr'>pendere</span> <span class='ocrx_word' id='word_1_465' title='bbox 1687 2148 1789 2181; x_wconf 91' lang='lat' dir='ltr'>conti-</span> <span class='ocrx_word' id='word_1_466' title='bbox 1805 2177 1838 2195; x_wconf 55' lang='lat' dir='ltr'>,er</span> <span class='ocrx_word' id='word_1_467' title='bbox 1853 2179 1876 2196; x_wconf 49' lang='lat'>⁵0</span> <span class='ocrx_word' id='word_1_468' title='bbox 1891 2174 1989 2201; x_wconf 54' lang='lat' dir='ltr'>gemus„</span> 
     </span>
     <span class='ocr_line' id='line_1_92' title="bbox 1041 2201 1852 2246; baseline 0 -11"><span class='ocrx_word' id='word_1_469' title='bbox 1041 2202 1135 2245; x_wconf 60' lang='lat' dir='ltr'>gcrit,</span> <span class='ocrx_word' id='word_1_470' title='bbox 1158 2203 1217 2236; x_wconf 87' lang='lat' dir='ltr'>sub</span> <span class='ocrx_word' id='word_1_471' title='bbox 1242 2202 1339 2236; x_wconf 88' lang='lat' dir='ltr'>simili</span> <span class='ocrx_word' id='word_1_472' title='bbox 1360 2212 1455 2246; x_wconf 74' lang='lat' dir='ltr'>poena</span> <span class='ocrx_word' id='word_1_473' title='bbox 1484 2201 1712 2246; x_wconf 82' lang='lat' dir='ltr'>indignationis</span> <span class='ocrx_word' id='word_1_474' title='bbox 1731 2212 1790 2235; x_wconf 91' lang='lat' dir='ltr'>no·</span> <span class='ocrx_word' id='word_1_475' title='bbox 1804 2206 1852 2228; x_wconf 63' lang='lat' dir='ltr'>bus·</span> 
     </span>
     <span class='ocr_line' id='line_1_93' title="bbox 1042 2255 1791 2299; baseline 0 -10"><span class='ocrx_word' id='word_1_476' title='bbox 1042 2262 1138 2298; x_wconf 91' lang='lat' dir='ltr'>strae,</span> <span class='ocrx_word' id='word_1_477' title='bbox 1160 2267 1212 2297; x_wconf 88' lang='lat' dir='ltr'>ne,</span> <span class='ocrx_word' id='word_1_478' title='bbox 1234 2256 1343 2299; x_wconf 79' lang='lat' dir='ltr'>vigore</span> <span class='ocrx_word' id='word_1_479' title='bbox 1364 2255 1574 2289; x_wconf 87' lang='lat' dir='ltr'>ordinationis</span> <span class='ocrx_word' id='word_1_480' title='bbox 1592 2255 1791 2289; x_wconf 74' lang='lat' dir='ltr'>visitatorum</span> 
     </span>
     <span class='ocr_line' id='line_1_94' title="bbox 1042 2309 1792 2354; baseline 0.001 -12"><span class='ocrx_word' id='word_1_481' title='bbox 1042 2309 1295 2354; x_wconf 87' lang='lat' dir='ltr'>praedictorum,</span> <span class='ocrx_word' id='word_1_482' title='bbox 1318 2315 1429 2343; x_wconf 90' lang='lat' dir='ltr'>contra</span> <span class='ocrx_word' id='word_1_483' title='bbox 1449 2314 1504 2342; x_wconf 89' lang='lat' dir='ltr'>aut</span> <span class='ocrx_word' id='word_1_484' title='bbox 1520 2314 1648 2353; x_wconf 89' lang='lat' dir='ltr'>praeter</span> <span class='ocrx_word' id='word_1_485' title='bbox 1663 2309 1792 2343; x_wconf 90' lang='lat' dir='ltr'>ordina-</span> 
     </span>
     <span class='ocr_line' id='line_1_95' title="bbox 1043 2363 1792 2407; baseline 0.001 -11"><span class='ocrx_word' id='word_1_486' title='bbox 1043 2363 1162 2397; x_wconf 89' lang='lat' dir='ltr'>tionem</span> <span class='ocrx_word' id='word_1_487' title='bbox 1195 2370 1227 2398; x_wconf 86' lang='lat' dir='ltr'>et</span> <span class='ocrx_word' id='word_1_488' title='bbox 1259 2364 1445 2397; x_wconf 86' lang='lat' dir='ltr'>mandatum</span> <span class='ocrx_word' id='word_1_489' title='bbox 1470 2367 1637 2403; x_wconf 88' lang='lat' dir='ltr'>nostrum,</span> <span class='ocrx_word' id='word_1_490' title='bbox 1664 2363 1792 2407; x_wconf 88' lang='lat' dir='ltr'>quosvis</span> 
     </span>
    </p>
   </div>
   <div class='ocr_carea' id='block_1_17' title="bbox 1042 2416 1989 2702">
    <p class='ocr_par' dir='ltr' id='par_1_23' title="bbox 1042 2416 1794 2561">
     <span class='ocr_line' id='line_1_96' title="bbox 1043 2416 1792 2457; baseline 0 -6"><span class='ocrx_word' id='word_1_491' title='bbox 1043 2424 1224 2452; x_wconf 85' lang='lat' dir='ltr'>carceratos</span> <span class='ocrx_word' id='word_1_492' title='bbox 1238 2419 1394 2457; x_wconf 79' lang='lat' dir='ltr'>relaxare,</span> <span class='ocrx_word' id='word_1_493' title='bbox 1412 2422 1467 2450; x_wconf 89' lang='lat' dir='ltr'>aut.</span> <span class='ocrx_word' id='word_1_494' title='bbox 1482 2416 1669 2449; x_wconf 89' lang='lat' dir='ltr'>mandatum</span> <span class='ocrx_word' id='word_1_495' title='bbox 1685 2417 1724 2450; x_wconf 93' lang='lat' dir='ltr'>de</span> <span class='ocrx_word' id='word_1_496' title='bbox 1744 2428 1792 2451; x_wconf 92' lang='lat' dir='ltr'>re-</span> 
     </span>
     <span class='ocr_line' id='line_1_97' title="bbox 1043 2466 1794 2501; baseline 0.003 -2"><span class='ocrx_word' id='word_1_497' title='bbox 1043 2467 1178 2501; x_wconf 90' lang='lat' dir='ltr'>laxando</span> <span class='ocrx_word' id='word_1_498' title='bbox 1196 2467 1372 2501; x_wconf 76' lang='lat' dir='ltr'>decernere</span> <span class='ocrx_word' id='word_1_499' title='bbox 1384 2467 1431 2500; x_wconf 85' lang='lat' dir='ltr'>vel</span> <span class='ocrx_word' id='word_1_500' title='bbox 1441 2466 1645 2501; x_wconf 87' lang='lat' dir='ltr'>subscribere</span> <span class='ocrx_word' id='word_1_501' title='bbox 1653 2467 1794 2501; x_wconf 84' lang='lat' dir='ltr'>audeant</span> 
     </span>
     <span class='ocr_line' id='line_1_98' title="bbox 1042 2518 1332 2561; baseline -0.007 -10"><span class='ocrx_word' id='word_1_502' title='bbox 1042 2518 1090 2551; x_wconf 89' lang='lat' dir='ltr'>vel</span> <span class='ocrx_word' id='word_1_503' title='bbox 1113 2522 1332 2561; x_wconf 89' lang='lat' dir='ltr'>praesumant.</span> 
     </span>
    </p>

    <p class='ocr_par' dir='ltr' id='par_1_24' title="bbox 1043 2565 1989 2702">
     <span class='ocr_line' id='line_1_99' title="bbox 1087 2565 1989 2610; baseline 0 -10"><span class='ocrx_word' id='word_1_504' title='bbox 1087 2566 1102 2610; x_wconf 61' lang='grc' dir='ltr'><strong>ἓ</strong></span> <span class='ocrx_word' id='word_1_505' title='bbox 1126 2566 1157 2600; x_wconf 78' lang='lat'>3.</span> <span class='ocrx_word' id='word_1_506' title='bbox 1179 2567 1249 2600; x_wconf 91' lang='lat' dir='ltr'>Non</span> <span class='ocrx_word' id='word_1_507' title='bbox 1265 2565 1465 2599; x_wconf 86' lang='lat' dir='ltr'>obstantibus</span> <span class='ocrx_word' id='word_1_508' title='bbox 1479 2565 1676 2610; x_wconf 87' lang='lat' dir='ltr'>praemissis,</span> <span class='ocrx_word' id='word_1_509' title='bbox 1689 2565 1792 2599; x_wconf 92' lang='lat' dir='ltr'>indul·</span> <span class='ocrx_word' id='word_1_510' title='bbox 1820 2573 1989 2610; x_wconf 60' lang='lat' dir='ltr'>Quibusr-umqqe</span> 
     </span>
     <span class='ocr_line' id='line_1_100' title="bbox 1044 2606 1989 2660; baseline 0.001 -12"><span class='ocrx_word' id='word_1_511' title='bbox 1044 2615 1082 2649; x_wconf 89' lang='lat' dir='ltr'>tis</span> <span class='ocrx_word' id='word_1_512' title='bbox 1102 2622 1132 2650; x_wconf 82' lang='lat' dir='ltr'>et</span> <span class='ocrx_word' id='word_1_513' title='bbox 1152 2616 1324 2660; x_wconf 76' lang='lat' dir='ltr'>privilegiis</span> <span class='ocrx_word' id='word_1_514' title='bbox 1345 2615 1465 2648; x_wconf 83' lang='lat' dir='ltr'>eisdem</span> <span class='ocrx_word' id='word_1_515' title='bbox 1480 2615 1697 2650; x_wconf 81' lang='lat' dir='ltr'>visitatoribus</span> <span class='ocrx_word' id='word_1_516' title='bbox 1713 2612 1852 2659; x_wconf 55' lang='lat' dir='ltr'>quo-¹133?</span> <span class='ocrx_word' id='word_1_517' title='bbox 1885 2606 1989 2627; x_wconf 63' lang='lat' dir='ltr'><strong>⁰b⁵²””¹¹&#39;</strong></span> 
     </span>
     <span class='ocr_line' id='line_1_101' title="bbox 1043 2664 1792 2702; baseline 0.004 -3"><span class='ocrx_word' id='word_1_518' title='bbox 1043 2665 1218 2701; x_wconf 88' lang='lat' dir='ltr'>modolibet</span> <span class='ocrx_word' id='word_1_519' title='bbox 1237 2664 1397 2701; x_wconf 86' lang='lat' dir='ltr'>concessis</span> <span class='ocrx_word' id='word_1_520' title='bbox 1413 2669 1444 2699; x_wconf 88' lang='lat' dir='ltr'>et</span> <span class='ocrx_word' id='word_1_521' title='bbox 1463 2665 1619 2701; x_wconf 86' lang='lat' dir='ltr'>innovatis</span> <span class='ocrx_word' id='word_1_522' title='bbox 1638 2665 1792 2702; x_wconf 78' lang='lat' dir='ltr'>latissime</span> 
     </span>
    </p>
   </div>
   <div class='ocr_carea' id='block_1_18' title="bbox 1808 266 1989 294">
    <p class='ocr_par' dir='ltr' id='par_1_25' title="bbox 1808 266 1989 294">
     <span class='ocr_line' id='line_1_102' title="bbox 1808 266 1989 294; baseline 0.006 -1"><span class='ocrx_word' id='word_1_523' title='bbox 1808 267 1856 293; x_wconf 78' lang='lat' dir='ltr'>An.</span> <span class='ocrx_word' id='word_1_524' title='bbox 1874 266 1901 293; x_wconf 93' lang='lat' dir='ltr'>C.</span> <span class='ocrx_word' id='word_1_525' title='bbox 1922 267 1989 294; x_wconf 80' lang='lat'>1568</span> 
     </span>
    </p>
   </div>
   <div class='ocr_carea' id='block_1_19' title="bbox 1804 2049 1989 2163">
    <p class='ocr_par' dir='ltr' id='par_1_26' title="bbox 1804 2049 1989 2163">
     <span class='ocr_line' id='line_1_103' title="bbox 1848 2049 1989 2076; baseline -0.007 -6"><span class='ocrx_word' id='word_1_526' title='bbox 1848 2049 1989 2076; x_wconf 76' lang='lat' dir='ltr'>Praeceptum</span> 
     </span>
     <span class='ocr_line' id='line_1_104' title="bbox 1805 2080 1988 2108; baseline 0 -7"><span class='ocrx_word' id='word_1_527' title='bbox 1805 2080 1859 2108; x_wconf 87' lang='lat' dir='ltr'>quod</span> <span class='ocrx_word' id='word_1_528' title='bbox 1906 2081 1988 2102; x_wconf 78' lang='lat' dir='ltr'>iudices</span> 
     </span>
     <span class='ocr_line' id='line_1_105' title="bbox 1804 2111 1989 2132; baseline -0.005 0"><span class='ocrx_word' id='word_1_529' title='bbox 1804 2111 1989 2132; x_wconf 74' lang='lat' dir='ltr'>uenobediantvi-</span> 
     </span>
     <span class='ocr_line' id='line_1_106' title="bbox 1805 2143 1989 2163; baseline 0 0"><span class='ocrx_word' id='word_1_530' title='bbox 1805 2143 1927 2163; x_wconf 82' lang='lat' dir='ltr'>sitatoribus</span> <span class='ocrx_word' id='word_1_531' title='bbox 1948 2143 1989 2163; x_wconf 75' lang='lat' dir='ltr'>ali-</span> 
     </span>
    </p>
   </div>
  </div>
 </body>
</html>
