2237 3100
236 242 285 271 An.
303 244 332 271 C.
353 242 420 269 ¹570

281 948 426 975 Exemplorum

243 982 301 1002 fides,

275 2095 394 2115 Exordium,

480 232 544 267 860

435 295 536 338 telligi
555 296 716 335 volumus,
740 295 772 326 in
793 299 883 337 parte
906 294 954 326 vel
979 299 1056 333 toto,
1077 293 1190 337 primis

437 355 467 381 et
491 349 641 382 secundis
662 348 785 380 eedulis
805 353 895 380 motu
924 347 1055 390 proprio
1081 348 1190 380 conse-

437 402 507 442 ctis,
531 407 561 434 et
581 403 613 433 in
633 401 773 434 favorem
801 400 903 433 dictae
925 400 1076 439 fabricae,
1094 412 1192 444 super

437 455 530 488 bonis
545 455 706 487 Ecclesiae
723 454 882 491 alienatis,
897 453 957 486 nisi
975 459 1097 487 tantum
1110 466 1191 498 quo-

437 509 477 541 ad
498 509 599 540 dictos
621 507 762 550 integros
784 508 919 547 fruetus,
939 507 1034 540 etiam
1056 509 1192 541 faculta-

439 567 500 594 tem
525 560 724 604 percipiendi
755 566 878 593 tructus
908 560 1006 593 unius
1031 563 1129 601 anni,
1160 567 1192 594 ut

438 616 631 659 praefertnrf,
647 615 679 646 in
691 614 842 647 omnibns
853 625 927 647 vero
937 614 1006 647 aliis
1019 620 1045 648 et
1060 615 1195 658 singulis

439 671 470 701 in
496 668 589 701 dictis
610 668 732 701 cedulis
761 675 788 701 et
807 669 921 701 titteris
946 669 1108 702 concessis
1123 679 1194 702 om—

439 722 491 755 nia
511 728 594 755 stent
611 727 641 754 et
661 733 728 754 esse
752 722 974 765 intelligantur
994 723 1086 755 firma
1113 728 1142 755 et
1163 723 1195 755 in

440 786 498 809 suo
518 776 636 808 robore
652 776 767 815 valida,
795 787 831 808 ac
857 776 881 808 si
894 782 1078 820 praesentes
1098 788 1114 809 a
1135 788 1195 810 no-

439 830 488 862 bis
508 840 573 862 non
599 835 701 862 essent
729 835 908 862 emanatae.

483 884 498 927 ξ
518 883 548 916 9.
577 884 713 926 Insuper
737 894 867 927 quoque
894 883 1064 916 statuimus
1090 889 1123 916 ut
1143 894 1196 917 ea-

442 938 589 970 rumdem
611 937 831 981 praesentium
852 938 1075 981 transumptis,
1100 949 1194 971 manu

442 991 606 1024 secretarii
638 997 666 1024 et
693 991 797 1033 sigillo
823 990 925 1024 dictae
953 991 1092 1024 fabricae
1121 991 1197 1025 sub-

442 1044 570 1088 scriptis
590 1050 618 1077 et
640 1045 784 1081 munitis,
813 1045 925 1077 eadem
960 1056 1093 1088 prorsus
1121 1045 1199 1078 fides

442 1098 646 1135 adhibeatur.
670 1109 752 1141 quae
781 1098 1004 1142 praesentibus
1028 1099 1199 1132 adbibere-

443 1157 507 1193 tur,
531 1152 555 1185 si
577 1153 679 1185 forent
702 1152 861 1185 exhibitae
881 1152 929 1185 vel
950 1157 1108 1185 ostensae.

486 1205 572 1239 Nulli
592 1217 669 1249 ergo
689 1210 747 1239 etc.

488 1259 602 1292 Datum
634 1259 753 1292 Romae
783 1259 870 1304 apud
890 1259 922 1293 S.
950 1260 1094 1300 Petrum,
1116 1269 1200 1292 anno

443 1313 679 1346 Incarnationis
704 1313 887 1346 dominicae
916 1313 1087 1347 millesimo
1110 1313 1202 1357 quin-

445 1366 623 1409 gentesimo
657 1367 895 1411 septuagesimo
916 1368 1034 1411 primo,
1058 1367 1202 1400 kalendis

446 1419 611 1460 februarii,
633 1419 840 1463 pontificatus
857 1420 958 1453 nostri
979 1431 1064 1453 anno
1088 1430 1130 1453 vl.

744 1634 898 1668 CLXXIII.

443 1716 658 1758 Confirmatio
684 1716 932 1759 privileqiorttm
959 1721 987 1749 ct
1017 1717 1200 1759 ssratiarum

486 1770 650 1802 societatis
668 1770 767 1802 cruce
786 1769 1014 1811 Siqnatomtm,
1040 1781 1099 1813 pro
1125 1782 1202 1804 saii-

487 1823 762 1867 ctaelnqm'sz'tion
770 1825 796 1855 is
806 1834 860 1856 con
869 1828 917 1856 tra
927 1825 1204 1868 leaerete'cosprac-

487 1878 570 1910 sidio
590 1878 774 1920 antiquitus
790 1878 961 1910 institutae
988 1877 1013 1910 1.

479 1958 541 1988 Pius
561 1958 633 1994 Papa
651 1958 681 1991 V.
704 1959 736 1987 ad
756 1959 919 1994 perpetuam
939 1958 980 1987 rei
999 1959 1169 1988 memoriam.

491 2029 722 2062 Sacrosanctac
732 2029 895 2063 Romanae
908 2036 935 2063 et
959 2030 1131 2063 universali
1149 2031 1206 2064 Ec-

448 2082 575 2122 clesiae,
599 2082 704 2115 divina
725 2082 914 2125 disponente
935 2084 1116 2124 clementia,
1137 2095 1205 2118 me-

448 2135 517 2169 ritis
546 2136 620 2169 licet
654 2136 936 2177 insufficientibus,
973 2138 1203 2181 praesidentes,

449 2201 578 2224 omnem
601 2191 770 2234 pastoralis
790 2191 890 2223 nostri
911 2191 1008 2225 oflicii
1025 2202 1137 2225 curam
1163 2198 1207 2225 at-

450 2255 513 2287 que
532 2244 728 2287 vigilantiam
750 2244 830 2277 inid
852 2245 1055 2288 potissimum
1077 2246 1207 2279 adbibe-

450 2308 485 2331 re
510 2298 678 2338 debemus,
694 2303 729 2331 ut
744 2298 824 2331 fides
840 2298 1130 2342 catliolicaubiquc
1142 2305 1206 2332 ter-

451 2362 574 2391 rarum,
598 2357 755 2395 quantuni
777 2351 809 2384 in
829 2351 922 2384 nobis
938 2358 993 2391 est,
1014 2352 1137 2395 integra
1158 2353 1207 2386 in-

490 2419 677 2445 llluiusmodi
705 2419 804 2454 gratias
819 2422 846 2445 et
872 2418 968 2445 indulta
996 2419 1056 2446 vide
1083 2420 1107 2446 in
1126 2420 1206 2446 Inno-

453 2463 532 2489 centii
551 2464 584 2491 IV
601 2464 790 2491 constitutione
806 2470 927 2495 xxxviii,
944 2465 976 2490 Ut
993 2466 1070 2494 nihil,
1084 2467 1147 2491 tom,
1167 2471 1207 2497 in,

455 2515 513 2541 pag.
532 2508 753 2539 58>5;·2tc011sut.
772 2516 828 2540 xm,
847 2509 961 2540 ΜαΙὶΙιά,
979 2508 1054 2539 ibid„
1073 2516 1130 2542 pag.
1146 2509 1207 2540 590,-

454 2555 480 2577 et
498 2551 594 2578 Urbani
616 2553 649 2581 lV
666 2553 859 2580 &institutione
888 2561 925 2585 iv,
940 2554 1017 2585 Licet,
1035 2552 1052 2587 S
1070 2554 1110 2584 15,
1129 2553 1207 2586 ibid,

456 2604 514 2630 pag.
533 2596 594 2629 687;
616 2601 641 2623 et
661 2598 802 2624 Clementis
825 2598 871 2624 vn
888 2599 995 2625 constit.
1022 2604 1123 2630 xxxin,
1144 2599 1207 2625 Cum

454 2644 661 2674 sicut,torn.v1,
679 2650 738 2676 pag.
758 2642 816 2669 15'1.

1034 239 1213 264 BULLARIUM
1237 239 1389 264 ROMANUM

2002 243 2050 270 An.
2069 243 2098 270 C.
2121 239 2190 270 1570

1231 292 1412 337 violataque
1437 299 1657 335 conservetur,
1679 300 1710 328 et
1728 295 1821 340 impii
1842 307 1879 329 ac
1899 295 1988 329 dete-

1233 346 1336 379 standi
1361 347 1601 380 haereticorum
1636 353 1784 389 conatus,
1816 349 1919 393 ipsam
1953 361 1989 383 u-

1233 410 1307 432 nam
1334 400 1430 433 fidem
1451 400 1569 434 violare
1590 401 1816 444 satagentium,
1838 403 1991 436 omnibus

1234 454 1415 487 rationibus
1439 455 1708 497 comprimantur.
1732 455 1821 488 Unde
1842 456 1867 488 si
1892 467 1987 500 quae,

1234 507 1273 539 ad
1294 508 1469 541 iuvandum
1495 509 1681 542 huiusmodi
1702 515 1848 542 nostrum
1869 521 1990 555 propo-

1236 560 1331 593 situm
1357 572 1394 594 ac
1428 561 1586 603 debitum,
1609 562 1688 594 alias
1712 562 1765 606 pie
1785 562 1930 596 instituta
1954 574 1992 597 ac.

1236 625 1387 647 concessa
1409 615 1505 648 fuisse
1523 626 1540 648 a
1554 616 1860 659 praedecessoribus
1874 617 1992 650 nostris

1237 663 1469 711 comperimus,
1496 669 1636 701 libenter
1677 669 1917 713 approbamus,
1962 675 1992 704 et

1237 722 1315 754 alias
1328 722 1468 765 desuper
1480 722 1696 765 disponimus,
1707 723 1845 767 proutin
1855 723 1992 757 Domino

1238 775 1456 819 conspicimus
1477 776 1648 809 salubriter
1667 776 1829 820 expedire.
1960 778 1963 780 ’

1283 830 1297 872 ,ξ
1318 829 1349 862 ’1.
1373 829 1452 862 Cum
1469 830 1577 874 itaque
1593 830 1678 863 inter
1693 836 1834 872 ceteras,
1858 842 1941 876 quae
1960 832 1994 866 in

1238 883 1379 916 Ecclesia
1391 883 1446 916 Dei
1458 884 1615 916 hactenus
1626 884 1788 918 institutae
1804 890 1889 926 sunt,
1908 885 1994 919 chri·
2008 875 2196 927 {,?⁵.ff,³,{¹.¹³¹⁰'s¹},¹;¹¹;

1240 936 1426 969 stifidelium
1458 937 1645 977 societates,
1679 937 1733 970 illa
1771 938 1847 972 satis
1878 940 1997 974 uberes
2010 944 2056 990 ¹¹³3„
2081 938 2197 990 *222222122'

1241 989 1433 1023 christianae
1445 990 1610 1033 religionis
1624 991 1749 1025 fructus
1760 992 1876 1026 afferre
1889 993 1996 1027 videa·
2011 1003 2033 1021 ει
2044 976 2197 1036 „lampasi

1240 1050 1304 1085 tur,
1319 1055 1402 1087 quae
1418 1045 1477 1077 sub
1497 1044 1600 1078 Cruce
1612 1044 1819 1088 Signatorum
1840 1047 1997 1081 vocabulo
2011 1031 2197 1090 {ii‘s'bissniii'ssue-

1241 1098 1280 1131 ad
1302 1097 1517 1131 assistendum
1550 1098 1734 1132 baereticae
1762 1099 1927 1143 pravitatis
1951 1100 1998 1134 in-
2163 1094 2170 1097 ¹

1241 1151 1465 1195 quisitoribus‚
1488 1151 1721 1195 auxiliumque,
1731 1153 1862 1196 quando
1875 1158 1906 1187 et
1918 1165 1999 1198 quo-

1243 1204 1301 1238 ties
1320 1215 1403 1249 opus
1423 1205 1472 1245 sit,
1497 1205 1529 1237 in
1551 1205 1730 1240 catholicae
1755 1206 1831 1241 fidei
1854 1208 1999 1251 negociis

1242 1258 1395 1291 adversus
1407 1258 1602 1299 haereticos,
1617 1259 1713 1292 etiam
1731 1259 1793 1293 vita
1812 1259 1883 1303 ipsa
1904 1272 2000 1305 prae-

1243 1312 1404 1351 standum,
1434 1311 1578 1345 instituta
1608 1312 1723 1354 existit,
1744 1318 1781 1346 ut
1799 1324 1865 1347 non
1885 1314 2000 1349 imme-

1243 1366 1305 1398 rito
1326 1376 1343 1397 a
1364 1365 1498 1397 diversis
1513 1365 1666 1398 Romanis
1681 1366 1895 1400 Pontificibus
1911 1379 2002 1412 prae-

1244 1418 1469 1452 decessoribus
1489 1418 1607 1452 nostris
1627 1418 1824 1463 specialibus
1843 1420 1953 1464 gratiis
1971 1426 2002 1456 et

1244 1473 1420 1517 privilegiis
1444 1472 1542 1506 suerit
1566 1473 1729 1507 decorata.

1288 1527 1302 1570 ἓ
1323 1526 1354 1559 02.
1378 1527 1453 1568 Nos,
1476 1527 1675 1560 attendentes
1691 1527 1778 1571 quod
1791 1538 1828 1561 ea
1843 1527 2001 1564 maiorem

1244 1580 1389 1613 obtinent
1406 1581 1532 1614 roboris
1552 1581 1751 1623 firmitatem,
1772 1592 1854 1627 quae
1878 1583 2002 1628 pluries

1245 1635 1442 1680 apostolicae
1468 1635 1726 1670 confirmationis
1751 1638 1913 1682 praesidio
1938 1635 2203 1694 Sintffss¹dss¹1i'⁰r⁰0⁰p⁰.i]

1246 1689 1458 1731 communita,
1473 1695 1574 1733 utque
1594 1695 1767 1734 paternum
1785 1696 1934 1726 nostrum
1948 1703 2000 1726 er·
2015 1702 2088 1726 ign-¹¹¹,
2122 1698 2204 1719 conflr-

1245 1754 1283 1786 ga
1317 1743 1417 1787 ipsam
1458 1743 1643 1777 societatem
1670 1744 1810 1778 caritatis
1848 1745 2000 1780 affectum
2014 1732 2064 1752 Μ’

1245 1797 1464 1837 ostendamus,
1488 1797 1635 1831 eiusdem
1651 1798 1812 1832 societatis
1827 1798 1930 1834 Cruce
1951 1800 2002 1834 Si-

1245 1856 1417 1893 gnatorum
1440 1850 1638 1884 creationem
1655 1856 1685 1884 ct
1704 1851 1940 1887 institutionem
1965 1864 2003 1888 ac

1247 1904 1422 1948 privilegia,
1443 1915 1526 1948 quae
1552 1911 1626 1938 sunt
1646 1905 1678 1938 in
1698 1917 1773 1947 usu,
1799 1917 1928 1941 necnon
1952 1907 2003 1941 in-

1246 1958 1439 2001 dulgentias,
1467 1959 1717 2002 praerogativas,
1735 1960 1913 2002 facultates,
1933 1972 2011 2005 gra--

1247 2011 1306 2044 tias
1326 2017 1356 2045 et
1380 2012 1505 2045 indulta
1529 2023 1756 2057 quaecumque
1771 2013 1876 2048 eidem
1901 2014 2004 2049 socie-

1247 2065 1302 2098 tati
1324 2071 1353 2099 et
1373 2066 1461 2099 illius
1485 2067 1654 2110 utriusque
1675 2079 1768 2102 sexus
1789 2069 2005 2103 confratribus

1247 2119 1350 2153 Cruce
1371 2119 1509 2163 signatis
1530 2131 1589 2164 pro
1610 2127 1756 2166 tempore
1779 2121 2003 2163 existentibus,

1247 2178 1310 2205 tam
1324 2184 1382 2216 per
1392 2174 1616 2207 Innocentium
1628 2175 1677 2215 lv,
1689 2175 1914 2210 Innocentium
1925 2176 2001 2218 VIII,

1247 2226 1364 2259 lulium
1374 2227 1411 2267 Il,
1422 2227 1562 2261 Leonem
1573 2229 1612 2269 X,
1624 2229 1822 2262 Clementem
1830 2230 1893 2271 VII,
1907 2241 2004 2273 quam

1249 2290 1474 2324 quoscumque
1509 2281 1589 2315 alios
1629 2282 1792 2316 Romanos
1832 2283 2006 2317 Pontifices
2025 2284 2027 2286 ’

1250 2333 1515 2377 praedecessores
1548 2340 1685 2376 nostros,
1711 2336 1771 2369 sub
1791 2336 2004 2380 quibuscum-

1250 2398 1313 2430 que
1346 2387 1514 2421 tenoribus
1543 2394 1571 2421 et
1608 2389 1731 2429 formis,
1759 2400 1796 2422 ac
1822 2401 1896 2423 cum
1931 2391 2004 2434 qui-

1250 2437 1357 2470 busvis
1399 2437 1553 2471 clausulis
1597 2443 1627 2471 ct
1671 2438 1808 2472 decretis
1849 2440 2005 2474 hactenus

1250 2487 1495 2529 quomodolibet
1529 2497 1681 2520 concessa
1719 2492 1749 2521 et
1789 2488 1980 2522 confirmata
1994 2516 2002 2530 ,

1251 2535 1388 2568 decretis
1423 2541 1530 2569 tamen
1568 2536 1697 2570 concilii
1730 2536 1908 2570 Tridentini
1939 2548 2005 2571 non

1250 2585 1476 2627 repugnantia,
1492 2595 1620 2618 necnon
1635 2585 1756 2619 litteras
1771 2585 2006 2629 desuperema-

1251 2639 1361 2674 natas,
1389 2633 1523 2668 illorum
1562 2634 1709 2668 omnium
1736 2640 1767 2668 et
1799 2634 2004 2683 singulorum

2034 843 2133 865 Societas
2143 843 2196 864 Cru-

2103 1541 2201 1563 Pontifex

2016 1573 2085 1595 eidem
2101 1579 2128 1595 ea
2146 1577 2200 1600 quae

2016 1609 2064 1626 sunt
2079 1606 2100 1626 in
2117 1611 2164 1630 usu,
2180 1607 2202 1626 et
