2237 3100
46 296 98 324 Au.
115 295 144 323 C.
164 294 233 324 ¹562

247 351 450 380 concernunt
473 356 529 379 seu
546 355 744 379 coneernere
759 350 913 389 poterunt
925 355 1004 388 quo-

246 399 421 433 modolibet
451 399 485 432 in
518 399 666 432 futurum
680 426 687 440 ,
724 399 845 432 nullam
882 399 1001 442 possint

246 452 487 486 exeusationem
522 452 735 495 praetendere
775 453 823 485 vel
863 452 1002 495 allegare

245 507 333 551 quod
353 507 392 540 ad
412 506 560 550 ipsorum
585 506 732 539 notitiam
757 516 821 539 non
847 517 1002 550 pervene-

244 560 321 601 rint,
345 571 418 594 cum
439 570 504 593 non
520 560 559 593 sit
578 560 751 593 verisimile
772 560 858 604 apud
879 570 934 593 eos
952 560 1001 592 in-

246 613 413 657 cognitum
453 624 623 647 remanere
656 614 744 657 quod
771 619 834 646 tam
855 618 1003 657 patenter

242 667 447 712 publicatum
461 667 570 700 fuerit.

288 721 373 755 Nulli
394 732 471 764 ergo
492 725 548 754 etc.
783 752 786 753 γ

287 775 403 809 Datum
423 775 543 808 Romae
569 775 656 819 apud
681 775 835 808 Sanctum
855 775 999 814 Petrum,

242 839 327 862 anno
353 829 587 862 Incarnationis
615 828 797 862 dominicae
830 828 1001 861 millesimo

242 883 502 927 quingentesimo
523 883 720 926 sexagesimo
736 882 891 922 secundo,
914 888 1001 915 sexto

241 937 397 970 kalendas
411 936 505 977 iunii,
523 936 731 981 pontificatus
739 935 840 969 nostri
856 946 940 969 anno
952 946 997 969 111.

242 991 271 1033 ἦ·
290 990 356 1034 Ego
375 991 449 1023 Plrs
462 1018 469 1029 ,
492 991 670 1024 catholicae
692 990 854 1023 Ecclesiae
875 989 1001 1033 episco-

333 1055 406 1087 pus.

285 1096 472 1141 Sequuntur
501 1097 722 1131 cardinalium
754 1097 1002 1140 subscriptiones

242 1154 273 1184 et
288 1150 479 1193 publicatio.

282 1207 345 1237 Dat.
369 1208 416 1238 die
438 1208 475 1238 27
499 1209 568 1238 maii
595 1208 678 1246 1562,
698 1208 798 1247 pontis.
822 1218 900 1239 anuo
919 1217 959 1239 111.

69 729 156 752 Sanctio
165 732 228 755 poen.

568 1372 671 1405 LXIX.

242 1448 444 1491 Reformalio
467 1449 641 1483 tribunalis
658 1450 819 1483 auditoris
830 1461 1001 1483 causarum

286 1503 405 1536 Curiae
412 1504 615 1537 Reverendae
626 1503 997 1548 GameraeApostolicae.

322 1583 384 1612 Pius
404 1583 548 1620 episcopus
577 1591 673 1615 servus
697 1592 839 1614 sorvorum
865 1586 929 1619 Dei,

374 1639 409 1667 ad
437 1640 600 1675 perpetuam
623 1640 665 1669 rei
694 1641 864 1669 memoriam.

285 1710 371 1744 Inter
386 1710 583 1755 multiplices
599 1711 770 1755 pastoralis
785 1712 882 1746 officii
898 1714 999 1747 nostri

66 1774 193 1797 proemium.
241 1774 348 1805 curas,
370 1764 425 1798 illa
450 1775 509 1799 nos
528 1765 733 1810 potissimum
754 1773 847 1810 urget
870 1774 903 1800 ut
925 1779 1000 1812 pro-

240 1818 371 1852 visionis
395 1825 523 1853 nostrae
548 1820 727 1854 ministerio
748 1821 910 1855 Romanae
936 1822 999 1855 Cu-

241 1872 308 1906 riae
326 1873 501 1907 tribunalia
517 1874 598 1907 iuste
619 1880 649 1907 et
669 1875 840 1908 salubriter
855 1875 998 1919 dirigan-

239 1932 305 1969 tur,
328 1937 365 1961 ac
386 1928 521 1961 subditis
536 1929 655 1962 nostris
672 1935 700 1962 et
718 1928 788 1962 aliis
805 1929 998 1963 christifide-

240 1981 325 2016 libus
345 1993 457 2015 causas
477 1988 507 2016 et
523 1982 657 2026 negocia
679 1994 735 2015 sua
751 1983 783 2015 in
799 1983 844 2016 eis
860 1989 999 2017 tractan-

239 2036 326 2070 tibus
350 2036 401 2070 ius
421 2035 451 2070 et
472 2036 591 2070 iustitia
608 2048 711 2082 aequa
727 2037 819 2070 lance
841 2044 869 2071 et
892 2039 997 2072 mino-

240 2090 349 2132 ribus,
372 2101 470 2134 quam
491 2091 562 2125 fieri
584 2092 717 2136 poterit,
740 2092 916 2136 dispendiis
935 2094 996 2128 mie

239 2144 429 2179 nistrentur.

285 2199 300 2242 ξ
318 2199 351 2232 t.
381 2199 464 2232 Sane
485 2209 560 2232 cum
580 2209 640 2232 nos
653 2227 660 2241 ,
683 2209 749 2232 una
770 2210 844 2232 cum
867 2210 998 2234 venera-

66 2256 147 2294 (ἔλπει,
163 2257 226 2293 'wius
240 2253 360 2286 bilibus
375 2253 528 2287 fratribus
548 2253 665 2287 nostris
686 2259 813 2287 sanctae
834 2254 997 2289 Romanae

41 2287 204 2311 'mmmm‘
240 2302 402 2341 Ecclesiae
424 2307 654 2347 cardinalibus,
686 2307 827 2350 generali
848 2308 995 2342 tribuna-

239 2361 318 2394 lium
341 2366 371 2394 et
392 2360 574 2394 officiorum
596 2360 739 2394 eiusdem
761 2360 875 2394 Curiae
895 2362 997 2396 resor-

239 2414 374 2448 mationi
391 2414 499 2448 solerti
521 2414 626 2447 studio
651 2425 687 2447 ac
707 2414 869 2457 vigilantia
890 2415 995 2450 inten-

239 2469 391 2502 deremus
402 2496 409 2509 ,
431 2469 514 2501 inter
530 2474 648 2509 cetera,
661 2468 862 2512 respeximus
882 2470 921 2502 ad
937 2480 994 2503 an-

238 2522 457 2567 tiquissimum
479 2528 509 2556 et
524 2522 761 2555 nobilissimum
777 2522 919 2556 tribunal
934 2535 994 2557 no-

239 2577 295 2610 stri
316 2582 347 2610 et
361 2576 476 2610 Curiae
498 2587 670 2610 causarum
691 2576 843 2610 Gamerae
862 2577 996 2621 Aposto-

238 2630 319 2664 licae
352 2630 512 2674 generalis
533 2630 701 2671 auditoris,
723 2630 779 2675 qui
804 2641 869 2664 non
889 2631 994 2665 solum

240 2684 405 2719 Romanae
425 2684 540 2720 Curiae
559 2684 655 2719 iudex
675 2684 858 2719 ordinarius
877 2685 993 2727 existit,

926 290 994 314 Plt's
1017 290 1048 315 n·
1071 291 1118 314 PP.

1693 277 1756 312 0207

1046 343 1101 377 sed
1121 343 1153 376 in
1173 348 1240 375 tota
1259 340 1429 385 temporali
1450 340 1672 374 iurisdictione
1693 346 1801 373 nostra

1046 408 1082 430 ac
1104 396 1260 430 universis
1285 394 1451 428 christiani
1472 394 1559 427 orbis
1579 393 1752 438 provinciis
1772 400 1803 427 et

1046 451 1165 494 regnis,
1179 462 1214 484 ex
1225 450 1350 483 indulto
1362 449 1562 481 diversorum
1579 448 1801 484 Romanorum

1045 505 1239 538 Pontificum
1253 504 1542 548 praedecessorum
1554 507 1755 540 nostrorum,
1770 502 1802 535 in

1046 559 1190 591 civilibus
1222 563 1251 591 et
1291 556 1513 590 criminalibus
1546 555 1801 589 iurisdictionem

1045 619 1183 653 exercet,
1201 610 1550 653 animadvertimusque
1570 609 1602 642 in
1619 610 1732 642 eodem
1751 610 1803 643 tri-

1045 666 1165 705 bunali,
1178 677 1237 710 pro
1250 671 1433 709 temporum
1451 663 1578 697 incuria
1598 668 1629 696 et
1648 663 1801 706 negocio-

1046 730 1116 751 rum
1139 719 1388 762 multiplicitate,
1412 718 1588 751 nonnullos
1615 717 1735 750 abusus
1755 717 1801 750 ir-

1045 772 1193 816 repsisse,
1216 784 1251 805 ac
1286 782 1350 805 non
1379 771 1506 804 modica
1522 769 1747 804 emendatione
1772 775 1803 804 et

1045 825 1247 858 correctione
1269 836 1350 869 opus
1370 835 1449 857 esse.

1088 879 1102 922 g
1123 878 1152 911 2.
1176 879 1211 911 Et
1234 884 1416 922 propterea,
1430 883 1461 910 ut
1480 882 1544 910 tam
1560 876 1688 910 auditor
1704 887 1801 921 quam

1044 943 1113 965 eius
1133 932 1389 965 locumtenentes
1409 937 1439 964 et
1459 930 1683 971 notarii,intra
1705 930 1801 964 iuris-

1044 985 1193 1019 dictionis
1215 996 1291 1017 suae
1312 985 1393 1018 fines
1423 996 1454 1017 se
1476 984 1670 1024 contineant,
1696 995 1803 1029 neque

1044 1050 1168 1079 causas,
1192 1044 1303 1073 contra
1324 1038 1404 1071 iuris
1424 1038 1584 1078 ordinem,
1604 1049 1678 1071 cum
1700 1044 1803 1072 recto-

1043 1104 1115 1125 rum
1151 1099 1183 1126 et
1215 1093 1469 1135 gubernatorum
1504 1091 1648 1124 eiusdem
1674 1092 1803 1125 ditionis

1043 1152 1172 1180 nostrae
1207 1152 1235 1179 et
1261 1146 1400 1179 aliorum
1422 1145 1663 1178 ordinariorum
1684 1145 1803 1179 iniuria

1043 1210 1079 1232 ae
1110 1199 1315 1232 subditorum
1342 1204 1528 1231 nostrorum
1549 1203 1578 1231 et
1599 1198 1802 1242 reliquorum

1044 1251 1305 1285 christifidelium
1325 1251 1428 1284 nimio
1446 1250 1628 1295 dispendio,
1642 1251 1681 1284 ad
1694 1262 1726 1284 se
1742 1257 1803 1285 tra-

1042 1306 1140 1347 hant,
1169 1306 1334 1350 aliasque,
1357 1310 1392 1338 ut
1421 1305 1531 1344 decet,
1559 1315 1673 1338 eorum
1695 1305 1802 1339 officio

1043 1359 1103 1392 rite
1115 1364 1146 1392 et
1157 1365 1243 1392 recte
1256 1360 1442 1401 fungantur,
1462 1358 1630 1402 providere
1646 1359 1799 1399 volentes,

1042 1417 1154 1446 vocato
1175 1418 1202 1445 et
1231 1412 1342 1445 audito
1362 1410 1538 1444 venerabili
1571 1411 1661 1444 fratri
1690 1417 1800 1445 nostro

1042 1466 1162 1506 Flavio,
1182 1466 1335 1510 episcopo
1353 1465 1549 1506 Muranensi,
1567 1465 1725 1499 moderno
1741 1477 1800 1499 no-

1044 1526 1109 1553 stro
1135 1526 1165 1553 et
1190 1520 1294 1553 dietae
1314 1519 1429 1553 Curiae.
1455 1519 1620 1560 auditore,
1642 1525 1671 1553 et
1692 1520 1802 1553 habita

1043 1585 1141 1618 super
1165 1574 1215 1607 his
1240 1585 1315 1607 cum
1340 1573 1460 1607 eisdem
1482 1574 1701 1607 cardinalibus
1720 1574 1800 1607 deli-

1042 1628 1209 1661 beratione
1243 1634 1370 1661 matura
1383 1655 1390 1669 ,
1421 1628 1459 1661 de
1494 1638 1607 1661 eorum
1643 1628 1777 1661 consilio
1790 1656 1798 1669 ‚

1042 1682 1219 1726 apostolica
1233 1682 1438 1723 auctoritate,
1447 1687 1559 1715 tenore
1569 1682 1799 1726 praesentium,

1043 1735 1214 1768 statuimus
1235 1741 1264 1769 et
1288 1736 1478 1769 ordinamus
1511 1736 1598 1780 quod
1616 1736 1655 1769 de
1680 1742 1798 1777 cetero,

1041 1789 1208 1834 perpetuis
1241 1790 1359 1823 suturis
1378 1789 1592 1833 temporibus,
1613 1790 1743 1824 auditor
1762 1802 1799 1825 ac

1041 1843 1300 1877 locumtenentes
1329 1855 1386 1877 seu
1415 1843 1539 1877 iudices
1559 1850 1589 1877 et
1613 1844 1730 1877 notarii
1751 1845 1799 1878 di-

1041 1902 1110 1929 ctae
1130 1896 1244 1930 Curiae
1279 1909 1338 1941 pro
1372 1904 1519 1943 tempore
1553 1898 1738 1939 existentes,
1761 1899 1799 1932 ad

1040 1951 1322 1997 infrascriptorum
1339 1953 1557 1997 capitulorum
1574 1959 1604 1986 et
1620 1953 1652 1985 in
1668 1952 1713 1985 eis
1725 1963 1800 1986 con-

1041 2012 1203 2039 tentorum
1229 2017 1516 2051 quorumcumque
1540 2007 1721 2052 plenariam
1739 2007 1799 2040 ob-

1041 2061 1254 2094 servationem
1275 2066 1457 2094 teneantur.

1084 2116 1099 2159 {3
1119 2114 1150 2148 3.
1174 2115 1211 2148 Et
1231 2114 1263 2147 in
1279 2115 1393 2159 primis
1408 2114 1538 2148 auditor
1553 2114 1717 2159 praefatus
1732 2125 1798 2148 non

1039 2169 1190 2202 decernat
1202 2168 1375 2202 monitoria
1388 2169 1539 2213 specialia
1555 2159 1587 2201 in
1603 2169 1709 2202 causis
1724 2179 1798 2213 pro-

1040 2222 1132 2264 fanis,
1155 2222 1250 2255 etiam
1271 2223 1302 2254 in
1318 2222 1412 2255 terris
1427 2222 1601 2262 Ecclesiae,
1619 2223 1704 2256 ultra
1715 2234 1795 2266 qua-

1039 2277 1185 2319 draginta
1206 2276 1357 2309 milliaria
1373 2277 1412 2308 ab
1432 2277 1534 2317 Urbe,
1558 2276 1689 2319 quando
1709 2278 1797 2310 valor

1039 2341 1154 2364 causae
1174 2341 1239 2363 non
1260 2330 1383 2364 excedit
1404 2340 1564 2363 summani
1585 2335 1716 2363 centum
1737 2331 1795 2364 sso—

1038 2395 1207 2418 renorum.

1082 2439 1096 2483 g
1116 2438 1146 2471 si.
1170 2438 1290 2471 Deinde
1311 2448 1377 2471 non
1397 2436 1533 2481 recipiat
1557 2447 1617 2471 nec
1650 2437 1793 2471 admittat

1037 2488 1270 2532 appellationes
1290 2487 1329 2521 de
1354 2487 1517 2531 partibus,
1532 2486 1592 2519 nisi
1609 2497 1683 2520 cum
1704 2487 1794 2520 clau-

1038 2539 1107 2571 sula
1127 2548 1288 2581 expressa,
1311 2542 1471 2580 quatenus
1490 2547 1509 2569 a
1533 2537 1691 2569 sententia
1715 2537 1794 2570 defi-

1037 2587 1133 2620 nitiva
1153 2587 1201 2620 vel
1222 2587 1285 2619 vim
1315 2585 1496 2620 definitivae
1521 2585 1660 2619 habente
1680 2586 1792 2630 appel-

1037 2636 1139 2668 latum
1161 2635 1212 2669 sit.

1081 2685 1096 2729 g
1117 2685 1148 2719 5.
1172 2684 1355 2719 Successive
1380 2684 1413 2718 in
1433 2683 1614 2719 monitoriis
1638 2682 1794 2728 generali-

1817 287 1869 313 An.
1887 285 1916 313 C.
1934 286 2000 314 1562

1848 896 1975 917 tta-formatio

1819 2130 1887 2158 Super
1903 2131 1997 2151 monito-

1812 2164 1849 2184 riis
1861 2163 1996 2191 specialibus,

1838 2450 1941 2477 Appellat.
1958 2451 1996 2472 ad-

1809 2483 1925 2508 mittendi⁵‚
