2237 3100
445 209 462 241 1
470 207 534 242 050

488 271 560 304 aliis
579 270 678 303 rebus
693 267 789 301 etiam
806 264 939 309 proprio
954 263 1066 296 labore
1081 272 1156 306 par-

489 323 543 363 tis,
566 328 621 355 aut
641 318 936 365 patrimonialibus,
954 316 993 349 ad
1014 325 1158 348 eommo—

488 377 566 410 dum
601 373 845 416 illegitimorum
872 369 968 403 etiam
994 368 1157 411 legitima-

487 435 607 467 torum,
616 437 681 459 non
691 432 797 458 tamen
808 422 1023 466 hospitalibus
1034 420 1159 464 exposi-

487 488 596 514 torum
618 485 645 512 et
668 477 914 520 orphanorum3
937 480 967 507 et
991 473 1157 516 abrogatio

488 531 751 567 habilitationum
768 528 958 562 eorumdem
975 526 1159 569 illegitimo-

489 596 563 619 rum
584 583 779 617 succedendi
808 582 841 615 in
868 581 960 614 dictis
989 579 1083 612 bonis
1103 584 1158 611 aut.

489 640 586 672 rebus
610 637 794 671 feudalibus
828 640 859 668 et
885 631 1158 677 emphytheuticis

488 703 507 724 a
526 691 588 735 piis
608 690 688 723 locis
704 688 871 733 prosectis,
894 686 959 721 880

534 744 690 788 Sequitur
711 742 853 776 extensio
874 741 979 774 dictae
1004 739 1159 772 constitu-

489 798 585 831 tionis
613 797 708 830 etiam
731 796 770 828 ad
795 796 881 828 bona
899 792 1155 838 patrimonialia,

490 850 567 884 883.

398 905 553 939 CLXXXI.
586 903 795 937 Cambiorum
829 900 1020 933 illicitorum
1054 899 1159 931 decla-

488 959 570 991 ratio
591 963 621 990 et
642 955 833 1001 prohibitio,
855 954 932 988 884.

398 1012 566 1046 CLXXXII.
590 1011 749 1043 Extinctio
770 1008 899 1042 Ordinis
924 1008 1061 1040 fratrum
1090 1006 1158 1038 llu-

490 1065 712 1104 miliatorum,
738 1074 812 1095 cum
839 1061 1054 1094 reservatione
1085 1058 1158 1092 Sodi

488 1118 692 1162 Apostolicae
706 1115 940 1148 beneficiorum
954 1119 983 1146 et
996 1114 1158 1146 bonorum

489 1177 664 1215 propterea
683 1168 878 1209 vacantium,
901 1167 979 1201 885.

402 1225 583 1259 CLXXXIII.
598 1222 898 1266 praepositurarum
909 1230 1015 1263 nuper
1030 1219 1159 1252 extincti

488 1277 617 1311 Ordinis
632 1278 767 1309 fratrum
785 1274 1036 1307 llumiliatorum
1053 1272 1161 1305 distri-

489 1330 581 1363 butio
603 1335 631 1362 et
654 1328 839 1372 applicatio,
862 1327 1075 1370 ipsorumque
1096 1326 1160 1358 fra-

492 1390 579 1417 trum
607 1383 741 1420 divisio,
765 1392 839 1414 cum
869 1381 1017 1413 locorum
1045 1385 1076 1412 et
1100 1379 1160 1411 ali-

491 1443 677 1470 mentorum
704 1434 932 1477 assignatione,
955 1439 985 1466 et
1007 1444 1080 1466 cnm
1107 1444 1160 1465 ea-

491 1490 641 1523 rumdem
663 1489 856 1532 dignitatum
875 1493 904 1520 et
925 1486 1161 1519 beneficiorum

490 1543 707 1576 saecularium
717 1542 792 1575 dicti
804 1540 931 1575 Ordinis
944 1539 1161 1572 reservatione

490 1596 694 1641 dispositioni
722 1595 812 1629 Sedis
836 1593 1059 1638 Apostolicae,
1082 1592 1158 1626 888.

405 1651 582 1685 CLXXXIV.
618 1649 769 1692 Episcopi
800 1647 891 1690 regni
921 1647 1049 1680 Siciliae
1079 1657 1161 1689 quo-

490 1703 596 1736 tannis
624 1701 839 1734 inventarium
872 1705 1019 1732 actorum
1050 1699 1161 1732 erimi-

490 1758 614 1790 nalium
635 1756 796 1789 conticere
818 1760 848 1788 et
869 1754 1034 1787 custodire
1050 1759 1162 1786 tenen·

490 1817 553 1851 tur,
575 1809 650 1843 893.

401 1864 564 1898 CLXXXV.
593 1862 793 1895 Clericornm
820 1861 973 1895 Gamerae
999 1860 1161 1905 Apostoli-

489 1928 545 1950 cae
572 1916 745 1959 collegium
775 1915 815 1948 ad
840 1915 1077 1948 duodenarium
1099 1924 1161 1946 nu-

489 1980 616 2004 merum
637 1970 816 2011 adaugetur
830 1994 837 2008 ,
860 1979 934 2000 cum
955 1968 1160 2000 emolumen-

489 2030 598 2058 torum
618 2023 694 2066 ipsis
715 2023 754 2055 de
775 2028 882 2055 cetero
900 2021 1159 2054 exhibendorum

491 2076 732 2121 praefinitione,
756 2075 832 2107 89'4.

402 2131 580 2166 CLXXXVI.
607 2129 710 2163 Officii
736 2129 769 2161 Β.
794 2127 911 2160 Mariae
931 2137 1037 2170 nuper
1058 2128 1161 2159 resor-

491 2185 567 2218 mati
582 2182 786 2227 approbatio,
799 2192 873 2214 curn
886 2180 1161 2223 indulgentiarum

492 2237 681 2280 elargitione
715 2245 774 2279 pro
808 2234 887 2267 illud
926 2234 1159 2275 recitantibus,

493 2301 524 2329 et
543 2295 682 2328 aliorum
704 2292 859 2326 similium
881 2292 1061 2326 officiorum
1087 2293 1163 2326 abo-

492 2352 618 2393 litione,
641 2351 716 2385 897.

404 2410 594 2444 CLXXXVII.
618 2409 799 2442 Iurisdictio
820 2408 850 2441 S.
874 2408 912 2441 R.
930 2408 966 2441 E.
989 2408 1162 2441 cardinalis

494 2467 688 2512 protectoris
709 2473 739 2500 et
759 2467 875 2499 iudicis
897 2477 1087 2499 caussarum
1109 2477 1162 2499 ar-

493 2525 818 2559 chiconsraternitatis
841 2524 1006 2557 Trinitatis
1036 2534 1163 2557 nuncu-

493 2589 597 2627 patae,
621 2583 659 2615 ad
681 2593 841 2626 pauperes
860 2582 1047 2626 peregrinos
1064 2586 1161 2625 atque

1034 208 1182 233 BULLARII
1201 208 1322 232 ROMANI

1289 262 1549 295 convalescentes
1568 262 1773 307 recipiendos
1789 266 1910 310 pieque
1927 277 1960 300 a-

1288 314 1403 347 lendos
1428 315 1461 347 in
1485 316 1571 349 Urbe
1591 313 1770 359 institutae,
1790 319 1866 353 901.

1200 366 1404 401 CLXXXVIII.
1438 369 1585 402 Facultas
1621 371 1766 413 magistri
1800 375 1959 416 generalis

1289 426 1321 453 et
1336 421 1554 463 praelatorum
1570 422 1699 456 Ordinis
1715 424 1851 458 fratrum
1867 427 1961 462 Prae-

1290 473 1474 507 dicatorum
1506 475 1539 508 S.
1576 475 1736 510 Dominiei
1770 480 1900 512 creandi
1929 486 1962 514 et

1289 526 1465 570 deputandi
1496 528 1610 562 fratres
1634 529 1736 573 ipsius
1769 531 1897 566 Ordinis
1928 533 1961 567 in

1289 580 1433 613 notarios
1447 591 1506 624 pro
1522 582 1714 616 executione
1730 585 1960 620 mandatorum

1289 633 1558 675 apostolicorum,
1580 635 1657 669 904.

1201 684 1381 718 CLXXXIX.
1403 686 1494 726 Quod
1514 688 1629 721 fratres
1653 689 1814 724 Eremitae
1830 692 1862 726 S.
1885 694 1961 728 Hie-

1290 739 1430 783 ronymi,
1460 741 1718 784 congregationis
1735 744 1770 776 B.
1802 744 1887 779 Petri
1921 747 1963 781 de

1290 791 1382 833 Pisis,
1405 792 1562 835 Regulam
1587 793 1619 827 S.
1646 795 1816 838 Augustini
1838 798 1961 832 dudum

1291 845 1438 888 professi,
1459 847 1547 879 ultra
1565 847 1685 890 gratias
1706 849 1812 883 dietae
1827 862 1962 896 congre-

1290 898 1441 940 gationis,
1464 901 1675 943 perfruantur
1694 902 1869 947 privilegiis
1889 916 1961 939 om-

1290 951 1387 984 nibus
1407 953 1446 985 ab
1463 953 1523 985 isto
1536 953 1692 987 Pontifiee
1708 956 1961 993 Mendicantium

1290 1003 1465 1038 Ordinibus
1486 1006 1641 1049 elargiti&
1664 1008 1739 1041 908.

1201 1056 1286 1090 CXC.
1314 1058 1471 1091 Reduc-tio
1496 1059 1535 1092 ad
1568 1061 1724 1094 terminos
1758 1062 1838 1096 iuris
1871 1075 1962 1098 com-

1292 1112 1400 1145 munis
1430 1113 1700 1147 constitutionum
1732 1126 1750 1148 a
1783 1117 1871 1150 Sixto
1900 1118 1960 1160 IV,

1292 1165 1398 1198 Leone
1417 1166 1443 1198 X
1473 1172 1504 1199 et
1530 1167 1585 1200 Pio
1609 1168 1647 1201 lV
1667 1180 1704 1201 ae
1732 1170 1804 1203 aliis
1832 1171 1964 1205 Pontifi-

1292 1219 1385 1251 cibus
1405 1219 1578 1261 editarum,
1601 1232 1700 1265 super
1730 1223 1800 1255 iure
1826 1225 1963 1267 congrui

1291 1277 1322 1304 et
1343 1283 1441 1315 super
1457 1273 1546 1306 novis
1565 1274 1721 1318 <exceptis
1736 1281 1845 1310 tamen
1863 1278 1963 1311 saeris

1292 1332 1347 1358 aut
1367 1326 1528 1369 publicis)
1548 1328 1706 1361 aedificiis
1735 1330 1964 1364 construendis

1293 1385 1346 1411 aut
1368 1379 1562 1422 ampliandis
1583 1381 1616 1413 in
1636 1381 1735 1422 Urbe,
1760 1383 1836 1417 910.

1337 1432 1493 1476 Sequitur
1512 1434 1655 1467 extensio
1684 1436 1891 1479 supradictae
1917 1448 1968 1470 re-

1268 1530 1271 1531 ⁷
1294 1485 1456 1519 ductionis
1477 1488 1574 1520 etiam
1604 1488 1644 1521 ad
1670 1489 1861 1533 inquilinos,
1885 1490 1964 1524 91⁶2.

1204 1538 1302 1572 CXCI.
1326 1539 1535 1574 Confirmatio
1561 1541 1808 1585 privilegiorum
1836 1543 1966 1587 collegii

1292 1593 1543 1626 secretariorum
1564 1595 1832 1638 apostolicorum,
1853 1596 1930 1630 914.

1204 1644 1315 1678 CXCII.
1338 1647 1518 1680 Declaratio
1538 1648 1625 1690 quod
1647 1649 1796 1681 canonici
1817 1650 1964 1683 saecula-

1294 1709 1345 1732 res
1360 1700 1620 1743 congregationis
1636 1701 1668 1734 S.
1682 1700 1811 1744 Georgii
1830 1702 1862 1735 in
1884 1703 1964 1746 Aiga

1293 1751 1504 1785 Venetiarnm
1529 1754 1725 1797 praecedant
1746 1755 1844 1787 etiam
1865 1765 1964 1789 cano-

1294 1805 1376 1838 nicis
1395 1806 1601 1849 regularibus
1622 1808 1883 1850 congregationis
1903 1808 1963 1842 La-

1293 1859 1493 1899 teranensis,
1530 1859 1657 1893 Ordinis
1695 1860 1727 1894 S.
1763 1861 1961 1904 Augustini,

1205 1964 1330 1998 CXCIII.
1361 1965 1405 1999 De
1433 1966 1591 1999 electione
1622 1972 1654 2000 et
1682 1967 1788 2000 officio
1823 1967 1962 2001 ministri

1293 2020 1454 2062 generalis
1474 2025 1505 2053 et
1521 2020 1660 2053 aliorum
1681 2020 1886 2064 superiorum
1907 2021 1964 2055 Or-

1295 2073 1378 2105 dinis
1408 2073 1567 2106 Minorum
1597 2073 1628 2107 S.
1652 2074 1814 2107 Francisci
1840 2074 1879 2107 de
1898 2074 1962 2108 Ob-

1294 2127 1471 2166 servantia3
1494 2132 1523 2159 ct
1540 2127 1579 2160 (le
1595 2127 1691 2160 niodo
1707 2127 1887 2171 recipiendi
1907 2138 1962 2161 no-

1293 2179 1399 2219 vitios,
1421 2180 1497 2213 917.
1816 2194 1823 2196 ·

1205 2231 1328 2266 CXCIV.
1357 2233 1503 2265 Fac-ultas
1533 2233 1751 2276 praelatorum
1783 2244 1962 2277 congrega-

1295 2291 1392 2324 tionis
1418 2291 1635 2332 >Cassinensis‚
1664 2292 1742 2324 alias
1762 2291 1794 2325 S.
1821 2291 1961 2332 Iustinae,

1294 2350 1532 2382 monachorum
1562 2348 1689 2381 Ordinis
1717 2348 1750 2382 S.
1772 2348 1959 2390 Benedicti,

1294 2408 1470 2441 monachos
1490 2418 1507 2440 a
1527 2406 1788 2451 quibuscumque
1803 2406 1958 2447 reatibus,

1294 2465 1440 2499 censuris
1460 2470 1491 2498 et
1519 2464 1633 2508 poenis
1652 2464 1856 2504 absolvendi⁷
1881 2462 1957 2498 919.

1205 2522 1316 2557 CXCV.
1339 2522 1429 2561 Quod
1458 2521 1736 2554 confraternitates
1759 2520 1959 2554 Sanctissimi

1292 2580 1438 2614 Nominis
1457 2579 1512 2613 Dei
1532 2580 1566 2612 in
1585 2579 1730 2613 ecclesiis
1748 2578 1875 2613 Ordinis
1892 2578 1958 2611 sra-
