2237 3100
241 239 288 266 An.
307 239 335 267 C,
356 239 422 268 1567

260 1583 367 1605 Fratribus
391 1585 416 1605 de

232 1615 373 1636 observantia
386 1616 417 1636 in-

233 1647 298 1671 iungit
317 1650 339 1667 ut
363 1647 418 1667 con-

232 1678 343 1699 ventuales
353 1678 418 1699 alios-

234 1715 274 1736 que
303 1710 418 1731 christiana

234 1741 336 1762 charitate
349 1743 416 1762 susci-

234 1775 298 1800 piant.

264 2259 333 2280 fidem
358 2264 417 2281 titin-

239 2294 325 2319 sumptis
341 2293 403 2313 addit,

483 229 546 263 6⁶28

441 292 603 336 perpetui,
626 291 721 325 etiam
742 296 831 324 motu
847 289 979 333 proprio
1001 295 1032 322 et
1051 299 1087 321 ex
1102 293 1188 320 certa

437 345 569 379 scientia
598 356 634 377 ac
661 346 699 377 de
720 343 913 388 apostolicae
933 341 1098 386 potestatis
1119 342 1187 384 ple-

436 399 581 431 nitudine
597 404 626 431 et,
647 396 909 431 consistorialiter
937 401 967 428 et
994 396 1032 428 de
1051 396 1186 428 fratrum

437 452 570 485 consilio
600 463 636 484 ac
661 451 739 483 alias
758 449 1186 493 quomodolibetconcessis,

436 505 633 539 confirmatis
652 510 683 537 et
700 502 884 547 approbatis
899 509 927 536 et
946 503 1074 547 saepius
1096 503 1187 537 inno-

434 560 522 592 vatis.
550 558 672 598 Quibus
696 557 868 597 omnibus,
904 557 1028 590 etiamsi
1057 558 1095 590 de
1124 557 1187 591 illis

435 622 612 655 eorumque
634 611 708 644 totis
723 611 888 644 tenoribus
903 610 1063 654 specialis,
1081 611 1184 655 speci-

435 666 494 698 fica
525 670 555 697 et.
585 675 734 709 expressa
761 664 882 698 mentio
907 675 964 698 seu
992 665 1100 709 aliqua
1124 665 1186 698 alia

434 718 588 762 exquisita
608 719 712 752 forma
739 719 778 752 ad
798 719 830 751 id
850 719 1002 752 servanda
1023 719 1115 759 foret,
1138 725 1184 752 te-

435 783 530 806 nores
549 772 750 813 huiusmodi,
777 784 814 806 ac
835 773 859 806 si
880 773 919 806 de
938 773 1035 806 verbo
1055 773 1095 806 ad
1115 784 1184 806 ver-

434 826 523 867 bum,
554 825 635 859 nihil
669 826 798 870 penitus
818 826 949 866 omisso,
972 832 1002 860 et
1030 827 1132 859 forma
1153 826 1185 859 in

435 879 496 912 illis
514 880 627 913 tradita
636 880 813 921 observata,
833 880 943 913 inserti
959 880 1075 920 forent,
1094 891 1185 925 prae-

433 933 576 967 sentibus
596 944 655 977 pro
683 934 883 968 sufficienter
903 933 1059 978 expressis
1080 938 1110 966 et
1134 934 1183 966 in-

434 987 525 1020 sertis
554 987 720 1027 hahentes,
753 987 815 1021 illis
834 987 911 1021 alias
932 987 964 1019 in
985 998 1042 1021 suo
1068 988 1183 1021 robore

433 1042 666 1084 permansuris,
689 1042 748 1074 hac
773 1042 841 1075 vice
861 1043 1036 1080 dumtaxat,
1059 1041 1182 1085 specia-

433 1094 504 1127 liter
542 1099 572 1127 et
605 1105 751 1138 expresse
785 1095 990 1137 derogamus,
1014 1095 1184 1128 contrariis

433 1148 707 1192 quibuscumque.
721 1149 783 1181 Aut
804 1149 828 1181 si
845 1149 1019 1193 aliquibus,
1039 1160 1183 1182 commu-

432 1201 516 1234 niter
534 1203 582 1235 vel
612 1202 747 1243 divisim,
775 1203 814 1235 ab
835 1203 1018 1247 Apostolica
1045 1202 1081 1235 sit
1103 1203 1183 1236 Sede

434 1254 595 1288 indultum
634 1247 721 1300 quod
755 1256 921 1296 interdici,
954 1257 1106 1300 suspendi
1136 1258 1182 1290 vel

431 1309 705 1342 excommunicari
718 1320 783 1343 non
793 1310 915 1354 possint
927 1310 1101 1354 perliteras
1110 1321 1184 1354 apo·

431 1361 559 1395 stolicas
582 1373 647 1396 non
672 1363 824 1397 facientes
848 1364 977 1408 plenam
999 1369 1028 1397 et
1057 1375 1184 1408 expres-

431 1426 498 1448 sam
527 1427 563 1449 ac
594 1417 632 1450 de
657 1418 754 1451 verbo
774 1418 813 1451 ad
832 1418 964 1452 verbum
995 1419 1033 1452 de
1058 1418 1183 1453 indulto

430 1469 617 1505 huiusmodi
633 1472 841 1506 mentionem.

475 1523 558 1567 §115
582 1525 737 1559 Volumus
757 1533 864 1560 autem
885 1532 916 1560 et
936 1527 1104 1560 hortamur
1120 1527 1182 1560 fra-

433 1583 495 1612 tres
515 1579 554 1613 de
574 1579 779 1614 Observantia
800 1581 995 1625 praedictos,
1023 1582 1131 1626 eisque
1152 1582 1183 1615 in

431 1632 547 1666 virtute
578 1639 705 1668 sanctae
734 1635 936 1670 obedientiae
966 1637 1185 1681 praecipimus

432 1692 467 1719 ut
487 1687 601 1721 fratres
629 1688 873 1731 Conventuales,
906 1702 987 1734 quos
1007 1691 1045 1724 de
1074 1698 1184 1726 nostro

432 1745 463 1773 et
483 1740 572 1774 Sedis
594 1742 796 1785 Apostolicae
817 1745 968 1777 mandato
989 1745 1183 1778 reformave-

432 1794 505 1833 rint,
522 1805 558 1827 ex
579 1806 690 1829 eorum
708 1797 858 1831 domibus
869 1799 908 1831 ad
924 1810 997 1833 suas
1013 1800 1182 1845 recipiant,

433 1858 550 1894 eosque
579 1849 718 1884 fraterne
748 1857 778 1884 et
809 1853 980 1894 caritative,
1008 1854 1184 1890 dummodo

432 1902 624 1945 regulariter
637 1909 668 1937 et
687 1905 893 1941 observanter
903 1908 1018 1949 vivant,
1032 1914 1182 1952 tractent,

432 1958 572 2002 ipsisque
598 1959 706 1993 locum
732 1961 762 1994 in
785 1962 885 1996 choro
910 1968 940 1995 et
967 1965 1184 2007 processioni-

433 2013 511 2051 bus,
543 2014 684 2057 capituto
713 2021 744 2048 et
762 2016 926 2058 quibusvis
951 2017 1021 2051 aliis
1044 2019 1182 2063 actibus,

433 2071 496 2099 tam
531 2067 669 2109 puhlicis
701 2079 797 2112 quam
833 2071 972 2115 privatis,
1004 2073 1182 2108 secundum

434 2120 639 2163 professionis
678 2128 804 2167 tempus
842 2125 924 2158 inter
953 2125 1184 2164 Conventuales

434 2174 578 2215 emissae,
596 2175 768 2219 assignent.

477 2228 491 2271 ἓ
521 2228 572 2262 16.
605 2229 761 2275 Quodque
782 2234 1000 2277 praesentium
1021 2241 1182 2271 transum-

434 2281 494 2326 ptis
518 2294 616 2317 manu
649 2284 786 2319 alicuius
819 2288 934 2321 notarii
970 2290 1090 2332 publici
1125 2294 1184 2327 sub

433 2335 563 2381 scriptis
583 2342 638 2371 etc.

477 2390 590 2423 Datum
640 2392 757 2425 Romae
806 2395 891 2437 apud
940 2396 970 2429 S.
1024 2397 1151 2433 Petrum
1175 2428 1181 2441 ,

435 2445 493 2477 sub
514 2447 633 2479 annulo
667 2447 851 2489 piscatoris,
881 2448 932 2482 die
965 2461 1023 2484 xxx
1044 2453 1185 2488 octobris

434 2508 573 2539 nianvn,
605 2501 810 2543 pontificatus
844 2504 943 2537 nostri
964 2515 1100 2539 annon.

465 2562 524 2592 Dat.
543 2563 589 2592 die
605 2564 643 2594 30
658 2565 785 2595 octobris
805 2566 891 2603 1567,
917 2562 1019 2605 pontif.
1038 2578 1114 2599 aimo
1134 2580 1164 2600 11.

1031 235 1210 260 BULLARIUM
1233 235 1382 260 ROMANUM

1991 235 2039 261 Au.
2057 233 2089 263 C.
2105 232 2171 261 ¹567

1540 286 1655 320 LXXII.

1227 355 1410 388 [lecim-atio
1426 354 1615 397 portionum
1635 355 1907 397 assiqnandctrum
1928 356 1975 388 vi-

1271 409 1369 442 cartis
1399 409 1562 452 perpetuis
1586 409 1787 441 ecclesiarum
1803 410 1977 452 parochia-

1270 463 1348 495 lium
1356 489 1363 502 ,
1378 462 1595 501 ›nonasteriis‚
1606 462 1778 505 beneficiis,
1787 463 1921 496 ecclesiis
1929 463 1976 496 vel

1271 517 1346 549 Iocis
1360 517 1426 559 piis
1447 520 1597 559 perpetuo
1620 516 1801 549 unitarum.

1313 591 1374 620 Pius
1393 592 1535 627 episcopus
1557 598 1652 620 servus
1668 599 1808 621 servorum
1821 591 1887 633 Dei.

1371 645 1404 673 ad
1423 645 1585 681 perpetuam
1604 645 1645 674 rei
1663 646 1831 675 memoriam.

1269 713 1314 745 Ad
1340 713 1564 757 exequendum
1590 713 1759 757 pastoralis
1789 714 1886 748 officii
1920 715 1975 756 de·
2025 720 2144 743 Exordium-

1225 766 1326 799 bitum
1368 766 1574 810 vigilantibus
1603 767 1715 800 studiis
1746 767 1973 810 intendentes,

1225 820 1263 853 ad
1289 832 1337 862 ea,
1361 832 1418 864 per
1437 831 1520 864 quae
1546 821 1781 854 cathedralium
1801 822 1976 856 aliarumve

1225 874 1447 915 ecclesiarum,
1469 885 1596 908 necnon
1617 875 1899 917 monasteriorum,
1921 876 1975 910 be-

1224 928 1415 962 neficiorum
1447 939 1502 961 seu
1532 928 1744 972 collegiorum
1774 940 1811 963 ac
1836 929 1974 970 aliorum

1225 982 1353 1025 piorum
1368 983 1515 1015 locorum
1536 992 1693 1029 prospero
1709 983 1882 1026 profectui,
1900 984 1977 1018 divi-

1224 1035 1322 1079 nique
1352 1036 1458 1069 cultus
1490 1040 1677 1079 augmento,
1712 1041 1743 1069 et
1774 1043 1976 1081 opportunae

1224 1100 1453 1134 congruaeque
1474 1089 1721 1123 substentationi
1739 1091 1975 1134 parochialium

1224 1145 1432 1177 eeclesiarum
1459 1144 1578 1177 eisdem
1599 1144 1764 1178 unitarum
1784 1145 1880 1179 statui
1905 1145 1974 1179 seli-

1224 1197 1303 1230 citer
1327 1198 1516 1241 dirigendo,
1549 1203 1577 1231 et
1603 1209 1816 1242 personarum
1850 1199 1883 1232 in
1913 1199 1975 1233 illis

1223 1261 1334 1283 curam
1355 1251 1537 1284 animarum
1554 1252 1773 1286 exercentium
1788 1253 1917 1287 utilitati
1926 1265 1974 1287 re-

1223 1310 1273 1337 cta
1293 1305 1415 1338 ratione
1443 1310 1473 1338 et
1493 1305 1626 1349 provida
1650 1306 1870 1340 moderatione
1895 1318 1973 1342 con-

1224 1358 1284 1391 suli
1303 1364 1333 1391 et
1357 1359 1528 1392 salubriter
1539 1359 1701 1403 provideri
1711 1361 1824 1402 valeat,
1837 1361 1976 1396 libenter

1224 1412 1460 1456 interponimus
1479 1418 1606 1446 nostrae
1619 1413 1844 1448 sollicitudinis
1854 1421 1971 1460 partes.

1267 1467 1281 1509 ,ξ
1307 1466 1336 1498 Ἰ.
1360 1466 1441 1499 Hinc
1461 1471 1508 1500 est
1522 1467 1609 1511 quod
1630 1468 1753 1508 n0s‚ad
1762 1478 1902 1512 quorum
1919 1479 1975 1503 au·
2015 1478 2121 1501 omnam
2136 1486 2171 1501 01-

1224 1530 1274 1552 res
1293 1520 1392 1563 (quod
1417 1531 1481 1553 non
1502 1521 1570 1554 sine
1588 1521 1688 1554 animi
1707 1522 1808 1555 nostri
1828 1522 1976 1557 molestia
1989 1509 2171 1562 ῗέἓεέἷέζῑιῖἷξῖ

1224 1573 1406 1617 referimus)
1428 1574 1571 1618 pervenit
1591 1575 1766 1609 nonnullos
1785 1587 1821 1609 ex
1841 1587 1974 1611 venera·
1989 1572 2175 1632 ἒξῇξζᾞθᾞοζξξζ

1223 1627 1342 1660 bilibus
1366 1627 1517 1661 fratribus
1547 1628 1663 1661 nostris
1687 1629 1899 1673 patriarchis,
1925 1641 1974 1664 ar·
1988 1641 2038 1656 num
2088 1636 2172 1687 *³0⁸2*st

1225 1681 1439 1726 ehiepiscopis
1463 1687 1493 1715 et
1512 1682 1684 1727 episcopis,
1720 1683 1751 1717 in
1781 1684 1976 1729 deputandis
1989 1667 2099 1720 {fe'fflmn
2149 1673 2172 1686 ³*

1224 1734 1367 1776 vicariis,
1403 1747 1439 1769 ac
1478 1736 1510 1769 in
1538 1736 1753 1779 assignatione
1785 1737 1972 1781 portionum

1224 1788 1350 1822 vicariis
1371 1790 1535 1834 perpetuis
1554 1790 1793 1834 parochialium
1809 1791 1901 1825 dictis
1921 1802 1974 1825 ec-

1225 1842 1340 1883 clesiis,
1378 1843 1590 1884 monasteriis,
1623 1843 1800 1885 benefieiis,
1832 1845 1976 1891 collegiis
1997 1886 1999 1890 ι

1223 1897 1270 1929 vel
1296 1897 1374 1930 locis
1393 1897 1454 1942 piis
1469 1903 1628 1942 perpetuo
1648 1898 1826 1940 unitarum,
1840 1909 1877 1932 ex
1897 1909 1982 1947 00¹3]

1225 1950 1298 1984 cilio
1323 1951 1508 1985 Tridentino
1534 1952 1691 1993 facienda,
1715 1953 1757 1986 ita
1773 1952 1905 1987 modun]
1925 1963 1984 2002 6)ιὶ-ἶ

1225 2004 1356 2037 cessisse
1378 2010 1412 2037 ut
1432 2016 1547 2049 parum
1568 2010 1623 2038 aut
1647 2005 1729 2039 nihil
1746 2016 1783 2039 ex
1802 2006 1985 2048 fructibus,

1224 2058 1403 2091 redditibus
1439 2064 1469 2092 et
1499 2059 1707 2103 proventibus
1738 2060 1992 2104 parochialium*

1224 2113 1434 2146 ecclesiarum
1450 2112 1495 2146 sic
1505 2113 1846 2154 unitarum,ecclesiis,
1869 2125 1989 2162 mona-¹¹

1224 2166 1339 2206 steriis,
1352 2167 1530 2208 beneficiis,
1543 2167 1686 2211 collegiis
1705 2167 1813 2201 aliisve
1822 2168 1901 2201 locis
1916 2168 1977 2213 piis

1225 2221 1425 2261 remanserit,
1438 2221 1479 2254 ob
1493 2221 1591 2264 idque
1613 2222 1733 2255 multae
1749 2226 1837 2255 ortae
1853 2221 1915 2256 sint
1925 2233 1977 2256 su-

1225 2285 1283 2318 per
1307 2275 1369 2308 hoc
1393 2275 1631 2309 controversiae
1665 2275 1751 2308 circa
1781 2274 1977 2320 interpreta-

1223 2328 1327 2362 tiones
1347 2328 1468 2362 decreti
1489 2329 1564 2362 dicti
1586 2328 1725 2362 concilii.

1268 2383 1282 2427 ,ξ
1302 2383 1332 2416 02.
1356 2383 1430 2424 Nos,
1453 2383 1492 2416 ad
1512 2394 1566 2416 eas
1584 2383 1743 2416 tollendas
1761 2383 1905 2416 animum
1926 2384 1976 2417 in·
2017 2391 2173 2414 nectaraiideo

1224 2433 1402 2473 tendentes,
1421 2432 1725 2476 considerantesque
1743 2431 1879 2466 uniones
1893 2432 1978 2477 ipsas
1986 2422 2173 2482 rffssss‘ss'2si},¹.em¹⁸²iff

1225 2480 1296 2514 ideo
1314 2492 1331 2514 a
1347 2480 1776 2525 praedecessoribusnostris
1786 2482 1884 2515 factas
1899 2492 1977 2521 esse,
1991 2491 2074 2514 psarum
2096 2487 2174 2513 nortw-

1226 2535 1260 2563 ut
1280 2541 1315 2563 ex
1342 2531 1521 2564 redditibus
1546 2536 1576 2564 et
1601 2531 1827 2565 emolumentis
1853 2531 1976 2565 benefi-
1991 2522 2047 2540 ”um'

1225 2580 1348 2613 ciorum
1380 2580 1547 2614 unitorum
1575 2580 1735 2620 ecclesiis,
1764 2580 1976 2621 monasteriis,

1225 2629 1383 2672 collegiis,
1411 2629 1577 2664 beneficiis
1600 2635 1630 2663 et
1658 2629 1737 2663 locis
1761 2628 1838 2674 piis,
1858 2629 2002 2674 quibus„
