<?xml version="1.0" encoding="UTF-8"?>
<!DOCTYPE html PUBLIC "-//W3C//DTD XHTML 1.0 Transitional//EN"
    "http://www.w3.org/TR/xhtml1/DTD/xhtml1-transitional.dtd">
<html xmlns="http://www.w3.org/1999/xhtml" xml:lang="en" lang="en">
 <head>
  <title>
</title>
<meta http-equiv="Content-Type" content="text/html;charset=utf-8" />
  <meta name='ocr-system' content='tesseract 3.04.00' />
  <meta name='ocr-capabilities' content='ocr_page ocr_carea ocr_par ocr_line ocrx_word'/>
</head>
<body>
  <div class='ocr_page' id='page_1' title='image "./bullarumdiplomat07cath_0602.png"; bbox 0 0 2237 3100; ppageno 0'>
   <div class='ocr_carea' id='block_1_1' title="bbox 237 250 422 280">
    <p class='ocr_par' dir='ltr' id='par_1_1' title="bbox 237 250 422 280">
     <span class='ocr_line' id='line_1_1' title="bbox 237 250 422 280; baseline 0 -2"><span class='ocrx_word' id='word_1_1' title='bbox 237 251 290 279; x_wconf 75' lang='lat' dir='ltr'>An.</span> <span class='ocrx_word' id='word_1_2' title='bbox 306 250 336 278; x_wconf 84' lang='lat' dir='ltr'>C.</span> <span class='ocrx_word' id='word_1_3' title='bbox 354 250 422 280; x_wconf 70' lang='lat'>¹⁸67</span> 
     </span>
    </p>
   </div>
   <div class='ocr_carea' id='block_1_2' title="bbox 263 360 384 383">
    <p class='ocr_par' dir='ltr' id='par_1_2' title="bbox 263 360 384 383">
     <span class='ocr_line' id='line_1_2' title="bbox 263 360 384 383; baseline -0.008 -1"><span class='ocrx_word' id='word_1_4' title='bbox 263 360 384 383; x_wconf 71' lang='lat' dir='ltr'>clau-utne.</span> 
     </span>
    </p>
   </div>
   <div class='ocr_carea' id='block_1_3' title="bbox 267 1520 399 1542">
    <p class='ocr_par' dir='ltr' id='par_1_3' title="bbox 267 1520 399 1542">
     <span class='ocr_line' id='line_1_3' title="bbox 267 1520 399 1542; baseline 0.008 -1"><span class='ocrx_word' id='word_1_5' title='bbox 267 1520 399 1542; x_wconf 63' lang='lat' dir='ltr'>Proumtum.</span> 
     </span>
    </p>
   </div>
   <div class='ocr_carea' id='block_1_4' title="bbox 436 241 1191 827">
    <p class='ocr_par' dir='ltr' id='par_1_4' title="bbox 482 241 548 277">
     <span class='ocr_line' id='line_1_4' title="bbox 482 241 548 277; baseline -0.015 0"><span class='ocrx_word' id='word_1_6' title='bbox 482 241 548 277; x_wconf 85' lang='lat'>550</span> 
     </span>
    </p>

    <p class='ocr_par' dir='ltr' id='par_1_5' title="bbox 436 299 1191 559">
     <span class='ocr_line' id='line_1_5' title="bbox 482 299 1191 348; baseline -0.01 -10"><span class='ocrx_word' id='word_1_7' title='bbox 482 305 498 348; x_wconf 64' lang='grc' dir='ltr'><strong>ἓ</strong></span> <span class='ocrx_word' id='word_1_8' title='bbox 523 303 555 338; x_wconf 85' lang='grc'>6.</span> <span class='ocrx_word' id='word_1_9' title='bbox 572 303 659 337; x_wconf 82' lang='lat' dir='ltr'>Nulli</span> <span class='ocrx_word' id='word_1_10' title='bbox 673 308 782 336; x_wconf 87' lang='lat' dir='ltr'>autem</span> <span class='ocrx_word' id='word_1_11' title='bbox 798 306 855 335; x_wconf 77' lang='lat' dir='ltr'>etc.</span> <span class='ocrx_word' id='word_1_12' title='bbox 873 305 1003 334; x_wconf 85' lang='lat' dir='ltr'>nostrae</span> <span class='ocrx_word' id='word_1_13' title='bbox 1018 299 1191 332; x_wconf 89' lang='lat' dir='ltr'>absolutio-</span> 
     </span>
     <span class='ocr_line' id='line_1_6' title="bbox 436 352 1191 402; baseline -0.011 -11"><span class='ocrx_word' id='word_1_14' title='bbox 436 357 498 399; x_wconf 86' lang='lat' dir='ltr'>nis,</span> <span class='ocrx_word' id='word_1_15' title='bbox 521 356 773 402; x_wconf 79' lang='lat' dir='ltr'>approbationis,</span> <span class='ocrx_word' id='word_1_16' title='bbox 803 352 1070 391; x_wconf 76' lang='lat' dir='ltr'>confirmationis,</span> <span class='ocrx_word' id='word_1_17' title='bbox 1098 352 1191 385; x_wconf 89' lang='lat' dir='ltr'>inuo-</span> 
     </span>
     <span class='ocr_line' id='line_1_7' title="bbox 436 405 1188 451; baseline -0.011 -6"><span class='ocrx_word' id='word_1_18' title='bbox 436 411 587 451; x_wconf 84' lang='lat' dir='ltr'>vationis,</span> <span class='ocrx_word' id='word_1_19' title='bbox 633 407 893 444; x_wconf 78' lang='lat' dir='ltr'>commutationis</span> <span class='ocrx_word' id='word_1_20' title='bbox 908 434 915 448; x_wconf 92' lang='lat'>,</span> <span class='ocrx_word' id='word_1_21' title='bbox 956 405 1188 450; x_wconf 78' lang='lat' dir='ltr'>suppletionis,</span> 
     </span>
     <span class='ocr_line' id='line_1_8' title="bbox 437 458 1191 509; baseline -0.011 -10"><span class='ocrx_word' id='word_1_22' title='bbox 437 464 668 509; x_wconf 81' lang='lat' dir='ltr'>exemptionis,</span> <span class='ocrx_word' id='word_1_23' title='bbox 686 461 901 500; x_wconf 82' lang='lat' dir='ltr'>liberationis,</span> <span class='ocrx_word' id='word_1_24' title='bbox 926 458 1109 504; x_wconf 81' lang='lat' dir='ltr'>praecepti,</span> <span class='ocrx_word' id='word_1_25' title='bbox 1135 459 1191 492; x_wconf 89' lang='lat' dir='ltr'>de-</span> 
     </span>
     <span class='ocr_line' id='line_1_9' title="bbox 437 513 1187 559; baseline -0.009 -7"><span class='ocrx_word' id='word_1_26' title='bbox 437 518 530 559; x_wconf 83' lang='lat' dir='ltr'>creti,</span> <span class='ocrx_word' id='word_1_27' title='bbox 539 516 682 550; x_wconf 87' lang='lat' dir='ltr'>mandati</span> <span class='ocrx_word' id='word_1_28' title='bbox 692 521 722 549; x_wconf 89' lang='lat' dir='ltr'>et</span> <span class='ocrx_word' id='word_1_29' title='bbox 733 514 935 548; x_wconf 87' lang='lat' dir='ltr'>inhibitionis</span> <span class='ocrx_word' id='word_1_30' title='bbox 944 513 1121 557; x_wconf 76' lang='lat' dir='ltr'>infringere</span> <span class='ocrx_word' id='word_1_31' title='bbox 1130 517 1187 545; x_wconf 81' lang='lat' dir='ltr'>etc.</span> 
     </span>
    </p>

    <p class='ocr_par' dir='ltr' id='par_1_6' title="bbox 481 570 686 615">
     <span class='ocr_line' id='line_1_10' title="bbox 481 570 686 615; baseline -0.01 -10"><span class='ocrx_word' id='word_1_32' title='bbox 481 571 514 605; x_wconf 88' lang='lat' dir='ltr'>Si</span> <span class='ocrx_word' id='word_1_33' title='bbox 533 570 606 615; x_wconf 82' lang='lat' dir='ltr'>quis</span> <span class='ocrx_word' id='word_1_34' title='bbox 629 575 686 604; x_wconf 79' lang='lat' dir='ltr'>etc.</span> 
     </span>
    </p>

    <p class='ocr_par' dir='ltr' id='par_1_7' title="bbox 437 620 1191 827">
     <span class='ocr_line' id='line_1_11' title="bbox 480 620 1189 666; baseline -0.008 -8"><span class='ocrx_word' id='word_1_35' title='bbox 480 625 595 658; x_wconf 85' lang='lat' dir='ltr'>Datum</span> <span class='ocrx_word' id='word_1_36' title='bbox 615 624 735 657; x_wconf 85' lang='lat' dir='ltr'>Rornae</span> <span class='ocrx_word' id='word_1_37' title='bbox 754 623 842 666; x_wconf 88' lang='lat' dir='ltr'>apud</span> <span class='ocrx_word' id='word_1_38' title='bbox 866 622 1019 656; x_wconf 85' lang='lat' dir='ltr'>Sanctum</span> <span class='ocrx_word' id='word_1_39' title='bbox 1039 620 1189 659; x_wconf 83' lang='lat' dir='ltr'>Petrum,</span> 
     </span>
     <span class='ocr_line' id='line_1_12' title="bbox 437 674 1191 712; baseline -0.008 0"><span class='ocrx_word' id='word_1_40' title='bbox 437 689 522 712; x_wconf 89' lang='lat' dir='ltr'>anno</span> <span class='ocrx_word' id='word_1_41' title='bbox 550 676 783 711; x_wconf 88' lang='lat' dir='ltr'>Incarnationis</span> <span class='ocrx_word' id='word_1_42' title='bbox 809 675 991 709; x_wconf 82' lang='lat' dir='ltr'>dominicae</span> <span class='ocrx_word' id='word_1_43' title='bbox 1020 674 1191 707; x_wconf 89' lang='lat' dir='ltr'>millesimo</span> 
     </span>
     <span class='ocr_line' id='line_1_13' title="bbox 437 728 1191 776; baseline -0.008 -11"><span class='ocrx_word' id='word_1_44' title='bbox 437 731 695 776; x_wconf 86' lang='lat' dir='ltr'>quingentesimo</span> <span class='ocrx_word' id='word_1_45' title='bbox 717 729 912 774; x_wconf 76' lang='lat' dir='ltr'>sexagesimo</span> <span class='ocrx_word' id='word_1_46' title='bbox 931 728 1080 773; x_wconf 88' lang='lat' dir='ltr'>septimo,</span> <span class='ocrx_word' id='word_1_47' title='bbox 1093 738 1191 771; x_wconf 88' lang='lat' dir='ltr'>quar-</span> 
     </span>
     <span class='ocr_line' id='line_1_14' title="bbox 437 781 1191 827; baseline -0.009 -7"><span class='ocrx_word' id='word_1_48' title='bbox 437 792 469 819; x_wconf 86' lang='lat' dir='ltr'>to</span> <span class='ocrx_word' id='word_1_49' title='bbox 481 785 607 820; x_wconf 87' lang='lat' dir='ltr'>decimo</span> <span class='ocrx_word' id='word_1_50' title='bbox 617 784 769 819; x_wconf 81' lang='lat' dir='ltr'>kalendas</span> <span class='ocrx_word' id='word_1_51' title='bbox 783 783 901 823; x_wconf 85' lang='lat' dir='ltr'>martii,</span> <span class='ocrx_word' id='word_1_52' title='bbox 914 781 1121 827; x_wconf 84' lang='lat' dir='ltr'>pontificatus</span> <span class='ocrx_word' id='word_1_53' title='bbox 1132 791 1191 814; x_wconf 91' lang='lat' dir='ltr'>no-</span> 
     </span>
    </p>
   </div>
   <div class='ocr_carea' id='block_1_5' title="bbox 438 840 1175 930">
    <p class='ocr_par' dir='ltr' id='par_1_8' title="bbox 438 840 1175 930">
     <span class='ocr_line' id='line_1_15' title="bbox 438 840 643 873; baseline -0.01 0"><span class='ocrx_word' id='word_1_54' title='bbox 438 840 494 873; x_wconf 90' lang='lat' dir='ltr'>stri</span> <span class='ocrx_word' id='word_1_55' title='bbox 509 850 594 872; x_wconf 86' lang='lat' dir='ltr'>anno</span> <span class='ocrx_word' id='word_1_56' title='bbox 609 849 643 872; x_wconf 83' lang='lat' dir='ltr'>n.</span> 
     </span>
     <span class='ocr_line' id='line_1_16' title="bbox 453 889 1175 930; baseline -0.008 -7"><span class='ocrx_word' id='word_1_57' title='bbox 453 893 515 923; x_wconf 83' lang='lat' dir='ltr'>Dat.</span> <span class='ocrx_word' id='word_1_58' title='bbox 538 893 585 923; x_wconf 87' lang='lat' dir='ltr'>die</span> <span class='ocrx_word' id='word_1_59' title='bbox 610 892 646 923; x_wconf 77' lang='lat' dir='ltr'>1ss</span> <span class='ocrx_word' id='word_1_60' title='bbox 669 891 811 922; x_wconf 78' lang='lat' dir='ltr'>februarii</span> <span class='ocrx_word' id='word_1_61' title='bbox 834 889 1037 930; x_wconf 75' lang='lat' dir='ltr'>1567,ponuf.</span> <span class='ocrx_word' id='word_1_62' title='bbox 1053 897 1129 919; x_wconf 90' lang='lat' dir='ltr'>anno</span> <span class='ocrx_word' id='word_1_63' title='bbox 1145 896 1175 918; x_wconf 89' lang='lat' dir='ltr'>u.</span> 
     </span>
    </p>
   </div>
   <div class='ocr_carea' id='block_1_6' title="bbox 770 1041 874 1074">
    <p class='ocr_par' dir='ltr' id='par_1_9' title="bbox 770 1041 874 1074">
     <span class='ocr_line' id='line_1_17' title="bbox 770 1041 874 1074; baseline -0.01 0"><span class='ocrx_word' id='word_1_64' title='bbox 770 1041 874 1074; x_wconf 75' lang='lat' dir='ltr'>XLIX.</span> 
     </span>
    </p>
   </div>
   <div class='ocr_carea' id='block_1_7' title="bbox 437 1123 1192 1278">
    <p class='ocr_par' dir='ltr' id='par_1_10' title="bbox 437 1123 1192 1278">
     <span class='ocr_line' id='line_1_18' title="bbox 437 1123 1192 1163; baseline -0.012 0"><span class='ocrx_word' id='word_1_65' title='bbox 437 1129 567 1163; x_wconf 75' lang='lat' dir='ltr'>Erectio</span> <span class='ocrx_word' id='word_1_66' title='bbox 587 1126 784 1162; x_wconf 74' lang='lat' dir='ltr'>cathedralis</span> <span class='ocrx_word' id='word_1_67' title='bbox 804 1125 965 1159; x_wconf 74' lang='lat' dir='ltr'>Ecclesiae</span> <span class='ocrx_word' id='word_1_68' title='bbox 988 1123 1192 1157; x_wconf 71' lang='lat' dir='ltr'>Bolom&#39;ensis</span> 
     </span>
     <span class='ocr_line' id='line_1_19' title="bbox 484 1180 1191 1224; baseline -0.011 -8"><span class='ocrx_word' id='word_1_69' title='bbox 484 1184 518 1216; x_wconf 85' lang='lat' dir='ltr'>in</span> <span class='ocrx_word' id='word_1_70' title='bbox 541 1182 657 1217; x_wconf 74' lang='lat' dir='ltr'>Galliis</span> <span class='ocrx_word' id='word_1_71' title='bbox 671 1192 740 1214; x_wconf 78' lang='lat' dir='ltr'>cum</span> <span class='ocrx_word' id='word_1_72' title='bbox 757 1180 940 1224; x_wconf 73' lang='lat' dir='ltr'>yratz&#39;arum</span> <span class='ocrx_word' id='word_1_73' title='bbox 964 1182 993 1211; x_wconf 74' lang='lat' dir='ltr'>ct</span> <span class='ocrx_word' id='word_1_74' title='bbox 1015 1186 1191 1221; x_wconf 71' lang='lat' dir='ltr'>praerogya-</span> 
     </span>
     <span class='ocr_line' id='line_1_20' title="bbox 483 1233 885 1278; baseline -0.012 -8"><span class='ocrx_word' id='word_1_75' title='bbox 483 1238 625 1270; x_wconf 75' lang='lat' dir='ltr'>tiva-rum</span> <span class='ocrx_word' id='word_1_76' title='bbox 648 1235 839 1278; x_wconf 66' lang='lat' dir='ltr'>elaryite&#39;one</span> <span class='ocrx_word' id='word_1_77' title='bbox 862 1233 885 1265; x_wconf 85' lang='lat'>¹.</span> 
     </span>
    </p>
   </div>
   <div class='ocr_carea' id='block_1_8' title="bbox 535 1312 1088 1407">
    <p class='ocr_par' dir='ltr' id='par_1_11' title="bbox 535 1312 1088 1407">
     <span class='ocr_line' id='line_1_21' title="bbox 535 1312 1088 1353; baseline -0.011 -7"><span class='ocrx_word' id='word_1_78' title='bbox 535 1318 598 1346; x_wconf 82' lang='lat' dir='ltr'>Pius</span> <span class='ocrx_word' id='word_1_79' title='bbox 611 1317 752 1353; x_wconf 79' lang='lat' dir='ltr'>episcopus</span> <span class='ocrx_word' id='word_1_80' title='bbox 765 1321 861 1344; x_wconf 81' lang='lat' dir='ltr'>servus</span> <span class='ocrx_word' id='word_1_81' title='bbox 877 1320 1019 1343; x_wconf 81' lang='lat' dir='ltr'>servorum</span> <span class='ocrx_word' id='word_1_82' title='bbox 1030 1312 1088 1344; x_wconf 84' lang='lat' dir='ltr'>Dei,</span> 
     </span>
     <span class='ocr_line' id='line_1_22' title="bbox 575 1367 1038 1407; baseline -0.011 -7"><span class='ocrx_word' id='word_1_83' title='bbox 575 1372 610 1400; x_wconf 73' lang='lat' dir='ltr'>ad</span> <span class='ocrx_word' id='word_1_84' title='bbox 627 1372 792 1407; x_wconf 72' lang='lat' dir='ltr'>perpetuam</span> <span class='ocrx_word' id='word_1_85' title='bbox 810 1369 852 1398; x_wconf 82' lang='lat' dir='ltr'>rei</span> <span class='ocrx_word' id='word_1_86' title='bbox 870 1367 1038 1397; x_wconf 79' lang='lat' dir='ltr'>memoriam.</span> 
     </span>
    </p>
   </div>
   <div class='ocr_carea' id='block_1_9' title="bbox 438 1437 1198 2518">
    <p class='ocr_par' dir='ltr' id='par_1_12' title="bbox 438 1437 1198 2420">
     <span class='ocr_line' id='line_1_23' title="bbox 482 1437 1190 1483; baseline -0.008 -8"><span class='ocrx_word' id='word_1_87' title='bbox 482 1442 611 1475; x_wconf 80' lang='lat' dir='ltr'>Divinae</span> <span class='ocrx_word' id='word_1_88' title='bbox 641 1441 813 1474; x_wconf 76' lang='lat' dir='ltr'>Maiestatis</span> <span class='ocrx_word' id='word_1_89' title='bbox 833 1439 967 1473; x_wconf 83' lang='lat' dir='ltr'>arbitrio</span> <span class='ocrx_word' id='word_1_90' title='bbox 995 1449 1093 1483; x_wconf 79' lang='lat' dir='ltr'>snper</span> <span class='ocrx_word' id='word_1_91' title='bbox 1118 1437 1190 1471; x_wconf 89' lang='lat' dir='ltr'>nni-</span> 
     </span>
     <span class='ocr_line' id='line_1_24' title="bbox 438 1491 1192 1531; baseline -0.008 -2"><span class='ocrx_word' id='word_1_92' title='bbox 438 1506 544 1529; x_wconf 81' lang='lat' dir='ltr'>versas</span> <span class='ocrx_word' id='word_1_93' title='bbox 556 1495 643 1528; x_wconf 90' lang='lat' dir='ltr'>orbis</span> <span class='ocrx_word' id='word_1_94' title='bbox 662 1494 815 1529; x_wconf 83' lang='lat' dir='ltr'>ecclesias</span> <span class='ocrx_word' id='word_1_95' title='bbox 835 1493 1013 1531; x_wconf 83' lang='lat' dir='ltr'>constituti,</span> <span class='ocrx_word' id='word_1_96' title='bbox 1025 1503 1063 1525; x_wconf 76' lang='lat' dir='ltr'>ex</span> <span class='ocrx_word' id='word_1_97' title='bbox 1078 1491 1192 1524; x_wconf 84' lang='lat' dir='ltr'>tradita</span> 
     </span>
     <span class='ocr_line' id='line_1_25' title="bbox 438 1546 1189 1594; baseline -0.007 -11"><span class='ocrx_word' id='word_1_98' title='bbox 438 1550 532 1583; x_wconf 86' lang='lat' dir='ltr'>nobis</span> <span class='ocrx_word' id='word_1_99' title='bbox 563 1549 759 1594; x_wconf 84' lang='lat' dir='ltr'>apostolieae</span> <span class='ocrx_word' id='word_1_100' title='bbox 780 1547 945 1592; x_wconf 86' lang='lat' dir='ltr'>potestatis</span> <span class='ocrx_word' id='word_1_101' title='bbox 976 1546 1189 1590; x_wconf 73' lang='lat' dir='ltr'>plenitudine.</span> 
     </span>
     <span class='ocr_line' id='line_1_26' title="bbox 439 1599 1193 1636; baseline -0.005 0"><span class='ocrx_word' id='word_1_102' title='bbox 439 1613 552 1636; x_wconf 86' lang='lat' dir='ltr'>omnes</span> <span class='ocrx_word' id='word_1_103' title='bbox 576 1603 608 1635; x_wconf 92' lang='lat' dir='ltr'>in</span> <span class='ocrx_word' id='word_1_104' title='bbox 637 1602 669 1635; x_wconf 89' lang='lat' dir='ltr'>id</span> <span class='ocrx_word' id='word_1_105' title='bbox 693 1601 810 1634; x_wconf 88' lang='lat' dir='ltr'>mentis</span> <span class='ocrx_word' id='word_1_106' title='bbox 836 1606 965 1634; x_wconf 88' lang='lat' dir='ltr'>nostrae</span> <span class='ocrx_word' id='word_1_107' title='bbox 993 1605 1127 1632; x_wconf 88' lang='lat' dir='ltr'>conatus</span> <span class='ocrx_word' id='word_1_108' title='bbox 1147 1599 1193 1632; x_wconf 92' lang='lat' dir='ltr'>in-</span> 
     </span>
     <span class='ocr_line' id='line_1_27' title="bbox 439 1649 1192 1692; baseline -0.005 -7"><span class='ocrx_word' id='word_1_109' title='bbox 439 1652 622 1692; x_wconf 86' lang='lat' dir='ltr'>tendimus,</span> <span class='ocrx_word' id='word_1_110' title='bbox 654 1657 689 1684; x_wconf 91' lang='lat' dir='ltr'>ut</span> <span class='ocrx_word' id='word_1_111' title='bbox 719 1651 799 1684; x_wconf 87' lang='lat' dir='ltr'>fides</span> <span class='ocrx_word' id='word_1_112' title='bbox 827 1649 1004 1688; x_wconf 79' lang='lat' dir='ltr'>catholica,</span> <span class='ocrx_word' id='word_1_113' title='bbox 1037 1649 1104 1681; x_wconf 83' lang='lat' dir='ltr'>sine</span> <span class='ocrx_word' id='word_1_114' title='bbox 1130 1660 1192 1692; x_wconf 84' lang='lat' dir='ltr'>qua</span> 
     </span>
     <span class='ocr_line' id='line_1_28' title="bbox 438 1698 1193 1742; baseline -0.005 -8"><span class='ocrx_word' id='word_1_115' title='bbox 438 1711 535 1734; x_wconf 89' lang='lat' dir='ltr'>nemo</span> <span class='ocrx_word' id='word_1_116' title='bbox 560 1700 672 1734; x_wconf 88' lang='lat' dir='ltr'>salutis</span> <span class='ocrx_word' id='word_1_117' title='bbox 696 1705 846 1733; x_wconf 75' lang='lat' dir='ltr'>aeternae</span> <span class='ocrx_word' id='word_1_118' title='bbox 873 1699 955 1731; x_wconf 67' lang='lat' dir='ltr'>viam</span> <span class='ocrx_word' id='word_1_119' title='bbox 985 1698 1109 1741; x_wconf 80' lang='lat' dir='ltr'>ingredi</span> <span class='ocrx_word' id='word_1_120' title='bbox 1135 1709 1193 1742; x_wconf 86' lang='lat' dir='ltr'>po-</span> 
     </span>
     <span class='ocr_line' id='line_1_29' title="bbox 440 1747 1194 1791; baseline -0.004 -8"><span class='ocrx_word' id='word_1_121' title='bbox 440 1755 518 1791; x_wconf 87' lang='lat' dir='ltr'>test,</span> <span class='ocrx_word' id='word_1_122' title='bbox 550 1750 646 1783; x_wconf 89' lang='lat' dir='ltr'>etiam</span> <span class='ocrx_word' id='word_1_123' title='bbox 674 1758 845 1787; x_wconf 77' lang='lat' dir='ltr'>novorum,</span> <span class='ocrx_word' id='word_1_124' title='bbox 882 1747 1082 1790; x_wconf 87' lang='lat' dir='ltr'>ubicumque</span> <span class='ocrx_word' id='word_1_125' title='bbox 1117 1759 1194 1780; x_wconf 87' lang='lat' dir='ltr'>usus</span> 
     </span>
     <span class='ocr_line' id='line_1_30' title="bbox 439 1796 1193 1842; baseline -0.004 -10"><span class='ocrx_word' id='word_1_126' title='bbox 439 1798 554 1842; x_wconf 85' lang='lat' dir='ltr'>poscit,</span> <span class='ocrx_word' id='word_1_127' title='bbox 566 1799 755 1842; x_wconf 87' lang='lat' dir='ltr'>praesulum</span> <span class='ocrx_word' id='word_1_128' title='bbox 774 1796 986 1833; x_wconf 79' lang='lat' dir='ltr'>institutione,</span> <span class='ocrx_word' id='word_1_129' title='bbox 1007 1807 1193 1840; x_wconf 80' lang='lat' dir='ltr'>usquequa-</span> 
     </span>
     <span class='ocr_line' id='line_1_31' title="bbox 439 1846 1194 1891; baseline -0.004 -10"><span class='ocrx_word' id='word_1_130' title='bbox 439 1858 502 1891; x_wconf 89' lang='lat' dir='ltr'>que</span> <span class='ocrx_word' id='word_1_131' title='bbox 523 1848 647 1891; x_wconf 81' lang='lat' dir='ltr'>integra</span> <span class='ocrx_word' id='word_1_132' title='bbox 667 1853 696 1881; x_wconf 86' lang='lat' dir='ltr'>et</span> <span class='ocrx_word' id='word_1_133' title='bbox 718 1846 840 1879; x_wconf 86' lang='lat' dir='ltr'>illibata</span> <span class='ocrx_word' id='word_1_134' title='bbox 861 1851 1061 1889; x_wconf 86' lang='lat' dir='ltr'>permaneat.;</span> <span class='ocrx_word' id='word_1_135' title='bbox 1085 1846 1139 1878; x_wconf 83' lang='lat' dir='ltr'>sed</span> <span class='ocrx_word' id='word_1_136' title='bbox 1158 1857 1194 1878; x_wconf 87' lang='lat' dir='ltr'>ea</span> 
     </span>
     <span class='ocr_line' id='line_1_32' title="bbox 439 1894 1194 1938; baseline -0.001 -9"><span class='ocrx_word' id='word_1_137' title='bbox 439 1896 571 1929; x_wconf 88' lang='lat' dir='ltr'>demum</span> <span class='ocrx_word' id='word_1_138' title='bbox 597 1895 781 1929; x_wconf 87' lang='lat' dir='ltr'>sollicitudo</span> <span class='ocrx_word' id='word_1_139' title='bbox 805 1905 864 1928; x_wconf 87' lang='lat' dir='ltr'>nos</span> <span class='ocrx_word' id='word_1_140' title='bbox 884 1894 1063 1938; x_wconf 85' lang='lat' dir='ltr'>impensius</span> <span class='ocrx_word' id='word_1_141' title='bbox 1091 1899 1194 1937; x_wconf 73' lang='lat' dir='ltr'>urget.</span> 
     </span>
     <span class='ocr_line' id='line_1_33' title="bbox 440 1943 1196 1987; baseline -0.004 -9"><span class='ocrx_word' id='word_1_142' title='bbox 440 1956 515 1978; x_wconf 89' lang='lat' dir='ltr'>cum</span> <span class='ocrx_word' id='word_1_143' title='bbox 534 1951 657 1979; x_wconf 71' lang='lat' dir='ltr'>veteres</span> <span class='ocrx_word' id='word_1_144' title='bbox 680 1944 868 1977; x_wconf 85' lang='lat' dir='ltr'>huiusmodi</span> <span class='ocrx_word' id='word_1_145' title='bbox 888 1943 1075 1987; x_wconf 83' lang='lat' dir='ltr'>praesulum</span> <span class='ocrx_word' id='word_1_146' title='bbox 1105 1944 1196 1976; x_wconf 82' lang='lat' dir='ltr'>sedes</span> 
     </span>
     <span class='ocr_line' id='line_1_34' title="bbox 438 1992 1195 2034; baseline -0.001 -8"><span class='ocrx_word' id='word_1_147' title='bbox 438 1993 612 2027; x_wconf 84' lang='lat' dir='ltr'>hostilitate</span> <span class='ocrx_word' id='word_1_148' title='bbox 632 1994 768 2027; x_wconf 80' lang='lat' dir='ltr'>faciente</span> <span class='ocrx_word' id='word_1_149' title='bbox 781 1992 799 2020; x_wconf 69' lang='grc' dir='ltr'>Ξ</span> <span class='ocrx_word' id='word_1_150' title='bbox 814 1992 943 2034; x_wconf 75' lang='lat' dir='ltr'>indigne</span> <span class='ocrx_word' id='word_1_151' title='bbox 963 1992 1067 2025; x_wconf 77' lang='lat' dir='ltr'>iacere</span> <span class='ocrx_word' id='word_1_152' title='bbox 1084 1993 1195 2026; x_wconf 70' lang='lat' dir='ltr'>riden-</span> 
     </span>
     <span class='ocr_line' id='line_1_35' title="bbox 440 2041 1194 2088; baseline 0 -13"><span class='ocrx_word' id='word_1_153' title='bbox 440 2048 504 2082; x_wconf 87' lang='lat' dir='ltr'>tur,</span> <span class='ocrx_word' id='word_1_154' title='bbox 531 2054 591 2077; x_wconf 89' lang='lat' dir='ltr'>nec</span> <span class='ocrx_word' id='word_1_155' title='bbox 611 2042 752 2088; x_wconf 88' lang='lat' dir='ltr'>propriis</span> <span class='ocrx_word' id='word_1_156' title='bbox 782 2042 814 2074; x_wconf 92' lang='lat' dir='ltr'>in</span> <span class='ocrx_word' id='word_1_157' title='bbox 840 2042 920 2075; x_wconf 88' lang='lat' dir='ltr'>locis</span> <span class='ocrx_word' id='word_1_158' title='bbox 950 2041 1093 2085; x_wconf 85' lang='lat' dir='ltr'>reparari</span> <span class='ocrx_word' id='word_1_159' title='bbox 1118 2052 1194 2085; x_wconf 81' lang='lat' dir='ltr'>pos-</span> 
     </span>
     <span class='ocr_line' id='line_1_36' title="bbox 441 2090 1196 2131; baseline -0.003 -7"><span class='ocrx_word' id='word_1_160' title='bbox 441 2091 513 2131; x_wconf 86' lang='lat' dir='ltr'>sint,</span> <span class='ocrx_word' id='word_1_161' title='bbox 533 2097 569 2125; x_wconf 86' lang='lat' dir='ltr'>ut</span> <span class='ocrx_word' id='word_1_162' title='bbox 601 2092 633 2125; x_wconf 91' lang='lat' dir='ltr'>in</span> <span class='ocrx_word' id='word_1_163' title='bbox 658 2091 727 2124; x_wconf 83' lang='lat' dir='ltr'>aliis</span> <span class='ocrx_word' id='word_1_164' title='bbox 752 2090 1100 2124; x_wconf 82' lang='lat' dir='ltr'>accommodatioribus</span> <span class='ocrx_word' id='word_1_165' title='bbox 1116 2090 1196 2123; x_wconf 79' lang='lat' dir='ltr'>aliae</span> 
     </span>
     <span class='ocr_line' id='line_1_37' title="bbox 442 2141 1195 2186; baseline -0.001 -12"><span class='ocrx_word' id='word_1_166' title='bbox 442 2141 516 2174; x_wconf 86' lang='lat' dir='ltr'>inde</span> <span class='ocrx_word' id='word_1_167' title='bbox 536 2152 636 2175; x_wconf 76' lang='lat' dir='ltr'>novae</span> <span class='ocrx_word' id='word_1_168' title='bbox 658 2142 741 2175; x_wconf 88' lang='lat' dir='ltr'>sicut</span> <span class='ocrx_word' id='word_1_169' title='bbox 760 2141 959 2186; x_wconf 88' lang='lat' dir='ltr'>populorum</span> <span class='ocrx_word' id='word_1_170' title='bbox 986 2141 1071 2173; x_wconf 73' lang='lat' dir='ltr'>salus</span> <span class='ocrx_word' id='word_1_171' title='bbox 1091 2146 1118 2173; x_wconf 87' lang='lat' dir='ltr'>et</span> <span class='ocrx_word' id='word_1_172' title='bbox 1143 2152 1195 2174; x_wconf 87' lang='lat' dir='ltr'>ca-</span> 
     </span>
     <span class='ocr_line' id='line_1_38' title="bbox 441 2189 1197 2233; baseline -0.004 -9"><span class='ocrx_word' id='word_1_173' title='bbox 441 2190 638 2224; x_wconf 87' lang='lat' dir='ltr'>tholicorum</span> <span class='ocrx_word' id='word_1_174' title='bbox 658 2201 772 2233; x_wconf 76' lang='lat' dir='ltr'>regum</span> <span class='ocrx_word' id='word_1_175' title='bbox 793 2189 918 2222; x_wconf 79' lang='lat' dir='ltr'>devotio</span> <span class='ocrx_word' id='word_1_176' title='bbox 938 2190 1090 2233; x_wconf 77' lang='lat' dir='ltr'>postulat,</span> <span class='ocrx_word' id='word_1_177' title='bbox 1113 2190 1197 2222; x_wconf 85' lang='lat' dir='ltr'>saln-</span> 
     </span>
     <span class='ocr_line' id='line_1_39' title="bbox 442 2238 1197 2282; baseline -0.005 -10"><span class='ocrx_word' id='word_1_178' title='bbox 442 2240 543 2274; x_wconf 84' lang='lat' dir='ltr'>briter</span> <span class='ocrx_word' id='word_1_179' title='bbox 562 2241 767 2280; x_wconf 85' lang='lat' dir='ltr'>ordinentur,</span> <span class='ocrx_word' id='word_1_180' title='bbox 789 2250 826 2272; x_wconf 90' lang='lat' dir='ltr'>ac</span> <span class='ocrx_word' id='word_1_181' title='bbox 847 2238 879 2271; x_wconf 91' lang='lat' dir='ltr'>in</span> <span class='ocrx_word' id='word_1_182' title='bbox 899 2238 945 2271; x_wconf 88' lang='lat' dir='ltr'>eis</span> <span class='ocrx_word' id='word_1_183' title='bbox 965 2244 1110 2282; x_wconf 79' lang='lat' dir='ltr'>pastores</span> <span class='ocrx_word' id='word_1_184' title='bbox 1130 2239 1197 2270; x_wconf 73' lang='lat' dir='ltr'>ido-</span> 
     </span>
     <span class='ocr_line' id='line_1_40' title="bbox 442 2287 1198 2333; baseline 0 -12"><span class='ocrx_word' id='word_1_185' title='bbox 442 2289 496 2321; x_wconf 90' lang='lat' dir='ltr'>nei</span> <span class='ocrx_word' id='word_1_186' title='bbox 515 2289 728 2333; x_wconf 86' lang='lat' dir='ltr'>deputentur,</span> <span class='ocrx_word' id='word_1_187' title='bbox 751 2298 893 2332; x_wconf 87' lang='lat' dir='ltr'>quorum</span> <span class='ocrx_word' id='word_1_188' title='bbox 914 2297 1012 2330; x_wconf 87' lang='lat' dir='ltr'>opera</span> <span class='ocrx_word' id='word_1_189' title='bbox 1033 2292 1062 2319; x_wconf 87' lang='lat' dir='ltr'>et</span> <span class='ocrx_word' id='word_1_190' title='bbox 1082 2287 1198 2330; x_wconf 66' lang='lat' dir='ltr'>vigiliis</span> 
     </span>
     <span class='ocr_line' id='line_1_41' title="bbox 443 2337 1197 2381; baseline 0.001 -12"><span class='ocrx_word' id='word_1_191' title='bbox 443 2337 617 2371; x_wconf 87' lang='lat' dir='ltr'>christiana</span> <span class='ocrx_word' id='word_1_192' title='bbox 637 2338 750 2381; x_wconf 80' lang='lat' dir='ltr'>religio</span> <span class='ocrx_word' id='word_1_193' title='bbox 773 2338 806 2370; x_wconf 91' lang='lat' dir='ltr'>in</span> <span class='ocrx_word' id='word_1_194' title='bbox 827 2347 886 2370; x_wconf 83' lang='lat' dir='ltr'>suo</span> <span class='ocrx_word' id='word_1_195' title='bbox 912 2337 1015 2370; x_wconf 88' lang='lat' dir='ltr'>solido</span> <span class='ocrx_word' id='word_1_196' title='bbox 1041 2342 1123 2369; x_wconf 86' lang='lat' dir='ltr'>statu</span> <span class='ocrx_word' id='word_1_197' title='bbox 1143 2348 1197 2370; x_wconf 75' lang='lat' dir='ltr'>va-</span> 
     </span>
     <span class='ocr_line' id='line_1_42' title="bbox 444 2386 885 2420; baseline -0.002 -1"><span class='ocrx_word' id='word_1_198' title='bbox 444 2386 508 2419; x_wconf 87' lang='lat' dir='ltr'>leat</span> <span class='ocrx_word' id='word_1_199' title='bbox 531 2387 667 2420; x_wconf 80' lang='lat' dir='ltr'>feliciter</span> <span class='ocrx_word' id='word_1_200' title='bbox 691 2386 885 2420; x_wconf 73' lang='lat' dir='ltr'>conservari.</span> 
     </span>
    </p>

    <p class='ocr_par' dir='ltr' id='par_1_13' title="bbox 444 2434 1198 2518">
     <span class='ocr_line' id='line_1_43' title="bbox 488 2434 1198 2480; baseline -0.003 -12"><span class='ocrx_word' id='word_1_201' title='bbox 488 2436 503 2479; x_wconf 66' lang='grc' dir='ltr'><strong>ξ</strong></span> <span class='ocrx_word' id='word_1_202' title='bbox 522 2436 554 2468; x_wconf 72' lang='grc'>’1.</span> <span class='ocrx_word' id='word_1_203' title='bbox 578 2436 658 2469; x_wconf 91' lang='lat' dir='ltr'>Cum</span> <span class='ocrx_word' id='word_1_204' title='bbox 679 2436 778 2479; x_wconf 72' lang='lat' dir='ltr'>igitur</span> <span class='ocrx_word' id='word_1_205' title='bbox 796 2441 968 2480; x_wconf 85' lang='lat' dir='ltr'>postquam</span> <span class='ocrx_word' id='word_1_206' title='bbox 989 2434 1073 2467; x_wconf 86' lang='lat' dir='ltr'>inter</span> <span class='ocrx_word' id='word_1_207' title='bbox 1093 2435 1198 2467; x_wconf 79' lang='lat' dir='ltr'>clarae</span> 
     </span>
     <span class='ocr_line' id='line_1_44' title="bbox 444 2484 1197 2518; baseline -0.003 0"><span class='ocrx_word' id='word_1_208' title='bbox 444 2485 621 2518; x_wconf 89' lang='lat' dir='ltr'>memoriae</span> <span class='ocrx_word' id='word_1_209' title='bbox 641 2485 818 2518; x_wconf 75' lang='lat' dir='ltr'>Hem-icum</span> <span class='ocrx_word' id='word_1_210' title='bbox 847 2484 1027 2518; x_wconf 88' lang='lat' dir='ltr'>secundum</span> <span class='ocrx_word' id='word_1_211' title='bbox 1056 2484 1197 2517; x_wconf 84' lang='lat' dir='ltr'>Franco-</span> 
     </span>
    </p>
   </div>
   <div class='ocr_carea' id='block_1_10' title="bbox 479 2546 1200 2633">
    <p class='ocr_par' dir='ltr' id='par_1_14' title="bbox 479 2546 1200 2633">
     <span class='ocr_line' id='line_1_45' title="bbox 482 2546 931 2582; baseline -0.002 -9"><span class='ocrx_word' id='word_1_212' title='bbox 482 2547 492 2573; x_wconf 72' lang='grc' dir='ltr'>ἱ</span> <span class='ocrx_word' id='word_1_213' title='bbox 514 2547 555 2574; x_wconf 79' lang='lat' dir='ltr'>Ex</span> <span class='ocrx_word' id='word_1_214' title='bbox 573 2546 682 2582; x_wconf 83' lang='lat' dir='ltr'>Regest.</span> <span class='ocrx_word' id='word_1_215' title='bbox 702 2547 726 2573; x_wconf 89' lang='lat' dir='ltr'>in</span> <span class='ocrx_word' id='word_1_216' title='bbox 740 2547 847 2574; x_wconf 73' lang='lat' dir='ltr'>Archiv.</span> <span class='ocrx_word' id='word_1_217' title='bbox 872 2546 931 2575; x_wconf 84' lang='lat' dir='ltr'>Vat.</span> 
     </span>
     <span class='ocr_line' id='line_1_46' title="bbox 479 2598 1200 2633; baseline -0.003 -6"><span class='ocrx_word' id='word_1_218' title='bbox 479 2601 496 2627; x_wconf 77' lang='lat'><em>2</em></span> <span class='ocrx_word' id='word_1_219' title='bbox 514 2600 564 2627; x_wconf 87' lang='lat' dir='ltr'>Ed.</span> <span class='ocrx_word' id='word_1_220' title='bbox 586 2600 718 2628; x_wconf 77' lang='lat' dir='ltr'>Luxemb.</span> <span class='ocrx_word' id='word_1_221' title='bbox 735 2600 814 2627; x_wconf 78' lang='lat' dir='ltr'>habet</span> <span class='ocrx_word' id='word_1_222' title='bbox 832 2602 1004 2633; x_wconf 66' lang='lat' dir='ltr'>praet-alente</span> <span class='ocrx_word' id='word_1_223' title='bbox 1014 2599 1072 2626; x_wconf 83' lang='lat' dir='ltr'>loco</span> <span class='ocrx_word' id='word_1_224' title='bbox 1086 2598 1200 2633; x_wconf 73' lang='lat' dir='ltr'>fat-iente</span> 
     </span>
    </p>
   </div>
   <div class='ocr_carea' id='block_1_11' title="bbox 444 2645 553 2680">
    <p class='ocr_par' dir='ltr' id='par_1_15' title="bbox 444 2645 553 2680">
     <span class='ocr_line' id='line_1_47' title="bbox 444 2645 553 2680; baseline -0.018 -8"><span class='ocrx_word' id='word_1_225' title='bbox 444 2645 483 2680; x_wconf 71' lang='lat' dir='ltr'>(n.</span> <span class='ocrx_word' id='word_1_226' title='bbox 504 2646 553 2680; x_wconf 71' lang='grc' dir='ltr'>τ.)</span> 
     </span>
    </p>
   </div>
   <div class='ocr_carea' id='block_1_12' title="bbox 1035 245 1390 271">
    <p class='ocr_par' dir='ltr' id='par_1_16' title="bbox 1035 245 1390 271">
     <span class='ocr_line' id='line_1_48' title="bbox 1035 245 1390 271; baseline -0.006 0"><span class='ocrx_word' id='word_1_227' title='bbox 1035 245 1215 271; x_wconf 64' lang='lat' dir='ltr'>mmmmm}</span> <span class='ocrx_word' id='word_1_228' title='bbox 1238 245 1390 270; x_wconf 71' lang='lat' dir='ltr'>ROMANL&#39;M</span> 
     </span>
    </p>
   </div>
   <div class='ocr_carea' id='block_1_13' title="bbox 1233 239 2184 331">
    <p class='ocr_par' dir='ltr' id='par_1_17' title="bbox 1233 239 2184 331">
     <span class='ocr_line' id='line_1_49' title="bbox 2001 239 2183 267; baseline 0.005 -1"><span class='ocrx_word' id='word_1_229' title='bbox 2001 240 2050 266; x_wconf 84' lang='grc' dir='ltr'>Λη.</span> <span class='ocrx_word' id='word_1_230' title='bbox 2067 239 2098 266; x_wconf 84' lang='lat' dir='ltr'>C.</span> <span class='ocrx_word' id='word_1_231' title='bbox 2116 239 2183 267; x_wconf 77' lang='lat'>¹56⁷</span> 
     </span>
     <span class='ocr_line' id='line_1_50' title="bbox 1233 296 2184 331; baseline -0.005 0"><span class='ocrx_word' id='word_1_232' title='bbox 1233 309 1306 331; x_wconf 92' lang='lat' dir='ltr'>rum</span> <span class='ocrx_word' id='word_1_233' title='bbox 1323 304 1353 331; x_wconf 87' lang='lat' dir='ltr'>et</span> <span class='ocrx_word' id='word_1_234' title='bbox 1369 297 1596 330; x_wconf 86' lang='lat' dir='ltr'>charissimum</span> <span class='ocrx_word' id='word_1_235' title='bbox 1619 297 1652 329; x_wconf 92' lang='lat' dir='ltr'>in</span> <span class='ocrx_word' id='word_1_236' title='bbox 1667 296 1791 330; x_wconf 88' lang='lat' dir='ltr'>Christo</span> <span class='ocrx_word' id='word_1_237' title='bbox 1809 296 1914 329; x_wconf 88' lang='lat' dir='ltr'>filium</span> <span class='ocrx_word' id='word_1_238' title='bbox 1930 305 1987 328; x_wconf 92' lang='lat' dir='ltr'>no·</span> <span class='ocrx_word' id='word_1_239' title='bbox 2031 300 2082 321; x_wconf 71' lang='lat' dir='ltr'>Post</span> <span class='ocrx_word' id='word_1_240' title='bbox 2105 300 2184 322; x_wconf 72' lang='lat' dir='ltr'>benum</span> 
     </span>
    </p>
   </div>
   <div class='ocr_carea' id='block_1_14' title="bbox 1232 330 2237 2675">
    <p class='ocr_par' dir='ltr' id='par_1_18' title="bbox 1232 330 2188 661">
     <span class='ocr_line' id='line_1_51' title="bbox 1233 330 2187 394; baseline 0 -11"><span class='ocrx_word' id='word_1_241' title='bbox 1233 356 1335 383; x_wconf 85' lang='lat' dir='ltr'>strum</span> <span class='ocrx_word' id='word_1_242' title='bbox 1365 350 1552 394; x_wconf 82' lang='lat' dir='ltr'>Philippum</span> <span class='ocrx_word' id='word_1_243' title='bbox 1589 350 1786 382; x_wconf 87' lang='lat' dir='ltr'>catholicum</span> <span class='ocrx_word' id='word_1_244' title='bbox 1812 349 1985 393; x_wconf 86' lang='lat' dir='ltr'>Hispaniae</span> <span class='ocrx_word' id='word_1_245' title='bbox 2000 330 2187 384; x_wconf 46' lang='lat' dir='ltr'>diiiiuneefiini!</span> 
     </span>
     <span class='ocr_line' id='line_1_52' title="bbox 1232 393 2187 453; baseline -0.002 -16"><span class='ocrx_word' id='word_1_246' title='bbox 1232 415 1324 447; x_wconf 76' lang='lat' dir='ltr'>reges</span> <span class='ocrx_word' id='word_1_247' title='bbox 1352 409 1546 437; x_wconf 75' lang='lat' dir='ltr'>conventum</span> <span class='ocrx_word' id='word_1_248' title='bbox 1565 403 1669 435; x_wconf 85' lang='lat' dir='ltr'>suerat.</span> <span class='ocrx_word' id='word_1_249' title='bbox 1695 403 1783 446; x_wconf 88' lang='lat' dir='ltr'>quod</span> <span class='ocrx_word' id='word_1_250' title='bbox 1809 402 1887 436; x_wconf 88' lang='lat' dir='ltr'>olim</span> <span class='ocrx_word' id='word_1_251' title='bbox 1907 402 1986 436; x_wconf 76' lang='lat' dir='ltr'>civi-</span> <span class='ocrx_word' id='word_1_252' title='bbox 1999 394 2079 453; x_wconf 49' lang='lat' dir='ltr'>&#39;‘2³¹2&#39;ssss</span> <span class='ocrx_word' id='word_1_253' title='bbox 2099 393 2187 452; x_wconf 41' lang='lat' dir='ltr'>¹22¹}ss</span> 
     </span>
     <span class='ocr_line' id='line_1_53' title="bbox 1233 457 2187 509; baseline -0.002 -18"><span class='ocrx_word' id='word_1_254' title='bbox 1233 464 1279 491; x_wconf 88' lang='lat' dir='ltr'>tas</span> <span class='ocrx_word' id='word_1_255' title='bbox 1295 457 1495 497; x_wconf 82' lang='lat' dir='ltr'>Morinensis,</span> <span class='ocrx_word' id='word_1_256' title='bbox 1509 457 1600 501; x_wconf 89' lang='lat' dir='ltr'>prius</span> <span class='ocrx_word' id='word_1_257' title='bbox 1612 462 1793 500; x_wconf 77' lang='lat' dir='ltr'>expugnata</span> <span class='ocrx_word' id='word_1_258' title='bbox 1813 463 1844 490; x_wconf 87' lang='lat' dir='ltr'>et</span> <span class='ocrx_word' id='word_1_259' title='bbox 1863 467 1983 496; x_wconf 75' lang='lat' dir='ltr'>eversa,</span> <span class='ocrx_word' id='word_1_260' title='bbox 2001 460 2187 509; x_wconf 47' lang='lat'>32220111‘221033</span> 
     </span>
     <span class='ocr_line' id='line_1_54' title="bbox 1233 495 2188 556; baseline -0.004 -12"><span class='ocrx_word' id='word_1_261' title='bbox 1233 511 1385 554; x_wconf 77' lang='lat' dir='ltr'>deinceps</span> <span class='ocrx_word' id='word_1_262' title='bbox 1403 521 1469 544; x_wconf 90' lang='lat' dir='ltr'>non</span> <span class='ocrx_word' id='word_1_263' title='bbox 1490 510 1733 550; x_wconf 77' lang='lat' dir='ltr'>restitueretur,</span> <span class='ocrx_word' id='word_1_264' title='bbox 1755 510 1811 542; x_wconf 88' lang='lat' dir='ltr'>sed</span> <span class='ocrx_word' id='word_1_265' title='bbox 1830 510 1918 543; x_wconf 89' lang='lat' dir='ltr'>illius</span> <span class='ocrx_word' id='word_1_266' title='bbox 1938 520 1988 543; x_wconf 91' lang='lat' dir='ltr'>ec·</span> <span class='ocrx_word' id='word_1_267' title='bbox 2002 495 2128 556; x_wconf 55' lang='lat' dir='ltr'>episciiiain</span> <span class='ocrx_word' id='word_1_268' title='bbox 2142 519 2188 541; x_wconf 76' lang='lat' dir='ltr'>uo-</span> 
     </span>
     <span class='ocr_line' id='line_1_55' title="bbox 1234 556 2185 607; baseline -0.001 -10"><span class='ocrx_word' id='word_1_269' title='bbox 1234 564 1329 598; x_wconf 90' lang='lat' dir='ltr'>clesia</span> <span class='ocrx_word' id='word_1_270' title='bbox 1350 564 1543 597; x_wconf 80' lang='lat' dir='ltr'>cathedralis</span> <span class='ocrx_word' id='word_1_271' title='bbox 1566 569 1662 607; x_wconf 87' lang='lat' dir='ltr'>atquc</span> <span class='ocrx_word' id='word_1_272' title='bbox 1682 563 1838 596; x_wconf 86' lang='lat' dir='ltr'>dioecesis</span> <span class='ocrx_word' id='word_1_273' title='bbox 1861 563 1988 597; x_wconf 76' lang='lat' dir='ltr'>univer·</span> <span class='ocrx_word' id='word_1_274' title='bbox 2001 556 2185 603; x_wconf 51' lang='lat' dir='ltr'>ilssssieffl&#39;iissssss&#39;</span> 
     </span>
     <span class='ocr_line' id='line_1_56' title="bbox 1233 614 2054 661; baseline -0.002 -10"><span class='ocrx_word' id='word_1_275' title='bbox 1233 629 1283 659; x_wconf 86' lang='lat' dir='ltr'>sa,</span> <span class='ocrx_word' id='word_1_276' title='bbox 1306 628 1434 651; x_wconf 82' lang='lat' dir='ltr'>necnon</span> <span class='ocrx_word' id='word_1_277' title='bbox 1453 617 1625 661; x_wconf 87' lang='lat' dir='ltr'>utriusque</span> <span class='ocrx_word' id='word_1_278' title='bbox 1644 617 1814 658; x_wconf 83' lang='lat' dir='ltr'>beneficia,</span> <span class='ocrx_word' id='word_1_279' title='bbox 1837 617 1987 661; x_wconf 85' lang='lat' dir='ltr'>proprie·</span> <span class='ocrx_word' id='word_1_280' title='bbox 2002 614 2054 634; x_wconf 69' lang='lat'>‘⁰⁵⁵‘</span> 
     </span>
    </p>

    <p class='ocr_par' dir='ltr' id='par_1_19' title="bbox 1233 670 1989 712">
     <span class='ocr_line' id='line_1_57' title="bbox 1233 670 1989 712; baseline 0 -8"><span class='ocrx_word' id='word_1_281' title='bbox 1233 677 1324 712; x_wconf 85' lang='lat' dir='ltr'>tates,</span> <span class='ocrx_word' id='word_1_282' title='bbox 1348 682 1480 712; x_wconf 76' lang='lat' dir='ltr'>census,</span> <span class='ocrx_word' id='word_1_283' title='bbox 1510 671 1666 711; x_wconf 83' lang='lat' dir='ltr'>decimae,</span> <span class='ocrx_word' id='word_1_284' title='bbox 1698 670 1938 704; x_wconf 86' lang='lat' dir='ltr'>iurisdictiones</span> <span class='ocrx_word' id='word_1_285' title='bbox 1957 676 1989 704; x_wconf 85' lang='lat' dir='ltr'>et</span> 
     </span>
    </p>

    <p class='ocr_par' dir='ltr' id='par_1_20' title="bbox 1234 724 1987 768">
     <span class='ocr_line' id='line_1_58' title="bbox 1234 724 1987 768; baseline 0 -10"><span class='ocrx_word' id='word_1_286' title='bbox 1234 725 1305 758; x_wconf 89' lang='lat' dir='ltr'>iura</span> <span class='ocrx_word' id='word_1_287' title='bbox 1325 725 1434 758; x_wconf 87' lang='lat' dir='ltr'>omnia</span> <span class='ocrx_word' id='word_1_288' title='bbox 1462 725 1493 758; x_wconf 91' lang='lat' dir='ltr'>in</span> <span class='ocrx_word' id='word_1_289' title='bbox 1519 725 1599 758; x_wconf 90' lang='lat' dir='ltr'>duas</span> <span class='ocrx_word' id='word_1_290' title='bbox 1629 730 1757 768; x_wconf 87' lang='lat' dir='ltr'>partes,</span> <span class='ocrx_word' id='word_1_291' title='bbox 1786 735 1862 758; x_wconf 83' lang='lat' dir='ltr'>cum</span> <span class='ocrx_word' id='word_1_292' title='bbox 1886 724 1987 758; x_wconf 87' lang='lat' dir='ltr'>bene-</span> 
     </span>
    </p>

    <p class='ocr_par' dir='ltr' id='par_1_21' title="bbox 1235 778 1988 822">
     <span class='ocr_line' id='line_1_59' title="bbox 1235 778 1988 822; baseline 0 -12"><span class='ocrx_word' id='word_1_293' title='bbox 1235 779 1352 822; x_wconf 78' lang='lat' dir='ltr'>placito</span> <span class='ocrx_word' id='word_1_294' title='bbox 1364 778 1455 812; x_wconf 77' lang='lat' dir='ltr'>Sedis</span> <span class='ocrx_word' id='word_1_295' title='bbox 1466 778 1681 822; x_wconf 75' lang='lat' dir='ltr'>Apostolieae,</span> <span class='ocrx_word' id='word_1_296' title='bbox 1700 778 1930 819; x_wconf 78' lang='lat' dir='ltr'>dividerentur,</span> <span class='ocrx_word' id='word_1_297' title='bbox 1952 783 1988 810; x_wconf 90' lang='lat' dir='ltr'>ut</span> 
     </span>
    </p>

    <p class='ocr_par' dir='ltr' id='par_1_22' title="bbox 1235 831 1988 871">
     <span class='ocr_line' id='line_1_60' title="bbox 1235 831 1988 871; baseline -0.001 -6"><span class='ocrx_word' id='word_1_298' title='bbox 1235 832 1353 865; x_wconf 82' lang='lat' dir='ltr'>scilicet</span> <span class='ocrx_word' id='word_1_299' title='bbox 1371 843 1483 865; x_wconf 89' lang='lat' dir='ltr'>earum</span> <span class='ocrx_word' id='word_1_300' title='bbox 1499 832 1599 865; x_wconf 89' lang='lat' dir='ltr'>altera</span> <span class='ocrx_word' id='word_1_301' title='bbox 1613 831 1780 871; x_wconf 76' lang='lat' dir='ltr'>Franciae,</span> <span class='ocrx_word' id='word_1_302' title='bbox 1798 831 1898 864; x_wconf 86' lang='lat' dir='ltr'>altera</span> <span class='ocrx_word' id='word_1_303' title='bbox 1912 841 1988 864; x_wconf 87' lang='lat' dir='ltr'>vero</span> 
     </span>
    </p>

    <p class='ocr_par' dir='ltr' id='par_1_23' title="bbox 1234 883 1989 926">
     <span class='ocr_line' id='line_1_61' title="bbox 1234 883 1989 926; baseline -0.001 -8"><span class='ocrx_word' id='word_1_304' title='bbox 1234 886 1396 919; x_wconf 80' lang='lat' dir='ltr'>inferioris</span> <span class='ocrx_word' id='word_1_305' title='bbox 1425 885 1614 919; x_wconf 81' lang='lat' dir='ltr'>Germaniae</span> <span class='ocrx_word' id='word_1_306' title='bbox 1644 885 1752 918; x_wconf 81' lang='lat' dir='ltr'>sutura</span> <span class='ocrx_word' id='word_1_307' title='bbox 1780 890 1881 926; x_wconf 85' lang='lat' dir='ltr'>essct,</span> <span class='ocrx_word' id='word_1_308' title='bbox 1913 883 1989 917; x_wconf 86' lang='lat' dir='ltr'>Pius</span> 
     </span>
    </p>

    <p class='ocr_par' dir='ltr' id='par_1_24' title="bbox 1234 938 2187 1197">
     <span class='ocr_line' id='line_1_62' title="bbox 1234 938 2186 994; baseline -0.002 -21"><span class='ocrx_word' id='word_1_309' title='bbox 1234 940 1319 983; x_wconf 86' lang='lat' dir='ltr'>Papa</span> <span class='ocrx_word' id='word_1_310' title='bbox 1347 946 1500 983; x_wconf 86' lang='lat' dir='ltr'>quartus,</span> <span class='ocrx_word' id='word_1_311' title='bbox 1523 939 1753 983; x_wconf 85' lang='lat' dir='ltr'>praedecessor</span> <span class='ocrx_word' id='word_1_312' title='bbox 1774 944 1896 979; x_wconf 88' lang='lat' dir='ltr'>noster,</span> <span class='ocrx_word' id='word_1_313' title='bbox 1918 938 1988 972; x_wconf 86' lang='lat' dir='ltr'>eius</span> <span class='ocrx_word' id='word_1_314' title='bbox 2002 942 2186 994; x_wconf 56' lang='lat' dir='ltr'>P¹f¹¹⁵.¹V.P¹g⁶¹¹¹</span> 
     </span>
     <span class='ocr_line' id='line_1_63' title="bbox 1234 979 2187 1036; baseline -0.001 -10"><span class='ocrx_word' id='word_1_315' title='bbox 1234 993 1280 1026; x_wconf 81' lang='lat' dir='ltr'>rei</span> <span class='ocrx_word' id='word_1_316' title='bbox 1294 1004 1401 1029; x_wconf 79' lang='lat' dir='ltr'>causa.</span> <span class='ocrx_word' id='word_1_317' title='bbox 1419 1003 1593 1036; x_wconf 85' lang='lat' dir='ltr'>suppressa</span> <span class='ocrx_word' id='word_1_318' title='bbox 1609 998 1639 1026; x_wconf 86' lang='lat' dir='ltr'>et</span> <span class='ocrx_word' id='word_1_319' title='bbox 1650 992 1788 1026; x_wconf 73' lang='lat' dir='ltr'>extincta</span> <span class='ocrx_word' id='word_1_320' title='bbox 1795 992 1881 1025; x_wconf 85' lang='lat' dir='ltr'>dicta</span> <span class='ocrx_word' id='word_1_321' title='bbox 1894 991 1988 1024; x_wconf 81' lang='lat' dir='ltr'>Mori·</span> <span class='ocrx_word' id='word_1_322' title='bbox 2001 979 2187 1027; x_wconf 52' lang='lat' dir='ltr'>ssaiii⁰5¹nn÷ssii</span> 
     </span>
     <span class='ocr_line' id='line_1_64' title="bbox 1234 1045 2186 1090; baseline -0.002 -10"><span class='ocrx_word' id='word_1_323' title='bbox 1234 1046 1325 1080; x_wconf 89' lang='lat' dir='ltr'>nensi</span> <span class='ocrx_word' id='word_1_324' title='bbox 1337 1047 1484 1087; x_wconf 77' lang='lat' dir='ltr'>ecclesia,</span> <span class='ocrx_word' id='word_1_325' title='bbox 1502 1046 1690 1090; x_wconf 74' lang='lat' dir='ltr'>praedictam</span> <span class='ocrx_word' id='word_1_326' title='bbox 1703 1051 1826 1090; x_wconf 87' lang='lat' dir='ltr'>partem</span> <span class='ocrx_word' id='word_1_327' title='bbox 1842 1045 1987 1079; x_wconf 82' lang='lat' dir='ltr'>inferiori</span> <span class='ocrx_word' id='word_1_328' title='bbox 2002 1072 2023 1088; x_wconf 57' lang='lat' dir='ltr'>e,</span> <span class='ocrx_word' id='word_1_329' title='bbox 2043 1067 2186 1089; x_wconf 32' lang='lat' dir='ltr'>„domm”-</span> 
     </span>
     <span class='ocr_line' id='line_1_65' title="bbox 1234 1099 2087 1143; baseline -0.002 -9"><span class='ocrx_word' id='word_1_330' title='bbox 1234 1100 1424 1134; x_wconf 85' lang='lat' dir='ltr'>Germaniae</span> <span class='ocrx_word' id='word_1_331' title='bbox 1458 1100 1676 1143; x_wconf 78' lang='lat' dir='ltr'>designatam,</span> <span class='ocrx_word' id='word_1_332' title='bbox 1706 1099 1825 1143; x_wconf 84' lang='lat' dir='ltr'>partim</span> <span class='ocrx_word' id='word_1_333' title='bbox 1845 1099 1986 1143; x_wconf 86' lang='lat' dir='ltr'>Iprensi,</span> <span class='ocrx_word' id='word_1_334' title='bbox 2001 1099 2087 1120; x_wconf 52' lang='lat' dir='ltr'>“dmm</span> 
     </span>
     <span class='ocr_line' id='line_1_66' title="bbox 1235 1152 1987 1197; baseline 0.003 -13"><span class='ocrx_word' id='word_1_335' title='bbox 1235 1153 1352 1197; x_wconf 81' lang='lat' dir='ltr'>partim</span> <span class='ocrx_word' id='word_1_336' title='bbox 1372 1164 1447 1187; x_wconf 76' lang='lat' dir='ltr'>vero</span> <span class='ocrx_word' id='word_1_337' title='bbox 1463 1153 1698 1186; x_wconf 74' lang='lat' dir='ltr'>Andomarensi</span> <span class='ocrx_word' id='word_1_338' title='bbox 1717 1152 1862 1186; x_wconf 88' lang='lat' dir='ltr'>ecclesiis</span> <span class='ocrx_word' id='word_1_339' title='bbox 1877 1152 1987 1186; x_wconf 86' lang='lat' dir='ltr'>cathe-</span> 
     </span>
    </p>

    <p class='ocr_par' dir='ltr' id='par_1_25' title="bbox 1234 1205 1989 1250">
     <span class='ocr_line' id='line_1_67' title="bbox 1234 1205 1989 1250; baseline 0.001 -11"><span class='ocrx_word' id='word_1_340' title='bbox 1234 1207 1391 1247; x_wconf 87' lang='lat' dir='ltr'>dralibus,</span> <span class='ocrx_word' id='word_1_341' title='bbox 1408 1217 1588 1250; x_wconf 87' lang='lat' dir='ltr'>earumque</span> <span class='ocrx_word' id='word_1_342' title='bbox 1609 1206 1791 1239; x_wconf 74' lang='lat' dir='ltr'>civitatibus</span> <span class='ocrx_word' id='word_1_343' title='bbox 1811 1211 1842 1239; x_wconf 88' lang='lat' dir='ltr'>et</span> <span class='ocrx_word' id='word_1_344' title='bbox 1861 1205 1989 1240; x_wconf 84' lang='lat' dir='ltr'>dioec-e·</span> 
     </span>
    </p>

    <p class='ocr_par' dir='ltr' id='par_1_26' title="bbox 1234 1258 1989 1300">
     <span class='ocr_line' id='line_1_68' title="bbox 1234 1258 1989 1300; baseline 0 -9"><span class='ocrx_word' id='word_1_345' title='bbox 1234 1259 1333 1300; x_wconf 86' lang='lat' dir='ltr'>sibus,</span> <span class='ocrx_word' id='word_1_346' title='bbox 1346 1260 1408 1292; x_wconf 88' lang='lat' dir='ltr'>iam</span> <span class='ocrx_word' id='word_1_347' title='bbox 1425 1260 1458 1292; x_wconf 91' lang='lat' dir='ltr'>in</span> <span class='ocrx_word' id='word_1_348' title='bbox 1474 1260 1558 1293; x_wconf 85' lang='lat' dir='ltr'>dicta</span> <span class='ocrx_word' id='word_1_349' title='bbox 1574 1259 1653 1292; x_wconf 90' lang='lat' dir='ltr'>olim</span> <span class='ocrx_word' id='word_1_350' title='bbox 1668 1258 1989 1293; x_wconf 81' lang='lat' dir='ltr'>dioecesiMorinensi</span> 
     </span>
    </p>

    <p class='ocr_par' dir='ltr' id='par_1_27' title="bbox 1234 1312 1989 1357">
     <span class='ocr_line' id='line_1_69' title="bbox 1234 1312 1989 1357; baseline -0.001 -11"><span class='ocrx_word' id='word_1_351' title='bbox 1234 1318 1263 1346; x_wconf 85' lang='lat' dir='ltr'>et</span> <span class='ocrx_word' id='word_1_352' title='bbox 1293 1319 1383 1356; x_wconf 86' lang='lat' dir='ltr'>parte</span> <span class='ocrx_word' id='word_1_353' title='bbox 1412 1312 1573 1346; x_wconf 80' lang='lat' dir='ltr'>inferioris</span> <span class='ocrx_word' id='word_1_354' title='bbox 1599 1312 1789 1346; x_wconf 86' lang='lat' dir='ltr'>Germaniae</span> <span class='ocrx_word' id='word_1_355' title='bbox 1804 1312 1989 1357; x_wconf 66' lang='lat' dir='ltr'>praedictae,</span> 
     </span>
    </p>

    <p class='ocr_par' dir='ltr' id='par_1_28' title="bbox 1234 1366 1989 1463">
     <span class='ocr_line' id='line_1_70' title="bbox 1234 1366 1989 1410; baseline 0.001 -11"><span class='ocrx_word' id='word_1_356' title='bbox 1234 1367 1346 1399; x_wconf 82' lang='lat' dir='ltr'>eadem</span> <span class='ocrx_word' id='word_1_357' title='bbox 1366 1367 1555 1399; x_wconf 85' lang='lat' dir='ltr'>auctoritate</span> <span class='ocrx_word' id='word_1_358' title='bbox 1576 1366 1738 1407; x_wconf 76' lang='lat' dir='ltr'>institutis,</span> <span class='ocrx_word' id='word_1_359' title='bbox 1759 1371 1918 1410; x_wconf 82' lang='lat' dir='ltr'>perpetuo</span> <span class='ocrx_word' id='word_1_360' title='bbox 1937 1376 1989 1400; x_wconf 86' lang='lat' dir='ltr'>as-</span> 
     </span>
     <span class='ocr_line' id='line_1_71' title="bbox 1234 1420 1416 1463; baseline -0.005 -10"><span class='ocrx_word' id='word_1_361' title='bbox 1234 1420 1416 1463; x_wconf 71' lang='lat' dir='ltr'>signaverit.</span> 
     </span>
    </p>

    <p class='ocr_par' dir='ltr' id='par_1_29' title="bbox 1235 1474 2237 2675">
     <span class='ocr_line' id='line_1_72' title="bbox 1279 1474 2172 1517; baseline 0.001 -11"><span class='ocrx_word' id='word_1_362' title='bbox 1279 1475 1294 1517; x_wconf 57' lang='lat'>3</span> <span class='ocrx_word' id='word_1_363' title='bbox 1313 1474 1343 1506; x_wconf 69' lang='lat'>2.</span> <span class='ocrx_word' id='word_1_364' title='bbox 1362 1474 1425 1507; x_wconf 76' lang='lat' dir='ltr'>Nos</span> <span class='ocrx_word' id='word_1_365' title='bbox 1437 1474 1545 1514; x_wconf 83' lang='lat' dir='ltr'>etiam,</span> <span class='ocrx_word' id='word_1_366' title='bbox 1558 1474 1736 1507; x_wconf 74' lang='lat' dir='ltr'>charissimi</span> <span class='ocrx_word' id='word_1_367' title='bbox 1749 1474 1781 1507; x_wconf 92' lang='lat' dir='ltr'>in</span> <span class='ocrx_word' id='word_1_368' title='bbox 1790 1474 1915 1508; x_wconf 87' lang='lat' dir='ltr'>Christo</span> <span class='ocrx_word' id='word_1_369' title='bbox 1931 1474 1989 1507; x_wconf 86' lang='lat' dir='ltr'>filii</span> <span class='ocrx_word' id='word_1_370' title='bbox 2170 1515 2172 1517; x_wconf 25' lang='grc' dir='ltr'>Ι</span> 
     </span>
     <span class='ocr_line' id='line_1_73' title="bbox 1235 1512 2189 1570; baseline -0.002 -10"><span class='ocrx_word' id='word_1_371' title='bbox 1235 1528 1335 1560; x_wconf 79' lang='lat' dir='ltr'>nostri</span> <span class='ocrx_word' id='word_1_372' title='bbox 1364 1527 1468 1560; x_wconf 86' lang='lat' dir='ltr'>Caroli</span> <span class='ocrx_word' id='word_1_373' title='bbox 1498 1527 1699 1560; x_wconf 82' lang='lat' dir='ltr'>Francorum</span> <span class='ocrx_word' id='word_1_374' title='bbox 1734 1527 1820 1570; x_wconf 80' lang='lat' dir='ltr'>regis</span> <span class='ocrx_word' id='word_1_375' title='bbox 1844 1526 1990 1561; x_wconf 87' lang='lat' dir='ltr'>christia·</span> <span class='ocrx_word' id='word_1_376' title='bbox 2003 1512 2189 1570; x_wconf 50' lang='lat' dir='ltr'>fiseffiissss&#39;bssssff</span> 
     </span>
     <span class='ocr_line' id='line_1_74' title="bbox 1235 1573 2237 1625; baseline 0 -11"><span class='ocrx_word' id='word_1_377' title='bbox 1235 1581 1358 1614; x_wconf 89' lang='lat' dir='ltr'>nissimi</span> <span class='ocrx_word' id='word_1_378' title='bbox 1379 1581 1531 1624; x_wconf 74' lang='lat' dir='ltr'>precibus</span> <span class='ocrx_word' id='word_1_379' title='bbox 1542 1580 1683 1619; x_wconf 84' lang='lat' dir='ltr'>adducti,</span> <span class='ocrx_word' id='word_1_380' title='bbox 1698 1581 1761 1613; x_wconf 88' lang='lat' dir='ltr'>hoc</span> <span class='ocrx_word' id='word_1_381' title='bbox 1773 1580 1897 1623; x_wconf 84' lang='lat' dir='ltr'>insigne</span> <span class='ocrx_word' id='word_1_382' title='bbox 1908 1591 1990 1625; x_wconf 83' lang='lat' dir='ltr'>opus</span> <span class='ocrx_word' id='word_1_383' title='bbox 2003 1574 2190 1603; x_wconf 66' lang='lat'>¹⁸³⁶⁵⁸⁰¹⁰⁰³⁶¹¹⁵&#39;&#39;</span> <span class='ocrx_word' id='word_1_384' title='bbox 2235 1573 2237 1575; x_wconf 30' lang='lat'><strong><em>¹</em></strong></span> 
     </span>
     <span class='ocr_line' id='line_1_75' title="bbox 1235 1634 1990 1668; baseline 0 0"><span class='ocrx_word' id='word_1_385' title='bbox 1235 1635 1275 1668; x_wconf 88' lang='lat' dir='ltr'>ad</span> <span class='ocrx_word' id='word_1_386' title='bbox 1290 1635 1345 1668; x_wconf 74' lang='lat' dir='ltr'>Dei</span> <span class='ocrx_word' id='word_1_387' title='bbox 1360 1635 1490 1668; x_wconf 83' lang='lat' dir='ltr'>laudem</span> <span class='ocrx_word' id='word_1_388' title='bbox 1511 1641 1539 1667; x_wconf 88' lang='lat' dir='ltr'>et</span> <span class='ocrx_word' id='word_1_389' title='bbox 1560 1634 1721 1667; x_wconf 82' lang='lat' dir='ltr'>Ecclesiae</span> <span class='ocrx_word' id='word_1_390' title='bbox 1743 1634 1921 1668; x_wconf 87' lang='lat' dir='ltr'>catholicae</span> <span class='ocrx_word' id='word_1_391' title='bbox 1935 1645 1990 1668; x_wconf 81' lang='lat' dir='ltr'>ex-</span> 
     </span>
     <span class='ocr_line' id='line_1_76' title="bbox 1235 1687 1991 1728; baseline 0 -7"><span class='ocrx_word' id='word_1_392' title='bbox 1235 1689 1422 1722; x_wconf 89' lang='lat' dir='ltr'>altationem</span> <span class='ocrx_word' id='word_1_393' title='bbox 1443 1688 1607 1721; x_wconf 74' lang='lat' dir='ltr'>absolvere</span> <span class='ocrx_word' id='word_1_394' title='bbox 1631 1687 1851 1728; x_wconf 89' lang='lat' dir='ltr'>intendentes,</span> <span class='ocrx_word' id='word_1_395' title='bbox 1880 1688 1991 1721; x_wconf 84' lang='lat' dir='ltr'>habita</span> 
     </span>
     <span class='ocr_line' id='line_1_77' title="bbox 1236 1740 1990 1785; baseline -0.001 -10"><span class='ocrx_word' id='word_1_396' title='bbox 1236 1752 1334 1785; x_wconf 86' lang='lat' dir='ltr'>super</span> <span class='ocrx_word' id='word_1_397' title='bbox 1353 1741 1403 1774; x_wconf 89' lang='lat' dir='ltr'>his</span> <span class='ocrx_word' id='word_1_398' title='bbox 1427 1752 1502 1774; x_wconf 85' lang='lat' dir='ltr'>cum</span> <span class='ocrx_word' id='word_1_399' title='bbox 1522 1741 1675 1774; x_wconf 83' lang='lat' dir='ltr'>fratribus</span> <span class='ocrx_word' id='word_1_400' title='bbox 1694 1740 1813 1774; x_wconf 86' lang='lat' dir='ltr'>nostris</span> <span class='ocrx_word' id='word_1_401' title='bbox 1832 1740 1990 1774; x_wconf 86' lang='lat' dir='ltr'>delibera-</span> 
     </span>
     <span class='ocr_line' id='line_1_78' title="bbox 1236 1794 1991 1835; baseline 0 -7"><span class='ocrx_word' id='word_1_402' title='bbox 1236 1795 1322 1829; x_wconf 87' lang='lat' dir='ltr'>tione</span> <span class='ocrx_word' id='word_1_403' title='bbox 1343 1802 1481 1835; x_wconf 86' lang='lat' dir='ltr'>matura‚</span> <span class='ocrx_word' id='word_1_404' title='bbox 1504 1795 1542 1828; x_wconf 73' lang='lat' dir='ltr'>do</span> <span class='ocrx_word' id='word_1_405' title='bbox 1563 1795 1694 1828; x_wconf 91' lang='lat' dir='ltr'>illorum</span> <span class='ocrx_word' id='word_1_406' title='bbox 1715 1794 1862 1834; x_wconf 80' lang='lat' dir='ltr'>consilio,</span> <span class='ocrx_word' id='word_1_407' title='bbox 1880 1805 1991 1828; x_wconf 83' lang='lat' dir='ltr'>mona-</span> 
     </span>
     <span class='ocr_line' id='line_1_79' title="bbox 1237 1848 1988 1892; baseline -0.001 -9"><span class='ocrx_word' id='word_1_408' title='bbox 1237 1850 1371 1883; x_wconf 79' lang='lat' dir='ltr'>sterium</span> <span class='ocrx_word' id='word_1_409' title='bbox 1382 1850 1496 1883; x_wconf 86' lang='lat' dir='ltr'>Beatae</span> <span class='ocrx_word' id='word_1_410' title='bbox 1515 1849 1631 1882; x_wconf 79' lang='lat' dir='ltr'>Mariae</span> <span class='ocrx_word' id='word_1_411' title='bbox 1647 1848 1757 1892; x_wconf 81' lang='lat' dir='ltr'>oppidi</span> <span class='ocrx_word' id='word_1_412' title='bbox 1776 1849 1988 1889; x_wconf 85' lang='lat' dir='ltr'>Boloniensis,</span> 
     </span>
     <span class='ocr_line' id='line_1_80' title="bbox 1237 1902 1990 1946; baseline 0 -10"><span class='ocrx_word' id='word_1_413' title='bbox 1237 1903 1364 1936; x_wconf 84' lang='lat' dir='ltr'>Ordinis</span> <span class='ocrx_word' id='word_1_414' title='bbox 1382 1903 1491 1937; x_wconf 87' lang='lat' dir='ltr'>Sancti</span> <span class='ocrx_word' id='word_1_415' title='bbox 1506 1903 1687 1946; x_wconf 72' lang='lat' dir='ltr'>Augustini,</span> <span class='ocrx_word' id='word_1_416' title='bbox 1710 1902 1787 1936; x_wconf 89' lang='lat' dir='ltr'>olim</span> <span class='ocrx_word' id='word_1_417' title='bbox 1807 1902 1990 1946; x_wconf 84' lang='lat' dir='ltr'>praedictae</span> 
     </span>
     <span class='ocr_line' id='line_1_81' title="bbox 1238 1956 1991 2000; baseline -0.001 -11"><span class='ocrx_word' id='word_1_418' title='bbox 1238 1957 1427 1990; x_wconf 80' lang='lat' dir='ltr'>Morinensis</span> <span class='ocrx_word' id='word_1_419' title='bbox 1451 1956 1619 1996; x_wconf 87' lang='lat' dir='ltr'>dioecesis,</span> <span class='ocrx_word' id='word_1_420' title='bbox 1642 1956 1675 1988; x_wconf 88' lang='lat' dir='ltr'>in</span> <span class='ocrx_word' id='word_1_421' title='bbox 1704 1967 1769 1999; x_wconf 80' lang='lat' dir='ltr'>quo</span> <span class='ocrx_word' id='word_1_422' title='bbox 1794 1961 1916 2000; x_wconf 82' lang='lat' dir='ltr'>septem</span> <span class='ocrx_word' id='word_1_423' title='bbox 1941 1956 1991 1990; x_wconf 85' lang='lat' dir='ltr'>vel</span> 
     </span>
     <span class='ocr_line' id='line_1_82' title="bbox 1237 2008 1992 2053; baseline -0.001 -11"><span class='ocrx_word' id='word_1_424' title='bbox 1237 2016 1309 2042; x_wconf 84' lang='lat' dir='ltr'>octo</span> <span class='ocrx_word' id='word_1_425' title='bbox 1334 2010 1499 2042; x_wconf 80' lang='lat' dir='ltr'>dumtaxat.</span> <span class='ocrx_word' id='word_1_426' title='bbox 1519 2009 1665 2042; x_wconf 84' lang='lat' dir='ltr'>canonici</span> <span class='ocrx_word' id='word_1_427' title='bbox 1686 2009 1819 2052; x_wconf 80' lang='lat' dir='ltr'>degunt,</span> <span class='ocrx_word' id='word_1_428' title='bbox 1846 2020 1905 2053; x_wconf 87' lang='lat' dir='ltr'>per</span> <span class='ocrx_word' id='word_1_429' title='bbox 1923 2008 1992 2042; x_wconf 91' lang='lat' dir='ltr'>obi-</span> 
     </span>
     <span class='ocr_line' id='line_1_83' title="bbox 1238 2062 1992 2107; baseline -0.001 -11"><span class='ocrx_word' id='word_1_430' title='bbox 1238 2068 1305 2096; x_wconf 89' lang='lat' dir='ltr'>tum</span> <span class='ocrx_word' id='word_1_431' title='bbox 1331 2063 1495 2107; x_wconf 85' lang='lat' dir='ltr'>quondam</span> <span class='ocrx_word' id='word_1_432' title='bbox 1520 2063 1658 2103; x_wconf 85' lang='lat' dir='ltr'>Ioannis,</span> <span class='ocrx_word' id='word_1_433' title='bbox 1690 2062 1767 2095; x_wconf 91' lang='lat' dir='ltr'>dum</span> <span class='ocrx_word' id='word_1_434' title='bbox 1792 2062 1922 2103; x_wconf 71' lang='lat' dir='ltr'>viveret,</span> <span class='ocrx_word' id='word_1_435' title='bbox 1943 2063 1992 2107; x_wconf 88' lang='lat' dir='ltr'>ip-</span> 
     </span>
     <span class='ocr_line' id='line_1_84' title="bbox 1239 2115 1991 2156; baseline -0.001 -7"><span class='ocrx_word' id='word_1_436' title='bbox 1239 2116 1304 2149; x_wconf 87' lang='lat' dir='ltr'>sius</span> <span class='ocrx_word' id='word_1_437' title='bbox 1329 2115 1514 2150; x_wconf 79' lang='lat' dir='ltr'>monasterii</span> <span class='ocrx_word' id='word_1_438' title='bbox 1535 2116 1669 2156; x_wconf 83' lang='lat' dir='ltr'>abbatis,</span> <span class='ocrx_word' id='word_1_439' title='bbox 1697 2121 1785 2149; x_wconf 75' lang='lat' dir='ltr'>extra</span> <span class='ocrx_word' id='word_1_440' title='bbox 1811 2115 1991 2149; x_wconf 83' lang='lat' dir='ltr'>Romanam</span> 
     </span>
     <span class='ocr_line' id='line_1_85' title="bbox 1238 2169 1993 2210; baseline -0.001 -7"><span class='ocrx_word' id='word_1_441' title='bbox 1238 2171 1367 2204; x_wconf 85' lang='lat' dir='ltr'>Curiam</span> <span class='ocrx_word' id='word_1_442' title='bbox 1384 2176 1456 2204; x_wconf 89' lang='lat' dir='ltr'>ante</span> <span class='ocrx_word' id='word_1_443' title='bbox 1467 2170 1661 2204; x_wconf 81' lang='lat' dir='ltr'>decennium</span> <span class='ocrx_word' id='word_1_444' title='bbox 1673 2169 1828 2210; x_wconf 76' lang='lat' dir='ltr'>defuncti,</span> <span class='ocrx_word' id='word_1_445' title='bbox 1845 2175 1899 2203; x_wconf 85' lang='lat' dir='ltr'>aut</span> <span class='ocrx_word' id='word_1_446' title='bbox 1915 2169 1993 2203; x_wconf 84' lang='lat' dir='ltr'>alias</span> 
     </span>
     <span class='ocr_line' id='line_1_86' title="bbox 1239 2223 1990 2267; baseline -0.003 -10"><span class='ocrx_word' id='word_1_447' title='bbox 1239 2231 1326 2258; x_wconf 85' lang='lat' dir='ltr'>certo</span> <span class='ocrx_word' id='word_1_448' title='bbox 1347 2224 1444 2257; x_wconf 90' lang='lat' dir='ltr'>modo</span> <span class='ocrx_word' id='word_1_449' title='bbox 1466 2224 1589 2257; x_wconf 88' lang='lat' dir='ltr'>abbatis</span> <span class='ocrx_word' id='word_1_450' title='bbox 1608 2223 1764 2267; x_wconf 73' lang='lat' dir='ltr'>regimine</span> <span class='ocrx_word' id='word_1_451' title='bbox 1789 2223 1990 2263; x_wconf 84' lang='lat' dir='ltr'>destitutum,</span> 
     </span>
     <span class='ocr_line' id='line_1_87' title="bbox 1239 2275 1991 2317; baseline -0.001 -7"><span class='ocrx_word' id='word_1_452' title='bbox 1239 2283 1268 2310; x_wconf 90' lang='lat' dir='ltr'>et</span> <span class='ocrx_word' id='word_1_453' title='bbox 1293 2277 1325 2310; x_wconf 90' lang='lat' dir='ltr'>in</span> <span class='ocrx_word' id='word_1_454' title='bbox 1350 2288 1388 2311; x_wconf 85' lang='lat' dir='ltr'>eo</span> <span class='ocrx_word' id='word_1_455' title='bbox 1413 2288 1533 2310; x_wconf 87' lang='lat' dir='ltr'>nomeu</span> <span class='ocrx_word' id='word_1_456' title='bbox 1559 2284 1587 2310; x_wconf 80' lang='lat' dir='ltr'>et</span> <span class='ocrx_word' id='word_1_457' title='bbox 1618 2277 1746 2310; x_wconf 84' lang='lat' dir='ltr'>titulum</span> <span class='ocrx_word' id='word_1_458' title='bbox 1773 2275 1912 2317; x_wconf 87' lang='lat' dir='ltr'>abbatis,</span> <span class='ocrx_word' id='word_1_459' title='bbox 1942 2275 1991 2309; x_wconf 90' lang='lat' dir='ltr'>di-</span> 
     </span>
     <span class='ocr_line' id='line_1_88' title="bbox 1239 2329 1993 2375; baseline -0.001 -12"><span class='ocrx_word' id='word_1_460' title='bbox 1239 2330 1432 2375; x_wconf 73' lang='lat' dir='ltr'>gnitatisque</span> <span class='ocrx_word' id='word_1_461' title='bbox 1461 2330 1640 2371; x_wconf 84' lang='lat' dir='ltr'>abbatialis,</span> <span class='ocrx_word' id='word_1_462' title='bbox 1670 2339 1799 2364; x_wconf 87' lang='lat' dir='ltr'>necnon</span> <span class='ocrx_word' id='word_1_463' title='bbox 1829 2329 1938 2362; x_wconf 85' lang='lat' dir='ltr'>omnia</span> <span class='ocrx_word' id='word_1_464' title='bbox 1961 2334 1993 2363; x_wconf 86' lang='lat' dir='ltr'>et.</span> 
     </span>
     <span class='ocr_line' id='line_1_89' title="bbox 1240 2382 1993 2428; baseline 0 -12"><span class='ocrx_word' id='word_1_465' title='bbox 1240 2384 1364 2427; x_wconf 80' lang='lat' dir='ltr'>singula</span> <span class='ocrx_word' id='word_1_466' title='bbox 1387 2385 1562 2428; x_wconf 61' lang='lat' dir='ltr'>prioratus„</span> <span class='ocrx_word' id='word_1_467' title='bbox 1584 2384 1772 2427; x_wconf 73' lang='lat' dir='ltr'>dignitates,</span> <span class='ocrx_word' id='word_1_468' title='bbox 1796 2382 1920 2423; x_wconf 86' lang='lat' dir='ltr'>officia,</span> <span class='ocrx_word' id='word_1_469' title='bbox 1942 2393 1993 2416; x_wconf 89' lang='lat' dir='ltr'>ca·</span> 
     </span>
     <span class='ocr_line' id='line_1_90' title="bbox 1240 2435 1991 2481; baseline -0.001 -12"><span class='ocrx_word' id='word_1_470' title='bbox 1240 2438 1405 2472; x_wconf 79' lang='lat' dir='ltr'>nonieales</span> <span class='ocrx_word' id='word_1_471' title='bbox 1428 2438 1595 2481; x_wconf 86' lang='lat' dir='ltr'>portiones</span> <span class='ocrx_word' id='word_1_472' title='bbox 1619 2443 1648 2470; x_wconf 90' lang='lat' dir='ltr'>et</span> <span class='ocrx_word' id='word_1_473' title='bbox 1670 2438 1740 2470; x_wconf 84' lang='lat' dir='ltr'>loca</span> <span class='ocrx_word' id='word_1_474' title='bbox 1765 2435 1929 2476; x_wconf 71' lang='lat' dir='ltr'>eiusdem,</span> <span class='ocrx_word' id='word_1_475' title='bbox 1955 2446 1991 2468; x_wconf 88' lang='lat' dir='ltr'>ac</span> 
     </span>
     <span class='ocr_line' id='line_1_91' title="bbox 1240 2484 1992 2530; baseline -0.003 -11"><span class='ocrx_word' id='word_1_476' title='bbox 1240 2493 1304 2520; x_wconf 88' lang='lat' dir='ltr'>tam</span> <span class='ocrx_word' id='word_1_477' title='bbox 1332 2487 1365 2519; x_wconf 88' lang='lat' dir='ltr'>in</span> <span class='ocrx_word' id='word_1_478' title='bbox 1391 2488 1504 2520; x_wconf 86' lang='lat' dir='ltr'>eodem</span> <span class='ocrx_word' id='word_1_479' title='bbox 1535 2487 1687 2530; x_wconf 85' lang='lat' dir='ltr'>illiusque</span> <span class='ocrx_word' id='word_1_480' title='bbox 1717 2484 1865 2525; x_wconf 84' lang='lat' dir='ltr'>ecclesia,</span> <span class='ocrx_word' id='word_1_481' title='bbox 1894 2495 1992 2528; x_wconf 88' lang='lat' dir='ltr'>quam</span> 
     </span>
     <span class='ocr_line' id='line_1_92' title="bbox 1241 2534 1994 2579; baseline 0 -11"><span class='ocrx_word' id='word_1_482' title='bbox 1241 2536 1336 2569; x_wconf 85' lang='lat' dir='ltr'>etiam</span> <span class='ocrx_word' id='word_1_483' title='bbox 1360 2537 1399 2569; x_wconf 86' lang='lat' dir='ltr'>ab</span> <span class='ocrx_word' id='word_1_484' title='bbox 1428 2537 1482 2569; x_wconf 89' lang='lat' dir='ltr'>illo</span> <span class='ocrx_word' id='word_1_485' title='bbox 1510 2535 1766 2579; x_wconf 84' lang='lat' dir='ltr'>dependentibus</span> <span class='ocrx_word' id='word_1_486' title='bbox 1796 2534 1994 2578; x_wconf 83' lang='lat' dir='ltr'>prioratibus</span> 
     </span>
     <span class='ocr_line' id='line_1_93' title="bbox 1241 2583 1994 2628; baseline -0.003 -10"><span class='ocrx_word' id='word_1_487' title='bbox 1241 2584 1421 2628; x_wconf 77' lang='lat' dir='ltr'>ceterisque</span> <span class='ocrx_word' id='word_1_488' title='bbox 1446 2584 1613 2618; x_wconf 84' lang='lat' dir='ltr'>beneficiis</span> <span class='ocrx_word' id='word_1_489' title='bbox 1639 2583 1876 2624; x_wconf 84' lang='lat' dir='ltr'>ecclesiasticis,</span> <span class='ocrx_word' id='word_1_490' title='bbox 1907 2583 1994 2617; x_wconf 88' lang='lat' dir='ltr'>ordi-</span> 
     </span>
     <span class='ocr_line' id='line_1_94' title="bbox 1241 2632 1993 2675; baseline 0 -9"><span class='ocrx_word' id='word_1_491' title='bbox 1241 2644 1328 2674; x_wconf 87' lang='lat' dir='ltr'>nem,</span> <span class='ocrx_word' id='word_1_492' title='bbox 1350 2639 1466 2671; x_wconf 71' lang='lat' dir='ltr'>statum</span> <span class='ocrx_word' id='word_1_493' title='bbox 1485 2640 1514 2667; x_wconf 85' lang='lat' dir='ltr'>et</span> <span class='ocrx_word' id='word_1_494' title='bbox 1535 2632 1705 2667; x_wconf 84' lang='lat' dir='ltr'>essentiam</span> <span class='ocrx_word' id='word_1_495' title='bbox 1729 2632 1914 2675; x_wconf 83' lang='lat' dir='ltr'>regulares,</span> <span class='ocrx_word' id='word_1_496' title='bbox 1942 2643 1993 2666; x_wconf 90' lang='lat' dir='ltr'>re-</span> 
     </span>
    </p>
   </div>
   <div class='ocr_carea' id='block_1_15' title="bbox 2002 1035 2237 1063">
    <p class='ocr_par' dir='ltr' id='par_1_30' title="bbox 2002 1035 2237 1063">
     <span class='ocr_line' id='line_1_95' title="bbox 2002 1035 2237 1063; baseline -0.004 -6"><span class='ocrx_word' id='word_1_497' title='bbox 2002 1036 2083 1057; x_wconf 80' lang='lat' dir='ltr'>eceles.</span> <span class='ocrx_word' id='word_1_498' title='bbox 2111 1035 2184 1063; x_wconf 72' lang='lat' dir='ltr'>lpren.</span> <span class='ocrx_word' id='word_1_499' title='bbox 2233 1062 2237 1063; x_wconf 26' lang='lat'><em>⁷</em></span> 
     </span>
    </p>
   </div>
   <div class='ocr_carea' id='block_1_16' title="bbox 2031 1480 2237 1509">
    <p class='ocr_par' dir='ltr' id='par_1_31' title="bbox 2031 1480 2237 1509">
     <span class='ocr_line' id='line_1_96' title="bbox 2031 1480 2237 1509; baseline -0.005 -7"><span class='ocrx_word' id='word_1_500' title='bbox 2031 1480 2080 1502; x_wconf 73' lang='lat' dir='ltr'>Pius</span> <span class='ocrx_word' id='word_1_501' title='bbox 2095 1480 2119 1506; x_wconf 79' lang='lat' dir='ltr'>V,</span> <span class='ocrx_word' id='word_1_502' title='bbox 2136 1487 2187 1509; x_wconf 77' lang='lat' dir='ltr'>sup-</span> <span class='ocrx_word' id='word_1_503' title='bbox 2235 1505 2237 1507; x_wconf 31' lang='lat'>¹</span> 
     </span>
    </p>
   </div>
  </div>
 </body>
</html>
