2237 3100
47 283 98 311 An.
114 280 144 308 C.
163 278 232 307 ¹56⁷

70 1253 186 1276 Prohibitio
205 1254 232 1275 de

43 1288 117 1308 cetero
126 1285 198 1312 quavis
206 1285 232 1306 de

43 1322 106 1339 causa
111 1315 233 1337 infeudandi

44 1351 66 1370 et
74 1348 189 1374 alienandi,
197 1348 233 1368 vel

45 1381 71 1402 de
80 1381 112 1402 eis
119 1381 231 1402 tractandi.

926 275 994 300 PIUS
1013 275 1032 300 V
1057 275 1104 300 PP.

246 333 357 363 nostra
376 332 535 374 perpetuo
554 326 690 360 valitura
707 327 935 361 constitutione
951 327 1004 361 de·

246 382 412 417 cernimus
433 387 463 414 et
478 381 683 414 declaramus
704 381 845 414 civitates
874 387 900 414 et
933 382 1004 415 loca

246 436 421 482 praedicta,
448 434 544 468 etiam
564 435 722 468 hactenus
742 434 774 467 in
793 435 926 468 feudum
949 441 1003 468 aut

245 488 392 533 quemvis
423 487 627 522 alienationis
658 487 789 520 titulum
816 488 885 521 dari
911 489 1003 522 solita

245 544 482 583 vel‘consueta,
500 542 540 574 ad
563 552 623 574 nos
643 546 671 574 et
693 541 809 575 Sedem
825 542 1003 585 praefatam

245 596 492 641 quomodolibet
523 595 672 629 devoluta
708 600 738 628 et
768 606 825 639 pro
857 600 1003 640 tempore

244 650 452 695 devolvenda,
480 649 602 692 absque
631 649 694 681 alia
719 648 866 682 ulteriori
895 650 1003 682 decla-

244 704 368 738 ratione
389 709 420 736 et
439 702 570 736 illorum
587 702 799 746 possessionis
819 703 1003 747 apprehen-

245 757 347 798 sione,
371 767 409 790 eo
429 756 498 801 ipso
520 756 594 789 Sedi
614 761 643 789 et
664 756 819 790 Gamerae
840 756 1002 800 Apostoli-

245 822 301 845 cae
321 811 539 854 incorporata,
560 821 597 843 ac
625 809 665 842 ad
690 809 740 842 ius
766 814 797 842 et
821 809 1003 853 proprieta-

244 870 310 899 tem
344 869 375 897 et
405 863 587 896 dominium
613 863 788 907 pristinum
814 874 851 896 ac
876 874 1003 907 posses-

243 918 368 953 sionem
388 917 523 951 rediisse
541 917 678 958 censeri,
696 917 831 961 perinde
847 928 884 950 ac
896 917 934 957 si,
947 928 1005 961 per

243 971 459 1017 quadraginta
488 982 589 1005 annos
628 976 659 1005 et
678 972 776 1011 ultra,
809 970 950 1004 civitates
975 976 1002 1004 et

242 1027 316 1059 loca
330 1025 475 1070 praefata
490 1035 507 1058 a
522 1024 615 1058 nobis
635 1030 665 1058 et
685 1024 767 1057 Sede
788 1024 931 1067 praefata
945 1024 1004 1056 im-

244 1079 383 1113 mediate
409 1089 568 1122 possessa,
600 1083 631 1111 et
664 1088 846 1121 numquam
875 1077 907 1110 in
933 1078 1003 1111 seu-

244 1133 322 1166 dum
344 1137 398 1165 aut
418 1132 520 1165 alium
534 1132 663 1165 titulum
687 1141 840 1164 concessa
856 1131 1000 1164 fuissent.

288 1185 352 1230 53.
371 1186 615 1228 Statuimusque
638 1190 669 1219 et
691 1184 898 1218 decernimus
917 1185 1005 1228 quod

246 1250 360 1274 omnes
393 1245 424 1272 et
461 1239 626 1282 singulae,
653 1244 718 1271 tam
756 1239 1005 1271 communitates

247 1298 279 1327 et
307 1292 546 1333 universitates,
575 1303 671 1335 quam
703 1292 786 1325 cives
820 1297 850 1325 et
880 1292 1004 1325 incolae

248 1347 410 1381 civitatum
424 1374 431 1387 ,
466 1352 628 1380 terrarum
662 1350 693 1379 et
725 1346 874 1379 locorum
909 1357 1004 1390 prae-

247 1401 423 1441 dictorum,
436 1400 583 1445 aliaeque
595 1410 822 1444 quaecumque
835 1410 1004 1444 personae,

246 1460 317 1489 tum
334 1454 581 1495 ecclesiasticae,
597 1460 666 1487 tum
685 1454 879 1494 saeculares,
899 1454 1005 1487 cuius-

245 1511 292 1544 vis
307 1509 471 1554 dignitatis
491 1514 523 1542 et
546 1508 681 1549 ordinis,
698 1507 793 1542 etiam
811 1508 1006 1552 episcopalis

245 1565 298 1598 vel
315 1564 461 1605 maioris,
484 1562 667 1603 existentes,
686 1573 722 1595 ac
745 1568 873 1595 sanctae
885 1562 1003 1596 Roma-

246 1628 306 1652 nae
334 1617 497 1651 Ecclesiae
534 1616 735 1657 cardinales,
768 1620 836 1649 tum
875 1617 1005 1659 publice

245 1673 278 1706 in
303 1672 445 1706 consiliis
482 1671 646 1705 civitatum
680 1676 710 1704 et
736 1670 885 1703 locorum
914 1681 1006 1714 prae-

244 1727 397 1766 fatorum,
419 1736 518 1770 quam
538 1724 688 1770 privatim
703 1724 779 1757 alibi
792 1724 824 1756 in
840 1723 1005 1767 quibusvis

243 1781 336 1821 locis,
350 1779 475 1814 etiamsi
488 1779 651 1813 civitatum
664 1784 692 1812 et
705 1784 866 1811 terrarum
878 1788 1006 1811 earum-

243 1835 318 1869 dem
343 1834 578 1878 gubernatores
604 1839 660 1866 aut
690 1832 782 1865 Sedis
803 1831 1005 1875 Apostolicae

244 1888 340 1932 legati
368 1888 417 1921 vel
448 1887 605 1931 prolegati
642 1886 792 1922 existant,
818 1889 1003 1921 tractantes,

245 1942 462 1981 consulentes,
487 1945 544 1973 aut
563 1941 642 1973 alias
661 1940 758 1972 verba
784 1938 937 1971 facientes
967 1939 1005 1971 de

244 1994 520 2030 infeudationibus
545 1998 600 2026 aut
624 1992 873 2026 alienationibus
896 1992 934 2024 de
961 1992 1005 2024 ci-

245 2049 396 2083 vitatibus
421 2052 452 2081 et
475 2048 556 2081 locis
582 2047 734 2090 praefatis
762 2046 946 2078 immediate
967 2045 1005 2077 ad

247 2114 306 2137 nos
336 2108 367 2136 et
394 2102 510 2136 Sedem
531 2101 707 2145 praefatam
730 2099 951 2143 spectantibus
976 2104 1004 2132 et

248 2156 498 2202 pertinentibus,
529 2155 625 2188 etiam
653 2153 824 2193 devolutis,
852 2153 948 2186 etiam
975 2153 1005 2185 in

248 2211 382 2245 feudum
414 2209 634 2243 communiter
654 2213 683 2240 et
709 2207 831 2251 pluries
859 2206 927 2239 dari
955 2217 1005 2240 so-

248 2265 325 2306 litis,
340 2264 435 2298 etiam
452 2274 488 2296 ex
505 2273 601 2295 causa
615 2260 863 2305 permutationis
880 2261 925 2293 rel
948 2261 1006 2293 sub

250 2328 358 2352 annuo
387 2327 487 2350 censu
519 2320 571 2348 aut
603 2325 727 2348 canone
748 2319 799 2347 aut
823 2313 900 2347 alias
928 2326 1007 2358 quo-

250 2370 438 2410 modolibet,
458 2369 554 2402 etiam
575 2368 849 2411 contemplatione
875 2367 1006 2401 merito-

251 2431 325 2454 rum
339 2430 415 2463 erga
425 2418 541 2452 Sedem
562 2416 752 2461 praefatam,
766 2421 819 2449 aut
841 2416 899 2449 sub
917 2428 1008 2459 prae-

250 2474 338 2503 textu
352 2467 551 2502 necessitatis
566 2467 614 2499 vel
631 2465 784 2499 evidentis
803 2465 950 2498 utilitatis
967 2466 1008 2498 sa-

252 2518 386 2559 ciendis‚
403 2529 459 2551 seu
476 2517 514 2550 de
526 2515 728 2561 postulandis
744 2526 761 2547 a
776 2514 870 2547 nobis
886 2520 913 2547 et
927 2515 1007 2548 Sede

252 2567 394 2612 praefata
406 2566 572 2611 quibusvis
584 2565 744 2609 personis,
756 2563 896 2596 cuiusvis
907 2564 1008 2607 digni-

250 2616 335 2658 tatis,
356 2621 470 2656 status,
498 2615 632 2658 gradus,
654 2614 749 2647 etiam
770 2614 863 2646 nobis
888 2618 919 2646 et
939 2623 1009 2647 suc-

253 2665 434 2700 cessoribus
448 2664 566 2699 noszris
581 2663 762 2698 secundum
782 2673 913 2697 carnem
930 2673 1008 2696 con-

331 2719 406 2750 Ball.
422 2718 501 2750 Rom.
520 2718 576 2749 Vol.
597 2717 655 2748 Vll.
853 2716 885 2745 Ἡ

1048 327 1178 368 iunctis,
1198 327 1294 361 etiam
1316 332 1443 361 sanctae
1460 328 1623 362 Romanae
1645 329 1807 364 Ecclesiae

1048 382 1277 422 cardinalibus,
1294 387 1349 415 aut
1364 382 1475 426 quavis
1493 382 1554 415 alia
1571 385 1741 428 temporali
1758 386 1805 418 rel

1048 435 1266 469 ecclesiastica
1286 436 1439 479 dignitate
1458 437 1679 480 fungentibus,
1692 437 1723 470 in
1744 439 1805 471 du-

1047 500 1111 529 ces,
1137 489 1288 529 vicarios,
1314 489 1549 532 gubernatores
1577 501 1632 523 seu
1660 491 1805 534 quemvis

1046 543 1146 575 alium
1162 543 1306 583 titulum,
1325 543 1363 576 ad
1380 543 1475 576 vitam
1492 544 1539 576 vel
1560 542 1591 575 in
1609 550 1803 587 perpetuum

1046 597 1094 628 vel
1110 597 1245 639 longum
1266 602 1408 640 tempus,
1427 597 1587 630 autetiam
1611 598 1702 630 Sedis
1722 598 1805 642 Apo-

1047 649 1178 682 stolicae
1198 650 1451 694 beneplacitum,
1470 650 1634 683 civitatum
1663 657 1694 684 et
1718 652 1805 686 loco-

1047 713 1120 734 rum
1137 703 1369 747 praesatorum,
1386 715 1422 736 ac
1439 709 1612 748 propterca
1629 705 1667 737 de
1684 705 1804 748 eligen-

1047 756 1095 788 dis
1132 756 1333 798 oratoribus‚
1365 758 1404 789 ad
1439 768 1498 790 nos
1532 763 1561 790 et
1599 769 1803 792 successores

1047 814 1175 842 nostros
1203 821 1301 854 super
1321 811 1507 855 praemissis
1523 812 1571 844 vel
1594 812 1727 845 illorum
1748 823 1803 846 oc-

1047 863 1176 896 casione
1196 864 1373 905 mittendis,
1397 870 1628 909 proponentes
1651 870 1715 898 tam
1744 866 1803 910 ipsi

1046 927 1145 960 quam
1174 922 1319 951 oratores
1349 929 1469 951 munus
1501 919 1689 953 huiusmodi
1720 920 1803 953 reci-

1046 969 1183 1013 pientes,
1206 975 1262 1003 aut
1289 971 1343 1003 alii
1369 972 1569 1015 quicumque
1595 973 1806 1006 alienationes

1046 1022 1235 1056 huiusmodi
1272 1023 1419 1057 Romano
1452 1025 1601 1058 Pontifici
1633 1036 1691 1069 pro
1724 1031 1804 1059 tem-

1823 279 1874 305 Λη.
1892 280 1919 306 C.
1940 280 2005 306 ¹567

1048 1087 1125 1119 pore
1142 1077 1305 1117 existenti,
1323 1088 1382 1121 per
1397 1088 1430 1110 se
1451 1079 1499 1111 vel
1520 1079 1620 1111 alium
1637 1090 1692 1111 seu
1711 1080 1804 1119 alios⁷
1850 1088 1852 1090 ’

1047 1129 1249 1163 insinuantes
1275 1131 1324 1163 vel
1353 1131 1541 1173 suadentes,
1570 1143 1607 1165 eo
1634 1132 1702 1177 ipso
1733 1143 1805 1166 sen-

1048 1183 1179 1215 tentiam
1210 1184 1556 1217 excommunicationis
1580 1185 1761 1226 incurrant,
1789 1198 1805 1218 a

1046 1247 1122 1279 qua,
1145 1236 1207 1269 nisi
1227 1237 1266 1269 ab
1287 1237 1357 1280 ipso
1378 1238 1550 1278 I‘ontifice,
1578 1245 1806 1283 praeterquam

1048 1289 1079 1321 in
1106 1290 1219 1323 mortis
1239 1290 1388 1331 articulo,
1415 1291 1534 1324 absolvi
1566 1298 1738 1335 nequeant.
1769 1293 1806 1325 Et

1047 1343 1181 1387 insuper
1218 1350 1345 1377 sanctae
1380 1345 1544 1379 Romanae
1581 1346 1741 1379 Ecclesiae
1776 1351 1807 1380 et

1048 1397 1139 1431 Sedis
1150 1398 1353 1442 Apostolicae
1367 1400 1529 1442 praefatae
1542 1400 1691 1441 rebelles,
1709 1401 1806 1433 etiam

1048 1453 1081 1485 in
1102 1452 1207 1495 primo
1234 1452 1338 1496 capite
1359 1453 1463 1486 laesae
1486 1453 1670 1491 maiestatis,
1686 1460 1715 1486 et
1730 1465 1804 1498 pro-

1049 1505 1169 1539 ditores
1189 1506 1352 1539 civitatum
1370 1507 1557 1540 etlocorum
1570 1508 1803 1551 praefatorum,

1047 1571 1084 1593 ac
1104 1560 1189 1593 bona
1215 1570 1330 1594 eorum
1351 1560 1429 1593 fisco
1446 1566 1476 1594 et
1495 1560 1648 1594 Gamerae
1679 1566 1806 1595 nostrae

1047 1614 1249 1658 Apostolicae
1281 1615 1352 1659 ipso
1377 1614 1448 1647 iure
1473 1615 1622 1647 devoluta
1648 1620 1678 1648 et
1703 1615 1807 1648 incor-

1048 1673 1160 1711 porata
1196 1668 1258 1701 sint
1295 1673 1326 1701 et.
1354 1679 1422 1701 esse
1454 1674 1664 1708 censeantur,
1700 1670 1806 1702 omni-

1048 1722 1174 1765 busque
1213 1722 1381 1760 ecclesiis‚
1422 1722 1627 1755 monasteriis
1674 1729 1701 1756 et
1736 1723 1807 1756 aliis

1048 1787 1106 1819 per
1121 1786 1175 1809 eos
1195 1776 1439 1819 quomodolibet
1469 1776 1608 1810 obtentis
1641 1776 1808 1810 beneficiis-

1048 1830 1275 1862 ecclesiasticis
1295 1840 1332 1863 eo
1354 1830 1424 1874 ipso
1446 1830 1559 1873 privati
1577 1830 1725 1869 existant,
1755 1842 1808 1864 ne-

1048 1895 1111 1926 que
1148 1884 1185 1916 ad
1226 1883 1368 1917 civitates
1402 1889 1432 1916 et
1465 1884 1535 1916 loca
1564 1885 1705 1928 praefata
1740 1885 1807 1917 ullo

1049 1947 1205 1979 umquam
1232 1942 1378 1981 tempore
1407 1936 1525 1970 remitti
1553 1938 1687 1981 possint.
1720 1938 1754 1971 Et
1782 1938 1807 1971 si

1048 1990 1221 2034 aliquando
1252 2001 1307 2024 eos
1331 1990 1523 2033 reintegrari
1549 1991 1731 2033 contigerit,
1758 1992 1807 2024 ni-

1048 2043 1227 2077 hilominus
1261 2044 1397 2078 infames
1434 2050 1642 2083 remaneant,
1679 2045 1807 2088 illisque

1048 2097 1211 2130 honorum
1241 2102 1269 2130 et
1297 2097 1489 2140 dignitatum
1517 2092 1628 2141 porffie
1650 2103 1807 2142 perpetuo

1049 2150 1256 2183 claudantur.

1093 2203 1158 2247 §Aa
1182 2204 1219 2236 Et
1248 2205 1403 2247 quoniam
1432 2204 1649 2237 intelleximus
1680 2205 1807 2248 aliquos

1050 2257 1145 2290 etiam
1167 2257 1356 2297 cardinales,
1378 2257 1529 2297 civitates,
1551 2263 1648 2298 terra,
1672 2258 1804 2302 oppida,

1050 2316 1165 2351 castra,
1180 2322 1269 2346 arces
1289 2317 1320 2344 et
1338 2312 1409 2344 loca
1429 2312 1467 2344 ad
1489 2311 1585 2343 vitan-1
1602 2322 1658 2344 scu
1679 2312 1805 2344 tertiam

1049 2365 1097 2398 vel
1122 2365 1217 2398 aliam
1242 2365 1496 2409 generationem,
1516 2370 1570 2397 aut
1586 2364 1664 2398 alias
1684 2376 1701 2398 a
1723 2365 1807 2398 dicta

1050 2418 1142 2459 Sede,
1166 2419 1262 2452 etiam
1284 2429 1321 2451 ex
1341 2428 1437 2452 causa
1462 2428 1612 2458 onerosa,
1639 2418 1804 2459 obtinere,

1050 2467 1169 2501 habere
1188 2473 1218 2500 et
1235 2467 1409 2512 possidere,
1420 2478 1493 2500 cum
1508 2468 1657 2500 facultate
1669 2466 1806 2500 faciendi

1050 2517 1082 2550 in
1112 2518 1175 2550 illis
1209 2518 1468 2556 melioramenta,
1503 2516 1545 2549 ita
1576 2517 1663 2559 quod
1693 2516 1732 2548 ab
1762 2518 1808 2549 eis

1051 2568 1191 2600 amoveri
1218 2578 1284 2601 non
1318 2566 1457 2611 possint,
1484 2565 1544 2598 nisi
1570 2566 1725 2599 restitutis
1746 2566 1806 2598 sibi

1051 2616 1141 2659 prius
1161 2616 1309 2660 pecuniis
1320 2616 1352 2649 in
1364 2615 1607 2648 melior-amenta
1619 2615 1805 2647 huiusmodi

1052 2665 1215 2710 expositis,
1238 2675 1350 2698 omnes
1371 2669 1399 2698 et
1417 2664 1559 2708 singulas
1580 2664 1747 2697 facultates
1765 2663 1807 2695 fa-

1824 2230 1938 2251 Revooano
1947 2233 2009 2257 privi-

1824 2262 1857 2287 leg
1868 2268 1926 2282 orum
1943 2264 1968 2283 de
1986 2264 2007 2282 dr

1824 2293 1849 2313 lis
1871 2293 2007 2314 melior-iudi<

1824 2328 1845 2344 et
1888 2326 2006 2345 retinendis

1823 2361 1889 2382 usquc
1900 2356 1923 2376 ad
1935 2362 2006 2376 corum

1823 2387 1971 2408 reret-tionem
