2237 3100
67 262 119 290 An.
137 262 166 289 C.
180 263 247 290 ¹565

107 1649 174 1676 Super
190 1655 240 1671 cura

54 1687 128 1701 aeuum
144 1684 165 1702 et
185 1682 240 1702 infir-

55 1718 150 1739 morum,

66 1974 133 2001 Super
142 1974 241 1999 resigna-

55 2007 113 2027 tione
137 2005 240 2025 bonorum

54 2042 92 2064 per
147 2037 240 2057 inin-mos

54 2068 123 2093 fienda
133 2083 139 2093 ,

81 2185 150 2212 Super
168 2185 241 2212 dispo-

54 2217 132 2237 anione
149 2222 242 2244 proven-

55 2250 126 2273 tuum,

68 2397 136 2424 Super
146 2396 242 2418 nullitate

55 2429 188 2449 licentiarum
211 2429 244 2448 di-

57 2460 161 2486 sponendi
172 2460 197 2480 de
208 2458 244 2479 bo-

57 2491 90 2512 ui·
105 2491 190 2512 Ordinis
200 2506 205 2516 ,

950 264 1016 287 Pll'S
1036 265 1066 288 1v
1086 263 1133 285 Pr.

265 315 412 360 nihilque
436 315 592 359 superflui
609 315 641 348 in
669 326 706 349 ca
726 316 782 356 sit,
809 315 889 348 nihil
911 316 1018 358 etiam,

265 369 353 413 quod
369 369 408 402 sit
427 368 659 409 necessarium,
675 369 720 402 eis
735 369 929 412 denegetur;
942 380 1021 413 quo-

264 433 338 456 rum
363 421 514 468 omnium
539 421 710 464 registrum
731 421 915 466 superiores
935 423 1020 466 apud

263 486 297 509 se
316 474 468 515 habeant,
495 480 525 508 et
545 474 671 517 singulo
693 485 776 508 anno
797 475 970 516 revideant,
991 482 1022 509 et

264 529 379 562 fratres
399 539 436 562 ea
454 528 594 561 vendere
608 556 615 568 ,
647 528 787 561 alienare
821 533 876 561 aut
900 529 1021 562 donare

263 581 386 615 nemini
405 582 541 615 valeant.
565 581 692 620 Quodsi
704 581 775 624 quis
791 582 884 615 aliter
898 582 1020 623 fecerit,

261 635 311 668 vel
330 635 526 679 quidquam,
549 634 645 667 etiam
673 635 700 668 si
720 635 858 678 pecunia
887 635 940 676 sit,
974 640 1020 668 te-

261 698 339 722 nere
360 688 581 731 deprehensus
600 693 656 721 aut
678 688 843 721 convictus
864 688 972 729 suerit,
995 689 1021 721 is

260 741 392 774 biennio
406 740 507 774 activa
522 746 552 774 et
569 740 691 785 passiva
711 751 789 774 voce
811 741 952 784 privatus
968 742 1018 782 sit,

259 799 356 837 atque
377 793 485 834 etiam,
500 793 587 827 iuxta
599 793 725 827 Ordinis
745 794 845 827 nostri
866 795 1022 828 constitu-

258 847 373 888 tiones,
390 847 487 880 veluti
496 847 729 890 proprietarius
745 848 909 891 puniatur.
921 849 1021 888 Quin-

258 900 358 935 immo
375 927 382 941 ,
402 901 443 933 ad
469 911 596 934 erorres
608 900 684 933 istos
707 901 876 942 tollendos,
898 903 1022 946 praeci-

258 954 306 998 pit
322 955 473 997 generale
494 953 673 998 capitulum
694 959 730 987 ut
746 954 778 987 in
796 954 925 997 singulo
945 967 1021 990 eon—

257 1013 354 1042 ventu
375 1013 406 1042 et
435 1007 632 1041 monasterio
658 1007 697 1040 sit
725 1007 888 1041 aerarium
911 1009 1019 1053 publi-

258 1071 346 1101 cum,
368 1060 425 1094 uhi
449 1067 651 1105 reponantur
666 1060 869 1103 singulorum
883 1063 1019 1096 fratrum

258 1119 289 1147 et
315 1113 609 1148 sanctimonialium
635 1112 814 1156 pecuniae;
841 1126 924 1157 quae
945 1115 1019 1148 inde

257 1178 323 1201 non
344 1168 553 1201 extrahantur
573 1167 640 1200 51110
666 1167 856 1200 necessitate
883 1178 900 1200 a
926 1179 1020 1212 supe-

256 1220 343 1254 riore
368 1220 506 1263 cognita.
538 1220 706 1253 Monemus
737 1224 843 1253 tamen
873 1221 1017 1263 singulo-

255 1284 329 1307 rum
352 1278 569 1307 conventuum
585 1273 769 1317 superiores
787 1279 832 1313 ut,
849 1274 935 1307 iuxta
951 1275 1017 1308 sin-

255 1327 408 1370 gulorum
433 1328 570 1360 fratrum
592 1326 725 1367 merita,
747 1327 883 1370 gradum
908 1333 938 1361 et
958 1339 1016 1362 ne-

255 1380 431 1421 cessitates,
454 1391 492 1414 ex
512 1380 647 1424 reliquis
662 1379 769 1421 bonis,
786 1381 1017 1424 etpraesertim

255 1433 294 1467 ab
314 1433 435 1467 eisdem
451 1434 606 1467 fratribus
626 1433 807 1478 acquisitis,
835 1434 943 1478 aliqua
961 1435 1016 1476 eis,

255 1497 314 1531 pro
335 1487 515 1521 studiorum
533 1492 563 1520 et
577 1487 726 1520 laborum
749 1487 1014 1530 substentatione,

254 1540 375 1583 largius
395 1546 426 1574 et
450 1540 653 1574 commodius
671 1540 928 1574 subministrent.

298 1593 462 1627 Habeatur
481 1604 555 1627 vero
581 1593 717 1637 diligens
742 1604 856 1627 senum
878 1599 908 1627 et
929 1594 1017 1627 infir-

255 1657 384 1680 morum
410 1658 501 1688 cura;
524 1647 797 1691 provideaturque
813 1647 859 1680 eis
875 1647 913 1680 de
930 1659 1017 1681 com-

254 1700 409 1734 munibus
434 1700 646 1744 eleemosynis
674 1701 707 1733 in
737 1711 852 1733 eorum
878 1702 1016 1734 necessi-

254 1753 393 1796 tatibus3
417 1759 448 1787 et
467 1754 500 1786 in
517 1754 644 1797 singulo
666 1759 825 1787 conventu
846 1754 1016 1798 praeficia-

253 1812 307 1841 tur
340 1808 452 1841 saltem
486 1818 583 1848 unus,
625 1807 678 1841 cui
715 1808 903 1842 huiusmodi
938 1820 1016 1842 cura

255 1862 487 1895 committatur.

299 1914 337 1947 Et
357 1925 430 1948 cum
446 1915 519 1959 quis
539 1915 698 1948 infirmari
724 1915 885 1959 coeperit,
909 1915 1015 1948 statim

255 1967 396 2010 resignet
421 1968 581 2012 superiori
603 1968 729 2008 omnia,
757 1979 841 2012 quae
862 1979 921 2001 suo
942 1968 1016 2001 usui

255 2020 376 2053 suerint
392 2020 568 2064 applicata,
589 2026 625 2054 ut
649 2021 683 2053 in
708 2032 784 2054 casu
806 2020 920 2054 mortis
941 2031 1017 2054 eon-

254 2074 364 2107 ventui
380 2074 505 2107 cedant.

300 2127 526 2160 Emolumenta
554 2137 636 2170 quae
670 2138 707 2159 ex
745 2126 874 2171 piorum
906 2126 1017 2169 legatis

256 2181 304 2214 vel
325 2181 373 2224 (ut
397 2182 524 2224 vocant)
552 2180 778 2214 mansionariis
804 2180 1014 2224 proveniunt,

256 2235 288 2267 in
325 2234 489 2278 publicam
522 2234 694 2267 utilitatem
725 2239 954 2267 convertantur
987 2238 1018 2267 et

256 2287 338 2320 nulli
358 2287 547 2331 particulari
568 2287 764 2320 tribuantur.

301 2339 443 2374 Licentia
467 2351 541 2373 vcro
570 2339 764 2384 disponendi
784 2340 823 2373 de
842 2339 937 2373 bonis
960 2350 1017 2373 suo

258 2394 332 2427 usui
362 2394 542 2437 deputatis,
574 2399 630 2426 aut
659 2393 753 2426 etiam
779 2392 818 2426 dc
844 2393 969 2426 cellulis
989 2398 1019 2427 et

259 2443 396 2477 cameris
416 2443 507 2486 ipsis,
534 2443 614 2475 nulli
647 2442 736 2475 fratri
767 2448 819 2475 aut
847 2442 1019 2475 sanctimo-

258 2491 336 2525 niali
357 2491 540 2531 tribuatur,
578 2491 632 2523 sed
652 2491 731 2523 11000
753 2490 791 2524 sit
811 2491 970 2533 generalis
990 2496 1020 2524 et

259 2540 507 2585 provincialium
538 2551 634 2578 cura,
671 2540 849 2573 secuudum
882 2541 1018 2583 gradum

261 2595 293 2623 et
313 2590 477 2630 virtutem,
515 2600 551 2622 ea
589 2588 708 2632 quibus
748 2588 907 2622 videbitur
940 2589 1019 2622 assi-

260 2650 372 2683 gnare.
398 2638 435 2671 Et
453 2638 479 2671 si
495 2637 567 2681 quis
586 2638 744 2671 haetenus
758 2648 776 2670 a
797 2638 1021 2681 superioribus

343 2691 420 2722 Ball.
446 2690 522 2722 Rom.
552 2691 605 2721 rot.
633 2690 690 2721 ΠΙ.
863 2690 900 2720 59.

1712 251 1776 285 409

1062 313 1200 354 Ordinis,
1227 318 1282 346 aut
1307 313 1402 346 etiam
1425 323 1442 345 a
1462 312 1543 346 Sede
1567 312 1752 356 Apostolica
1772 319 1819 346 ta-

1061 369 1124 402 lem
1145 367 1336 411 disponendi
1361 365 1524 400 licentiam
1545 365 1701 406 obtinuit,
1731 367 1819 399 nulla

1062 426 1243 456 censeatur.

1105 475 1197 515 Quod
1221 478 1327 507 autem
1355 473 1394 506 ad
1423 472 1571 517 syndieos
1595 473 1644 506 vel
1666 484 1818 516 procura-

1063 535 1164 567 tores,
1193 528 1368 560 sanctesios
1401 526 1463 559 sive
1491 526 1657 570 operarios
1692 527 1790 559 altine

1837 262 1886 287 Λη.
1906 261 1934 288 C.
1953 262 2019 289 1565

1859 493 1927 518 Super
1946 494 2018 520 syndi-

1794 532 1802 559 ί
1833 528 1904 543 corum
1927 527 1948 543 ot
1970 530 2019 549 pro-

1803 554 1816 567 ''
1832 557 1952 574 curatorum
1974 561 2005 574 mu

1061 581 1179 624 singuli
1196 586 1371 614 conventus
1396 584 1427 612 et
1446 579 1658 621 monasteria,
1687 579 1742 612 ubi
1763 591 1817 613 su-
1833 590 1902 609 nere,

1062 634 1246 678 pcrioribus
1265 632 1392 667 Ordinis
1411 632 1514 665 visum
1539 632 1636 665 suerit
1660 639 1818 676 opportu-

1062 698 1157 727 num,
1192 697 1294 719 unum
1332 691 1387 719 aut
1422 686 1561 718 alterum
1591 685 1723 719 illorum
1756 685 1820 719 sive

1062 741 1172 785 plures
1186 739 1315 782 eligant,
1328 739 1522 782 adipsorum
1539 739 1746 782 superiorum
1763 750 1821 772 nu-

1062 798 1129 826 tum
1150 793 1349 833 amovibsses,
1378 798 1413 825 ut
1433 797 1541 825 sancta
1563 792 1749 825 Tridentina
1769 804 1819 836 sy-

1061 846 1166 879 nodus
1186 846 1347 885 deeernit;
1374 856 1440 878 nou
1460 845 1591 888 quidem
1612 850 1772 878 utrorum
1790 851 1820 879 et

1060 900 1223 933 bonorum
1238 899 1365 931 Ordinis
1382 903 1610 942 procuratores
1622 904 1652 931 et
1663 904 1816 940 rectores,

1061 953 1337 996 quemadmodum
1358 952 1515 985 haetenus
1542 952 1718 993 consuevit,
1745 963 1819 985 eum

1060 1006 1205 1039 nondum
1216 1005 1339 1048 Religio
1350 1005 1480 1037 haberet
1498 1005 1668 1048 proprium
1685 1004 1716 1037 in
1733 1016 1820 1038 com-

1060 1060 1164 1100 muni,
1187 1059 1242 1092 sed
1258 1064 1293 1091 ut
1309 1064 1549 1092 conservatores
1570 1063 1601 1091 ct
1620 1058 1816 1099 defensores;

1059 1113 1113 1157 qui
1140 1123 1205 1146 non
1233 1111 1355 1156 possint
1379 1122 1397 1144 0
1425 1110 1628 1155 principibus
1656 1112 1703 1144 vel
1729 1123 1818 1144 eom-

1060 1165 1272 1199 munitatibus
1286 1164 1422 1205 institui,
1445 1165 1499 1197 sed
1520 1169 1644 1197 tantum
1666 1175 1818 1207 praescu-

1059 1219 1131 1252 tari.
1163 1218 1320 1261 Superior
1352 1227 1439 1259 vero,
1466 1217 1521 1260 qui
1547 1217 1575 1249 01
1609 1216 1814 1258 videbuntur,

1059 1271 1245 1312 confirmet,
1276 1276 1306 1304 et
1326 1281 1389 1303 non
1410 1271 1575 1314 permittat
1595 1281 1649 1303 eos
1670 1281 1816 1314 perseve-

1058 1337 1129 1359 rare
1155 1326 1239 1359 ultra
1260 1325 1448 1363 triennium,
1472 1324 1532 1356 11151
1556 1325 1707 1367 generale
1728 1324 1816 1368 capi-

1057 1380 1162 1412 tulum
1183 1390 1220 1412 ex
1241 1378 1367 1422 urgenti
1392 1388 1489 1411 causa
1508 1377 1602 1410 aliter
1626 1377 1813 1410 decreverit.

1057 1433 1095 1466 Hi
1115 1443 1190 1466 vero
1212 1432 1369 1475 attingant
1389 1432 1501 1465 50110111
1530 1440 1651 1463 annum
1675 1431 1815 1474 quadra-

1057 1487 1216 1530 gesimum
1237 1486 1401 1529 quintum,
1434 1485 1529 1517 etiam
1558 1483 1613 1517 ubi
1643 1484 1688 1517 eis
1712 1485 1815 1517 bono-

1057 1551 1129 1573 rum
1155 1539 1384 1583 temporalium
1405 1538 1501 1571 suerit
1526 1548 1603 1571 cura
1630 1538 1812 1579 commissa,

1056 1598 1240 1633 tencantur,
1262 1593 1532 1637 quotiescumque
1545 1602 1562 1624 a
1578 1591 1746 1635 superiore
1767 1592 1816 1624 vel

1057 1646 1354 1680 sanctimonialibus
1370 1645 1517 1688 requisiti
1533 1645 1664 1685 fuerint,
1684 1644 1721 1677 de
1739 1644 1816 1688 ipsis

1056 1700 1149 1734 bonis
1181 1700 1340 1733 rationem
1374 1699 1529 1739 reddere3
1566 1709 1648 1742 quae
1683 1698 1815 1742 quidem

1055 1755 1152 1795 bona,
1185 1754 1280 1788 etiam
1301 1753 1456 1798 pecunias
1476 1753 1572 1797 ipsas,
1601 1763 1666 1785 non
1687 1756 1816 1785 teneant

1056 1808 1141 1853 apud
1158 1819 1201 1849 se,
1222 1808 1277 1841 scd
1298 1812 1529 1841 conserventur
1548 1806 1581 1840 in
1597 1806 1813 1847 monasteriis,

1057 1867 1087 1894 et
1107 1872 1172 1895 non
1192 1866 1407 1906 exponantur,
1435 1860 1496 1893 nisi
1519 1860 1607 1893 iuxta
1627 1860 1815 1893 earumdem

1056 1915 1351 1949 sanctimonialium
1383 1915 1431 1948 vel
1461 1924 1574 1947 earum
1609 1913 1814 1957 superiorum

1057 1970 1265 2002 voluntatem.
1305 1968 1340 2001 In
1379 1967 1603 2011 spiritualibus
1640 1977 1714 2000 vero
1749 1967 1815 1999 ullo

1057 2023 1153 2056 modo
1179 2023 1239 2066 ipsi
1270 2021 1392 2066 syndici
1421 2021 1484 2054 sive
1518 2019 1658 2064 operarii
1688 2031 1754 2053 non
1784 2031 1816 2053 se

1056 2075 1281 2116 intromittant,
1304 2081 1339 2108 ut
1359 2075 1441 2108 infra
1460 2074 1598 2108 dicetur.
1620 2074 1815 2107 Procurato-

1056 2141 1108 2163 res
1133 2141 1169 2162 ex
1189 2129 1321 2169 Ordine,
1339 2129 1466 2172 singulo
1487 2138 1608 2167 mense,
1629 2137 1738 2160 coram
1752 2127 1816 2160 fra-

1057 2183 1159 2217 tribus
1185 2183 1218 2215 in
1242 2183 1315 2216 loco
1331 2182 1476 2226 publico,
1506 2192 1582 2214 suae
1612 2180 1816 2213 administra-

1058 2237 1153 2270 tionis
1172 2237 1331 2270 rationcm
1351 2236 1486 2269 reddere
1511 2239 1694 2274 teneantur3
1725 2234 1818 2268 aliter

1058 2290 1225 2334 priventur
1244 2289 1337 2322 bonis
1358 2288 1507 2322 omnibus
1534 2298 1592 2320 suo
1613 2287 1687 2320 usui
1714 2287 1816 2331 depu-

1058 2343 1141 2385 tatis,
1164 2343 1260 2376 etiam
1280 2343 1350 2386 ipso
1372 2346 1542 2376 conventu.
1570 2342 1605 2374 In
1625 2352 1722 2384 quam
1740 2352 1817 2384 poe-

1059 2408 1133 2430 nam
1156 2397 1276 2430 incidat
1309 2396 1405 2429 etiam
1433 2396 1489 2440 qui
1522 2400 1723 2428 mercaturas
1747 2394 1817 2427 ani-

1060 2445 1205 2487 malium,
1220 2445 1388 2479 societates
1408 2445 1457 2477 vel
1480 2444 1558 2477 alias
1577 2443 1818 2487 negociationcs

1060 2506 1210 2528 exercere
1231 2501 1435 2538 compertum
1456 2494 1564 2527 suerit.
1592 2493 1624 2527 Si
1651 2494 1723 2537 quis
1742 2504 1817 2526 vero

1059 2544 1092 2577 in
1118 2556 1175 2578 sua
1200 2544 1477 2577 administratione
1502 2543 1648 2576 fraudem
1674 2542 1815 2585 aliquam

1059 2594 1107 2627 vel
1123 2594 1245 2626 furtum
1266 2592 1476 2633 commiserit,
1499 2591 1645 2636 privetur
1665 2591 1771 2624 officio
1788 2597 1818 2624 et

1059 2643 1294 2686 disciplinetur,
1322 2648 1352 2675 et
1372 2642 1397 2675 si
1417 2642 1541 2675 furtum
1562 2640 1685 2684 insigne
1705 2640 1814 2680 fucrit,
