<?xml version="1.0" encoding="UTF-8"?>
<!DOCTYPE html PUBLIC "-//W3C//DTD XHTML 1.0 Transitional//EN"
    "http://www.w3.org/TR/xhtml1/DTD/xhtml1-transitional.dtd">
<html xmlns="http://www.w3.org/1999/xhtml" xml:lang="en" lang="en">
 <head>
  <title>
</title>
<meta http-equiv="Content-Type" content="text/html;charset=utf-8" />
  <meta name='ocr-system' content='tesseract 3.04.00' />
  <meta name='ocr-capabilities' content='ocr_page ocr_carea ocr_par ocr_line ocrx_word'/>
</head>
<body>
  <div class='ocr_page' id='page_1' title='image "./bullarumdiplomat07cath_0136.png"; bbox 0 0 2237 3100; ppageno 0'>
   <div class='ocr_carea' id='block_1_1' title="bbox 195 263 376 293">
    <p class='ocr_par' dir='ltr' id='par_1_1' title="bbox 195 263 376 293">
     <span class='ocr_line' id='line_1_1' title="bbox 195 263 376 293; baseline 0.006 -2"><span class='ocrx_word' id='word_1_1' title='bbox 195 263 246 292; x_wconf 80' lang='lat' dir='ltr'>An.</span> <span class='ocrx_word' id='word_1_2' title='bbox 263 265 293 293; x_wconf 88' lang='lat' dir='ltr'>C.</span> <span class='ocrx_word' id='word_1_3' title='bbox 311 265 376 293; x_wconf 74' lang='lat'>¹561</span> 
     </span>
    </p>
   </div>
   <div class='ocr_carea' id='block_1_2' title="bbox 437 256 501 292">
    <p class='ocr_par' dir='ltr' id='par_1_2' title="bbox 437 256 501 292">
     <span class='ocr_line' id='line_1_2' title="bbox 437 256 501 292; baseline 0.031 -2"><span class='ocrx_word' id='word_1_4' title='bbox 437 256 501 292; x_wconf 69' lang='lat'>40⁶2</span> 
     </span>
    </p>
   </div>
   <div class='ocr_carea' id='block_1_3' title="bbox 214 318 1144 365">
    <p class='ocr_par' dir='ltr' id='par_1_3' title="bbox 214 318 1144 365">
     <span class='ocr_line' id='line_1_3' title="bbox 214 318 1144 365; baseline -0.001 -12"><span class='ocrx_word' id='word_1_5' title='bbox 214 327 379 353; x_wconf 66' lang='lat' dir='ltr'>Sotasisnatum</span> <span class='ocrx_word' id='word_1_6' title='bbox 394 321 494 354; x_wconf 78' lang='lat' dir='ltr'>nostri</span> <span class='ocrx_word' id='word_1_7' title='bbox 514 325 619 354; x_wconf 85' lang='lat' dir='ltr'>motus</span> <span class='ocrx_word' id='word_1_8' title='bbox 638 319 781 365; x_wconf 85' lang='lat' dir='ltr'>proprii,</span> <span class='ocrx_word' id='word_1_9' title='bbox 804 318 899 353; x_wconf 82' lang='lat' dir='ltr'>etiam</span> <span class='ocrx_word' id='word_1_10' title='bbox 919 319 1039 363; x_wconf 85' lang='lat' dir='ltr'>absque</span> <span class='ocrx_word' id='word_1_11' title='bbox 1059 319 1144 352; x_wconf 89' lang='lat' dir='ltr'>illius</span> 
     </span>
    </p>
   </div>
   <div class='ocr_carea' id='block_1_4' title="bbox 194 358 278 379">
    <p class='ocr_par' dir='ltr' id='par_1_4' title="bbox 194 358 278 379">
     <span class='ocr_line' id='line_1_4' title="bbox 194 358 278 379; baseline 0 -1"><span class='ocrx_word' id='word_1_12' title='bbox 194 358 278 379; x_wconf 79' lang='lat' dir='ltr'>sufficit.</span> 
     </span>
    </p>
   </div>
   <div class='ocr_carea' id='block_1_5' title="bbox 216 1508 350 1530">
    <p class='ocr_par' dir='ltr' id='par_1_5' title="bbox 216 1508 350 1530">
     <span class='ocr_line' id='line_1_5' title="bbox 216 1508 350 1530; baseline -0.007 0"><span class='ocrx_word' id='word_1_13' title='bbox 216 1508 350 1530; x_wconf 81' lang='lat' dir='ltr'>Prooenitum.</span> 
     </span>
    </p>
   </div>
   <div class='ocr_carea' id='block_1_6' title="bbox 392 373 1143 633">
    <p class='ocr_par' dir='ltr' id='par_1_6' title="bbox 392 373 1143 569">
     <span class='ocr_line' id='line_1_6' title="bbox 394 373 1142 418; baseline -0.001 -11"><span class='ocrx_word' id='word_1_14' title='bbox 394 375 466 407; x_wconf 84' lang='lat' dir='ltr'>data</span> <span class='ocrx_word' id='word_1_15' title='bbox 475 374 730 418; x_wconf 80' lang='lat' dir='ltr'>etregistratura,</span> <span class='ocrx_word' id='word_1_16' title='bbox 744 373 900 407; x_wconf 75' lang='lat' dir='ltr'>sufficiat!</span> <span class='ocrx_word' id='word_1_17' title='bbox 920 379 950 406; x_wconf 84' lang='lat' dir='ltr'>et</span> <span class='ocrx_word' id='word_1_18' title='bbox 965 374 1084 416; x_wconf 82' lang='lat' dir='ltr'>ubique</span> <span class='ocrx_word' id='word_1_19' title='bbox 1105 374 1142 406; x_wconf 85' lang='lat' dir='ltr'>fi-</span> 
     </span>
     <span class='ocr_line' id='line_1_7' title="bbox 394 428 1142 470; baseline -0.003 -9"><span class='ocrx_word' id='word_1_20' title='bbox 394 429 465 461; x_wconf 92' lang='lat' dir='ltr'>dem</span> <span class='ocrx_word' id='word_1_21' title='bbox 479 428 583 469; x_wconf 82' lang='lat' dir='ltr'>saciat,</span> <span class='ocrx_word' id='word_1_22' title='bbox 596 428 628 462; x_wconf 91' lang='lat' dir='ltr'>in</span> <span class='ocrx_word' id='word_1_23' title='bbox 643 428 761 461; x_wconf 88' lang='lat' dir='ltr'>iudicio</span> <span class='ocrx_word' id='word_1_24' title='bbox 774 434 803 461; x_wconf 88' lang='lat' dir='ltr'>et</span> <span class='ocrx_word' id='word_1_25' title='bbox 817 433 902 461; x_wconf 81' lang='lat' dir='ltr'>extra</span> <span class='ocrx_word' id='word_1_26' title='bbox 913 454 920 467; x_wconf 88' lang='lat'>,</span> <span class='ocrx_word' id='word_1_27' title='bbox 938 438 1142 470; x_wconf 78' lang='lat' dir='ltr'>quacumque</span> 
     </span>
     <span class='ocr_line' id='line_1_8' title="bbox 394 481 1143 525; baseline -0.001 -11"><span class='ocrx_word' id='word_1_28' title='bbox 394 483 504 525; x_wconf 77' lang='lat' dir='ltr'>regula</span> <span class='ocrx_word' id='word_1_29' title='bbox 520 493 575 516; x_wconf 90' lang='lat' dir='ltr'>seu</span> <span class='ocrx_word' id='word_1_30' title='bbox 592 482 818 516; x_wconf 87' lang='lat' dir='ltr'>constitutione</span> <span class='ocrx_word' id='word_1_31' title='bbox 828 481 1002 525; x_wconf 83' lang='lat' dir='ltr'>apostolica</span> <span class='ocrx_word' id='word_1_32' title='bbox 1019 486 1143 514; x_wconf 88' lang='lat' dir='ltr'>contra-</span> 
     </span>
     <span class='ocr_line' id='line_1_9' title="bbox 392 535 699 569; baseline 0.007 -2"><span class='ocrx_word' id='word_1_33' title='bbox 392 535 439 568; x_wconf 86' lang='lat' dir='ltr'>ria</span> <span class='ocrx_word' id='word_1_34' title='bbox 459 547 523 569; x_wconf 93' lang='lat' dir='ltr'>non</span> <span class='ocrx_word' id='word_1_35' title='bbox 543 536 699 569; x_wconf 88' lang='lat' dir='ltr'>obstante.</span> 
     </span>
    </p>

    <p class='ocr_par' dir='ltr' id='par_1_7' title="bbox 546 588 985 633">
     <span class='ocr_line' id='line_1_10' title="bbox 546 588 985 633; baseline -0.002 -10"><span class='ocrx_word' id='word_1_36' title='bbox 546 590 663 630; x_wconf 85' lang='lat' dir='ltr'>Placet,</span> <span class='ocrx_word' id='word_1_37' title='bbox 686 595 775 623; x_wconf 89' lang='lat' dir='ltr'>motu</span> <span class='ocrx_word' id='word_1_38' title='bbox 796 588 938 633; x_wconf 89' lang='lat' dir='ltr'>proprio.</span> <span class='ocrx_word' id='word_1_39' title='bbox 962 590 985 622; x_wconf 90' lang='grc' dir='ltr'>Ι.</span> 
     </span>
    </p>
   </div>
   <div class='ocr_carea' id='block_1_7' title="bbox 697 667 844 672">
    <p class='ocr_par' dir='ltr' id='par_1_8' title="bbox 697 667 844 672">
     <span class='ocr_line' id='line_1_11' title="bbox 697 667 844 672; baseline 0 0"><span class='ocrx_word' id='word_1_40' title='bbox 697 667 844 672; x_wconf 95' lang='lat' dir='ltr'> </span> 
     </span>
    </p>
   </div>
   <div class='ocr_carea' id='block_1_8' title="bbox 395 747 1147 1289">
    <p class='ocr_par' dir='ltr' id='par_1_9' title="bbox 708 747 827 780">
     <span class='ocr_line' id='line_1_12' title="bbox 708 747 827 780; baseline 0.008 -1"><span class='ocrx_word' id='word_1_41' title='bbox 708 747 827 780; x_wconf 80' lang='lat' dir='ltr'>XXXII.</span> 
     </span>
    </p>

    <p class='ocr_par' dir='ltr' id='par_1_10' title="bbox 395 812 1147 1289">
     <span class='ocr_line' id='line_1_13' title="bbox 395 812 1140 856; baseline 0.004 -11"><span class='ocrx_word' id='word_1_42' title='bbox 395 812 607 856; x_wconf 75' lang='lat' dir='ltr'>Confirmatio</span> <span class='ocrx_word' id='word_1_43' title='bbox 635 815 903 847; x_wconf 72' lang='lat' dir='ltr'><em>constitutionum</em></span> <span class='ocrx_word' id='word_1_44' title='bbox 942 826 960 847; x_wconf 77' lang='lat' dir='ltr'>u</span> <span class='ocrx_word' id='word_1_45' title='bbox 993 815 1054 847; x_wconf 71' lang='lat' dir='ltr'>Pio</span> <span class='ocrx_word' id='word_1_46' title='bbox 1086 815 1140 854; x_wconf 82' lang='lat' dir='ltr'>II,</span> 
     </span>
     <span class='ocr_line' id='line_1_14' title="bbox 438 867 1147 909; baseline 0.003 -10"><span class='ocrx_word' id='word_1_47' title='bbox 438 867 540 900; x_wconf 78' lang='lat' dir='ltr'>Paulo</span> <span class='ocrx_word' id='word_1_48' title='bbox 561 867 610 905; x_wconf 93' lang='lat' dir='ltr'>II,</span> <span class='ocrx_word' id='word_1_49' title='bbox 633 867 726 900; x_wconf 63' lang='lat' dir='ltr'>Sixto</span> <span class='ocrx_word' id='word_1_50' title='bbox 746 868 806 908; x_wconf 75' lang='lat' dir='ltr'>JV,</span> <span class='ocrx_word' id='word_1_51' title='bbox 828 868 913 901; x_wconf 71' lang='lat' dir='ltr'>Iulio</span> <span class='ocrx_word' id='word_1_52' title='bbox 932 869 981 909; x_wconf 81' lang='lat' dir='ltr'>II,</span> <span class='ocrx_word' id='word_1_53' title='bbox 1000 869 1100 901; x_wconf 78' lang='lat' dir='ltr'>Leone</span> <span class='ocrx_word' id='word_1_54' title='bbox 1117 869 1147 902; x_wconf 79' lang='lat' dir='ltr'><em>X</em></span> 
     </span>
     <span class='ocr_line' id='line_1_15' title="bbox 437 920 1144 956; baseline 0.004 -3"><span class='ocrx_word' id='word_1_55' title='bbox 437 925 466 953; x_wconf 82' lang='lat' dir='ltr'>et</span> <span class='ocrx_word' id='word_1_56' title='bbox 492 920 652 955; x_wconf 76' lang='lat' dir='ltr'>Clemente</span> <span class='ocrx_word' id='word_1_57' title='bbox 684 922 749 955; x_wconf 72' lang='lat' dir='ltr'>VII</span> <span class='ocrx_word' id='word_1_58' title='bbox 771 923 933 955; x_wconf 76' lang='lat' dir='ltr'>editarum</span> <span class='ocrx_word' id='word_1_59' title='bbox 953 928 1065 956; x_wconf 67' lang='lat' dir='ltr'>contra</span> <span class='ocrx_word' id='word_1_60' title='bbox 1090 924 1144 956; x_wconf 70' lang='lat' dir='ltr'>lio-</span> 
     </span>
     <span class='ocr_line' id='line_1_16' title="bbox 436 975 1143 1020; baseline 0.007 -14"><span class='ocrx_word' id='word_1_61' title='bbox 436 975 574 1007; x_wconf 70' lang='lat' dir='ltr'>mici&#39;das</span> <span class='ocrx_word' id='word_1_62' title='bbox 589 980 619 1008; x_wconf 81' lang='lat' dir='ltr'>et</span> <span class='ocrx_word' id='word_1_63' title='bbox 648 976 798 1009; x_wconf 70' lang='lat' dir='ltr'>{munitos</span> <span class='ocrx_word' id='word_1_64' title='bbox 817 987 984 1020; x_wconf 72' lang='lat' dir='ltr'>corumque</span> <span class='ocrx_word' id='word_1_65' title='bbox 1002 978 1143 1019; x_wconf 73' lang='lat' dir='ltr'>fautores</span> 
     </span>
     <span class='ocr_line' id='line_1_17' title="bbox 436 1029 1144 1072; baseline 0.006 -12"><span class='ocrx_word' id='word_1_66' title='bbox 436 1032 465 1060; x_wconf 83' lang='lat' dir='ltr'>et</span> <span class='ocrx_word' id='word_1_67' title='bbox 485 1029 668 1072; x_wconf 73' lang='lat' dir='ltr'>complices,</span> <span class='ocrx_word' id='word_1_68' title='bbox 696 1041 732 1062; x_wconf 80' lang='lat' dir='ltr'>ae</span> <span class='ocrx_word' id='word_1_69' title='bbox 752 1031 898 1063; x_wconf 74' lang='lat' dir='ltr'>dominos</span> <span class='ocrx_word' id='word_1_70' title='bbox 918 1035 947 1063; x_wconf 81' lang='lat' dir='ltr'>et</span> <span class='ocrx_word' id='word_1_71' title='bbox 968 1033 1144 1064; x_wconf 64' lang='lat' dir='ltr'>commum?-</span> 
     </span>
     <span class='ocr_line' id='line_1_18' title="bbox 439 1084 1144 1118; baseline 0.006 -4"><span class='ocrx_word' id='word_1_72' title='bbox 439 1086 517 1115; x_wconf 69' lang='lat' dir='ltr'>tates</span> <span class='ocrx_word' id='word_1_73' title='bbox 536 1093 602 1115; x_wconf 75' lang='lat' dir='ltr'>uon.</span> <span class='ocrx_word' id='word_1_74' title='bbox 623 1084 832 1117; x_wconf 66' lang='lat' dir='ltr'>custodientes</span> <span class='ocrx_word' id='word_1_75' title='bbox 850 1096 957 1117; x_wconf 79' lang='lat' dir='ltr'>eorum</span> <span class='ocrx_word' id='word_1_76' title='bbox 979 1086 1144 1118; x_wconf 71' lang='lat' dir='ltr'>territoria</span> 
     </span>
     <span class='ocr_line' id='line_1_19' title="bbox 437 1136 1144 1179; baseline 0.006 -12"><span class='ocrx_word' id='word_1_77' title='bbox 437 1146 455 1167; x_wconf 80' lang='lat' dir='ltr'>u</span> <span class='ocrx_word' id='word_1_78' title='bbox 487 1136 652 1175; x_wconf 63' lang='lat' dir='ltr'>bannitis,</span> <span class='ocrx_word' id='word_1_79' title='bbox 680 1138 806 1179; x_wconf 65' lang='lat' dir='ltr'>furibus</span> <span class='ocrx_word' id='word_1_80' title='bbox 832 1143 903 1175; x_wconf 61' lang='lat' dir='ltr'>eles,</span> <span class='ocrx_word' id='word_1_81' title='bbox 931 1143 959 1171; x_wconf 84' lang='lat' dir='ltr'>e!</span> <span class='ocrx_word' id='word_1_82' title='bbox 985 1140 1144 1171; x_wconf 61' lang='lat' dir='ltr'>revocatio</span> 
     </span>
     <span class='ocr_line' id='line_1_20' title="bbox 435 1192 1146 1234; baseline 0.006 -13"><span class='ocrx_word' id='word_1_83' title='bbox 435 1200 704 1234; x_wconf 67' lang='lat' dir='ltr'>qumunzcumquc</span> <span class='ocrx_word' id='word_1_84' title='bbox 741 1192 935 1233; x_wconf 73' lang='lat' dir='ltr'>facultatum</span> <span class='ocrx_word' id='word_1_85' title='bbox 974 1193 1146 1234; x_wconf 31' lang='lat' dir='ltr'>&#39;tp-sulamtt</span> 
     </span>
     <span class='ocr_line' id='line_1_21' title="bbox 436 1242 1106 1289; baseline 0.006 -14"><span class='ocrx_word' id='word_1_86' title='bbox 436 1242 630 1284; x_wconf 69' lang='lat' dir='ltr'>homicidas,</span> <span class='ocrx_word' id='word_1_87' title='bbox 653 1249 708 1278; x_wconf 76' lang='lat' dir='ltr'>aut</span> <span class='ocrx_word' id='word_1_88' title='bbox 728 1256 798 1277; x_wconf 77' lang='lat' dir='ltr'>cum</span> <span class='ocrx_word' id='word_1_89' title='bbox 818 1247 862 1278; x_wconf 66' lang='lat' dir='ltr'>eis</span> <span class='ocrx_word' id='word_1_90' title='bbox 887 1247 1106 1289; x_wconf 69' lang='lat' dir='ltr'>componendi.</span> 
     </span>
    </p>
   </div>
   <div class='ocr_carea' id='block_1_9' title="bbox 465 1325 1060 1415">
    <p class='ocr_par' dir='ltr' id='par_1_11' title="bbox 465 1325 1060 1415">
     <span class='ocr_line' id='line_1_22' title="bbox 465 1325 1060 1361; baseline 0.003 -8"><span class='ocrx_word' id='word_1_91' title='bbox 465 1325 526 1353; x_wconf 85' lang='lat' dir='ltr'>Pius</span> <span class='ocrx_word' id='word_1_92' title='bbox 550 1325 692 1361; x_wconf 77' lang='lat' dir='ltr'>episcopus</span> <span class='ocrx_word' id='word_1_93' title='bbox 713 1333 810 1354; x_wconf 80' lang='lat' dir='ltr'>servus</span> <span class='ocrx_word' id='word_1_94' title='bbox 838 1334 979 1356; x_wconf 77' lang='lat' dir='ltr'>servorum</span> <span class='ocrx_word' id='word_1_95' title='bbox 998 1327 1060 1360; x_wconf 86' lang='lat' dir='ltr'>Dei,</span> 
     </span>
     <span class='ocr_line' id='line_1_23' title="bbox 528 1379 1004 1415; baseline 0.002 -8"><span class='ocrx_word' id='word_1_96' title='bbox 528 1379 562 1407; x_wconf 79' lang='lat' dir='ltr'>ad</span> <span class='ocrx_word' id='word_1_97' title='bbox 582 1381 744 1415; x_wconf 77' lang='lat' dir='ltr'>perpetuam</span> <span class='ocrx_word' id='word_1_98' title='bbox 772 1380 813 1408; x_wconf 84' lang='lat' dir='ltr'>rei</span> <span class='ocrx_word' id='word_1_99' title='bbox 836 1381 1004 1409; x_wconf 80' lang='lat' dir='ltr'>memoriam.</span> 
     </span>
    </p>
   </div>
   <div class='ocr_carea' id='block_1_10' title="bbox 390 1451 1148 2709">
    <p class='ocr_par' dir='ltr' id='par_1_12' title="bbox 390 1451 1148 2605">
     <span class='ocr_line' id='line_1_24' title="bbox 436 1451 1141 1496; baseline 0.004 -14"><span class='ocrx_word' id='word_1_100' title='bbox 436 1451 469 1483; x_wconf 93' lang='lat' dir='ltr'>ln</span> <span class='ocrx_word' id='word_1_101' title='bbox 493 1451 646 1484; x_wconf 82' lang='lat' dir='ltr'>eminenti</span> <span class='ocrx_word' id='word_1_102' title='bbox 668 1451 757 1484; x_wconf 81' lang='lat' dir='ltr'>Sedis</span> <span class='ocrx_word' id='word_1_103' title='bbox 777 1452 978 1496; x_wconf 83' lang='lat' dir='ltr'>Apostolicae</span> <span class='ocrx_word' id='word_1_104' title='bbox 999 1453 1141 1495; x_wconf 84' lang='lat' dir='ltr'>specula,</span> 
     </span>
     <span class='ocr_line' id='line_1_25' title="bbox 391 1503 1142 1548; baseline 0.001 -12"><span class='ocrx_word' id='word_1_105' title='bbox 391 1503 496 1537; x_wconf 90' lang='lat' dir='ltr'>divina</span> <span class='ocrx_word' id='word_1_106' title='bbox 516 1504 705 1548; x_wconf 71' lang='lat' dir='ltr'>disponente</span> <span class='ocrx_word' id='word_1_107' title='bbox 727 1506 910 1545; x_wconf 88' lang='lat' dir='ltr'>clementia,</span> <span class='ocrx_word' id='word_1_108' title='bbox 937 1506 1010 1538; x_wconf 87' lang='lat' dir='ltr'>licct</span> <span class='ocrx_word' id='word_1_109' title='bbox 1030 1505 1142 1538; x_wconf 86' lang='lat' dir='ltr'>imme-</span> 
     </span>
     <span class='ocr_line' id='line_1_26' title="bbox 391 1557 1143 1603; baseline 0.003 -13"><span class='ocrx_word' id='word_1_110' title='bbox 391 1557 455 1598; x_wconf 88' lang='lat' dir='ltr'>riti,</span> <span class='ocrx_word' id='word_1_111' title='bbox 479 1558 660 1597; x_wconf 80' lang='lat' dir='ltr'>constituti,</span> <span class='ocrx_word' id='word_1_112' title='bbox 688 1559 772 1592; x_wconf 87' lang='lat' dir='ltr'>inter</span> <span class='ocrx_word' id='word_1_113' title='bbox 792 1559 986 1603; x_wconf 68' lang='lat' dir='ltr'>multiplices</span> <span class='ocrx_word' id='word_1_114' title='bbox 1016 1565 1143 1592; x_wconf 77' lang='lat' dir='ltr'>nostrae</span> 
     </span>
     <span class='ocr_line' id='line_1_27' title="bbox 390 1611 1143 1657; baseline 0.003 -13"><span class='ocrx_word' id='word_1_115' title='bbox 390 1611 614 1645; x_wconf 74' lang='lat' dir='ltr'>sollicitudinis</span> <span class='ocrx_word' id='word_1_116' title='bbox 638 1623 750 1653; x_wconf 85' lang='lat' dir='ltr'>curas,</span> <span class='ocrx_word' id='word_1_117' title='bbox 778 1613 895 1655; x_wconf 88' lang='lat' dir='ltr'>quibus</span> <span class='ocrx_word' id='word_1_118' title='bbox 919 1612 1045 1645; x_wconf 80' lang='lat' dir='ltr'>assidue</span> <span class='ocrx_word' id='word_1_119' title='bbox 1070 1624 1143 1657; x_wconf 86' lang='lat' dir='ltr'>pre-</span> 
     </span>
     <span class='ocr_line' id='line_1_28' title="bbox 391 1665 1144 1710; baseline 0.004 -13"><span class='ocrx_word' id='word_1_120' title='bbox 391 1665 522 1706; x_wconf 85' lang='lat' dir='ltr'>mimur,</span> <span class='ocrx_word' id='word_1_121' title='bbox 546 1666 632 1699; x_wconf 87' lang='lat' dir='ltr'>illam</span> <span class='ocrx_word' id='word_1_122' title='bbox 660 1677 717 1709; x_wconf 89' lang='lat' dir='ltr'>pro</span> <span class='ocrx_word' id='word_1_123' title='bbox 738 1671 848 1699; x_wconf 83' lang='lat' dir='ltr'>nostro</span> <span class='ocrx_word' id='word_1_124' title='bbox 866 1666 1017 1710; x_wconf 86' lang='lat' dir='ltr'>pastorali</span> <span class='ocrx_word' id='word_1_125' title='bbox 1037 1667 1144 1700; x_wconf 82' lang='lat' dir='ltr'>officio</span> 
     </span>
     <span class='ocr_line' id='line_1_29' title="bbox 390 1718 1143 1764; baseline 0.003 -13"><span class='ocrx_word' id='word_1_126' title='bbox 390 1718 422 1751; x_wconf 89' lang='lat' dir='ltr'>in</span> <span class='ocrx_word' id='word_1_127' title='bbox 452 1719 565 1763; x_wconf 88' lang='lat' dir='ltr'>primis</span> <span class='ocrx_word' id='word_1_128' title='bbox 585 1719 748 1764; x_wconf 70' lang='lat' dir='ltr'>suscipere</span> <span class='ocrx_word' id='word_1_129' title='bbox 769 1720 941 1759; x_wconf 84' lang='lat' dir='ltr'>debemus,</span> <span class='ocrx_word' id='word_1_130' title='bbox 970 1732 1027 1764; x_wconf 84' lang='lat' dir='ltr'>per</span> <span class='ocrx_word' id='word_1_131' title='bbox 1047 1732 1143 1764; x_wconf 82' lang='lat' dir='ltr'>quam</span> 
     </span>
     <span class='ocr_line' id='line_1_30' title="bbox 390 1773 1145 1817; baseline 0.003 -12"><span class='ocrx_word' id='word_1_132' title='bbox 390 1782 503 1805; x_wconf 83' lang='lat' dir='ltr'>omnes</span> <span class='ocrx_word' id='word_1_133' title='bbox 524 1773 760 1813; x_wconf 75' lang='lat' dir='ltr'>christifideles,</span> <span class='ocrx_word' id='word_1_134' title='bbox 783 1774 972 1817; x_wconf 85' lang='lat' dir='ltr'>praesertim</span> <span class='ocrx_word' id='word_1_135' title='bbox 993 1775 1093 1807; x_wconf 83' lang='lat' dir='ltr'>nostri</span> <span class='ocrx_word' id='word_1_136' title='bbox 1115 1781 1145 1807; x_wconf 67' lang='lat' dir='ltr'>et.</span> 
     </span>
     <span class='ocr_line' id='line_1_31' title="bbox 392 1826 1144 1871; baseline 0.004 -13"><span class='ocrx_word' id='word_1_137' title='bbox 392 1826 423 1859; x_wconf 83' lang='lat' dir='ltr'>S.</span> <span class='ocrx_word' id='word_1_138' title='bbox 447 1826 483 1859; x_wconf 78' lang='lat' dir='ltr'>R.</span> <span class='ocrx_word' id='word_1_139' title='bbox 502 1826 535 1859; x_wconf 89' lang='grc' dir='ltr'>Ε.</span> <span class='ocrx_word' id='word_1_140' title='bbox 559 1826 662 1859; x_wconf 88' lang='lat' dir='ltr'>devoti</span> <span class='ocrx_word' id='word_1_141' title='bbox 688 1832 718 1859; x_wconf 84' lang='lat' dir='ltr'>et</span> <span class='ocrx_word' id='word_1_142' title='bbox 737 1827 918 1871; x_wconf 73' lang='lat' dir='ltr'>peculiares</span> <span class='ocrx_word' id='word_1_143' title='bbox 938 1827 1014 1868; x_wconf 82' lang='lat' dir='ltr'>filii,</span> <span class='ocrx_word' id='word_1_144' title='bbox 1038 1828 1144 1871; x_wconf 84' lang='lat' dir='ltr'>quiete</span> 
     </span>
     <span class='ocr_line' id='line_1_32' title="bbox 393 1880 1144 1924; baseline 0.004 -12"><span class='ocrx_word' id='word_1_145' title='bbox 393 1885 422 1912; x_wconf 88' lang='lat' dir='ltr'>et</span> <span class='ocrx_word' id='word_1_146' title='bbox 437 1880 573 1923; x_wconf 87' lang='lat' dir='ltr'>pacifice</span> <span class='ocrx_word' id='word_1_147' title='bbox 590 1885 619 1913; x_wconf 84' lang='lat' dir='ltr'>et</span> <span class='ocrx_word' id='word_1_148' title='bbox 636 1880 703 1913; x_wconf 88' lang='lat' dir='ltr'>sine</span> <span class='ocrx_word' id='word_1_149' title='bbox 724 1880 831 1924; x_wconf 87' lang='lat' dir='ltr'>aliqua</span> <span class='ocrx_word' id='word_1_150' title='bbox 848 1881 1026 1914; x_wconf 80' lang='lat' dir='ltr'>offensione</span> <span class='ocrx_word' id='word_1_151' title='bbox 1041 1882 1144 1915; x_wconf 85' lang='lat' dir='ltr'>vivere</span> 
     </span>
     <span class='ocr_line' id='line_1_33' title="bbox 391 1934 1145 1978; baseline 0.003 -12"><span class='ocrx_word' id='word_1_152' title='bbox 391 1934 526 1967; x_wconf 87' lang='lat' dir='ltr'>valeant.</span> <span class='ocrx_word' id='word_1_153' title='bbox 546 1934 635 1967; x_wconf 89' lang='lat' dir='ltr'>Unde</span> <span class='ocrx_word' id='word_1_154' title='bbox 659 1945 718 1967; x_wconf 89' lang='lat' dir='ltr'>nos</span> <span class='ocrx_word' id='word_1_155' title='bbox 742 1934 781 1967; x_wconf 84' lang='lat' dir='ltr'>ad</span> <span class='ocrx_word' id='word_1_156' title='bbox 797 1934 827 1967; x_wconf 91' lang='lat' dir='ltr'>id</span> <span class='ocrx_word' id='word_1_157' title='bbox 848 1937 1011 1978; x_wconf 86' lang='lat' dir='ltr'>operarias</span> <span class='ocrx_word' id='word_1_158' title='bbox 1032 1947 1145 1969; x_wconf 82' lang='lat' dir='ltr'>manus</span> 
     </span>
     <span class='ocr_line' id='line_1_34' title="bbox 392 1987 1145 2034; baseline 0.004 -14"><span class='ocrx_word' id='word_1_159' title='bbox 392 1987 529 2021; x_wconf 87' lang='lat' dir='ltr'>libenter</span> <span class='ocrx_word' id='word_1_160' title='bbox 544 1987 750 2032; x_wconf 85' lang='lat' dir='ltr'>apponimus,</span> <span class='ocrx_word' id='word_1_161' title='bbox 773 1999 810 2021; x_wconf 87' lang='lat' dir='ltr'>ac</span> <span class='ocrx_word' id='word_1_162' title='bbox 839 1988 904 2029; x_wconf 88' lang='lat' dir='ltr'>illa,</span> <span class='ocrx_word' id='word_1_163' title='bbox 919 2000 1000 2032; x_wconf 85' lang='lat' dir='ltr'>quac</span> <span class='ocrx_word' id='word_1_164' title='bbox 1017 2001 1075 2034; x_wconf 91' lang='lat' dir='ltr'>pro</span> <span class='ocrx_word' id='word_1_165' title='bbox 1093 2001 1145 2023; x_wconf 88' lang='lat' dir='ltr'>co-</span> 
     </span>
     <span class='ocr_line' id='line_1_35' title="bbox 393 2041 1146 2088; baseline 0.003 -15"><span class='ocrx_word' id='word_1_166' title='bbox 393 2052 466 2074; x_wconf 88' lang='lat' dir='ltr'>rum</span> <span class='ocrx_word' id='word_1_167' title='bbox 482 2041 580 2077; x_wconf 79' lang='lat' dir='ltr'>felici.</span> <span class='ocrx_word' id='word_1_168' title='bbox 602 2053 758 2085; x_wconf 88' lang='lat' dir='ltr'>prospero</span> <span class='ocrx_word' id='word_1_169' title='bbox 779 2053 815 2075; x_wconf 85' lang='lat' dir='ltr'>ae</span> <span class='ocrx_word' id='word_1_170' title='bbox 840 2042 976 2086; x_wconf 85' lang='lat' dir='ltr'>pacifico</span> <span class='ocrx_word' id='word_1_171' title='bbox 989 2048 1071 2076; x_wconf 83' lang='lat' dir='ltr'>statu</span> <span class='ocrx_word' id='word_1_172' title='bbox 1088 2054 1146 2088; x_wconf 87' lang='lat' dir='ltr'>per</span> 
     </span>
     <span class='ocr_line' id='line_1_36' title="bbox 393 2095 1145 2140; baseline 0.001 -12"><span class='ocrx_word' id='word_1_173' title='bbox 393 2095 554 2128; x_wconf 86' lang='lat' dir='ltr'>Romanos</span> <span class='ocrx_word' id='word_1_174' title='bbox 566 2095 737 2128; x_wconf 88' lang='lat' dir='ltr'>Pontifices</span> <span class='ocrx_word' id='word_1_175' title='bbox 749 2095 1012 2140; x_wconf 69' lang='lat' dir='ltr'>praedecessores</span> <span class='ocrx_word' id='word_1_176' title='bbox 1021 2102 1145 2130; x_wconf 81' lang='lat' dir='ltr'>nostros</span> 
     </span>
     <span class='ocr_line' id='line_1_37' title="bbox 395 2148 1146 2194; baseline 0.004 -14"><span class='ocrx_word' id='word_1_177' title='bbox 395 2150 475 2182; x_wconf 89' lang='lat' dir='ltr'>sacta</span> <span class='ocrx_word' id='word_1_178' title='bbox 495 2149 591 2182; x_wconf 85' lang='lat' dir='ltr'>fuisse</span> <span class='ocrx_word' id='word_1_179' title='bbox 612 2148 841 2193; x_wconf 84' lang='lat' dir='ltr'>comperimus,</span> <span class='ocrx_word' id='word_1_180' title='bbox 864 2161 929 2182; x_wconf 90' lang='lat' dir='ltr'>non</span> <span class='ocrx_word' id='word_1_181' title='bbox 947 2151 1051 2183; x_wconf 85' lang='lat' dir='ltr'>solum</span> <span class='ocrx_word' id='word_1_182' title='bbox 1072 2161 1146 2194; x_wconf 87' lang='lat' dir='ltr'>apo-</span> 
     </span>
     <span class='ocr_line' id='line_1_38' title="bbox 393 2203 1144 2244; baseline 0.001 -9"><span class='ocrx_word' id='word_1_183' title='bbox 393 2203 506 2236; x_wconf 89' lang='lat' dir='ltr'>stolico</span> <span class='ocrx_word' id='word_1_184' title='bbox 516 2203 695 2236; x_wconf 84' lang='lat' dir='ltr'>munimine</span> <span class='ocrx_word' id='word_1_185' title='bbox 704 2203 908 2244; x_wconf 42' lang='lat' dir='ltr'>roboramus</span> <span class='ocrx_word' id='word_1_186' title='bbox 918 2215 1028 2236; x_wconf 86' lang='lat' dir='ltr'>verum</span> <span class='ocrx_word' id='word_1_187' title='bbox 1039 2204 1144 2241; x_wconf 86' lang='lat' dir='ltr'>etiam,</span> 
     </span>
     <span class='ocr_line' id='line_1_39' title="bbox 395 2256 1146 2300; baseline 0.001 -11"><span class='ocrx_word' id='word_1_188' title='bbox 395 2267 454 2300; x_wconf 90' lang='lat' dir='ltr'>pro</span> <span class='ocrx_word' id='word_1_189' title='bbox 466 2256 595 2290; x_wconf 88' lang='lat' dir='ltr'>illorum</span> <span class='ocrx_word' id='word_1_190' title='bbox 606 2257 717 2290; x_wconf 88' lang='lat' dir='ltr'>maiori</span> <span class='ocrx_word' id='word_1_191' title='bbox 731 2257 943 2298; x_wconf 73' lang='lat' dir='ltr'>observantia,</span> <span class='ocrx_word' id='word_1_192' title='bbox 956 2258 1146 2291; x_wconf 72' lang='lat' dir='ltr'>innovamus</span> 
     </span>
     <span class='ocr_line' id='line_1_40' title="bbox 394 2310 1146 2351; baseline 0.003 -9"><span class='ocrx_word' id='word_1_193' title='bbox 394 2321 431 2343; x_wconf 83' lang='lat' dir='ltr'>ac</span> <span class='ocrx_word' id='word_1_194' title='bbox 456 2311 495 2344; x_wconf 91' lang='lat' dir='ltr'>de</span> <span class='ocrx_word' id='word_1_195' title='bbox 520 2322 600 2344; x_wconf 91' lang='lat' dir='ltr'>novo</span> <span class='ocrx_word' id='word_1_196' title='bbox 629 2310 800 2344; x_wconf 75' lang='lat' dir='ltr'>statuimus</span> <span class='ocrx_word' id='word_1_197' title='bbox 825 2316 855 2343; x_wconf 85' lang='lat' dir='ltr'>et</span> <span class='ocrx_word' id='word_1_198' title='bbox 879 2311 1082 2351; x_wconf 75' lang='lat' dir='ltr'>ordinamus,</span> <span class='ocrx_word' id='word_1_199' title='bbox 1110 2322 1146 2345; x_wconf 88' lang='lat' dir='ltr'>ac</span> 
     </span>
     <span class='ocr_line' id='line_1_41' title="bbox 395 2364 1144 2407; baseline 0.001 -10"><span class='ocrx_word' id='word_1_200' title='bbox 395 2375 513 2407; x_wconf 82' lang='lat' dir='ltr'>poenas</span> <span class='ocrx_word' id='word_1_201' title='bbox 522 2364 701 2405; x_wconf 80' lang='lat' dir='ltr'>adiicinius,</span> <span class='ocrx_word' id='word_1_202' title='bbox 720 2370 766 2406; x_wconf 84' lang='lat' dir='ltr'>nt,</span> <span class='ocrx_word' id='word_1_203' title='bbox 779 2364 803 2397; x_wconf 85' lang='lat' dir='ltr'>si</span> <span class='ocrx_word' id='word_1_204' title='bbox 816 2375 880 2398; x_wconf 90' lang='lat' dir='ltr'>non</span> <span class='ocrx_word' id='word_1_205' title='bbox 891 2365 1014 2398; x_wconf 87' lang='lat' dir='ltr'>virtutis</span> <span class='ocrx_word' id='word_1_206' title='bbox 1023 2377 1144 2405; x_wconf 80' lang='lat' dir='ltr'>amore,</span> 
     </span>
     <span class='ocr_line' id='line_1_42' title="bbox 396 2414 1147 2458; baseline 0.003 -13"><span class='ocrx_word' id='word_1_207' title='bbox 396 2414 504 2447; x_wconf 86' lang='lat' dir='ltr'>saltem</span> <span class='ocrx_word' id='word_1_208' title='bbox 527 2414 697 2447; x_wconf 83' lang='lat' dir='ltr'>formidine</span> <span class='ocrx_word' id='word_1_209' title='bbox 708 2425 843 2458; x_wconf 86' lang='lat' dir='ltr'>poenae,</span> <span class='ocrx_word' id='word_1_210' title='bbox 856 2415 1003 2447; x_wconf 86' lang='lat' dir='ltr'>mandata</span> <span class='ocrx_word' id='word_1_211' title='bbox 1024 2420 1147 2458; x_wconf 82' lang='lat' dir='ltr'>aposto-</span> 
     </span>
     <span class='ocr_line' id='line_1_43' title="bbox 395 2463 1147 2508; baseline 0 -13"><span class='ocrx_word' id='word_1_212' title='bbox 395 2463 456 2495; x_wconf 84' lang='lat' dir='ltr'>lica</span> <span class='ocrx_word' id='word_1_213' title='bbox 476 2464 594 2496; x_wconf 81' lang='lat' dir='ltr'>arctius</span> <span class='ocrx_word' id='word_1_214' title='bbox 605 2469 780 2503; x_wconf 73' lang='lat' dir='ltr'>servemur,</span> <span class='ocrx_word' id='word_1_215' title='bbox 797 2468 827 2496; x_wconf 82' lang='lat' dir='ltr'>et</span> <span class='ocrx_word' id='word_1_216' title='bbox 840 2463 917 2496; x_wconf 86' lang='lat' dir='ltr'>alias</span> <span class='ocrx_word' id='word_1_217' title='bbox 933 2464 1072 2508; x_wconf 84' lang='lat' dir='ltr'>desuper</span> <span class='ocrx_word' id='word_1_218' title='bbox 1087 2463 1147 2496; x_wconf 91' lang='lat' dir='ltr'>dis-</span> 
     </span>
     <span class='ocr_line' id='line_1_44' title="bbox 395 2512 1148 2557; baseline 0.001 -13"><span class='ocrx_word' id='word_1_219' title='bbox 395 2512 563 2555; x_wconf 81' lang='lat' dir='ltr'>ponimus,</span> <span class='ocrx_word' id='word_1_220' title='bbox 591 2518 688 2557; x_wconf 85' lang='lat' dir='ltr'>prout.</span> <span class='ocrx_word' id='word_1_221' title='bbox 712 2513 743 2545; x_wconf 92' lang='lat' dir='ltr'>in</span> <span class='ocrx_word' id='word_1_222' title='bbox 768 2513 903 2545; x_wconf 89' lang='lat' dir='ltr'>Domino</span> <span class='ocrx_word' id='word_1_223' title='bbox 929 2513 1148 2557; x_wconf 71' lang='lat' dir='ltr'>conspicimus</span> 
     </span>
     <span class='ocr_line' id='line_1_45' title="bbox 397 2561 749 2605; baseline 0.006 -12"><span class='ocrx_word' id='word_1_224' title='bbox 397 2561 569 2595; x_wconf 87' lang='lat' dir='ltr'>salubriter</span> <span class='ocrx_word' id='word_1_225' title='bbox 588 2562 749 2605; x_wconf 84' lang='lat' dir='ltr'>expedire.</span> 
     </span>
    </p>

    <p class='ocr_par' dir='ltr' id='par_1_13' title="bbox 440 2610 1148 2655">
     <span class='ocr_line' id='line_1_46' title="bbox 440 2610 1148 2655; baseline 0.001 -12"><span class='ocrx_word' id='word_1_226' title='bbox 440 2611 456 2655; x_wconf 64' lang='grc' dir='ltr'><strong>ἓ</strong></span> <span class='ocrx_word' id='word_1_227' title='bbox 475 2611 507 2644; x_wconf 80' lang='lat' dir='ltr'>‘l.</span> <span class='ocrx_word' id='word_1_228' title='bbox 529 2611 656 2645; x_wconf 89' lang='lat' dir='ltr'>Dudum</span> <span class='ocrx_word' id='word_1_229' title='bbox 673 2611 831 2654; x_wconf 82' lang='lat' dir='ltr'>siquidem</span> <span class='ocrx_word' id='word_1_230' title='bbox 847 2622 865 2643; x_wconf 90' lang='lat' dir='ltr'>a</span> <span class='ocrx_word' id='word_1_231' title='bbox 885 2610 986 2644; x_wconf 80' lang='lat' dir='ltr'>felicis</span> <span class='ocrx_word' id='word_1_232' title='bbox 1002 2611 1148 2644; x_wconf 89' lang='lat' dir='ltr'>recorda-</span> 
     </span>
    </p>

    <p class='ocr_par' dir='ltr' id='par_1_14' title="bbox 434 2673 1075 2709">
     <span class='ocr_line' id='line_1_47' title="bbox 434 2673 1075 2709; baseline 0 -9"><span class='ocrx_word' id='word_1_233' title='bbox 434 2675 446 2700; x_wconf 96' lang='grc'><strong>1</strong></span> <span class='ocrx_word' id='word_1_234' title='bbox 464 2675 524 2701; x_wconf 86' lang='lat' dir='ltr'>Sola</span> <span class='ocrx_word' id='word_1_235' title='bbox 537 2677 679 2707; x_wconf 73' lang='lat' dir='ltr'>stynatura</span> <span class='ocrx_word' id='word_1_236' title='bbox 688 2674 816 2709; x_wconf 74' lang='lat' dir='ltr'>sufficiat,</span> <span class='ocrx_word' id='word_1_237' title='bbox 832 2674 947 2703; x_wconf 86' lang='lat' dir='ltr'>Cherub.</span> <span class='ocrx_word' id='word_1_238' title='bbox 968 2673 1004 2709; x_wconf 77' lang='lat' dir='ltr'>(n.</span> <span class='ocrx_word' id='word_1_239' title='bbox 1027 2674 1075 2709; x_wconf 88' lang='lat' dir='ltr'>T.).</span> 
     </span>
    </p>
   </div>
   <div class='ocr_carea' id='block_1_11' title="bbox 988 264 1340 291">
    <p class='ocr_par' dir='ltr' id='par_1_15' title="bbox 988 264 1340 291">
     <span class='ocr_line' id='line_1_48' title="bbox 988 264 1340 291; baseline -0.009 0"><span class='ocrx_word' id='word_1_240' title='bbox 988 265 1166 291; x_wconf 74' lang='lat' dir='ltr'>BULLARIUM</span> <span class='ocrx_word' id='word_1_241' title='bbox 1190 264 1294 289; x_wconf 75' lang='lat' dir='ltr'><strong>ROMAN</strong></span> <span class='ocrx_word' id='word_1_242' title='bbox 1298 264 1340 289; x_wconf 72' lang='grc' dir='ltr'>ΗΜ</span> 
     </span>
    </p>
   </div>
   <div class='ocr_carea' id='block_1_12' title="bbox 1163 317 1166 1379">
    <p class='ocr_par' dir='ltr' id='par_1_16' title="bbox 1163 317 1166 1379">
     <span class='ocr_line' id='line_1_49' title="bbox 1163 317 1166 1379; baseline 0 0"><span class='ocrx_word' id='word_1_243' title='bbox 1163 317 1166 1379; x_wconf 95' lang='lat' dir='ltr'> </span> 
     </span>
    </p>
   </div>
   <div class='ocr_carea' id='block_1_13' title="bbox 1164 2045 1169 2704">
    <p class='ocr_par' dir='ltr' id='par_1_17' title="bbox 1164 2045 1169 2704">
     <span class='ocr_line' id='line_1_50' title="bbox 1164 2045 1169 2704; baseline 0 0"><span class='ocrx_word' id='word_1_244' title='bbox 1164 2045 1169 2704; x_wconf 95' lang='lat' dir='ltr'> </span> 
     </span>
    </p>
   </div>
   <div class='ocr_carea' id='block_1_14' title="bbox 1186 262 2138 360">
    <p class='ocr_par' dir='ltr' id='par_1_18' title="bbox 1186 262 2138 360">
     <span class='ocr_line' id='line_1_51' title="bbox 1954 262 2134 290; baseline 0 -1"><span class='ocrx_word' id='word_1_245' title='bbox 1954 262 2004 289; x_wconf 83' lang='grc' dir='ltr'>Αη.</span> <span class='ocrx_word' id='word_1_246' title='bbox 2021 262 2049 289; x_wconf 89' lang='lat' dir='ltr'>C.</span> <span class='ocrx_word' id='word_1_247' title='bbox 2069 262 2134 290; x_wconf 77' lang='grc'><strong>1561</strong></span> 
     </span>
     <span class='ocr_line' id='line_1_52' title="bbox 1186 315 2138 360; baseline -0.002 -9"><span class='ocrx_word' id='word_1_248' title='bbox 1186 319 1281 351; x_wconf 82' lang='lat' dir='ltr'>tionis</span> <span class='ocrx_word' id='word_1_249' title='bbox 1307 318 1468 351; x_wconf 80' lang='lat' dir='ltr'>Clemente</span> <span class='ocrx_word' id='word_1_250' title='bbox 1497 316 1583 360; x_wconf 84' lang='lat' dir='ltr'>Papa</span> <span class='ocrx_word' id='word_1_251' title='bbox 1602 315 1666 357; x_wconf 90' lang='lat' dir='ltr'>VII,</span> <span class='ocrx_word' id='word_1_252' title='bbox 1690 316 1936 360; x_wconf 80' lang='lat' dir='ltr'>praedecessore</span> <span class='ocrx_word' id='word_1_253' title='bbox 1979 324 2043 345; x_wconf 71' lang='lat' dir='ltr'>cte-n-</span> <span class='ocrx_word' id='word_1_254' title='bbox 2059 323 2138 345; x_wconf 74' lang='lat' dir='ltr'>vne-</span> 
     </span>
    </p>
   </div>
   <div class='ocr_carea' id='block_1_15' title="bbox 1183 355 2139 2611">
    <p class='ocr_par' dir='ltr' id='par_1_19' title="bbox 1185 355 2139 470">
     <span class='ocr_line' id='line_1_53' title="bbox 1186 355 2139 414; baseline 0.003 -8"><span class='ocrx_word' id='word_1_255' title='bbox 1186 378 1307 413; x_wconf 75' lang='lat' dir='ltr'>nostro‚</span> <span class='ocrx_word' id='word_1_256' title='bbox 1335 376 1527 405; x_wconf 84' lang='lat' dir='ltr'>emanarunt</span> <span class='ocrx_word' id='word_1_257' title='bbox 1546 371 1656 404; x_wconf 85' lang='lat' dir='ltr'>literae</span> <span class='ocrx_word' id='word_1_258' title='bbox 1680 371 1801 405; x_wconf 86' lang='lat' dir='ltr'>tenoris</span> <span class='ocrx_word' id='word_1_259' title='bbox 1826 355 2139 414; x_wconf 58' lang='lat' dir='ltr'>S11})se-{³÷&#39;3¹1&#39;2‘em⁰312⁵²i¹2.¹i</span> 
     </span>
     <span class='ocr_line' id='line_1_54' title="bbox 1185 418 1994 470; baseline -0.001 -11"><span class='ocrx_word' id='word_1_260' title='bbox 1185 426 1321 470; x_wconf 83' lang='lat' dir='ltr'>quentis.</span> <span class='ocrx_word' id='word_1_261' title='bbox 1347 426 1491 459; x_wconf 77' lang='lat' dir='ltr'>Clemens</span> <span class='ocrx_word' id='word_1_262' title='bbox 1515 427 1676 469; x_wconf 78' lang='lat' dir='ltr'>episeopus</span> <span class='ocrx_word' id='word_1_263' title='bbox 1703 437 1809 459; x_wconf 77' lang='lat' dir='ltr'>servus</span> <span class='ocrx_word' id='word_1_264' title='bbox 1838 435 1938 458; x_wconf 72' lang='lat' dir='ltr'>servo·</span> <span class='ocrx_word' id='word_1_265' title='bbox 1953 418 1994 439; x_wconf 52' lang='grc' dir='ltr'>ΜΒ·</span> 
     </span>
    </p>

    <p class='ocr_par' dir='ltr' id='par_1_20' title="bbox 1185 478 1939 523">
     <span class='ocr_line' id='line_1_55' title="bbox 1185 478 1939 523; baseline -0.001 -11"><span class='ocrx_word' id='word_1_266' title='bbox 1185 492 1257 514; x_wconf 81' lang='lat' dir='ltr'>rum</span> <span class='ocrx_word' id='word_1_267' title='bbox 1278 481 1348 520; x_wconf 69' lang='lat' dir='ltr'>Det,</span> <span class='ocrx_word' id='word_1_268' title='bbox 1363 481 1405 513; x_wconf 76' lang='lat' dir='ltr'>acl</span> <span class='ocrx_word' id='word_1_269' title='bbox 1416 484 1605 523; x_wconf 76' lang='lat' dir='ltr'>perpetuam</span> <span class='ocrx_word' id='word_1_270' title='bbox 1614 481 1662 512; x_wconf 80' lang='lat' dir='ltr'>rei</span> <span class='ocrx_word' id='word_1_271' title='bbox 1677 480 1877 512; x_wconf 75' lang='lat' dir='ltr'>memoriam.</span> <span class='ocrx_word' id='word_1_272' title='bbox 1896 478 1939 511; x_wconf 81' lang='lat' dir='ltr'>In</span> 
     </span>
    </p>

    <p class='ocr_par' dir='ltr' id='par_1_21' title="bbox 1183 534 1669 568">
     <span class='ocr_line' id='line_1_56' title="bbox 1183 534 1669 568; baseline -0.002 0"><span class='ocrx_word' id='word_1_273' title='bbox 1183 541 1297 568; x_wconf 73' lang='lat' dir='ltr'>sancta</span> <span class='ocrx_word' id='word_1_274' title='bbox 1317 536 1412 568; x_wconf 55' lang='lat' dir='ltr'>Beata·</span> <span class='ocrx_word' id='word_1_275' title='bbox 1430 535 1524 567; x_wconf 68' lang='lat' dir='ltr'>Petri</span> <span class='ocrx_word' id='word_1_276' title='bbox 1542 534 1620 567; x_wconf 80' lang='lat' dir='ltr'>Sede</span> <span class='ocrx_word' id='word_1_277' title='bbox 1644 535 1669 566; x_wconf 76' lang='grc'>1.</span> 
     </span>
    </p>

    <p class='ocr_par' dir='ltr' id='par_1_22' title="bbox 1184 586 2139 2611">
     <span class='ocr_line' id='line_1_57' title="bbox 1229 586 2138 632; baseline -0.001 -10"><span class='ocrx_word' id='word_1_278' title='bbox 1229 590 1243 632; x_wconf 64' lang='grc' dir='ltr'>ξ</span> <span class='ocrx_word' id='word_1_279' title='bbox 1267 590 1298 622; x_wconf 68' lang='grc'>2.</span> <span class='ocrx_word' id='word_1_280' title='bbox 1322 589 1401 622; x_wconf 87' lang='lat' dir='ltr'>Cum</span> <span class='ocrx_word' id='word_1_281' title='bbox 1413 599 1482 629; x_wconf 88' lang='lat' dir='ltr'>nos,</span> <span class='ocrx_word' id='word_1_282' title='bbox 1502 593 1572 632; x_wconf 87' lang='lat' dir='ltr'>post</span> <span class='ocrx_word' id='word_1_283' title='bbox 1595 594 1737 621; x_wconf 85' lang='lat' dir='ltr'>nostram</span> <span class='ocrx_word' id='word_1_284' title='bbox 1759 588 1798 621; x_wconf 80' lang='lat' dir='ltr'>ad</span> <span class='ocrx_word' id='word_1_285' title='bbox 1819 586 1937 621; x_wconf 84' lang='lat' dir='ltr'>summi</span> <span class='ocrx_word' id='word_1_286' title='bbox 1964 595 2138 631; x_wconf 51' lang='grc' dir='ltr'>νΠῑεικιοᾱοὶὀιι-</span> 
     </span>
     <span class='ocr_line' id='line_1_58' title="bbox 1184 626 2139 688; baseline -0.002 -11"><span class='ocrx_word' id='word_1_287' title='bbox 1184 645 1383 688; x_wconf 85' lang='lat' dir='ltr'>apostolatus</span> <span class='ocrx_word' id='word_1_288' title='bbox 1401 643 1525 686; x_wconf 78' lang='lat' dir='ltr'>apicem</span> <span class='ocrx_word' id='word_1_289' title='bbox 1543 642 1807 686; x_wconf 82' lang='lat' dir='ltr'>assumptionem,</span> <span class='ocrx_word' id='word_1_290' title='bbox 1820 643 1861 676; x_wconf 94' lang='lat' dir='ltr'>ob</span> <span class='ocrx_word' id='word_1_291' title='bbox 1873 652 1939 676; x_wconf 91' lang='lat' dir='ltr'>non</span> <span class='ocrx_word' id='word_1_292' title='bbox 1954 626 2139 679; x_wconf 50' lang='grc' dir='ltr'>ζ’(ξίζιῃὶῗιῦιῖῒζῖ</span> 
     </span>
     <span class='ocr_line' id='line_1_59' title="bbox 1185 690 2139 747; baseline -0.002 -15"><span class='ocrx_word' id='word_1_293' title='bbox 1185 699 1439 733; x_wconf 76' lang='lat' dir='ltr'>oli&gt;servationem</span> <span class='ocrx_word' id='word_1_294' title='bbox 1449 698 1606 731; x_wconf 81' lang='lat' dir='ltr'>dictarum</span> <span class='ocrx_word' id='word_1_295' title='bbox 1622 699 1821 742; x_wconf 85' lang='lat' dir='ltr'>praedecess.</span> <span class='ocrx_word' id='word_1_296' title='bbox 1833 697 1940 730; x_wconf 87' lang='lat' dir='ltr'>litera·</span> <span class='ocrx_word' id='word_1_297' title='bbox 1954 690 2139 747; x_wconf 54' lang='grc' dir='ltr'>ἑζῗξῗξῗηῇἷζῖἶ“</span> 
     </span>
     <span class='ocr_line' id='line_1_60' title="bbox 1185 752 1939 797; baseline -0.001 -11"><span class='ocrx_word' id='word_1_298' title='bbox 1185 765 1268 794; x_wconf 85' lang='lat' dir='ltr'>rum,</span> <span class='ocrx_word' id='word_1_299' title='bbox 1277 753 1379 793; x_wconf 85' lang='lat' dir='ltr'>bellis,</span> <span class='ocrx_word' id='word_1_300' title='bbox 1392 753 1509 797; x_wconf 87' lang='lat' dir='ltr'>quibus</span> <span class='ocrx_word' id='word_1_301' title='bbox 1520 762 1585 785; x_wconf 91' lang='lat' dir='ltr'>non</span> <span class='ocrx_word' id='word_1_302' title='bbox 1597 753 1699 785; x_wconf 90' lang='lat' dir='ltr'>solum</span> <span class='ocrx_word' id='word_1_303' title='bbox 1712 752 1864 792; x_wconf 87' lang='lat' dir='ltr'>civitates,</span> <span class='ocrx_word' id='word_1_304' title='bbox 1875 757 1939 785; x_wconf 84' lang='lat' dir='ltr'>ter-</span> 
     </span>
     <span class='ocr_line' id='line_1_61' title="bbox 1185 807 1940 850; baseline 0 -10"><span class='ocrx_word' id='word_1_305' title='bbox 1185 819 1238 840; x_wconf 86' lang='lat' dir='ltr'>rae</span> <span class='ocrx_word' id='word_1_306' title='bbox 1250 808 1359 841; x_wconf 82' lang='lat' dir='ltr'>etloca</span> <span class='ocrx_word' id='word_1_307' title='bbox 1375 807 1544 850; x_wconf 80' lang='lat' dir='ltr'>temporali</span> <span class='ocrx_word' id='word_1_308' title='bbox 1559 807 1702 840; x_wconf 87' lang='lat' dir='ltr'>dominio</span> <span class='ocrx_word' id='word_1_309' title='bbox 1718 807 1860 840; x_wconf 88' lang='lat' dir='ltr'>eiusdem</span> <span class='ocrx_word' id='word_1_310' title='bbox 1876 807 1940 840; x_wconf 85' lang='lat' dir='ltr'>Ro-</span> 
     </span>
     <span class='ocr_line' id='line_1_62' title="bbox 1185 859 1940 900; baseline -0.001 -6"><span class='ocrx_word' id='word_1_311' title='bbox 1185 872 1298 894; x_wconf 85' lang='lat' dir='ltr'>manae</span> <span class='ocrx_word' id='word_1_312' title='bbox 1315 860 1476 893; x_wconf 82' lang='lat' dir='ltr'>Ecclesiae</span> <span class='ocrx_word' id='word_1_313' title='bbox 1493 859 1647 900; x_wconf 86' lang='lat' dir='ltr'>subiecta,</span> <span class='ocrx_word' id='word_1_314' title='bbox 1660 861 1714 893; x_wconf 89' lang='lat' dir='ltr'>sed</span> <span class='ocrx_word' id='word_1_315' title='bbox 1735 860 1830 894; x_wconf 85' lang='lat' dir='ltr'>etiam</span> <span class='ocrx_word' id='word_1_316' title='bbox 1843 860 1940 893; x_wconf 83' lang='lat' dir='ltr'>totius</span> 
     </span>
     <span class='ocr_line' id='line_1_63' title="bbox 1184 914 1940 960; baseline -0.001 -12"><span class='ocrx_word' id='word_1_317' title='bbox 1184 915 1291 948; x_wconf 86' lang='lat' dir='ltr'>Italiae</span> <span class='ocrx_word' id='word_1_318' title='bbox 1309 915 1531 960; x_wconf 78' lang='lat' dir='ltr'>superioribus</span> <span class='ocrx_word' id='word_1_319' title='bbox 1543 914 1643 955; x_wconf 87' lang='lat' dir='ltr'>annis,</span> <span class='ocrx_word' id='word_1_320' title='bbox 1654 925 1770 958; x_wconf 75' lang='lat' dir='ltr'>magno</span> <span class='ocrx_word' id='word_1_321' title='bbox 1787 925 1861 948; x_wconf 88' lang='lat' dir='ltr'>cum</span> <span class='ocrx_word' id='word_1_322' title='bbox 1874 925 1940 948; x_wconf 91' lang='lat' dir='ltr'>om-</span> 
     </span>
     <span class='ocr_line' id='line_1_64' title="bbox 1186 967 1941 1007; baseline 0 -6"><span class='ocrx_word' id='word_1_323' title='bbox 1186 968 1276 1001; x_wconf 90' lang='lat' dir='ltr'>nium</span> <span class='ocrx_word' id='word_1_324' title='bbox 1302 968 1333 1001; x_wconf 91' lang='lat' dir='ltr'>in</span> <span class='ocrx_word' id='word_1_325' title='bbox 1355 968 1400 1001; x_wconf 89' lang='lat' dir='ltr'>eis</span> <span class='ocrx_word' id='word_1_326' title='bbox 1419 967 1632 1001; x_wconf 79' lang='lat' dir='ltr'>habitantium</span> <span class='ocrx_word' id='word_1_327' title='bbox 1658 968 1941 1007; x_wconf 89' lang='lat' dir='ltr'>incommod0‚ve-</span> 
     </span>
     <span class='ocr_line' id='line_1_65' title="bbox 1185 1021 1940 1063; baseline -0.001 -8"><span class='ocrx_word' id='word_1_328' title='bbox 1185 1028 1255 1055; x_wconf 80' lang='lat' dir='ltr'>xata</span> <span class='ocrx_word' id='word_1_329' title='bbox 1286 1024 1434 1060; x_wconf 80' lang='lat' dir='ltr'>suerunt,</span> <span class='ocrx_word' id='word_1_330' title='bbox 1464 1022 1494 1055; x_wconf 92' lang='lat' dir='ltr'>id</span> <span class='ocrx_word' id='word_1_331' title='bbox 1520 1023 1626 1055; x_wconf 86' lang='lat' dir='ltr'>forsan</span> <span class='ocrx_word' id='word_1_332' title='bbox 1657 1022 1879 1063; x_wconf 85' lang='lat' dir='ltr'>causantibus,</span> <span class='ocrx_word' id='word_1_333' title='bbox 1907 1021 1940 1054; x_wconf 90' lang='lat' dir='ltr'>in</span> 
     </span>
     <span class='ocr_line' id='line_1_66' title="bbox 1186 1075 1939 1115; baseline -0.001 -6"><span class='ocrx_word' id='word_1_334' title='bbox 1186 1077 1305 1110; x_wconf 88' lang='lat' dir='ltr'>eisdem</span> <span class='ocrx_word' id='word_1_335' title='bbox 1316 1077 1509 1115; x_wconf 85' lang='lat' dir='ltr'>civitatibus,</span> <span class='ocrx_word' id='word_1_336' title='bbox 1524 1076 1616 1110; x_wconf 85' lang='lat' dir='ltr'>terris</span> <span class='ocrx_word' id='word_1_337' title='bbox 1634 1080 1664 1109; x_wconf 87' lang='lat' dir='ltr'>et</span> <span class='ocrx_word' id='word_1_338' title='bbox 1684 1075 1763 1109; x_wconf 87' lang='lat' dir='ltr'>locis</span> <span class='ocrx_word' id='word_1_339' title='bbox 1780 1087 1818 1109; x_wconf 81' lang='lat' dir='ltr'>ac</span> <span class='ocrx_word' id='word_1_340' title='bbox 1844 1075 1939 1109; x_wconf 87' lang='lat' dir='ltr'>etiam</span> 
     </span>
     <span class='ocr_line' id='line_1_67' title="bbox 1186 1129 1941 1164; baseline 0 -2"><span class='ocrx_word' id='word_1_341' title='bbox 1186 1130 1217 1163; x_wconf 85' lang='lat' dir='ltr'>in</span> <span class='ocrx_word' id='word_1_342' title='bbox 1238 1131 1321 1164; x_wconf 87' lang='lat' dir='ltr'>alma</span> <span class='ocrx_word' id='word_1_343' title='bbox 1341 1131 1426 1164; x_wconf 88' lang='lat' dir='ltr'>Urbe</span> <span class='ocrx_word' id='word_1_344' title='bbox 1443 1136 1552 1164; x_wconf 85' lang='lat' dir='ltr'>nostra</span> <span class='ocrx_word' id='word_1_345' title='bbox 1568 1130 1718 1163; x_wconf 87' lang='lat' dir='ltr'>intestina</span> <span class='ocrx_word' id='word_1_346' title='bbox 1738 1134 1769 1163; x_wconf 84' lang='lat' dir='ltr'>et</span> <span class='ocrx_word' id='word_1_347' title='bbox 1788 1129 1941 1163; x_wconf 85' lang='lat' dir='ltr'>diuturna</span> 
     </span>
     <span class='ocr_line' id='line_1_68' title="bbox 1186 1176 1941 1228; baseline -0.001 -11"><span class='ocrx_word' id='word_1_348' title='bbox 1186 1183 1258 1217; x_wconf 88' lang='lat' dir='ltr'>odia</span> <span class='ocrx_word' id='word_1_349' title='bbox 1274 1195 1309 1217; x_wconf 89' lang='lat' dir='ltr'>ac</span> <span class='ocrx_word' id='word_1_350' title='bbox 1327 1184 1502 1218; x_wconf 87' lang='lat' dir='ltr'>discordias</span> <span class='ocrx_word' id='word_1_351' title='bbox 1531 1176 1701 1228; x_wconf 78' lang='lat' dir='ltr'>civilesque</span> <span class='ocrx_word' id='word_1_352' title='bbox 1727 1182 1941 1216; x_wconf 87' lang='lat' dir='ltr'>dissensiones</span> 
     </span>
     <span class='ocr_line' id='line_1_69' title="bbox 1186 1236 1940 1281; baseline 0 -12"><span class='ocrx_word' id='word_1_353' title='bbox 1186 1237 1304 1280; x_wconf 78' lang='lat' dir='ltr'>vigere,</span> <span class='ocrx_word' id='word_1_354' title='bbox 1323 1250 1360 1271; x_wconf 82' lang='lat' dir='ltr'>ac</span> <span class='ocrx_word' id='word_1_355' title='bbox 1371 1238 1468 1279; x_wconf 84' lang='lat' dir='ltr'>furta,</span> <span class='ocrx_word' id='word_1_356' title='bbox 1486 1238 1667 1277; x_wconf 81' lang='lat' dir='ltr'>latrocinia,</span> <span class='ocrx_word' id='word_1_357' title='bbox 1679 1236 1855 1270; x_wconf 81' lang='lat' dir='ltr'>homicidia</span> <span class='ocrx_word' id='word_1_358' title='bbox 1866 1246 1940 1281; x_wconf 86' lang='lat' dir='ltr'>pas-</span> 
     </span>
     <span class='ocr_line' id='line_1_70' title="bbox 1187 1290 1940 1335; baseline -0.001 -12"><span class='ocrx_word' id='word_1_359' title='bbox 1187 1291 1245 1323; x_wconf 90' lang='lat' dir='ltr'>sim</span> <span class='ocrx_word' id='word_1_360' title='bbox 1275 1291 1454 1335; x_wconf 82' lang='lat' dir='ltr'>perpetrari</span> <span class='ocrx_word' id='word_1_361' title='bbox 1483 1290 1747 1334; x_wconf 78' lang='lat' dir='ltr'>cognoveriinus;</span> <span class='ocrx_word' id='word_1_362' title='bbox 1775 1300 1812 1323; x_wconf 85' lang='lat' dir='ltr'>ac</span> <span class='ocrx_word' id='word_1_363' title='bbox 1834 1294 1940 1323; x_wconf 87' lang='lat' dir='ltr'>mente</span> 
     </span>
     <span class='ocr_line' id='line_1_71' title="bbox 1187 1342 1940 1389; baseline -0.001 -13"><span class='ocrx_word' id='word_1_364' title='bbox 1187 1345 1382 1378; x_wconf 72' lang='lat' dir='ltr'>revolventes</span> <span class='ocrx_word' id='word_1_365' title='bbox 1401 1345 1559 1389; x_wconf 81' lang='lat' dir='ltr'>praefatos</span> <span class='ocrx_word' id='word_1_366' title='bbox 1579 1344 1683 1383; x_wconf 90' lang='lat' dir='ltr'>Pium,</span> <span class='ocrx_word' id='word_1_367' title='bbox 1702 1344 1851 1384; x_wconf 86' lang='lat' dir='ltr'>Paulum,</span> <span class='ocrx_word' id='word_1_368' title='bbox 1875 1342 1940 1376; x_wconf 85' lang='lat' dir='ltr'>Six-</span> 
     </span>
     <span class='ocr_line' id='line_1_72' title="bbox 1187 1398 1940 1440; baseline -0.001 -10"><span class='ocrx_word' id='word_1_369' title='bbox 1187 1403 1270 1439; x_wconf 86' lang='lat' dir='ltr'>tum,</span> <span class='ocrx_word' id='word_1_370' title='bbox 1291 1399 1427 1439; x_wconf 87' lang='lat' dir='ltr'>Iulium,</span> <span class='ocrx_word' id='word_1_371' title='bbox 1450 1398 1823 1439; x_wconf 85' lang='lat' dir='ltr'>Leonem,Clementem‚</span> <span class='ocrx_word' id='word_1_372' title='bbox 1846 1407 1940 1440; x_wconf 85' lang='lat' dir='ltr'>prae-</span> 
     </span>
     <span class='ocr_line' id='line_1_73' title="bbox 1186 1450 1940 1495; baseline -0.003 -10"><span class='ocrx_word' id='word_1_373' title='bbox 1186 1452 1382 1493; x_wconf 84' lang='lat' dir='ltr'>decessores,</span> <span class='ocrx_word' id='word_1_374' title='bbox 1401 1453 1440 1485; x_wconf 90' lang='lat' dir='ltr'>ad</span> <span class='ocrx_word' id='word_1_375' title='bbox 1459 1451 1670 1495; x_wconf 87' lang='lat' dir='ltr'>tranquillum</span> <span class='ocrx_word' id='word_1_376' title='bbox 1687 1456 1717 1484; x_wconf 84' lang='lat' dir='ltr'>et</span> <span class='ocrx_word' id='word_1_377' title='bbox 1737 1450 1864 1484; x_wconf 84' lang='lat' dir='ltr'>felicem</span> <span class='ocrx_word' id='word_1_378' title='bbox 1880 1455 1940 1484; x_wconf 86' lang='lat' dir='ltr'>sta-</span> 
     </span>
     <span class='ocr_line' id='line_1_74' title="bbox 1188 1505 1939 1548; baseline 0 -11"><span class='ocrx_word' id='word_1_379' title='bbox 1188 1510 1273 1547; x_wconf 82' lang='lat' dir='ltr'>tum,</span> <span class='ocrx_word' id='word_1_380' title='bbox 1311 1517 1437 1539; x_wconf 72' lang='lat' dir='ltr'>necnon</span> <span class='ocrx_word' id='word_1_381' title='bbox 1468 1505 1637 1539; x_wconf 88' lang='lat' dir='ltr'>commoda</span> <span class='ocrx_word' id='word_1_382' title='bbox 1652 1532 1659 1546; x_wconf 87' lang='lat'>‚</span> <span class='ocrx_word' id='word_1_383' title='bbox 1690 1511 1755 1538; x_wconf 80' lang='lat' dir='ltr'>tam</span> <span class='ocrx_word' id='word_1_384' title='bbox 1785 1514 1939 1548; x_wconf 81' lang='lat' dir='ltr'>persona-</span> 
     </span>
     <span class='ocr_line' id='line_1_75' title="bbox 1188 1557 1939 1602; baseline 0 -11"><span class='ocrx_word' id='word_1_385' title='bbox 1188 1570 1258 1591; x_wconf 88' lang='lat' dir='ltr'>rum</span> <span class='ocrx_word' id='word_1_386' title='bbox 1275 1559 1419 1593; x_wconf 82' lang='lat' dir='ltr'>eiusdem</span> <span class='ocrx_word' id='word_1_387' title='bbox 1438 1559 1530 1593; x_wconf 85' lang='lat' dir='ltr'>Urbis</span> <span class='ocrx_word' id='word_1_388' title='bbox 1552 1569 1647 1602; x_wconf 88' lang='lat' dir='ltr'>quam</span> <span class='ocrx_word' id='word_1_389' title='bbox 1674 1557 1810 1591; x_wconf 82' lang='lat' dir='ltr'>aliarum</span> <span class='ocrx_word' id='word_1_390' title='bbox 1831 1557 1939 1591; x_wconf 84' lang='lat' dir='ltr'>civita-</span> 
     </span>
     <span class='ocr_line' id='line_1_76' title="bbox 1188 1612 1939 1654; baseline 0 -9"><span class='ocrx_word' id='word_1_391' title='bbox 1188 1618 1270 1654; x_wconf 88' lang='lat' dir='ltr'>tum,</span> <span class='ocrx_word' id='word_1_392' title='bbox 1309 1619 1467 1646; x_wconf 87' lang='lat' dir='ltr'>terrarum</span> <span class='ocrx_word' id='word_1_393' title='bbox 1502 1618 1532 1645; x_wconf 89' lang='lat' dir='ltr'>et.</span> <span class='ocrx_word' id='word_1_394' title='bbox 1558 1614 1706 1646; x_wconf 89' lang='lat' dir='ltr'>locorum</span> <span class='ocrx_word' id='word_1_395' title='bbox 1738 1612 1842 1645; x_wconf 91' lang='lat' dir='ltr'>eidem</span> <span class='ocrx_word' id='word_1_396' title='bbox 1875 1612 1939 1645; x_wconf 91' lang='lat' dir='ltr'>Ro-</span> 
     </span>
     <span class='ocr_line' id='line_1_77' title="bbox 1187 1665 1939 1700; baseline 0.001 -2"><span class='ocrx_word' id='word_1_397' title='bbox 1187 1678 1299 1700; x_wconf 86' lang='lat' dir='ltr'>manae</span> <span class='ocrx_word' id='word_1_398' title='bbox 1320 1667 1481 1700; x_wconf 80' lang='lat' dir='ltr'>Ecclesiae</span> <span class='ocrx_word' id='word_1_399' title='bbox 1503 1666 1722 1699; x_wconf 87' lang='lat' dir='ltr'>subiectorum</span> <span class='ocrx_word' id='word_1_400' title='bbox 1743 1665 1844 1699; x_wconf 86' lang='lat' dir='ltr'>aciem</span> <span class='ocrx_word' id='word_1_401' title='bbox 1864 1677 1939 1699; x_wconf 87' lang='lat' dir='ltr'>suae</span> 
     </span>
     <span class='ocr_line' id='line_1_78' title="bbox 1187 1719 1939 1759; baseline -0.001 -6"><span class='ocrx_word' id='word_1_402' title='bbox 1187 1720 1451 1754; x_wconf 80' lang='lat' dir='ltr'>considerationis</span> <span class='ocrx_word' id='word_1_403' title='bbox 1472 1720 1658 1759; x_wconf 79' lang='lat' dir='ltr'>extendisse,</span> <span class='ocrx_word' id='word_1_404' title='bbox 1681 1719 1809 1753; x_wconf 87' lang='lat' dir='ltr'>illorum</span> <span class='ocrx_word' id='word_1_405' title='bbox 1832 1730 1939 1753; x_wconf 83' lang='lat' dir='ltr'>exem-</span> 
     </span>
     <span class='ocr_line' id='line_1_79' title="bbox 1187 1773 1940 1818; baseline -0.001 -11"><span class='ocrx_word' id='word_1_406' title='bbox 1187 1775 1239 1818; x_wconf 91' lang='lat' dir='ltr'>plo</span> <span class='ocrx_word' id='word_1_407' title='bbox 1253 1775 1342 1815; x_wconf 84' lang='lat' dir='ltr'>moti,</span> <span class='ocrx_word' id='word_1_408' title='bbox 1356 1774 1501 1807; x_wconf 87' lang='lat' dir='ltr'>animum</span> <span class='ocrx_word' id='word_1_409' title='bbox 1511 1775 1550 1807; x_wconf 90' lang='lat' dir='ltr'>ad</span> <span class='ocrx_word' id='word_1_410' title='bbox 1571 1774 1748 1807; x_wconf 87' lang='lat' dir='ltr'>sedandum</span> <span class='ocrx_word' id='word_1_411' title='bbox 1765 1773 1940 1807; x_wconf 81' lang='lat' dir='ltr'>discordias</span> 
     </span>
     <span class='ocr_line' id='line_1_80' title="bbox 1187 1827 1939 1871; baseline -0.001 -10"><span class='ocrx_word' id='word_1_412' title='bbox 1187 1833 1217 1861; x_wconf 89' lang='lat' dir='ltr'>et</span> <span class='ocrx_word' id='word_1_413' title='bbox 1242 1828 1325 1868; x_wconf 81' lang='lat' dir='ltr'>odia,</span> <span class='ocrx_word' id='word_1_414' title='bbox 1348 1834 1412 1861; x_wconf 87' lang='lat' dir='ltr'>tam</span> <span class='ocrx_word' id='word_1_415' title='bbox 1437 1829 1469 1861; x_wconf 92' lang='lat' dir='ltr'>in</span> <span class='ocrx_word' id='word_1_416' title='bbox 1490 1828 1573 1861; x_wconf 86' lang='lat' dir='ltr'>Urbe</span> <span class='ocrx_word' id='word_1_417' title='bbox 1603 1838 1700 1871; x_wconf 86' lang='lat' dir='ltr'>quam</span> <span class='ocrx_word' id='word_1_418' title='bbox 1722 1827 1754 1860; x_wconf 93' lang='lat' dir='ltr'>in</span> <span class='ocrx_word' id='word_1_419' title='bbox 1772 1827 1842 1860; x_wconf 90' lang='lat' dir='ltr'>aliis</span> <span class='ocrx_word' id='word_1_420' title='bbox 1862 1827 1939 1860; x_wconf 89' lang='lat' dir='ltr'>civi-</span> 
     </span>
     <span class='ocr_line' id='line_1_81' title="bbox 1187 1880 1941 1923; baseline 0.001 -10"><span class='ocrx_word' id='word_1_421' title='bbox 1187 1882 1316 1923; x_wconf 82' lang='lat' dir='ltr'>tatibus,</span> <span class='ocrx_word' id='word_1_422' title='bbox 1339 1883 1432 1915; x_wconf 80' lang='lat' dir='ltr'>terris</span> <span class='ocrx_word' id='word_1_423' title='bbox 1444 1887 1474 1915; x_wconf 85' lang='lat' dir='ltr'>et</span> <span class='ocrx_word' id='word_1_424' title='bbox 1490 1882 1567 1915; x_wconf 88' lang='lat' dir='ltr'>locis</span> <span class='ocrx_word' id='word_1_425' title='bbox 1577 1882 1679 1914; x_wconf 89' lang='lat' dir='ltr'>dietae</span> <span class='ocrx_word' id='word_1_426' title='bbox 1688 1881 1850 1914; x_wconf 81' lang='lat' dir='ltr'>Ecclesiae</span> <span class='ocrx_word' id='word_1_427' title='bbox 1866 1880 1941 1914; x_wconf 88' lang='lat' dir='ltr'>sub-</span> 
     </span>
     <span class='ocr_line' id='line_1_82' title="bbox 1187 1935 1939 1981; baseline -0.001 -13"><span class='ocrx_word' id='word_1_428' title='bbox 1187 1936 1277 1969; x_wconf 85' lang='lat' dir='ltr'>iectis</span> <span class='ocrx_word' id='word_1_429' title='bbox 1296 1936 1479 1981; x_wconf 86' lang='lat' dir='ltr'>praedictis,</span> <span class='ocrx_word' id='word_1_430' title='bbox 1498 1941 1528 1970; x_wconf 89' lang='lat' dir='ltr'>et</span> <span class='ocrx_word' id='word_1_431' title='bbox 1552 1936 1592 1968; x_wconf 90' lang='lat' dir='ltr'>ad</span> <span class='ocrx_word' id='word_1_432' title='bbox 1612 1935 1804 1968; x_wconf 83' lang='lat' dir='ltr'>firmandam</span> <span class='ocrx_word' id='word_1_433' title='bbox 1822 1945 1939 1978; x_wconf 88' lang='lat' dir='ltr'>perpe-</span> 
     </span>
     <span class='ocr_line' id='line_1_83' title="bbox 1189 1988 1940 2034; baseline 0 -13"><span class='ocrx_word' id='word_1_434' title='bbox 1189 1994 1275 2022; x_wconf 84' lang='lat' dir='ltr'>tuam</span> <span class='ocrx_word' id='word_1_435' title='bbox 1300 2001 1412 2034; x_wconf 88' lang='lat' dir='ltr'>pacem</span> <span class='ocrx_word' id='word_1_436' title='bbox 1442 1995 1472 2023; x_wconf 88' lang='lat' dir='ltr'>et</span> <span class='ocrx_word' id='word_1_437' title='bbox 1501 1989 1661 2033; x_wconf 87' lang='lat' dir='ltr'>quietem,</span> <span class='ocrx_word' id='word_1_438' title='bbox 1690 1999 1749 2033; x_wconf 86' lang='lat' dir='ltr'>pro</span> <span class='ocrx_word' id='word_1_439' title='bbox 1778 1988 1940 2022; x_wconf 85' lang='lat' dir='ltr'>dictorum</span> 
     </span>
     <span class='ocr_line' id='line_1_84' title="bbox 1188 2042 1940 2087; baseline 0 -13"><span class='ocrx_word' id='word_1_440' title='bbox 1188 2043 1389 2077; x_wconf 79' lang='lat' dir='ltr'>subditorum</span> <span class='ocrx_word' id='word_1_441' title='bbox 1403 2043 1592 2083; x_wconf 89' lang='lat' dir='ltr'>commodis,</span> <span class='ocrx_word' id='word_1_442' title='bbox 1606 2042 1892 2087; x_wconf 79' lang='lat' dir='ltr'>applicaverimuS,</span> <span class='ocrx_word' id='word_1_443' title='bbox 1909 2048 1940 2075; x_wconf 89' lang='lat' dir='ltr'>et</span> 
     </span>
     <span class='ocr_line' id='line_1_85' title="bbox 1188 2095 1940 2140; baseline -0.001 -11"><span class='ocrx_word' id='word_1_444' title='bbox 1188 2102 1220 2129; x_wconf 88' lang='lat' dir='ltr'>ut</span> <span class='ocrx_word' id='word_1_445' title='bbox 1237 2098 1411 2140; x_wconf 86' lang='lat' dir='ltr'>praemissa</span> <span class='ocrx_word' id='word_1_446' title='bbox 1422 2097 1547 2130; x_wconf 81' lang='lat' dir='ltr'>facilius</span> <span class='ocrx_word' id='word_1_447' title='bbox 1566 2097 1705 2130; x_wconf 88' lang='lat' dir='ltr'>votivum</span> <span class='ocrx_word' id='word_1_448' title='bbox 1723 2095 1940 2140; x_wconf 86' lang='lat' dir='ltr'>consequiva-</span> 
     </span>
     <span class='ocr_line' id='line_1_86' title="bbox 1188 2149 1940 2194; baseline 0 -12"><span class='ocrx_word' id='word_1_449' title='bbox 1188 2151 1274 2183; x_wconf 82' lang='lat' dir='ltr'>leant</span> <span class='ocrx_word' id='word_1_450' title='bbox 1293 2152 1456 2191; x_wconf 78' lang='lat' dir='ltr'>ellectum,</span> <span class='ocrx_word' id='word_1_451' title='bbox 1479 2151 1587 2184; x_wconf 87' lang='lat' dir='ltr'>literas</span> <span class='ocrx_word' id='word_1_452' title='bbox 1607 2150 1787 2194; x_wconf 83' lang='lat' dir='ltr'>praedictas</span> <span class='ocrx_word' id='word_1_453' title='bbox 1807 2149 1940 2183; x_wconf 90' lang='lat' dir='ltr'>omnino</span> 
     </span>
     <span class='ocr_line' id='line_1_87' title="bbox 1189 2202 1939 2245; baseline -0.003 -9"><span class='ocrx_word' id='word_1_454' title='bbox 1189 2204 1401 2237; x_wconf 82' lang='lat' dir='ltr'>observandas</span> <span class='ocrx_word' id='word_1_455' title='bbox 1411 2215 1477 2237; x_wconf 86' lang='lat' dir='ltr'>esse</span> <span class='ocrx_word' id='word_1_456' title='bbox 1488 2204 1735 2237; x_wconf 88' lang='lat' dir='ltr'>decreverimus.</span> <span class='ocrx_word' id='word_1_457' title='bbox 1754 2203 1868 2236; x_wconf 79' lang='lat' dir='ltr'>Habita</span> <span class='ocrx_word' id='word_1_458' title='bbox 1880 2202 1939 2245; x_wconf 82' lang='lat' dir='ltr'>igi-</span> 
     </span>
     <span class='ocr_line' id='line_1_88' title="bbox 1188 2256 1935 2302; baseline -0.001 -13"><span class='ocrx_word' id='word_1_459' title='bbox 1188 2263 1241 2290; x_wconf 88' lang='lat' dir='ltr'>tur</span> <span class='ocrx_word' id='word_1_460' title='bbox 1256 2269 1354 2302; x_wconf 87' lang='lat' dir='ltr'>super</span> <span class='ocrx_word' id='word_1_461' title='bbox 1362 2258 1412 2291; x_wconf 89' lang='lat' dir='ltr'>his</span> <span class='ocrx_word' id='word_1_462' title='bbox 1424 2257 1662 2291; x_wconf 85' lang='lat' dir='ltr'>cumfratribus</span> <span class='ocrx_word' id='word_1_463' title='bbox 1672 2257 1790 2291; x_wconf 85' lang='lat' dir='ltr'>nostris</span> <span class='ocrx_word' id='word_1_464' title='bbox 1805 2257 1836 2290; x_wconf 88' lang='lat' dir='ltr'>S.</span> <span class='ocrx_word' id='word_1_465' title='bbox 1851 2256 1886 2289; x_wconf 81' lang='lat' dir='ltr'>R.</span> <span class='ocrx_word' id='word_1_466' title='bbox 1901 2256 1935 2288; x_wconf 92' lang='lat' dir='ltr'>E.</span> 
     </span>
     <span class='ocr_line' id='line_1_89' title="bbox 1189 2309 1940 2352; baseline -0.003 -8"><span class='ocrx_word' id='word_1_467' title='bbox 1189 2312 1404 2345; x_wconf 80' lang='lat' dir='ltr'>cardinalibus</span> <span class='ocrx_word' id='word_1_468' title='bbox 1414 2312 1644 2346; x_wconf 87' lang='lat' dir='ltr'>deliberatione</span> <span class='ocrx_word' id='word_1_469' title='bbox 1657 2316 1794 2352; x_wconf 84' lang='lat' dir='ltr'>matura,</span> <span class='ocrx_word' id='word_1_470' title='bbox 1808 2321 1844 2343; x_wconf 91' lang='lat' dir='ltr'>ac</span> <span class='ocrx_word' id='word_1_471' title='bbox 1854 2309 1892 2343; x_wconf 90' lang='lat' dir='ltr'>de</span> <span class='ocrx_word' id='word_1_472' title='bbox 1904 2309 1940 2342; x_wconf 90' lang='lat' dir='ltr'>il-</span> 
     </span>
     <span class='ocr_line' id='line_1_90' title="bbox 1188 2363 1939 2410; baseline 0 -13"><span class='ocrx_word' id='word_1_473' title='bbox 1188 2366 1294 2398; x_wconf 85' lang='lat' dir='ltr'>lorum</span> <span class='ocrx_word' id='word_1_474' title='bbox 1308 2366 1452 2399; x_wconf 86' lang='lat' dir='ltr'>unanimi</span> <span class='ocrx_word' id='word_1_475' title='bbox 1462 2366 1594 2399; x_wconf 89' lang='lat' dir='ltr'>consilio</span> <span class='ocrx_word' id='word_1_476' title='bbox 1607 2365 1787 2410; x_wconf 47' lang='lat' dir='ltr'>efiassensu,</span> <span class='ocrx_word' id='word_1_477' title='bbox 1798 2363 1939 2407; x_wconf 83' lang='lat' dir='ltr'>singulas</span> 
     </span>
     <span class='ocr_line' id='line_1_91' title="bbox 1188 2417 1941 2461; baseline -0.001 -10"><span class='ocrx_word' id='word_1_478' title='bbox 1188 2419 1246 2460; x_wconf 87' lang='lat' dir='ltr'>Pii,</span> <span class='ocrx_word' id='word_1_479' title='bbox 1268 2420 1371 2461; x_wconf 86' lang='lat' dir='ltr'>Pauli,</span> <span class='ocrx_word' id='word_1_480' title='bbox 1394 2420 1483 2460; x_wconf 78' lang='lat' dir='ltr'>Sixti,</span> <span class='ocrx_word' id='word_1_481' title='bbox 1501 2420 1583 2460; x_wconf 79' lang='lat' dir='ltr'>Iulii,</span> <span class='ocrx_word' id='word_1_482' title='bbox 1600 2418 1712 2453; x_wconf 88' lang='lat' dir='ltr'>Leonis</span> <span class='ocrx_word' id='word_1_483' title='bbox 1723 2423 1753 2451; x_wconf 83' lang='lat' dir='ltr'>et</span> <span class='ocrx_word' id='word_1_484' title='bbox 1768 2417 1941 2451; x_wconf 82' lang='lat' dir='ltr'>Clementis</span> 
     </span>
     <span class='ocr_line' id='line_1_92' title="bbox 1189 2467 1940 2511; baseline -0.001 -11"><span class='ocrx_word' id='word_1_485' title='bbox 1189 2469 1474 2511; x_wconf 84' lang='lat' dir='ltr'>praedecessoriun</span> <span class='ocrx_word' id='word_1_486' title='bbox 1501 2469 1608 2501; x_wconf 84' lang='lat' dir='ltr'>literas</span> <span class='ocrx_word' id='word_1_487' title='bbox 1632 2467 1831 2507; x_wconf 83' lang='lat' dir='ltr'>huiusmodi,</span> <span class='ocrx_word' id='word_1_488' title='bbox 1865 2477 1940 2500; x_wconf 83' lang='lat' dir='ltr'>cuin</span> 
     </span>
     <span class='ocr_line' id='line_1_93' title="bbox 1189 2516 1938 2559; baseline 0 -10"><span class='ocrx_word' id='word_1_489' title='bbox 1189 2523 1380 2551; x_wconf 85' lang='lat' dir='ltr'>statutorum</span> <span class='ocrx_word' id='word_1_490' title='bbox 1392 2546 1399 2559; x_wconf 83' lang='lat'>,</span> <span class='ocrx_word' id='word_1_491' title='bbox 1422 2518 1661 2552; x_wconf 80' lang='lat' dir='ltr'>ordinationum</span> <span class='ocrx_word' id='word_1_492' title='bbox 1673 2544 1680 2558; x_wconf 95' lang='lat'>,</span> <span class='ocrx_word' id='word_1_493' title='bbox 1698 2516 1938 2557; x_wconf 76' lang='lat' dir='ltr'>extensionum,</span> 
     </span>
     <span class='ocr_line' id='line_1_94' title="bbox 1189 2566 1940 2611; baseline 0 -13"><span class='ocrx_word' id='word_1_494' title='bbox 1189 2567 1445 2611; x_wconf 88' lang='lat' dir='ltr'>ampliationum,</span> <span class='ocrx_word' id='word_1_495' title='bbox 1455 2567 1704 2606; x_wconf 86' lang='lat' dir='ltr'>revocationum,</span> <span class='ocrx_word' id='word_1_496' title='bbox 1713 2566 1940 2604; x_wconf 84' lang='lat' dir='ltr'>eassationum,</span> 
     </span>
    </p>
   </div>
   <div class='ocr_carea' id='block_1_16' title="bbox 1190 2626 1940 2711">
    <p class='ocr_par' dir='ltr' id='par_1_23' title="bbox 1190 2626 1940 2711">
     <span class='ocr_line' id='line_1_95' title="bbox 1226 2626 1940 2669; baseline 0 -9"><span class='ocrx_word' id='word_1_497' title='bbox 1226 2635 1236 2660; x_wconf 85' lang='lat'><strong>1</strong></span> <span class='ocrx_word' id='word_1_498' title='bbox 1256 2626 1395 2661; x_wconf 70' lang='lat' dir='ltr'>Omi&#39;ttitur</span> <span class='ocrx_word' id='word_1_499' title='bbox 1414 2639 1488 2662; x_wconf 84' lang='lat' dir='ltr'>tenor</span> <span class='ocrx_word' id='word_1_500' title='bbox 1505 2635 1580 2661; x_wconf 85' lang='lat' dir='ltr'>istius</span> <span class='ocrx_word' id='word_1_501' title='bbox 1595 2633 1803 2667; x_wconf 80' lang='lat' dir='ltr'>constitutionis,</span> <span class='ocrx_word' id='word_1_502' title='bbox 1817 2633 1879 2669; x_wconf 83' lang='lat' dir='ltr'>quia</span> <span class='ocrx_word' id='word_1_503' title='bbox 1889 2632 1940 2660; x_wconf 85' lang='lat' dir='ltr'>ha—</span> 
     </span>
     <span class='ocr_line' id='line_1_96' title="bbox 1190 2674 1593 2711; baseline 0 -10"><span class='ocrx_word' id='word_1_504' title='bbox 1190 2674 1267 2701; x_wconf 86' lang='lat' dir='ltr'>betur</span> <span class='ocrx_word' id='word_1_505' title='bbox 1283 2674 1309 2701; x_wconf 92' lang='lat' dir='ltr'>in</span> <span class='ocrx_word' id='word_1_506' title='bbox 1327 2678 1398 2702; x_wconf 82' lang='lat' dir='ltr'>tomo</span> <span class='ocrx_word' id='word_1_507' title='bbox 1414 2683 1451 2706; x_wconf 83' lang='lat' dir='ltr'>vt,</span> <span class='ocrx_word' id='word_1_508' title='bbox 1470 2683 1529 2711; x_wconf 82' lang='lat' dir='ltr'>pag.</span> <span class='ocrx_word' id='word_1_509' title='bbox 1550 2675 1593 2702; x_wconf 82' lang='lat'>69.</span> 
     </span>
    </p>
   </div>
  </div>
 </body>
</html>
