2237 3100
529 212 617 248 1010
1122 218 1268 244 BULLARII
1291 218 1410 243 nomm

570 275 658 308 ribus
678 274 816 313 Ordinis,
843 273 922 306 ibid.
945 273 973 305 b.
997 271 1175 305 Declaratio
1195 282 1292 316 super
1311 270 1557 316 provincialium
1574 280 1708 304 munere
1728 270 1760 303 in
1780 270 2030 311 visitationibus,

570 328 602 361 in
623 328 757 361 fratrum
779 325 1038 371 promotionibus
1063 330 1094 358 et
1114 326 1321 369 cooptatione
1341 325 1373 357 in
1394 330 1522 359 coetum
1543 329 1685 369 patrum,
1707 324 1785 357 ibid.
1809 330 1840 358 et
1854 335 1934 368 seq.;
1953 324 2032 358 obe-

570 381 691 414 dientia
705 379 926 423 superioribus
943 378 1149 423 praestanda,
1166 378 1233 411 414
1252 390 1287 419 a;
1307 378 1471 422 colloquio
1489 384 1520 412 et
1540 377 1736 411 commercio
1758 388 1832 411 cum
1852 377 2030 411 inhonestis

572 434 783 471 mulieribus,
814 442 918 477 poena
942 432 1180 465 admittentium
1212 432 1363 465 mulieres
1391 431 1475 465 intra
1494 432 1645 473 claustra,
1673 430 1819 465 custodia
1847 430 1919 464 ostii
1951 441 2029 464 con-

571 492 698 526 ventus,
712 485 852 530 hospitio
859 485 1077 518 saecularium
1088 484 1121 517 in
1136 490 1304 523 conventu,
1317 496 1448 518 accessu
1460 486 1595 518 fratrum
1607 484 1647 517 ad
1659 484 1849 518 monialium
1869 488 2032 517 monaste-

571 540 629 579 ria,
645 539 724 572 ibid.
748 539 780 579 b;
800 539 954 582 qualitate
975 538 1091 572 medici
1110 539 1319 579 monialium,
1340 539 1552 582 eiusdemque
1572 537 1757 582 receptione
1778 537 1862 571 intra
1882 538 2033 576 claustra,

569 592 634 625 415
654 604 689 633 a,
709 592 905 625 admissione
930 592 1110 636 puellarum
1141 591 1225 625 inter
1250 592 1418 633 moniales,
1440 592 1519 625 ibid.
1534 603 1546 633 ,·
1575 597 1679 625 aetate
1699 591 1738 624 ad
1759 590 1906 624 habitum
1931 589 2033 624 susci-

568 644 723 689 piendum
743 650 773 678 et
794 644 970 678 emittenda
981 650 1064 686 vota,
1078 655 1205 678 necnon
1223 645 1466 679 conservatione
1482 645 1643 678 bonorum
1659 645 1820 678 dictarum
1834 645 2031 689 puellarum,

567 697 647 731 ibid.
657 698 689 738 b;
702 697 895 731 novitiarum
905 698 1059 740 magistra
1067 703 1098 731 et
1107 698 1297 731 monialium
1313 698 1541 731 exercitatione
1552 698 1585 731 in
1595 698 1682 731 culto
1694 697 1813 738 divino,
1823 697 1902 731 ibid.
1908 709 1920 739 ;
1930 697 2035 742 quali-

569 750 686 783 tatibus
698 750 883 783 confessarii
896 750 1098 791 monialium,
1107 750 1144 784 41
1153 750 1172 784 G
1181 762 1212 784 a.
1225 751 1335 784 Modus
1346 751 1485 795 eligendi
1498 751 1704 792 abbatissam,
1714 750 1793 785 ibid.
1804 750 1880 784 Eius
1889 750 2033 784 officium

568 804 706 837 triennio
738 804 871 844 desinit,
896 804 976 837 ibid.
999 804 1079 847 Eligi
1105 810 1268 847 nequeunt
1294 804 1448 838 Ordinem
1468 804 1684 845 diffamantes,
1711 804 1789 837 ibid.
1813 804 1842 837 b.
1865 803 2032 845 Moniales,

566 859 688 902 absque
708 858 850 899 licentia,
872 858 911 892 ad
932 864 1034 892 crates
1060 858 1109 891 vel
1130 864 1216 891 rotas
1246 869 1310 892 non
1335 858 1509 899 accedant,
1531 858 1628 900 ibid.,·
1647 858 1770 891 litteras
1791 863 1822 891 et
1841 858 2035 892 munuscula

566 922 631 944 non
652 912 792 952 mittant,
814 922 874 945 nec
901 922 918 945 e
943 912 1085 945 claustro
1116 917 1241 952 exeant,
1264 911 1370 953 ibid.;
1392 912 1582 945 indumenta
1606 911 1768 955 simplicia
1788 916 1820 944 et
1848 911 2035 946 communia

565 965 721 1007 deferant,
740 966 820 999 ibid.
843 965 920 999 Tela
948 966 1040 1009 nigra
1059 971 1163 999 crates
1188 965 1430 1010 cooperiantur,
1452 965 1515 999 417
1537 977 1569 999 a.
1592 965 1726 999 Habitus
1750 965 1878 1009 velique
1902 965 2035 998 collatio

566 1019 606 1052 ad
629 1020 735 1053 solum
754 1018 881 1053 Ordinis
901 1019 1103 1064 superiorem
1118 1020 1166 1053 vel
1187 1020 1256 1053 eius
1277 1020 1536 1054 commissarium
1558 1020 1711 1063 pertinet,
1733 1019 1812 1053 ibid.
1836 1019 1948 1053 Modus
1973 1019 2034 1053 eli-

566 1073 661 1116 gendi
679 1073 815 1107 factores
836 1074 1040 1115 monialium,
1067 1074 1145 1107 ibid.
1169 1074 1287 1107 Earum
1307 1085 1463 1108 numerus
1492 1079 1652 1107 statuatur
1679 1073 1711 1106 in
1736 1072 1871 1117 singulis
1895 1083 2035 1107 conven-

567 1127 664 1159 tibus.
691 1127 771 1160 ibid.
793 1126 883 1171 Ipsae
903 1127 1070 1160 transferri
1095 1127 1219 1172 possint
1239 1128 1278 1160 ad
1303 1127 1383 1161 alios
1409 1133 1583 1161 conventus
1604 1137 1662 1171 pro
1688 1126 1930 1167 reformatione,
1952 1125 2033 1160 ibid.

566 1179 771 1213 Confessores
801 1185 916 1213 curent
946 1181 1182 1214 observantiam
1213 1180 1456 1224 praedictorum
1482 1181 1561 1214 ibid.
1588 1180 1767 1214 Declaratio
1803 1179 1890 1213 eirca
1921 1179 2036 1213 fratres

568 1232 741 1267 mittendos
761 1232 801 1265 ad
823 1232 893 1266 loca
914 1233 1109 1274 infidelium,
1128 1234 1176 1266 vel
1202 1244 1235 1267 se
1256 1234 1458 1267 conferentes
1475 1235 1514 1268 ad
1530 1234 1771 1267 haereticorum
1787 1233 1940 1274 confinia,
1957 1243 2034 1267 nec-

566 1297 631 1319 non
651 1286 736 1320 eirca
761 1287 954 1331 protectoris
980 1288 1220 1327 auctoritatem,
1248 1287 1327 1321 ibid.
1360 1288 1389 1320 b.
1421 1288 1553 1327 Quando
1578 1287 1737 1331 generalis
1760 1292 1791 1320 et
1821 1286 2035 1331 provinciales

566 1339 754 1385 dispensare
783 1340 907 1383 possint
935 1340 1021 1373 circa
1052 1341 1219 1384 Regulam,
1241 1340 1306 1375 418
1329 1352 1360 1374 a.
1386 1341 1520 1381 Quando
1540 1341 1700 1384 generalis
1729 1340 1858 1374 visitare
1885 1345 2036 1374 teneatur

566 1394 795 1439 Hispaniarum
816 1400 845 1427 et
866 1394 1083 1437 Portugalliae
1103 1395 1295 1438 provincias,
1315 1395 1394 1428 ibid.
1418 1395 1543 1428 Poenae
1571 1395 1794 1428 ministrorum
1824 1394 1908 1427 hanc
1932 1394 2035 1428 refor-

567 1448 742 1481 mationem
763 1447 878 1491 exequi
903 1448 1150 1492 negligentium,
1177 1448 1256 1481 ibid.
1280 1449 1309 1483 b.
1332 1448 1502 1482 Revocatio
1524 1448 1792 1482 constitutionum
1826 1448 1904 1481 huic
1931 1448 2034 1481 refor-

566 1500 701 1534 mationi
727 1506 759 1534 et
785 1500 924 1534 concilio
949 1501 1138 1535 Tridentino
1166 1501 1418 1543 adversantium,
1440 1502 1519 1535 ibid.
1549 1501 1676 1535 Fratres
1702 1501 1758 1535 Pio
1788 1501 1824 1534 1v
1849 1500 2036 1546 supplicant

566 1566 625 1599 pro
641 1555 880 1588 reformationis
900 1555 1091 1589 executione
1111 1555 1143 1588 in
1164 1555 1315 1589 omnibus
1335 1555 1428 1596 locis,
1450 1555 1530 1589 ibid.
1576 1555 1612 1589 V.
1634 1555 1819 1599 Regulares.

478 1607 600 1642 Missale
620 1609 801 1642 Romanum
819 1610 973 1643 reformat
992 1609 1066 1642 Pius
1090 1609 1124 1650 V,
1144 1620 1181 1642 ae
1201 1609 1323 1653 ubique
1344 1609 1445 1654 recipi
1475 1615 1506 1643 et
1531 1609 1618 1643 iuxta
1644 1609 1724 1642 illud
1751 1609 1908 1643 celebrari
1930 1608 2032 1650 iubet,

565 1663 626 1696 nisi
651 1663 714 1696 alia
743 1663 902 1697 institutio
926 1675 944 1696 a
972 1663 1053 1696 Sede
1078 1662 1263 1708 Apostolica
1289 1663 1468 1707 approbata
1492 1664 1540 1697 vel
1565 1664 1766 1697 consuetudo
1796 1672 1833 1697 cc
1851 1673 1954 1696 annos
1976 1673 2034 1696 ex-

566 1716 684 1750 cedens
713 1717 879 1750 observata
904 1717 956 1758 sit,
977 1716 1040 1751 839
1061 1717 1093 1757 b,·
1113 1716 1194 1750 illud
1214 1716 1377 1752 immutari
1400 1717 1447 1751 vel
1467 1717 1589 1760 absque
1614 1716 1745 1751 licentia
1770 1716 1912 1761 imprimi
1933 1721 2032 1757 vetat,

569 1769 634 1804 840
654 1781 675 1804 α
694 1775 725 1804 et
744 1781 806 1814 seq.

478 1821 646 1857 Missarum
666 1822 841 1856 celebratio
860 1823 1043 1867 vespertino
1065 1829 1212 1868 tempore
1231 1823 1340 1864 vetita,
1361 1822 1426 1857 433
1442 1834 1462 1856 a
1482 1829 1513 1857 et
1531 1833 1594 1867 seq.

477 1875 585 1910 Missas
605 1882 637 1910 et.
656 1875 760 1909 divina
784 1876 891 1910 officia
906 1876 1018 1911 Latino
1038 1877 1103 1911 ritu
1124 1876 1310 1914 celebrandi
1330 1877 1476 1919 facultas,
1502 1876 1631 1911 Graecis
1652 1886 1816 1918 concessa,
1834 1881 1866 1910 et
1881 1875 2032 1918 vicissim,

567 1935 747 1971 revocatur,
774 1929 841 1963 474
859 1941 890 1963 α.

478 1982 670 2017 Monasteria
689 1989 720 2017 et
739 1980 792 2027 pia
811 1984 882 2016 loca
902 1983 942 2016 ab
963 1983 1164 2028 hospitandis
1179 1984 1336 2017 militibus
1361 1983 1558 2025 eximuntur,
1586 1982 1650 2018 508
1670 1995 1690 2017 α
1714 1989 1745 2016 et
1770 1982 1829 2018 971
1853 1994 1885 2016 a.
1907 1983 2034 2016 Poenae

567 2036 598 2069 in
623 2036 892 2070 contrafacientes
917 2042 948 2070 et
969 2037 1000 2070 in
1023 2038 1257 2080 gubernatores
1278 2037 1423 2081 aliosque
1447 2037 1603 2071 officiales
1623 2037 1685 2071 hoc
1706 2036 1776 2071 fieri
1797 2036 2033 2082 permittentes,

565 2091 645 2124 ibid.
675 2091 708 2124 V.
731 2091 926 2131 Electiones,
948 2091 1082 2125 Camera
1097 2092 1295 2136 Apostolica.

478 2143 630 2177 Moniales
650 2149 681 2177 et
700 2154 827 2177 sorores
848 2144 1012 2187 regulares
1033 2144 1270 2188 cuiuscumque
1290 2144 1416 2178 Ordinis
1433 2156 1451 2178 a
1470 2145 1605 2178 decimis
1630 2145 1766 2188 aliisque
1790 2144 1943 2178 oneribus
1963 2143 2030 2177 exi-

566 2203 708 2238 muntur,
735 2196 777 2230 ⁶2⁶2
798 2208 829 2231 a.
848 2197 1066 2231 Commissarii
1087 2197 1300 2242 prohibentur
1320 2198 1443 2242 aliquid
1463 2209 1481 2231 a
1501 2198 1674 2242 praedictis
1696 2198 1837 2241 exigere,
1859 2197 1941 2231 ibid.
1963 2197 2030 2230 Mo-

565 2251 665 2284 niales
690 2251 786 2285 tacite
801 2252 849 2284 vel
870 2262 1018 2295 expresse
1038 2251 1240 2295 Religionem
1262 2252 1424 2296 professae
1444 2253 1628 2286 clausuram
1654 2257 1790 2293 servent,
1811 2251 1881 2285 448
1901 2262 1932 2285 a.
1956 2251 2031 2285 lno-

564 2304 731 2338 bedientes
742 2310 954 2338 coerceantur
963 2316 1020 2348 per
1030 2305 1223 2346 ordinarios,
1235 2306 1314 2338 ibid.
1329 2306 1518 2347 Tertiariae,
1531 2306 1557 2339 si
1569 2306 1714 2339 solemne
1724 2311 1835 2339 votum
1847 2303 2028 2344 emiserint,

565 2357 733 2391 clausurae
753 2358 977 2398 subiiciantur,
998 2358 1047 2391 sin
1067 2364 1175 2392 autem
1188 2369 1245 2403 per
1265 2359 1446 2392 ordinarios
1467 2360 1507 2393 ad
1521 2360 1704 2393 clausuram
1724 2359 1936 2399 suadeantur,
1947 2357 2027 2392 ibid.

566 2409 593 2442 b.
616 2410 703 2450 Quae
722 2422 796 2445 vero
812 2412 995 2445 clausuram
1010 2417 1041 2444 et
1062 2412 1293 2454 professionem
1315 2418 1477 2453 recusant,
1505 2413 1538 2445 in
1560 2412 1679 2446 Ordine
1701 2418 1756 2445 aut
1776 2410 2028 2455 congregatione

566 2473 629 2495 non
654 2464 876 2504 admittantur,
903 2465 981 2498 ibid.
1005 2465 1231 2509 Eleemosynae
1257 2475 1315 2509 pro
1338 2466 1533 2499 monialibus
1559 2466 1755 2510 colligantur
1783 2476 1842 2510 per
1861 2474 2029 2499 conversas

566 2516 613 2548 vel
638 2527 695 2560 per
714 2518 871 2560 professas
892 2518 1105 2561 quadraginta
1129 2529 1229 2551 annos
1245 2524 1347 2559 natas,
1375 2529 1477 2563 prope
1508 2519 1702 2553 monasteria
1728 2519 1929 2560 habitantes,
1946 2517 2027 2551 ibid.

565 2568 741 2603 Conversae
766 2572 928 2614 professae
949 2572 1056 2605 nullae
1081 2572 1220 2615 amplius
1242 2572 1450 2616 recipiantur,
1468 2573 1547 2606 ibid.
1571 2573 1759 2607 Monialium
1779 2582 1935 2606 numerus
1956 2580 2027 2604 mo-

566 2621 780 2659 nasteriorum
804 2623 962 2660 reditibus
983 2624 1211 2659 accomodatus
1238 2624 1291 2666 sit,
1313 2624 1378 2659 449
1403 2636 1434 2659 a..
1457 2624 1619 2660 Ordinarii
1644 2626 1725 2660 nihil
1746 2626 1830 2660 ultra
1850 2623 2028 2669 praemissa
