2237 3100
248 208 297 234 An.
314 206 342 234 C.
364 206 431 234 1570

272 526 326 546 Tun
342 527 430 552 expedi-

247 558 325 578 tionum
341 559 360 577 in
384 563 433 577 rau-

247 590 274 609 sis
285 589 382 609 civilibus
394 589 431 608 tri-

246 620 327 641 bunalis
342 619 366 639 Α.
382 618 403 639 C.

489 259 560 293 Sive
580 258 678 302 igitur
698 258 779 291 adsit
799 256 984 291 commissio
995 255 1058 289 sive
1067 266 1146 297 non,
1164 256 1197 289 in

445 313 551 347 causis
570 311 734 345 ordinarie
754 311 793 344 ad
814 311 901 343 hunc
913 310 1019 343 sorum
1036 310 1197 353 pertinen-

444 367 529 400 tibus
549 366 693 409 exigatur
713 369 748 397 ut
768 364 863 403 infra,
886 367 916 396 et
936 374 1001 396 non
1021 363 1173 407 amplius.

488 420 534 453 Sit
544 420 651 462 itaque
662 416 802 461 pretium
814 417 964 460 perfecta·
976 416 1197 460 expeditionis,

444 480 513 507 taxa
534 478 564 506 et
592 472 664 505 aliis
684 471 836 504 omnibus
861 470 1116 514 comprehensis.

489 528 503 569 ,ξ
525 526 577 559 25.
601 525 662 558 Pro
683 524 858 558 monitorio
875 524 1007 568 speciali
1026 525 1065 557 ad
1078 529 1196 568 partes,

444 580 502 613 iul.
526 589 651 612 novem.

445 634 505 667 Pro
524 632 701 667 monitorio
721 632 853 676 speciali
874 642 933 676 per
957 632 1111 672 edictum,
1139 632 1195 665 iul.

488 686 674 722 duodecim.

443 741 504 774 Pro
525 740 699 774 monitorio
720 739 752 773 in
772 739 835 773 vim
856 740 964 773 bullae
977 739 1196 783 Eugenianae,

487 794 544 827 iul.
568 794 757 828 duodecim.

443 849 503 882 Pro
523 847 712 891 Eugeniana
732 858 790 892 per
810 847 966 888 edictum,
990 846 1047 880 iul.
1066 846 1199 890 quinde-

488 901 565 935 cim.

443 956 503 989 Pro
524 955 700 989 monitorio
721 954 753 987 in
773 954 837 987 vim
856 954 966 988 bullae
991 954 1116 988 Coenac
1137 954 1199 988 Do-

487 1009 580 1050 mini,
602 1009 660 1042 iul.
683 1009 868 1042 duodecim.
1153 1040 1157 1045 ,

444 1064 503 1097 Pro
524 1063 677 1097 citatione
697 1073 771 1096 cum
790 1062 996 1103 inhibitione,
1018 1062 1127 1105 vigore
1142 1073 1200 1107 ap-

486 1117 671 1162 pellationis
686 1122 773 1151 extra
783 1117 924 1157 Curiam,
937 1128 1011 1150 cum
1024 1116 1200 1149 insertione

489 1171 696 1206 instrumenti
707 1171 884 1205 sententiae
900 1183 918 1205 a
929 1182 990 1215 qua
1003 1171 1198 1215 appellatur,

490 1226 547 1259 1111.
570 1226 694 1259 decem.

446 1280 507 1313 Pro
528 1279 744 1312 instrumento
761 1278 978 1319 remissoriae,
1001 1278 1059 1311 iul.
1073 1288 1198 1311 novem.

446 1334 508 1367 Pro
528 1334 744 1367 instrumento
762 1333 826 1366 litis
836 1332 1030 1378 pendentiae
1040 1338 1128 1366 extra
1139 1332 1201 1366 Cu-

492 1387 585 1427 riam,
607 1387 665 1420 iul.
688 1397 814 1420 novem.

447 1441 508 1474 Pro
529 1446 733 1485 transumpto
754 1440 891 1485 simplici
909 1440 1006 1473 unius
1023 1440 1130 1473 bullae
1146 1451 1202 1474 seu

493 1494 698 1528 instrumenti
719 1500 774 1528 aut
794 1494 940 1535 cedulae,
953 1494 1001 1527 vel
1017 1494 1112 1527 etiam
1130 1495 1202 1538 plu-

495 1550 580 1583 rium
602 1550 757 1582 similium
785 1550 832 1583 vel
853 1549 993 1582 aliorum
1024 1549 1146 1582 iurium
1172 1549 1204 1582 in

494 1605 608 1638 eodem
624 1608 827 1647 transumpto
838 1603 1090 1647 descriptorum,
1104 1603 1205 1637 sisue-

494 1658 556 1691 rint
572 1658 721 1691 informa
740 1658 912 1697 Probnnti',
935 1657 993 1689 iul.
1018 1657 1201 1691 duodecim.

450 1712 481 1746 Si
511 1723 587 1745 vero
607 1712 639 1744 in
660 1712 763 1744 forma
803 1712 959 1751 Vidimus,
979 1710 1034 1743 iul.
1066 1722 1180 1744 novem
1195 1738 1202 1751 ,

494 1766 602 1799 habita
622 1771 728 1798 tamen
754 1765 877 1798 ratione
897 1776 1045 1799 excessus
1065 1765 1204 1809 scriptu-

494 1831 605 1853 rarum
626 1819 760 1852 arbitrio
781 1818 910 1859 iudicis,
933 1819 1040 1862 quoad
1060 1819 1204 1853 laborem

494 1874 624 1908 notarii.

449 1929 510 1962 Pro
535 1933 701 1972 sequestro
722 1933 811 1961 extra
830 1928 973 1967 Curiam,
994 1928 1051 1961 iul.
1074 1939 1202 1961 novem.

449 1983 509 2016 Pro
520 1982 635 2015 litteris
646 1982 911 2025 superviventiae,
925 1993 1007 2025 quae
1018 1993 1083 2015 non
1099 1988 1205 2016 taxen-

492 2042 557 2076 tur,
580 2036 638 2069 iul.
661 2041 813 2079 quatuor,
836 2046 898 2068 una
925 2046 998 2068 cum
1020 2035 1135 2079 sigillo.

448 2090 508 2123 Pro
542 2090 605 2123 side
633 2089 804 2133 legalitatis
836 2089 1049 2133 apponendae
1084 2090 1203 2123 instru-

492 2144 610 2177 mentis
630 2143 843 2184 notariorum,
859 2143 891 2176 in
913 2148 1028 2183 totum,
1051 2154 1116 2177 una
1129 2155 1203 2177 cum

492 2197 609 2240 sigillo,
632 2197 689 2230 iul.
714 2198 807 2230 [11105.

448 2253 509 2285 Pro
530 2252 680 2285 mandato
701 2252 740 2284 de
765 2251 965 2295 exequendo,
994 2251 1050 2283 iul.
1075 2262 1200 2286 novem.

448 2306 509 2339 Pro
530 2311 605 2339 nota
626 2305 802 2338 sententiae
818 2305 899 2337 1111111
920 2305 1076 2348 exigatur.

448 2359 509 2392 Pro
531 2359 684 2403 sportulis
704 2359 799 2392 etiam
820 2359 912 2391 nihil.

495 2410 509 2449 ξ
533 2408 586 2441 ⁶26.
611 2409 648 2441 At
675 2409 708 2441 in
729 2408 834 2441 causis
861 2419 944 2452 quae
970 2419 1028 2451 per
1053 2409 1203 2442 commis-

279 2470 333 2490 Tm
348 2469 435 2497 mpodi—
451 2457 575 2490 sionem
603 2458 872 2498 introducuntur,
894 2463 924 2490 et
944 2458 982 2490 ab
1004 2457 1097 2490 initio
1131 2464 1205 2491 sunt

251 2502 331 2521 tionum
347 2502 367 2521 in
386 2506 435 2520 cau-

253 2534 282 2553 sis

310 2533 434 2553 commissa-

451 2507 702 2546 eommissariac,
716 2518 820 2551 neque
832 2507 910 2540 alias
920 2507 959 2540 ad
972 2506 1069 2540 liuius
1080 2507 1138 2539 fori
1152 2518 1205 2540 co-

252 2563 434 2585 nisCuriaeA.c-
450 2556 626 2599 gnitionem
649 2562 805 2601 spectant,
820 2558 960 2591 solvatur
972 2562 1007 2590 111
1022 2557 1179 2600 sequitur.

494 2606 555 2640 Pro
576 2605 727 2640 citatione
746 2607 854 2650 vigore
872 2606 1119 2647 commissionis,
1131 2606 1202 2640 abs-

1042 202 1221 228 BULLARIUM
1245 202 1397 228 ROMANUM

1282 255 1556 299 queinhibitione
1570 262 1657 291 extra
1667 257 1810 301 Curiam,
1833 258 1892 293 1111.
1914 270 1987 294 nov,

1238 310 1299 343 Pro
1320 309 1470 343 citatione
1500 320 1574 343 cum
1600 310 1791 345 inhibitione
1824 312 1989 357 simplici,

1283 362 1340 395 iul.
1364 362 1527 395 undecim.

1240 416 1300 449 Pro
1321 415 1472 449 citatione
1492 426 1567 449 cum
1588 416 1781 451 inhibitione
1801 418 1860 452 sub
1876 430 1992 453 censu-

1285 469 1340 511 ris,
1364 470 1422 502 iul.
1446 470 1706 513 quatuordecim.

1240 525 1300 557 Pro
1322 523 1472 557 citatione
1493 535 1567 557 cum
1587 524 1780 558 inhibitione
1800 525 1861 559 sub
1880 537 1994 561 censu-

1284 578 1327 610 ris
1349 588 1407 622 per
1427 577 1568 611 edietum
1583 604 1590 618 ,
1612 578 1708 611 etiam
1737 590 1796 622 pro
1811 581 1993 615 necessario

1284 630 1441 671 examine,
1464 631 1521 664 iul.
1545 631 1657 664 decem
1679 636 1709 665 et
1728 637 1812 666 octo.

1240 686 1301 718 Pro
1322 685 1514 718 inhibitione
1526 685 1666 729 simplici
1678 690 1765 720 extra
1775 686 1919 728 Curiam,
1933 687 1991 721 iul.

1285 749 1412 772 novem.

1241 793 1301 826 Pro
1323 792 1514 826 inhibitione
1535 798 1623 826 extra
1642 792 1772 827 Curiam
1797 794 1857 828 sub
1878 804 1995 828 censu-

1285 846 1341 887 ris,
1364 846 1420 879 iul.
1442 846 1627 880 duodecim.

1241 901 1302 934 Pro
1323 900 1516 934 inhibitione
1537 902 1569 934 in
1593 900 1714 942 Curia,
1741 901 1800 935 iul.
1827 906 1892 936 tres
1921 912 1995 937 cum

1285 954 1432 988 dimidio.

1242 1009 1302 1043 Pro
1323 1009 1496 1043 monitorio
1516 1009 1660 1053 speciali,
1682 1009 1738 1043 iul.
1762 1010 1961 1054 quindecim.

1242 1063 1302 1096 Pro
1313 1062 1396 1096 notis
1408 1063 1640 1097 sententiarum
1651 1063 1901 1107 definitivarum,
1914 1077 1998 1110 quae

1286 1117 1318 1151 in
1336 1117 1463 1161 seriptis
1478 1117 1701 1161 proferuntur,
1722 1118 1755 1151 in
1765 1119 1998 1163 primainstan-

1289 1171 1342 1211 tia,
1365 1171 1422 1203 iul.
1446 1171 1672 1215 quadraginta;
1700 1172 1733 1204 in
1753 1173 1913 1215 secunda,
1935 1173 1994 1208 iul.

1287 1224 1429 1268 triginta,
1451 1225 1483 1257 in
1503 1225 1609 1266 tertia,
1631 1225 1688 1258 iul.
1711 1225 1833 1269 viginti.

1243 1278 1304 1312 Pro
1325 1284 1399 1311 nota
1420 1278 1618 1312 absolutoria
1638 1278 1677 1312 ab
1698 1279 1922 1314 observatione
1950 1280 1998 1314 iu-

1288 1333 1379 1373 dicii,
1403 1333 1461 1366 iul.
1485 1333 1686 1376 quindecim.

1244 1387 1305 1421 Pro
1322 1393 1397 1421 nota
1422 1388 1698 1428 interlocutoriae,
1720 1388 1778 1421 iul.
1797 1388 1996 1433 quindecim.

1244 1441 1305 1474 Pro
1324 1446 1399 1474 nota
1419 1441 1660 1483 declaratoriae,
1681 1441 1738 1475 iul.
1762 1448 1848 1477 octo.

1245 1497 1306 1530 Pro
1327 1496 1476 1530 mandato
1497 1496 1535 1529 de
1556 1496 1756 1540 exequendo,
1779 1496 1838 1531 iul.
1860 1497 1998 1542 quinde-

1291 1561 1366 1583 cmi.

1246 1604 1307 1637 Pro
1331 1609 1508 1647 sequestro,
1529 1603 1588 1637 iul.
1611 1603 1812 1647 quindecim.

1246 1658 1307 1691 Pro
1327 1657 1480 1701 sportulis
1504 1657 1650 1691 iudicum
1671 1668 1735 1702 ‘pro
1756 1659 1923 1693 sententiis
1942 1660 1998 1694 de-

1290 1711 1420 1744 finitivis
1440 1721 1478 1744 ex
1497 1711 1617 1755 scripto
1638 1712 1852 1755 proferendis,
1870 1723 1935 1746 non
1951 1714 2000 1747 ul-

1291 1770 1338 1799 tra
1360 1765 1391 1798 id
1410 1765 1497 1809 quod
1514 1765 1547 1798 in
1567 1765 1639 1799 aliis
1652 1765 1765 1800 Curiae
1780 1766 2000 1801 tribunalibus

1290 1819 1463 1853 ordinariis
1492 1830 1510 1853 a
1538 1819 1642 1853 felicis
1674 1820 1911 1855 recordationis
1942 1821 1999 1855 Pio

1290 1874 1375 1917 Papa
1390 1878 1506 1918 quarto
1526 1874 1763 1919 praescriptum
1784 1880 1842 1908 est.

1291 1928 1306 1972 ξ
1326 1928 1378 1961 27.
1402 1928 1445 1961 De
1466 1928 1580 1961 ceteris
1600 1939 1676 1962 vero
1705 1928 1795 1970 actis,
1831 1929 2002 1974 scripturis

1247 1987 1278 2015 ct
1296 1981 1553 2025 expeditionibus
1572 1981 1795 2026 infrascriptis,
1807 1983 1870 2017 sive
1886 1994 2002 2017 causae

1247 2036 1309 2069 sint
1329 2035 1513 2068 ordinariae
1535 2035 1599 2069 sive
1625 2036 1877 2079 commissariae,
1898 2037 2000 2071 solva-

1246 2094 1300 2122 tur
1319 2089 1542 2123 tantummodo
1562 2089 1803 2134 infrascriptum
1832 2089 1972 2135 pretium

1246 2143 1405 2177 videlicet:
1808 2187 1813 2189 -

1246 2200 1306 2232 Pro
1340 2197 1671 2242 compulsorialihus,
1703 2198 1908 2241 generalibus
1936 2198 2001 2233 sive

1290 2252 1497 2297 specialibus,
1517 2252 1573 2285 iul.
1597 2251 1782 2285 duodecim.

1246 2307 1307 2339 Pro
1328 2307 1435 2350 palmo
1456 2305 1553 2339 rotuli
1581 2306 1805 2347 remissoriae,
1835 2306 1893 2340 iul.
1919 2312 1996 2341 tres.

1290 2357 1341 2393 Sit)
1354 2364 1461 2393 autem
1483 2360 1610 2403 palmus
1629 2360 1788 2393 linearum
1808 2359 1950 2404 triginta,
1969 2365 1999 2394 et

1290 2408 1374 2441 linea
1394 2409 1588 2452 syllabarum
1615 2409 1725 2442 decem
1747 2414 1777 2442 et
1800 2414 1884 2443 octo.

1245 2458 1306 2491 Pro
1327 2458 1544 2491 instrumento
1560 2458 1776 2498 remissoriae,
1798 2457 1855 2491 iul.
1878 2458 1999 2492 duode-

1291 2506 1365 2539 cim.

1246 2558 1306 2590 Pro
1328 2557 1544 2590 instrumento
1558 2556 1621 2589 litis
1638 2556 1827 2600 pendentiae
1838 2555 1870 2590 in
1885 2556 1992 2598 Curia,

1289 2606 1347 2640 iul.
1370 2612 1510 2652 quatuor
1530 2617 1604 2641 cum
1624 2606 1768 2640 dimidio.

2005 204 2054 232 An.
2072 203 2101 232 C.
2120 201 2190 231 ¹570

2042 1933 2096 1954 Tau
2111 1934 2199 1961 expedi-

2016 1966 2105 1991 tionum,
2139 1968 2197 1986 acto-

2016 2002 2059 2017 rum
2075 2003 2099 2018 ac
2110 1997 2199 2024 scriptu-

2016 2033 2084 2048 rarum
2099 2028 2119 2048 in
2144 2034 2196 2049 cau-

2015 2060 2045 2080 si:
2086 2060 2199 2080 ordinarii·

2015 2093 2037 2111 et
2047 2091 2198 2111 commissu-iis

2016 2121 2090 2143 cin-iae
2105 2121 2131 2142 A.
2146 2121 2168 2142 «2.
