2237 3100
55 298 230 326 An.c.1561

50 361 157 380 interesse
181 365 234 379 con-

51 396 139 411 cernen.
151 394 172 411 et
187 391 234 411 illas

51 427 74 442 ac
85 421 136 442 alias
147 427 233 441 moven-

51 453 87 473 das
102 454 123 473 in
147 453 234 473 (lamera

50 484 172 511 apostolica
196 491 234 505 cu-

51 516 122 539 gnosci
147 516 233 536 manda-

50 547 86 567 vit.

920 298 987 321 Plus
1011 298 1041 321 IV
1065 298 1110 321 Pr’.

248 351 394 384 civilibus
404 351 518 384 fiscum
535 358 680 385 nostrum
692 351 906 393 tangentibus,
921 363 996 395 pro-

248 404 354 449 prium
375 405 514 438 tribunal
555 406 721 438 camerarii
742 418 778 439 ac
813 406 996 449 praesiden-

248 458 327 491 tium
348 458 499 491 Gamerae
520 459 720 502 Apostolicae
742 460 888 491 maximis
903 460 997 492 ratio—

248 511 353 551 nibus,
377 517 406 544 et
426 523 490 545 non
512 512 639 545 modico
673 513 815 546 eiusdem
845 513 996 546 Gamerae

247 564 424 609 dispendio,
436 571 471 598 ut
483 577 596 598 causae
614 567 773 609 praefatae
794 577 852 610 per
872 568 995 609 praesa-

247 624 294 652 tos
315 630 372 662 pro
395 624 538 663 tempore
560 621 789 663 praesidentes,
813 620 843 652 in
864 620 994 653 Camerti

246 673 441 716 Apostolica,
469 673 523 705 ubi
544 678 571 705 et
594 680 786 717 procurator
806 673 873 705 tisci
895 674 994 706 nostri

244 727 411 769 apostolici
437 727 616 765 intervenit,
639 727 863 765 discutiantur,
886 727 994 771 dispu-

244 785 352 813 tentur
372 786 402 813 et
422 786 586 819 notentur,
602 786 699 824 utque
717 781 782 825 ipse
803 787 996 825 procurator

244 833 311 866 fisci
332 834 432 867 nostri
453 845 517 867 non
535 840 669 875 coeatur
679 846 738 879 pro
750 835 854 867 causis
867 835 992 873 liscum,

244 892 279 921 ut
298 887 490 931 praefertur,
513 889 727 930 tangentibus,
751 900 824 921 eum
844 899 908 921 non
925 900 994 922 mo-

243 941 314 974 dica
348 941 416 974 eius
449 942 488 974 ab
522 942 790 986 occupationibus
825 942 872 974 sui
899 942 993 975 oflicii

243 995 449 1028 distractione
471 1001 500 1028 et
520 1007 583 1029 non
605 997 672 1029 sine
693 996 786 1028 etiam
809 995 994 1037 indignitate

243 1048 358 1089 officii,
390 1050 476 1093 quod
502 1050 573 1082 loco
595 1050 727 1093 praefati
747 1049 890 1081 Caesaris
920 1061 993 1082 suc-

243 1103 336 1135 cessit
368 1108 398 1136 et
427 1102 513 1135 illius
542 1103 705 1148 privilegio
727 1103 758 1135 in
779 1102 869 1135 dictis
890 1103 994 1136 causis

244 1155 356 1197 utitur,
379 1157 490 1190 saltem
511 1157 633 1190 ratione
668 1156 863 1189 interventus
892 1157 940 1189 sui
962 1157 993 1189 in

242 1210 387 1251 Camera,
411 1211 487 1243 dum
522 1211 619 1254 ipsae‘
642 1221 757 1243 causae
782 1209 860 1242 inibi
885 1210 992 1244 discu-

243 1264 368 1298 tiuntur
388 1270 418 1298 et
438 1269 601 1303 notantur,
625 1269 655 1297 et
674 1263 776 1297 felicis
796 1264 992 1297 recordatio-

242 1318 291 1351 nis
316 1318 434 1351 Paulus
458 1318 508 1358 Ill,
524 1318 750 1361 praedecessor
770 1323 889 1356 noster,
912 1323 992 1351 tem-

242 1382 320 1415 pore
345 1382 414 1411 suo,
438 1371 495 1405 ista
520 1372 656 1411 ratione,
680 1382 736 1415 per
757 1371 991 1416 praeinsertum

241 1425 311 1459 eius
338 1430 461 1459 motum
483 1425 665 1470 proprium,
688 1425 787 1458 dictas
816 1436 928 1458 causas
955 1428 992 1458 ti-

242 1491 332 1513 scum
367 1484 531 1523 tangentes
563 1485 650 1512 extra
680 1478 859 1519 Cameram,
883 1491 990 1513 coram

241 1533 311 1567 aliis
330 1533 491 1568 iudicibus
511 1533 768 1567 ettribunalibus
788 1534 892 1575 Urbis,
912 1535 993 1568 inter

242 1588 355 1621 fiscum
376 1593 407 1621 et
426 1588 583 1632 privatum
610 1589 797 1621 commissas
824 1590 871 1621 vel
901 1590 993 1622 aliter

241 1646 381 1686 coeptas,
404 1642 467 1675 sive
486 1642 519 1675 in
539 1642 708 1686 petitorio,
731 1643 793 1676 sive
814 1643 845 1675 in
867 1654 991 1688 posses-

241 1696 345 1736 sorio,
368 1707 405 1729 ac
425 1695 588 1740 quibusvis
617 1702 699 1729 statu
724 1702 754 1729 et
775 1697 939 1737 terminis,
962 1708 992 1730 e-

239 1750 315 1784 tiam
337 1749 361 1782 si
381 1749 555 1783 instructae
577 1751 706 1791 suerint,
729 1751 768 1784 ad
790 1763 821 1784 se
842 1762 991 1785 avocave-

239 1804 291 1845 rit,
315 1809 345 1837 et
365 1804 467 1837 eidem
489 1805 667 1837 camerario
684 1810 714 1837 et
737 1805 1000 1848 praesidentibus.

239 1869 276 1892 ac
305 1858 337 1891 in
363 1858 495 1903 proprio
516 1858 669 1892 tribunali
690 1859 896 1897 commiserit,
919 1870 992 1892 nec-

239 1924 304 1946 non
324 1913 418 1946 etiam
449 1913 480 1945 in
510 1913 655 1946 futurum
680 1914 925 1947 committendas
944 1914 990 1946 vel

239 1967 316 2000 alias
348 1966 547 2011 incipiendas
580 1966 649 1999 illas
678 1968 835 2008 similiter,
871 1969 991 2011 absque

222 2020 299 2055 ‚alia
319 2032 377 2065 pro
398 2026 543 2064 tempore
557 2021 864 2055 RomaniPontificis
885 2022 989 2064 signa-

93 2294 142 2316 Cum
171 2302 221 2315 veto

42 2327 98 2347 multi
118 2328 222 2347 cunstitu-

42 2358 119 2378 tionem
129 2357 185 2378 Pauli
196 2359 221 2377 tt<

42 2389 115 2409 mitent
144 2390 163 2409 in
187 2390 223 2409 ali*

42 2419 114 2446 quibus
132 2420 221 2445 casibus,

238 2081 310 2108 tura
330 2075 377 2107 vel
403 2074 564 2114 mandato,
588 2076 719 2119 propria
744 2087 856 2109 eorum
878 2082 990 2109 aucto-

239 2127 351 2168 ritate,
383 2128 421 2161 ad
455 2139 487 2161 se
519 2129 671 2161 avocandi
707 2135 736 2162 et
771 2130 989 2164 reas-sumendi

239 2182 372 2215 liberam
393 2182 575 2215 facultatem
599 2183 766 2216 concessit.

283 2235 347 2278 §2
384 2235 530 2279 Cumque
563 2236 667 2279 <sicut
700 2238 901 2282 accepimus)
926 2249 989 2272 non

239 2289 342 2322 desint,
361 2290 432 2332 qui,
463 2295 534 2334 post
563 2292 851 2334 reassumptionem
880 2293 911 2326 in
932 2293 989 2326 Ca-

239 2354 327 2376 mera
365 2343 566 2387 Apostolum,
591 2349 623 2376 ut
649 2346 843 2387 praessfrtur,
875 2347 988 2380 saetam

239 2402 351 2430 contra
385 2397 511 2436 liscum,
549 2397 579 2429 in
614 2397 785 2441 signaturis
817 2400 921 2433 adhuc
951 2402 989 2433 ad

237 2450 317 2483 alios
350 2451 471 2483 iudices
504 2451 631 2483 trabere
666 2460 823 2486 conantur
861 2453 991 2487 diversis

239 2500 472 2544 praetextibus,
507 2512 543 2532 ac
579 2501 751 2544 praecipue
781 2503 910 2544 quando
932 2515 989 2548 pro

239 2555 383 2592 tempore
406 2554 631 2592 procuratores
653 2551 776 2584 fiscales
795 2562 903 2584 coram
922 2553 991 2585 aliis

239 2597 416 2638 iudicibus,
452 2599 625 2642 alimiando
661 2610 717 2642 per
752 2600 908 2633 incuriam
943 2603 989 2634 vel

239 2646 508 2690 multiplicitatem
543 2648 772 2691 negociorum,
800 2651 921 2694 proprii
961 2651 990 2683 in

239 2696 299 2729 hoc
332 2696 487 2739 privilegii
520 2698 578 2730 sori
609 2708 673 2730 non
695 2709 868 2737 memores,
896 2710 991 2743 agere

317 2749 392 2780 Ball.
411 2749 487 2780 Rom.
517 2750 568 2781 Vol.
596 2751 652 2781 VII.
836 2753 871 2783 v18

1682 284 1746 318 137

1038 351 1085 383 vel
1108 349 1302 392 respondere
1336 349 1382 380 vel
1411 348 1489 379 alias
1519 347 1548 379 in
1579 346 1702 380 iudices
1728 357 1791 380 non

1040 415 1114 436 suos
1122 401 1302 437 consentire
1313 405 1502 444 coeperunt,
1512 411 1547 433 ac
1560 400 1654 433 etiam
1663 401 1792 444 quando

1040 458 1070 490 in
1093 467 1244 500 processu
1266 465 1449 494 causarum,
1473 454 1555 486 inter
1572 453 1719 497 privatos,
1741 454 1790 485 in-

1040 516 1155 543 teresse
1195 510 1262 542 tisci
1298 508 1457 551 detegitur
1485 507 1709 551 principaliter
1743 507 1791 540 vel

1039 564 1239 597 secundario.

1082 619 1096 659 S,
1117 618 1146 650 a.
1175 618 1247 655 Nos,
1268 617 1466 650 attendentes
1491 616 1575 658 quod
1588 615 1789 659 privilegium

1039 671 1097 704 sori
1119 672 1195 704 {iseo
1217 682 1405 704 eoncessum
1423 670 1584 703 concernit
1609 669 1787 713 publicum,

1038 730 1065 757 et
1087 726 1186 768 quod,
1211 725 1268 757 ista
1289 724 1424 761 ratione,
1448 724 1530 756 idem
1552 724 1671 756 Paulus
1697 734 1789 767 prae-

1038 780 1187 811 deeessor
1207 790 1319 811 causas
1337 779 1418 811 inter
1431 779 1544 811 liscum
1566 783 1596 810 et
1616 778 1787 821 privatum,

1037 833 1131 865 etiam
1166 833 1239 865 alibi
1275 832 1455 871 instructas,
1477 844 1534 875 per
1555 832 1788 875 praeinscrtum

1038 892 1159 919 motum
1182 886 1351 930 proprium
1373 886 1523 922 avocavit,
1538 891 1565 918 et
1588 886 1673 929 quod
1690 897 1789 929 quan-

1036 942 1238 984 documque,
1275 941 1369 973 etiam
1401 941 1430 972 in
1460 941 1563 972 causis
1593 952 1674 984 quae,
1708 941 1790 974 inter

1037 995 1175 1038 privatos
1186 1000 1336 1035 aguntur,
1354 995 1513 1037 tletsi=gitur
1534 994 1600 1026 tis-ci
1622 995 1786 1032 interesse,

1037 1048 1097 1080 sive
1127 1048 1348 1092 principaliter
1372 1047 1433 1080 sim
1464 1048 1675 1085 secundario,
1706 1048 1787 1080 idem

1037 1102 1132 1135 fiscus
1152 1103 1245 1135 debet
1265 1102 1405 1142 gaudere
1423 1102 1469 1134 sui
1489 1102 1546 1134 sori
1570 1101 1742 1145 privilrpio,
1760 1108 1790 1135 et

1035 1156 1114 1188 alios
1143 1156 1269 1189 trabere
1299 1161 1329 1188 et
1359 1166 1422 1188 non
1444 1156 1539 1193 tralii;
1563 1161 1651 1187 motu
1673 1156 1786 1196 simili,

1036 1220 1072 1242 ex
1092 1214 1178 1242 certa
1199 1209 1341 1249 scientia,
1365 1209 1589 1242 haesitationes
1601 1214 1630 1241 et
1651 1209 1789 1242 difficul-

1036 1268 1115 1296 tates
1135 1263 1321 1296 huiusmodi
1343 1263 1532 1296 submovere
1546 1290 1553 1303 ,
1576 1274 1613 1296 ac
1634 1263 1727 1296 etiam
1750 1264 1788 1295 fi-

1035 1328 1087 1349 sco
1110 1323 1217 1350 nostro
1239 1324 1267 1350 et
1289 1318 1374 1350 illius
1390 1328 1448 1361 pro
1465 1322 1610 1361 tempore
1632 1328 1788 1360 procura-

1036 1371 1112 1403 toris
1132 1370 1387 1404 incommoditati
1412 1382 1449 1403 ac
1470 1371 1649 1414 indignitati
1671 1382 1787 1403 occur—

1036 1435 1105 1457 rere
1141 1426 1306 1469 cupientes
1335 1431 1363 1457 et
1395 1425 1557 1463 debentes,
1582 1430 1668 1456 motu
1691 1424 1787 1457 simili

1034 1490 1070 1511 ac
1091 1490 1127 1511 ex
1144 1485 1229 1512 certa
1251 1478 1393 1519 scientia,
1408 1479 1644 1522 praeinsertum
1663 1484 1786 1511 motum

1037 1533 1216 1577 proprium,
1236 1539 1300 1566 tam
1321 1533 1427 1577 quoad
1448 1532 1510 1565 iam
1533 1533 1619 1572 alibi,
1643 1532 1736 1565 etiam
1756 1532 1787 1565 in

1034 1586 1124 1627 Rota,
1147 1592 1175 1619 et
1198 1593 1286 1620 motu
1305 1587 1436 1632 proprio
1453 1587 1640 1620 commissas
1660 1590 1689 1619 et
1709 1586 1788 1618 alias

1034 1645 1228 1684 coeptasque
1249 1641 1280 1674 in
1298 1647 1461 1685 posterum
1481 1640 1726 1673 committendas
1740 1641 1787 1674 vel

1034 1694 1111 1727 alias
1131 1695 1330 1738 incipiendus
1356 1706 1477 1735 causas,
1505 1695 1704 1728 innovamus.
1729 1696 1788 1728 De-

1035 1748 1191 1781 clarantes
1212 1750 1302 1782 illum
1325 1749 1449 1782 extendi
1466 1754 1507 1789 et,
1526 1755 1685 1792 quatenus
1708 1760 1790 1793 opus

1034 1802 1083 1841 sit,
1107 1803 1312 1836 extendentes
1344 1804 1439 1836 etiam
1461 1803 1499 1835 ad
1521 1814 1645 1843 causas,
1670 1803 1701 1836 in
1722 1803 1790 1847 qui-

1034 1856 1093 1888 bus
1127 1863 1319 1900 procurator
1340 1858 1426 1895 sisci,
1457 1858 1580 1899 agendo
1605 1858 1653 1890 vel
1679 1858 1789 1890 (lesen-

1034 1910 1148 1951 dendo,
1167 1922 1275 1944 eoram
1297 1912 1366 1944 aliis
1388 1911 1547 1944 iudicibus
1569 1917 1598 1945 et
1618 1911 1789 1944 tribunali-

1034 1963 1093 1996 bus
1114 1966 1345 2009 con‘iparendo,
1367 1966 1415 1998 vel
1432 1965 1509 1998 alias
1531 1966 1744 1999 consensisset
1759 1972 1790 1999 et

1034 2017 1164 2051 illorum
1200 2019 1454 2052 iurisdictionem
1490 2025 1714 2063 l‘n‘orogasseffl
1752 2031 1788 2053 ac

1033 2071 1126 2104 etiam
1145 2073 1197 2105 ubi
1216 2073 1367 2106 interesse
1383 2073 1467 2113 fisci,
1489 2074 1551 2106 sive
1569 2073 1789 2117 principaliter

1033 2125 1094 2158 sive
1116 2127 1324 2167 secundario,
1346 2126 1377 2159 in
1399 2127 1504 2159 causis
1528 2127 1590 2159 iam
1612 2127 1695 2160 inter
1719 2127 1786 2171 pri-

1033 2185 1119 2212 vatos
1144 2181 1285 2224 coeptis,
1309 2181 1523 2223 detegeretur,
1548 2182 1724 2214 dummodo
1750 2181 1788 2215 sit

1033 2238 1184 2272 interesse
1206 2239 1308 2279 civile,
1331 2244 1361 2272 et.
1381 2240 1558 2272 dummodo
1584 2251 1698 2273 causac
1726 2240 1786 2274 liu-

1032 2296 1189 2337 iusmodi,
1213 2299 1307 2331 etiam
1334 2298 1421 2341 quod
1443 2298 1473 2331 in
1495 2298 1557 2331 illis
1576 2303 1717 2331 vertatur
1737 2300 1786 2332 in-

1032 2361 1149 2388 teresse
1166 2356 1251 2397 fisci,
1276 2367 1338 2389 non
1360 2356 1419 2388 sint
1450 2367 1507 2400 per
1546 2356 1788 2391 commissiones

1034 2425 1130 2447 manu
1143 2420 1249 2447 nostra
1268 2414 1408 2458 propria,
1427 2414 1562 2447 scientes
1578 2415 1615 2448 dc
1633 2415 1786 2449 interesse

1033 2472 1112 2511 fisci,
1135 2473 1204 2505 aliis
1225 2473 1384 2505 iudicibus
1404 2478 1434 2505 ct
1454 2473 1687 2514 tribunalibus,
1711 2485 1785 2507 eum

1033 2530 1161 2573 speciali
1183 2537 1209 2563 et
1233 2542 1379 2574 expressa
1397 2532 1572 2574 praesentis
1593 2537 1698 2565 motus
1715 2544 1786 2576 pro-

1034 2588 1094 2631 prii
1116 2589 1334 2631 derogatione,
1354 2590 1543 2623 commissae
1568 2600 1632 2623 non
1653 2590 1783 2630 suerint,

1033 2657 1112 2689 quas
1133 2647 1286 2680 nolumus
1307 2648 1530 2690 pracsmttibus
1550 2659 1616 2681 esse
1638 2660 1786 2694 compre-

1034 2704 1161 2746 hensas,
1180 2705 1232 2739 sed
1254 2717 1381 2750 semper
1397 2712 1554 2751 exceptas.

1807 294 1857 320 An.
1874 293 1903 320 C.
1924 294 1986 320 1561

1866 558 1877 571 0

1838 625 1873 646 [lic
1895 626 1989 647 Pontifex

1806 659 1899 677 extendit
1914 660 1988 678 dictam

1806 691 1978 709 sunstmmonem

1806 725 1868 740 etiam
1893 722 1916 742 ad
1941 722 1989 741 illos

1806 758 1875 777 elisur&
