2237 3100
106 173 154 199 An.
173 173 202 199 C.
223 173 290 200 ¹555

971 175 1038 199 Pli's
1062 174 1092 197 iv
1116 175 1162 197 PP.

349 224 436 268 535.
474 226 517 258 Ac
537 224 717 258 Alexander
745 225 801 266 VI,
824 226 975 260 Nicolaus
1010 227 1054 263 ΙΙ,

131 288 190 309 Aiex.
217 287 242 308 Vi
266 293 290 309 ae
304 278 466 311 Honorius
487 278 584 311 etiam
605 278 653 318 lv,
686 279 869 312 Bonifacius
889 280 965 320 VIII,
987 280 1057 314 Cle-

105 319 140 339 alii
156 319 213 340 Rom,
237 318 291 339 Pon-

106 351 172 371 [ilices

104 382 164 408 plura
174 382 214 402 alia
225 382 293 402 indui.

105 416 125 433 ta
160 416 182 433 et
211 413 289 438 granas

222 342 396 377 quam.mens
415 331 511 364 etiam
532 332 567 369 V,
597 332 803 365 Innocentius
830 333 882 373 vl,
911 334 1058 367 Urbanus

305 385 401 418 etiam
423 385 470 425 IV,
494 385 658 427 Eugenius
679 385 826 418 similiter
859 387 895 419 IV
909 414 916 426 ,
953 387 1058 420 Sixtus

105 447 266 465 poncesserum.
305 439 399 472 etiam
416 439 465 479 IV,
487 439 695 471 Innocentius
711 439 805 472 etiam
822 440 898 480 vul,
922 441 1056 473 Alexan-

126 1087 163 1109 Hic
189 1087 285 1110 Poniisox

98 1119 146 1141 Pius
157 1119 185 1140 IV
193 1120 229 1141 illa
237 1127 286 1141 con-

100 1152 196 1177 tii-mavit,
222 1158 286 1179 prae-

99 1183 173 1203 sertim
188 1184 246 1204 circa
257 1185 287 1204 iu-

99 1215 246 1236 risdicti'ouem
258 1214 284 1235 M.

99 1246 201 1271 magist113

303 493 362 526 der
382 492 529 526 similiter
547 493 597 533 VI,
619 492 768 526 Clemens
787 494 849 534 VII,
870 494 988 527 Paulus
1004 495 1055 531 III,

302 546 404 580 Iulius
424 545 519 580 etiam
548 547 586 579 III
621 552 651 579 et
686 547 800 581 diversi
835 548 887 581 alii
921 549 1054 581 Romani

302 600 474 634 Pontifices
504 600 768 643 praedecessores
802 601 901 634 nostri
936 602 1054 635 eisdem

303 654 455 697 magistro
480 658 509 686 et
530 653 701 694 fratribus,
731 655 856 687 donatis
883 660 911 688 et
931 654 1053 692 Ordini,

302 708 500 751 illorumque
530 708 668 747 nunciis,
703 709 894 741 ollii-ialihus
927 714 955 742 et
987 709 1056 741 aliis

302 761 458 805 personis,
479 772 606 793 necnon
628 773 739 795 eorum
754 762 978 806 hospitalibus,
1001 774 1054 795 ec·
1076 780 1077 784 =

303 814 419 855 clesiis,
444 815 676 859 praeceptoriis
692 821 722 848 et
735 815 901 855 membris,
921 816 1055 859 illasque

301 874 332 901 et
348 869 402 901 illa
422 868 622 902 visitantibus
643 881 679 903 ac
700 870 763 902 illis
780 870 1055 903 benefacientibus

300 923 387 955 varia
418 923 596 966 privilegia,
626 923 760 959 indulta,
782 924 957 963 libertates,
995 925 1054 957 im-

302 975 475 1009 munitates
496 982 524 1008 et
542 977 619 1009 alias
634 977 751 1019 gratias
771 983 1007 1010 concesserant.

346 1029 360 1073 ἓ
380 1028 433 1062 36.
457 1030 623 1063 Postremo
644 1042 702 1063 nos
715 1031 768 1063 illa
781 1031 1053 1073 confirmavimus,

301 1088 332 1115 et
352 1083 541 1126 praesertim
560 1095 659 1127 super
675 1084 896 1117 iurisdictione
917 1095 975 1128 per
990 1096 1056 1117 ma-

301 1135 438 1178 gistrum
459 1138 644 1179 generalem
672 1138 839 1181 hospitalis
860 1142 890 1170 et
924 1137 1055 1171 militiae

301 1190 541 1233 praedictorum
564 1191 648 1224 inter
668 1202 779 1225 eorum
803 1192 918 1225 milites
939 1197 1054 1236 etper-

301 1254 396 1278 sonas
416 1245 594 1277 exercenda
615 1251 645 1278 et
674 1245 826 1278 iustitiam
861 1245 927 1278 suis
960 1257 1054 1289 prae-

301 1297 497 1341 ceptoribus,
524 1298 695 1339 militibus,
719 1299 894 1339 fratribus,
927 1311 1056 1333 eorum-

300 1363 364 1396 que
385 1352 538 1393 vassallis,
562 1352 708 1393 subditis,
728 1353 937 1397 cappellanis,
961 1354 1053 1387 fami-

300 1405 447 1446 liaribus,
479 1405 704 1445 servitoribus,
736 1405 871 1447 clericis,
906 1407 1050 1447 nuncIis,

300 1459 541 1499 collectoribus,
564 1459 689 1492 donatis
723 1470 759 1492 ac
792 1460 1053 1504 quibuscumque

299 1513 369 1546 aliis
390 1514 536 1557 personis
551 1513 627 1547 dicti
638 1514 819 1558 hospitalis,
842 1525 901 1558 pro
921 1515 1054 1557 quibus-

299 1577 441 1609 cumque
476 1567 573 1599 rebus
602 1567 682 1600 illud
709 1567 844 1611 eiusque
877 1568 1049 1605 militiam,

298 1631 463 1664 personas,
487 1621 644 1654 beneficia
665 1627 695 1654 et
719 1622 805 1655 bona
825 1623 1052 1655 concernenti-

297 1674 372 1715 bus,
390 1676 534 1716 annexis,
558 1676 712 1708 connexis
723 1677 770 1708 vel
782 1676 1050 1719 dependentibus,

297 1734 349 1761 aut
363 1739 461 1771 super
475 1729 694 1771 dignitatibus,
708 1731 1051 1767 administrationihus,

295 1783 541 1826 praeceptoriis,
556 1783 680 1824 ot'ticiis,
703 1784 837 1822 iuribus,
860 1785 1053 1817 iurisdietio-

294 1837 402 1877 nibus,
431 1837 695 1881 proprietatibus,
732 1839 836 1877 honis,
871 1839 1048 1877 fructibus,

294 1891 764 1934 censibus,‘possessionilms,
799 1893 829 1925 in
854 1904 1051 1936 spiaeuiique

295 1945 456 1984 instantia,
489 1946 584 1978 etiam
616 1957 718 1990 usque
744 1947 783 1979 ad
810 1946 956 1979 ultimam
978 1958 1050 1979 sen-

296 1999 427 2032 tentiam
447 1999 614 2041 inclusive,
643 2000 738 2033 etiam
762 2001 949 2037 summarie,
973 2001 1050 2033 sim-

296 2053 422 2096 pliciter
442 2059 473 2086 et
492 2054 530 2086 de
555 2054 664 2097 plano,
697 2064 754 2097 per
783 2055 970 2097 magistrum
995 2066 1049 2098 ge,-

294 2107 437 2139 neralem
472 2107 640 2151 hospitalis
660 2108 846 2140 huiusmodi
875 2119 930 2140 seu
952 2109 991 2141 ah
1012 2120 1049 2141 eo

294 2160 457 2203 delegatos
467 2160 620 2193 iustitiam
643 2162 866 2200 ministrando,
892 2162 1050 2195 innovavi-

294 2225 366 2247 mus
385 2221 416 2247 et
433 2214 510 2247 alias
523 2215 727 2251 indulsimus,
744 2222 842 2259 prout
858 2216 889 2249 in
919 2216 1049 2249 diversis

254 2297 260 2303 .
292 2274 357 2301 tam
386 2269 530 2313 ipsorum
551 2270 839 2312 praedecessorum
872 2282 968 2313 quam
990 2282 1047 2304 no-

292 2323 366 2355 stris
384 2322 485 2355 literis
505 2323 645 2367 desuper
661 2324 815 2357 contectis
831 2325 957 2368 plenius
973 2336 1048 2359 con-

293 2371 424 2405 tinetur.

335 2421 349 2464 §
370 2421 424 2454 37.
448 2421 510 2454 Nos
532 2421 640 2464 igitur,
662 2423 804 2455 volentes
824 2423 977 2456 dilectum
1008 2426 1045 2457 ti-

113 2471 137 2491 Εῑ
148 2472 209 2492 modo
220 2479 275 2499 vrae-
291 2469 370 2503 lium
383 2472 585 2504 Ioannottum
598 2471 840 2511 Castilioneum,
853 2473 1045 2507 modernum

91 2504 147 2524 dicta

197 2506 266 2524 omnia

91 2538 195 2561 quatenus
223 2520 277 2566 con’.
290 2520 458 2564 hospitalis
493 2526 523 2553 et
544 2520 674 2553 militiae
701 2521 941 2565 praedictorum
976 2534 1044 2555 rna-

91 2565 139 2587 ⁰¹¹⁵⁰
161 2565 274 2588 hid-¹¹⁰⁸
290 2578 389 2611 gnum
425 2569 639 2612 magistrum,
675 2569 810 2614 eiusque
844 2581 1045 2605 successores

1743 165 1808 199 5343

1100 235 1233 268 magnos
1261 225 1362 268 ipsius
1390 225 1558 269 hospitalis
1592 225 1760 269 magistros
1793 238 1850 270 pro

1100 286 1244 322 tempore
1265 279 1452 319 existentes,
1475 290 1511 312 ac
1532 280 1689 323 hospitale
1720 286 1748 313 et
1771 281 1852 313 mili-

1100 333 1174 365 tiam
1206 332 1405 373 huiusmodi,
1433 343 1612 375 eorumque
1643 340 1849 376 conventum,

1077 386 1193 419 'etiam
1225 386 1438 430 amplioribus
1471 397 1568 429 quam
1604 386 1763 431 quispiam
1794 400 1851 421 no-

1099 446 1239 471 strorum
1253 440 1537 483 praedecessorum
1549 440 1788 483 praedictorum
1799 453 1852 475 eos

1100 493 1261 536 prosecuti
1284 493 1414 533 suerint,
1439 493 1599 526 favoribus
1609 500 1635 526 et
1659 495 1852 538 gratiispro-

1099 547 1202 590 sequi:
1225 558 1261 579 ac
1281 547 1533 591 hospitalitatem
1552 547 1651 591 ipsius
1676 549 1707 582 S.
1730 550 1850 589 Lazari,

1098 601 1231 643 eiusque
1268 601 1425 639 militiam,
1449 602 1487 634 ad
1522 602 1753 635 miserabilium
1776 616 1853 647 pau—

1099 665 1211 697 perum
1235 655 1438 698 leprosorum
1475 655 1643 688 utilitatem
1678 662 1704 689 et
1741 664 1852 690 contra

1099 708 1276 751 piratarum
1307 713 1337 741 et
1359 709 1536 741 intiilelium
1563 709 1755 744 christianae
1777 712 1851 744 reli-

1097 760 1200 804 gionis
1222 761 1441 795 incursionem
1462 764 1633 805 (quantum
1662 764 1692 796 in
1714 765 1852 799 Domino

1098 820 1294 858 possumus),
1317 822 1499 849 restaurare
1512 827 1708 860 augereque,
1731 830 1767 851 ac
1783 830 1850 852 eos-

1097 867 1169 900 dem
1192 868 1395 901 Ioannottiun
1417 869 1620 911 magistrum,
1645 871 1774 911 milites,
1789 874 1851 904 I'ra-

1098 926 1161 952 tres
1181 927 1209 953 et
1232 921 1310 953 alias
1332 932 1497 965 personas,
1516 933 1552 955 ac
1573 934 1686 956 eorum
1709 924 1852 967 singulos

1097 984 1113 1006 a
1135 974 1299 1017 quibusvis
1329 976 1686 1015 excommunicationis,
1720 989 1851 1022 suspen-

1097 1027 1196 1060 sionis
1217 1035 1247 1060 et
1273 1028 1432 1061 interdicti
1463 1029 1597 1073 aliisque
1628 1032 1852 1065 ecclesIasticis

1097 1082 1274 1122 sententiis,
1298 1084 1444 1116 censuris
1469 1090 1496 1116 et
1534 1085 1657 1127 poenis,
1680 1096 1697 1117 a
1717 1085 1786 1119 iure
1805 1088 1850 1119 vel

1096 1135 1136 1167 ab
1148 1135 1291 1173 homine,
1314 1136 1425 1180 quavis
1445 1138 1614 1171 occasione
1630 1139 1677 1171 vel
1693 1150 1789 1172 causa
1805 1141 1850 1172 la-

1098 1189 1148 1227 tis,
1167 1190 1190 1221 si
1212 1190 1330 1232 {petibus
1350 1191 1594 1233 quomodolibet
1622 1192 1765 1225 innodati
1790 1194 1852 1225 exi-

1098 1248 1196 1283 stunt,
1215 1244 1253 1275 ad
1275 1243 1425 1277 esseetum
1448 1245 1667 1288 praesentium
1688 1246 1852 1280 dumtaxat

1096 1298 1374 1340 consequendum,
1400 1298 1516 1330 harum
1548 1299 1630 1331 serie
1651 1300 1852 1333 absolventes

1096 1356 1123 1383 et
1147 1351 1310 1383 absolutos
1341 1352 1408 1384 sore
1433 1358 1619 1393 censentes,
1642 1364 1768 1387 necnon
1789 1355 1852 1387 sin-

1095 1406 1245 1448 gularum
1268 1405 1507 1448 praedictarum
1535 1407 1701 1440 literarum
1724 1413 1851 1442 tenores

1096 1458 1320 1502 praesentibus
1332 1470 1391 1502 pro
1408 1460 1565 1503 expressis
1575 1461 1741 1501 habentes,
1760 1469 1849 1495 motu

1095 1512 1241 1556 proprio,
1266 1523 1330 1545 non
1351 1513 1389 1545 ad
1417 1514 1575 1547 Ioannotti
1605 1520 1660 1547 aut
1689 1516 1847 1559 priorum,

1096 1572 1357 1610 praeceptorum,
1381 1567 1532 1608 militum,
1556 1569 1691 1602 fratrum
1712 1571 1759 1603 vel
1780 1582 1851 1614 per-

1095 1631 1247 1654 sonarum
1269 1622 1507 1665 piaiedictarum
1534 1634 1590 1655 seu
1618 1624 1756 1657 aliorum
1793 1636 1849 1669 pro

1094 1675 1139 1707 eis
1159 1675 1252 1708 nobis
1273 1686 1370 1719 super
1390 1676 1451 1709 hoc
1471 1677 1596 1710 oblatae
1618 1678 1781 1722 petitionis
1806 1678 1851 1711 in-

1094 1728 1255 1765 stantiam,
1282 1730 1335 1762 sed
1357 1730 1395 1763 de
1417 1741 1505 1763 mera
1539 1731 1729 1765 liberalitate
1750 1739 1777 1765 et
1813 1744 1849 1766 ex

1094 1788 1179 1816 certa
1201 1784 1334 1817 scicntia
1360 1790 1481 1825 nostra,
1514 1796 1550 1819 ac
1584 1786 1622 1819 de
1652 1788 1847 1830 apostolicae

1093 1837 1257 1880 potestatis
1278 1838 1491 1882 plenitudine,
1514 1839 1747 1873 institutionem
1769 1849 1847 1874 ete-

1095 1891 1268 1924 rectionem
1282 1892 1450 1935 hospitalis
1466 1899 1496 1926 et
1512 1894 1642 1927 militiae
1659 1895 1846 1928 huiusmodi

1092 1945 1227 1989 eiusque
1260 1946 1503 1979 translationem
1539 1948 1616 1981 olim
1652 1949 1691 1981 ad
1717 1961 1845 1993 praecc-

1093 2000 1229 2043 ptoriam
1261 2001 1305 2033 vel
1341 2001 1473 2035 domum
1504 2002 1689 2046 t'jaissiuanam
1722 2004 1845 2048 praedi-

1092 2059 1174 2086 ctam
1198 2055 1373 2092 fartam,ac
1387 2057 1629 2100 1]1·;iei‘1el‘›toi·iae
1650 2068 1705 2089 seu
1729 2058 1845 2091 domus

1091 2107 1278 2141 huiusmodi
1314 2109 1631 2153 incorporationem,
1655 2111 1844 2145 declaratio-

1091 2173 1158 2201 nes,
1178 2163 1409 2201 revocationes,
1432 2165 1621 2203 voluntates,
1639 2165 1843 2203 irritationes,

1091 2216 1296 2254 monitiones,
1321 2218 1547 2261 requisitionijzs
1565 2247 1572 2259 ,
1609 2220 1842 2263 promulgatio-

1090 2280 1157 2307 nes,
1181 2271 1318 2304 uniones
1337 2299 1343 2308 ,
1381 2272 1661 2316 incorporationes
1678 2300 1685 2311 ,
1708 2284 1842 2306 conces-

1089 2324 1195 2357 siones
1211 2352 1218 2363 ,
1253 2326 1347 2358 etiam
1374 2326 1561 2359 facultatum
1583 2327 1815 2369 assignationes
1834 2356 1840 2369 ,

1088 2374 1228 2415 decreta,
1252 2376 1469 2412 remissiones,
1488 2376 1707 2415 inhibitiones,
1732 2377 1841 2410 iniun-

1088 2424 1240 2463 ctionem,
1279 2425 1541 2466 renovationem,
1565 2425 1813 2469 approbationes
1832 2454 1839 2467 ,

1088 2475 1363 2515 confirmationes,
1387 2475 1637 2519 suppletionem,
1663 2476 1840 2509 restitutio-

1088 2534 1172 2564 nem,
1194 2530 1437 2568 repositionem,
1456 2525 1731 2565 commissionem,
1752 2537 1840 2558 man-

1087 2573 1209 2614 datum,
1224 2574 1476 2617 susceptionem,
1489 2573 1726 2616 liberationem,
1738 2586 1841 2608 exem-

1870 176 1918 201 An.
1937 175 1965 202 C,
1985 177 2051 203 ¹565

1867 234 1907 252 siut
1945 238 2050 255 nontimm

1867 265 1942 285 tinnio
1976 268 2041 287 contis

1867 298 1915 319 mah
