2237 3100
452 296 518 330 410

410 358 505 392 etiam
526 369 544 391 a
563 357 727 402 provincia
743 356 974 399 proscribatur,
995 359 1025 387 et
1039 364 1097 397 per
1112 354 1165 386 de-

410 412 562 445 cennium
579 411 617 443 ad
637 410 742 442 officia
765 408 917 440 inhabilis
936 408 1103 440 habeatur.

454 465 573 503 Claves,
605 464 664 496 sub
693 462 810 505 quibus
834 462 919 493 bona
946 466 1164 493 conventuum

223 525 290 552 Super
301 527 397 547 cuneata
410 523 441 551 et
460 516 730 550 monasteriorum
748 519 967 558 reponuntur,
989 524 1055 546 non
1075 524 1093 546 a
1110 525 1163 546 su-

210 556 299 576 clnvium
327 557 396 577 buno-
471 571 477 576 .
522 570 527 575 .
627 568 633 574 .

209 591 394 608 rumcouvemus‚
410 571 592 614 pel'loribus
626 578 770 612 IPSOI'UH]
802 572 1017 599 conventuum
1039 573 1067 600 ei
1094 577 1163 599 nio-

1002 301 1182 325 ncLLAmUM
1205 301 1359 325 Romnum
1977 300 2026 325 An.
2045 299 2073 326 c.
2095 299 2162 328 ¹565

1250 353 1307 391 Qui
1329 353 1366 393 si,
1385 364 1442 396 pro
1459 353 1613 387 iniustitia
1621 353 1680 387 sibi
1697 353 1783 386 illata
1798 354 1846 387 vel
1862 365 1960 398 quam
1989 359 2057 386 Supor
2073 365 2163 396 nequa

1206 406 1386 449 praetendit
1406 406 1465 438 sibi
1485 407 1605 439 illatam
1622 417 1702 447 esse,
1730 407 1770 440 ad
1789 408 1960 441 brachium
1976 390 2160 446 isiaeuii'r'safhmm

1207 460 1371 492 saeculare
1388 460 1574 500 recurrerit,
1597 465 1628 492 et
1646 471 1717 493 non-
1731 461 1839 504 potius
1855 461 1894 494 ad
1910 473 1961 495 su-

1207 512 1350 555 periores
1374 512 1512 552 Ordinis,
1540 513 1645 546 exulet
1665 513 1770 545 statim
1788 525 1806 547 a
1829 515 1960 558 provin·

1207 565 1266 605 eia,
1299 571 1330 598 et
1358 565 1413 598 flat
1445 565 1596 599 inhabilis·
1629 566 1668 598 ad
1696 567 1804 600 onmia
1834 567 1961 601 Ordinis

1207 619 1324 652 officia.

213 308 262 334 An.
281 307 310 334 C.
329 307 395 335 ¹565

235 1071 305 1093 Verba
315 1078 360 1099 cap.
372 1072 391 1092 7.

274 1261 392 1282 nectamur»

207 1298 270 1319 super
306 1293 392 1312 [ratium

207 1323 351 1349 coiisessiime,

235 1745 302 1772 Super
319 1752 396 1772 prop-i-

209 1777 287 1797 latione
300 1781 395 1797 secreto-

209 1814 253 1827 rum
270 1811 290 1827 et
306 1809 395 1827 ,zi-anda*

212 1839 277 1858 lorum
294 1839 378 1859 Ordinis
390 1854 395 1863 ,

224 2082 291 2109 Sapor
307 2089 394 2103 recursu

211 2120 221 2133 ι
232 2116 338 2134 sententia
349 2121 396 2141 pro·

210 2145 314 2171 vini-ialin,

408 623 623 656 nasleriorum
654 626 793 659 tantum,
825 620 880 652 sed
911 620 1005 652 etiam
1027 620 1065 652 ab
1094 620 1165 652 aliis

408 675 553 708 discretis
574 673 720 717 personis
740 673 929 705 eorumdem
945 673 1092 705 locorum
1110 684 1164 705 eu—

407 728 598 768 stodiantur,
617 728 671 771 qui
684 737 796 759 omnes
812 726 982 768 diligenter
996 726 1162 759 introitum

408 786 438 815 et
458 782 576 814 exitum
601 781 746 825 ipsorum
767 781 929 813 bonorum
950 779 982 811 in
1003 779 1095 813 libris
1108 780 1163 813 de-

408 835 560 874 scribant,
575 839 603 867 et
616 834 759 877 praelato
772 844 829 866 suo
842 833 1048 877 postmodum
1060 838 1164 866 osten-

408 887 496 920 dant.

704 993 776 1026 Car.
805 994 868 1027 VII.

450 1070 488 1103 Si
508 1071 578 1113 qais
594 1070 750 1111 fratrum,
774 1070 952 1111 z'nslt'qrmle
972 1070 1119 1109 inimico,

548 1123 731 1156 mortaliter
756 1123 935 1165 peccaverit
959 1127 1016 1155 ele.

451 1208 520 1240 Duo
546 1207 578 1240 in
597 1207 660 1240 hoe
687 1207 829 1250 capitulo
856 1207 949 1239 docet
977 1217 1035 1239 nos
1053 1208 1166 1240 beatus

407 1256 608 1289 Franciseus.
622 1257 764 1289 Alterum
777 1257 862 1298 quod
878 1256 885 1283 l
905 1257 1165 1299 fratrespecean-

408 1311 454 1338 tes
474 1306 610 1338 debeant
632 1316 822 1339 reeurrerez
845 1305 995 1340 alterum,
1014 1316 1078 1348 quo
1100 1317 1167 1338 mo-

407 1355 448 1387 do
469 1360 542 1387 sunt
564 1354 754 1397 reeipiendi.
782 1354 873 1386 Circa
894 1354 1035 1397 primum
1058 1356 1167 1387 statui-

406 1408 460 1435 tur
480 1408 509 1436 et,
539 1402 709 1435 ordinatur
733 1408 765 1434 ut
793 1403 903 1435 nullus
928 1403 1063 1434 fratrum
1089 1415 1165 1446 pec-

407 1457 477 1483 cata
507 1451 637 1494 propria
673 1452 719 1483 vel
749 1451 885 1494 proximi
916 1451 963 1483 sui
996 1453 1165 1494 propalare

407 1500 542 1540 audeat,
579 1499 638 1532 nisi
667 1499 891 1542 superioribus
925 1499 1070 1539 OrdiuiS,
1108 1502 1166 1533 sub

408 1559 512 1591 poena
533 1549 672 1581 carceris·
694 1560 750 1591 per
767 1559 922 1584 iuensmn,
942 1553 969 1580 et
987 1548 1083 1581 unius
1104 1562 1165 1593 pu-

407 1598 509 1630 blicae
531 1598 718 1642 disciplinae.
744 1598 832 1630 omui
854 1603 938 1629 sexta
962 1597 1041 1630 seria
1066 1598 1166 1641 ipsius

408 1657 539 1678 mensxs.

452 1695 567 1726 Nullus
587 1694 682 1726 etiam
699 1695 827 1727 audebit
848 1694 956 1726 literas
977 1694 1118 1727 seribere
1136 1695 1167 1727 in

411 1742 573 1775 infamiam
610 1743 747 1786 proximi
782 1748 809 1775 et
831 1742 1024 1785 Religionis,
1061 1754 1166 1786 neque

411 1792 545 1824 fratrum
567 1792 715 1824 scandala
736 1796 764 1824 et
786 1796 907 1823 secreta
928 1791 959 1823 in
981 1791 1098 1824 Ortline
1120 1804 1168 1825 re-

409 1840 526 1879 velare,
559 1839 618 1871 nisi
639 1840 812 1883 praedictis
837 1839 1075 1882 superioribus,
1109 1841 1167 1873 sub

410 1888 521 1919 eadem
545 1898 650 1930 poena
671 1893 698 1919 et
725 1888 1060 1921 excommunic-atione
1085 1889 1167 1921 latae

410 1936 596 1975 sententiae,
624 1947 641 1968 a
671 1947 734 1978 qua
762 1947 820 1979 per
849 1937 953 1967 solum
983 1938 1167 1979 generalem

410 1984 529 2016 absolvi
550 1984 660 2027 possit.

454 2033 553 2065 Nemo
575 2033 785 2074 subterfugiat
804 2032 958 2065 iudicium
987 2033 1036 2064 sui
1066 2035 1167 2076 magi-

410 2081 464 2113 stri
487 2081 704 2124 piajwincialis,
727 2092 832 2123 neque.
854 2092 927 2112 eum
951 2081 1070 2114 rejiciat
1089 2094 1169 2125 quo-

410 2141 511 2173 usque
546 2141 637 2162 suam
663 2129 853 2162 sententiam
882 2140 947 2161 non
983 2131 1165 2172 protulerit.

409 2178 468 2217 Qui
490 2189 582 2211 secus
611 2179 741 2215 feeerit,
771 2177 864 2210 exilio
891 2189 907 2209 a
928 2178 1090 2220 proximi-ia
1112 2191 1169 2222 per

410 2227 585 2260 triennium
612 2227 786 2271 puniatur3
823 2227 1028 2270 provincialis
1062 2233 1167 2260 tamen

409 2276 561 2319 procedat
579 2276 611 2308 in
629 2286 736 2308 eausa.
761 2275 792 2308 Si
808 2286 882 2308 vero
900 2275 1040 2319 suspicio
1058 2276 1166 2316 fuerit,

409 2335 492 2367 quae
505 2324 630 2357 iudiciis
640 2325 885 2358 vehementibus
897 2330 1063 2367 appareat,
1082 2327 1168 2367 quod

410 2373 615 2416 provincialis
636 2373 787 2416 procedat
810 2384 845 2404 ex
867 2373 939 2405 odio
961 2378 985 2405 et
1007 2373 1166 2415 passione,

410 2421 505 2464 possit
529 2427 698 2454 accusatus
718 2422 880 2464 postulare
906 2432 923 2453 a
943 2422 1083 2463 geeraIi
1105 2423 1170 2454 col-

410 2469 525 2511 legam,
547 2469 602 2512 qui
622 2480 686 2501 uua
716 2480 790 2501 eum
820 2469 1006 2512 {jn‘ovineiali
1037 2480 1166 2502 eausam

412 2527 502 2548 suam
524 2517 680 2560 expediat.
705 2518 775 2560 Ipse
795 2522 903 2550 tamen
919 2528 993 2550 reus
1018 2517 1093 2549 ltine
1120 2519 1168 2550 in-

412 2564 506 2597 terim
540 2565 691 2597 recedere
726 2576 790 2598 non
822 2565 940 2608 possit,
973 2566 1031 2597 sub
1065 2577 1167 2609 poena

413 2614 549 2646 convicti
571 2613 724 2647 criminis.

452 2680 461 2705 1
481 2681 615 2712 Alterum,
629 2683 662 2705 <ut
680 2689 753 2712 qnos,
776 2679 890 2707 Cherub.
910 2679 946 2715 (n.
966 2679 1015 2713 r).

1249 672 1319 704 Non
1340 678 1469 705 accuset
1497 672 1596 705 frater
1625 673 1756 705 fratrem
1787 673 1825 707 de
1853 674 1962 717 aliquo

1207 724 1342 758 erimine
1366 736 1476 758 eoram
1500 725 1680 768 superiore,
1708 726 1769 759 nisi
1790 737 1849 770 per
1869 732 1963 760 testes

1206 778 1254 810 vel
1267 778 1458 812 sufficientia
1477 778 1589 811 inditia
1606 779 1745 823 probare
1762 780 1861 823 possit
1876 780 1963 824 quod

1206 830 1354 874 imponit;
1390 831 1483 863 aliter
1503 842 1658 864 aecusans
1687 842 1723 864 ea
1744 842 1849 875 poena
1878 833 1963 865 mul-

1206 888 1322 923 ctetur,
1345 895 1442 927 quam
1464 889 1633 917 accusatus
1657 884 1815 938 sustinere.
1833 884 1964 918 debuis-

1207 941 1264 974 set;
1288 941 1318 969 et
1347 937 1392 970 sic
1413 947 1552 981 semper,
1581 937 1711 980 quando
1732 937 1804 981 quis
1828 937 1965 982 imponit

1206 990 1340 1032 aliquid,
1372 990 1459 1032 quod
1485 1001 1544 1034 per
1573 995 1668 1023 testes
1696 991 1744 1023 vel
1774 990 1966 1024 sufficientia

1207 1043 1316 1075 inditia
1337 1054 1401 1076 non
1426 1044 1595 1087 probetur,
1618 1054 1724 1087 poena
1753 1043 1880 1077 talionis
1903 1055 1965 1088 pu-

1207 1097 1324 1133 niatur:
1343 1097 1539 1129 denunciare
1561 1096 1779 1138 tamenliceat‚
1798 1102 1828 1130 et
1843 1097 1966 1130 denun-

1208 1151 1344 1183 eiamem
1362 1150 1511 1194 superior
1530 1156 1691 1183 secretum
1712 1155 1829 1184 teneat.

1251 1205 1453 1247 Quicumque
1471 1215 1506 1237 ex
1527 1203 1638 1248 quavis
1664 1215 1760 1236 eausa
1780 1203 1812 1236 in
1833 1204 1964 1238 fratrem

1208 1269 1303 1290 suum
1321 1268 1452 1290 manum
1473 1257 1645 1290 violentam
1662 1257 1820 1298 iniecerit,
1838 1258 1966 1301 sangui-

1209 1321 1346 1354 nemque
1372 1310 1507 1350 suderit,
1534 1311 1581 1342 vel
1603 1310 1698 1342 etiam
1722 1309 1789 1343 sine
1810 1311 1965 1354 sanguine

1207 1364 1345 1407 graviter
1365 1363 1579 1408 percusserit,
1604 1364 1687 1396 ultra
1709 1373 1829 1406 poenas
1850 1364 1965 1398 delicto

1209 1422 1434 1459 congruentes,
1458 1417 1552 1449 etiam
1574 1416 1611 1448 ad
1629 1416 1737 1449 onmia
1757 1416 1883 1450 Ordinis
1899 1418 1967 1451 offi-

1209 1469 1257 1501 eia
1274 1470 1304 1501 in
1323 1475 1516 1514 perpetuum
1539 1469 1689 1501 inhabilis
1704 1469 1874 1511 habeatur,
1898 1475 1929 1503 et
1948 1481 1966 1503 a

1209 1523 1372 1565 provincia
1389 1523 1579 1566 expellatur,
1604 1522 1760 1565 nequead
1776 1522 1880 1555 officia
1902 1523 1965 1557 sive

1208 1577 1407 1619 provinciam
1433 1576 1557 1608 restitui
1578 1575 1686 1620 possit,
1713 1575 1773 1608 nisi
1795 1587 1852 1619 per
1867 1587 1965 1620 gene-

1209 1630 1274 1662 rale
1308 1629 1485 1673 capitulum
1515 1634 1545 1662 et
1572 1640 1630 1672 per
1660 1629 1807 1661 omnium
1835 1636 1965 1674 patrum

1209 1682 1416 1715 definitorum
1439 1687 1521 1714 vota.
1558 1682 1642 1721 Quas
1670 1692 1790 1724 poenas
1810 1693 1865 1715 eos
1884 1694 1966 1726 quo-

1209 1747 1271 1778 quc
1306 1735 1473 1767 incurrere
1507 1735 1656 1767 volumus
1682 1740 1713 1767 et
1741 1735 1964 1778 decernimus,

1209 1788 1262 1832 qui
1282 1788 1438 1828 convitiis,
1460 1788 1555 1820 minis
1570 1787 1678 1820 aliisve
1704 1787 1807 1820 modis
1825 1782 1967 1832 aliquem

1210 1842 1247 1873 ad
1270 1841 1513 1885 percussionem
1534 1840 1728 1873 irritaverint
1744 1846 1774 1873 et
1798 1841 1966 1875 lacessive-

1210 1896 1283 1927 rint.
1312 1896 1495 1928 Teneantur
1510 1905 1584 1927 vero
1605 1893 1775 1936 guardiam
1793 1899 1823 1927 et
1848 1895 1901 1927 alii
1919 1895 1968 1928 lo-

1210 1960 1322 1981 corum
1358 1953 1542 1981 nostrorum
1578 1953 1735 1988 rectores,
1771 1948 1830 1980 sub
1863 1959 1969 1992 poena

1211 2001 1396 2045 privationis
1412 2012 1546 2034 suorum
1563 2001 1756 2041 otticiorum,
1779 2001 1968 2035 huiusmodi

1210 2067 1282 2088 reos
1302 2083 1308 2095 ,
1336 2055 1459 2088 etiamsi
1490 2055 1522 2087 in
1543 2055 1640 2087 domo
1660 2054 1805 2098 ipsorum
1826 2065 1890 2088 non
1911 2056 1967 2089 de-

1211 2108 1376 2151 liquerint,
1400 2109 1431 2140 in
1453 2119 1616 2141 carcerom
1642 2107 1804 2141 coniicere
1829 2119 1847 2141 a
1871 2119 1967 2152 supe-

1211 2162 1352 2194 rioribus
1374 2161 1567 2205 puniendos.

1255 2215 1311 2254 Oui
1334 2214 1532 2248 commiserit
1551 2214 1683 2257 aliquod
1708 2214 1853 2255 facinus,
1889 2225 1966 2258 pro-

1212 2273 1282 2311 pter
1301 2269 1400 2311 quod,
1424 2268 1448 2300 si
1472 2273 1554 2301 esset
1574 2268 1605 2300 in
1617 2268 1759 2307 saeculo,
1782 2268 1864 2300 soret
1880 2267 1966 2300 iuxta

1211 2323 1296 2365 leges
1317 2327 1419 2355 morte
1449 2322 1657 2365 plectendus,
1688 2322 1737 2353 vel
1758 2321 1898 2364 aliquam
1920 2321 1967 2354 in-

1212 2376 1334 2418 signem
1359 2375 1524 2407 infamiam
1542 2375 1604 2407 sive
1628 2374 1757 2407 ruinam
1773 2373 1882 2407 ordini
1903 2374 1966 2407 sive

1211 2428 1338 2461 Orilinis
1362 2428 1584 2472 superioribus
1604 2427 1822 2467 intentaverit,
1850 2437 1966 2471 perpe-

1212 2476 1273 2509 tuis
1294 2477 1479 2509 carceribus
1496 2476 1741 2509 condemnetur.
1764 2475 1802 2506 Et
1817 2475 1841 2507 si
1857 2475 1966 2518 aliquo

1210 2530 1355 2568 tempore
1372 2525 1590 2558 condonatum
1602 2524 1646 2556 illi
1660 2523 1757 2556 fuerit
1777 2523 1815 2556 de
1830 2523 1880 2555 liis
1891 2534 1967 2566 poe-

1211 2574 1272 2613 nis⁷
1295 2585 1462 2617 nunquam
1484 2578 1589 2606 tamen
1606 2573 1644 2605 ad
1657 2576 1849 2605 conventum
1870 2582 1966 2604 suum

1211 2623 1405 2663 remittatur,
1429 2633 1534 2666 neque
1548 2621 1640 2655 abilis
1660 2621 1697 2654 ad
1715 2620 1820 2654 officia
1839 2620 1966 2654 Ordinis

1210 2672 1379 2704 habeatur.

2004 683 2071 709 Super
2078 689 2164 704 aet-iin-

1977 716 2036 737 tione
2051 715 2137 736 fratrum
2144 731 2150 741 ,

2007 1213 2074 1240 Super
2096 1214 2151 1235 offen
2158 1226 2164 1230 -

1980 1246 2040 1266 sione
2056 1245 2150 1271 tratmrn,

2016 2227 2083 2255 Super
2106 2230 2168 2256 punt-

1981 2259 2039 2280 tiono
2080 2260 2168 2281 fratrum

1981 2290 2148 2318 delinquentium
2161 2307 2166 2317 ,
