2237 3100
192 256 238 281 An.
259 252 288 280 C.
310 253 376 280 1565

218 846 375 867 Unuiesadhor<

193 881 254 899 tatur,
271 879 290 896 ut
307 876 375 896 eidem

193 910 274 929 tia-lant
316 909 375 928 coiit*

245 1428 376 1448 Ari-'iiristae

193 1460 280 1484 singuli<
298 1459 377 1478 »icilius

192 1490 277 1509 nonnisi
315 1496 376 1509 tinum

193 1521 266 1540 libriin·
279 1520 326 1540 licet
339 1526 377 1539 ex-

194 1555 207 1570 Ιι
220 1551 278 1571 theri·

221 1909 296 1929 Harum

194 1946 262 1960 ratuni
276 1943 377 1959 tunsum<

194 1972 233 1996 ptis
243 1971 308 1990 »landa
318 1970 375 1990 tides⁴

393 309 534 350 viterbii,
556 310 735 350 Ravennae,
762 309 952 350 Maceratae,
973 320 1010 342 ex
1026 309 1145 353 quibus

392 362 498 396 aliisve
529 364 633 397 faeere
666 369 762 406 atque
796 374 931 403 curare3
966 363 1143 408 descripta-

391 427 453 460 que
481 427 517 450 ac
544 417 648 450 deleta
666 417 673 444 1
689 417 720 449 in
731 416 870 449 archivio
887 416 1073 449 huiusmodi
1093 428 1143 449 re-

392 480 512 512 ponere
532 475 562 502 et
583 470 754 508 collocare,
778 475 950 512 ceteraque
962 470 1082 510 omnia,
1105 470 1144 502 ad

391 524 452 556 hoc
473 523 638 565 negotium
659 522 898 556 conficiendum
920 523 1098 556 necessaria
1115 528 1143 556 et

392 583 586 620 opportuna,
620 587 745 619 gerere,
768 577 922 610 mandare
943 582 973 609 et
994 588 1143 610 exercere

392 630 491 663 libere
511 635 541 663 et
560 630 646 663 licite
666 631 782 670 valeas,
803 631 931 674 plenam
954 630 1142 671 etliberam,

392 683 580 716 anctoritate
591 683 777 727 apostolica,
787 689 899 717 tenore
910 685 1141 728 praesentium,

392 737 573 769 facultatem
595 737 804 770 concedimus
824 743 852 770 et
878 742 1078 780 potestatem.

435 790 449 833 ξ
469 789 499 823 3.
532 790 600 829 Quo
629 790 714 823 eirca
734 801 846 823 omnes
866 797 894 823 et
926 791 1070 833 singulos
1091 802 1144 824 ea-

392 843 464 875 dem
490 843 697 887 exemplaria,
726 844 837 884 libros⁷
868 844 1045 884 volumina,
1068 844 1144 877 scri-

393 901 502 939 pturas
529 902 560 929 et
593 903 734 940 regestra
763 898 917 931 habentes
946 909 1002 931 seu
1037 903 1144 931 custo-

392 949 515 983 dientes
542 951 712 984 hortamur
737 957 767 984 et.
800 947 996 995 requirimus
1026 951 1057 983 in
1083 952 1144 984 Do-

393 1003 491 1043 mino,
525 1004 653 1048 eisque,
681 1004 707 1037 si
737 1015 820 1048 opus
846 1005 957 1044 fuerit,
990 1005 1085 1038 etiam
1113 1005 1145 1037 in

392 1056 505 1089 virtute
526 1063 655 1090 sanctae
675 1056 876 1090 obedientiae
903 1058 1095 1090 mandamus
1111 1063 1143 1090 ut

392 1109 444 1141 illa
466 1109 521 1142 tibi
543 1110 590 1142 vel
620 1109 682 1142 tuis
698 1110 821 1148 scribis,
849 1110 957 1142 habita
975 1121 1033 1154 per
1049 1110 1143 1153 ipsos,

391 1173 427 1193 ex
447 1162 567 1205 scripto
588 1173 685 1195 manu
705 1168 808 1195 vestra
829 1163 922 1203 facto,
944 1163 981 1195 de
994 1163 1038 1195 eis
1059 1174 1146 1196 rece-

392 1214 453 1258 ptis
473 1215 535 1248 fide
559 1226 596 1248 ac
617 1215 824 1249 restituendis
844 1215 1070 1260 promissione,
1092 1217 1146 1248 be-

392 1268 486 1311 nigne
508 1268 766 1307 transcribenda,
796 1275 945 1312 prompte
966 1281 1002 1302 ac
1027 1269 1144 1301 libera-

392 1320 464 1353 liter
488 1321 625 1361 tradant,
648 1322 823 1354 concedant
842 1328 869 1354 et
885 1321 1142 1355 accommodent.

436 1374 500 1417 §la
526 1374 679 1407 Volumus
699 1381 805 1407 autem
831 1375 918 1418 quod
940 1375 995 1408 tibi
1020 1386 1082 1408 non
1107 1375 1144 1407 ti-

393 1433 461 1459 ‹·eat
479 1427 538 1459 nisi
559 1428 677 1460 librum
687 1429 734 1461 vel
756 1434 934 1471 regestrum
952 1439 1066 1469 unum,
1080 1428 1144 1461 sin-

393 1480 476 1522 gulis
504 1480 637 1521 vicibus,
665 1492 681 1513 e
701 1481 895 1514 bibliotheca
922 1481 1071 1514 Vaticana
1095 1493 1146 1515 su-

395 1545 494 1574 mere⁷
523 1545 583 1567 nec
602 1534 700 1567 alium
723 1534 796 1567 inde
815 1535 947 1575 habere,
971 1540 1143 1578 autequam

395 1587 536 1630 primuni
548 1587 730 1620 restitutum
743 1588 849 1627 suerit3
861 1588 1026 1632 quodque,
1045 1599 1146 1631 quan-

394 1641 433 1673 do
454 1640 510 1672 tibi
531 1640 699 1684 placuerit,
726 1640 874 1674 librarios
893 1646 969 1684 quot
992 1642 1142 1680 volueris⁷

393 1695 431 1726 ad
466 1694 727 1727 transcribendos
756 1694 856 1728 libros
890 1696 1145 1738 qualescumque

395 1747 537 1781 eiusdem
553 1747 778 1787 bibliothecae,
796 1748 826 1780 in
844 1759 913 1781 eam
931 1748 1145 1781 intromittere

392 1801 505 1845 possis.

436 1856 451 1897 ξ
475 1855 506 1888 5.
535 1854 695 1898 Exemplis
725 1865 798 1887 vero
840 1865 895 1887 seu
936 1854 1146 1897 transumptis

393 1909 508 1941 harum
539 1908 706 1940 literarum
737 1908 871 1940 eandem
896 1907 991 1940 tidem
1013 1908 1143 1944 haberi,

393 1972 475 2005 quae
492 1961 677 1994 eisdemmet
700 1960 800 1993 literis
817 1960 1038 1999 adhiberetur,
1061 1961 1085 1993 si
1104 1961 1147 1993 l‘o-

394 2021 462 2048 rent
484 2013 642 2047 exhibitae
658 2015 705 2046 vel
716 2019 875 2053 ostensam
890 2019 917 2046 et
932 2020 1058 2047 nostrae
1070 2014 1145 2046 huie

395 2067 545 2101 voluntati
575 2067 655 2100 nihil
688 2067 820 2100 omnino
848 2067 974 2100 obstare
1003 2067 1148 2100 decerni-

395 2132 478 2154 mus.

438 2175 551 2207 Datum
588 2175 707 2208 Romae
742 2174 827 2218 apud
857 2174 889 2207 S.
912 2174 1053 2213 Petrum,
1088 2173 1147 2206 sub

394 2228 514 2261 annulo
535 2228 716 2268 piscatoris,
739 2227 789 2260 die
802 2227 1039 2270 decimaquinta
1057 2226 1147 2266 iunii,

396 2281 835 2325 millesimoquingentesimo
848 2280 1045 2323 sexagesimo
1055 2280 1148 2323 qnin-

397 2342 439 2375 to,
459 2336 664 2378 pontificatus
684 2335 785 2367 nostri
806 2345 890 2367 anno
912 2344 952 2366 xl.

453 2393 513 2422 Dat.
530 2393 577 2422 die
594 2393 630 2422 ⁴15
651 2393 725 2423 iunii
744 2393 829 2428 1505,
850 2391 950 2431 pontis.
968 2400 1044 2420 anno
1057 2400 1095 2420 γι.

436 2465 443 2489 l
464 2464 616 2498 Legendum
634 2463 676 2489 hic
693 2463 779 2490 forsan
792 2471 822 2489 eir
840 2464 932 2494 quibus
946 2463 1036 2487 aliisi-c
1052 2464 1149 2487 ‹imeri-

397 2511 421 2534 01·
444 2507 533 2540 facere
557 2512 635 2540 <itque
660 2507 758 2540 deferri
781 2514 898 2538 υκαι-σς
916 2508 1099 2538 descriptaque
1121 2514 1150 2531 «c

396 2555 483 2579 delata
498 2555 547 2578 etc.
571 2552 608 2585 (n.
622 2552 671 2586 r).

990 255 1170 281 BULLARIUM
1190 255 1340 280 ROMANUM

1515 307 1599 341 CXV.

1186 374 1401 417 Privileyium
1416 375 1568 407 abbacum
1587 377 1846 418 congyreqatmmle
1861 376 1938 409 Cas-

1229 428 1381 468 sinensis,
1395 429 1479 460 alias
1489 427 1524 461 S.
1538 428 1686 462 Iustinae
1694 430 1938 469 monachorum,

1233 481 1366 514 Ordinis
1385 481 1419 515 S.
1447 483 1632 520 Benedicti,
1664 484 1777 516 utendi
1805 485 1939 527 pontisi-

1231 535 1362 575 culibus‚
1382 535 1646 579 benedicendique
1653 537 1808 579 populum
1820 542 1850 570 et
1864 548 1939 570 con-

1229 588 1379 621 secrandi
1403 589 1524 631 lapides
1541 600 1600 631 pro
1620 590 1777 622 altarium
1800 602 1859 623 usu
1880 590 1905 623 1.

1186 655 1246 684 Pius
1265 655 1335 691 Papa
1354 656 1394 689 iv.
1410 656 1522 684 dilectis
1537 656 1601 684 filiis
1613 658 1781 692 praesidenti
1796 659 1826 687 et
1840 659 1939 687 visita·

1231 709 1338 736 toribus
1357 709 1579 744 congregationis
1594 710 1773 744 cassinensis,
1795 711 1866 740 alias
1876 714 1940 740 San-

1230 762 1290 790 ctae
1309 761 1430 790 lustinae
1449 763 1481 790 de
1500 763 1599 796 padua.
1619 764 1740 792 salutem
1757 765 1785 793 et
1805 764 1940 800 apostoli-

1231 822 1290 844 cam
1304 816 1531 845 benedictionem.

1231 873 1321 906 Sedis
1346 874 1549 917 Apostolicae
1584 875 1818 919 circumspecta
1851 876 1941 909 beni-

1186 927 1290 969 gnitas
1306 927 1495 960 devotorum
1509 928 1673 961 consuevit
1694 928 1784 962 iustis
1796 940 1940 962 annuere

1187 979 1275 1019 votis,
1296 986 1325 1013 et
1346 980 1407 1020 his,
1429 992 1512 1024 quae
1530 981 1626 1013 divini
1647 982 1754 1014 cultus
1764 982 1941 1025 respiciunt

1187 1039 1399 1075 augmentum
1444 1034 1692 1078 animarumque
1722 1035 1870 1075 salutern,
1902 1035 1941 1068 li-

1186 1085 1300 1118 benter
1321 1086 1498 1119 intendere.

1231 1139 1245 1181 ,ξ
1265 1139 1296 1170 sl.
1320 1139 1465 1172 Exhibita
1486 1139 1643 1183 siquidem
1665 1140 1758 1173 nobis
1773 1151 1832 1184 pro
1853 1146 1943 1184 parte

1188 1196 1288 1223 restra
1323 1192 1433 1235 petitio
1464 1193 1645 1226 continebat
1684 1194 1782 1237 quod,
1807 1204 1880 1226 cum
1910 1194 1941 1227 in

1187 1244 1318 1277 (liversis
1344 1246 1557 1283 monasteriis,
1585 1257 1710 1279 necnon
1740 1246 1819 1280 locis
1844 1257 1941 1289 regu-

1189 1297 1309 1330 laribus
1326 1304 1446 1331 vestrae
1464 1298 1721 1341 congregatimiis
1737 1298 1941 1339 cassinensis,

1188 1350 1264 1382 alias
1286 1351 1420 1384 Sanctae
1442 1351 1579 1385 Iustinae
1600 1352 1638 1384 de
1663 1352 1787 1392 Padua,
1819 1352 1942 1385 diversa

1187 1404 1311 1444 altaria,
1330 1406 1508 1449 cappellae,
1532 1405 1752 1449 cappellaniae
1769 1410 1797 1438 et
1814 1406 1875 1438 alia
1890 1406 1942 1450 pia

1189 1457 1256 1489 loca
1272 1457 1302 1489 in
1324 1458 1391 1490 dies
1409 1458 1586 1501 erigantur.
1605 1465 1633 1491 et
1651 1469 1757 1502 saepe,
1779 1464 1942 1491 crescente

1188 1521 1324 1544 numero
1340 1512 1602 1555 presbyterorum
1622 1512 1848 1555 religiosorum
1859 1512 1943 1546 eius-

1187 1564 1258 1595 dem
1285 1565 1555 1607 congregationis,
1578 1566 1690 1598 altaria
1705 1565 1872 1598 benedicta
1889 1565 1942 1598 de-

1188 1617 1307 1651 ticiant.

1232 1667 1300 1709 35⁹2.
1328 1668 1400 1706 Nos,
1416 1669 1557 1701 volentes
1573 1668 1791 1701 commoditati
1813 1667 1941 1711 religio-

1188 1726 1296 1748 sorum
1323 1717 1426 1749 dictae
1456 1717 1727 1759 congregaticmis,
1759 1728 1795 1749 ac
1827 1727 1939 1750 eorum

1188 1765 1347 1798 devotioni
1375 1766 1407 1799 in
1434 1766 1616 1810 praemissis
1645 1771 1829 1810 opportune
1862 1777 1939 1799 con-

1188 1815 1308 1854 sulere,
1338 1820 1365 1847 et
1389 1815 1490 1858 ipsam
1521 1814 1803 1857 congregationem
1825 1815 1940 1847 favori-

1189 1862 1247 1895 bus
1268 1869 1294 1895 et
1317 1863 1426 1906 gratiis
1446 1864 1615 1908 prosequi,
1643 1864 1746 1896 eidem
1768 1874 1941 1907 congrega-

1191 1911 1267 1943 tioni
1288 1917 1315 1944 et
1338 1912 1473 1954 singulis
1490 1912 1576 1945 illius
1596 1912 1766 1945 abbatibus
1786 1923 1845 1956 pro
1866 1917 1942 1945 tem-

1189 1971 1266 2003 pore
1293 1960 1516 2001 existentibus,
1539 1961 1605 2004 qui,
1627 1961 1701 1993 licet,
1721 1960 1944 2003 quinquenna-

1190 2009 1233 2040 les
1249 2008 1320 2048 sint,
1342 2009 1565 2045 nihilominus,
1584 2020 1621 2042 ex
1637 2008 1802 2053 privilegio
1817 2014 1944 2052 aposto-

1190 2056 1251 2089 lico
1285 2056 1388 2089 eidem
1414 2058 1654 2101 congregationi
1680 2068 1851 2097 concesso,
1887 2057 1943 2090 ba-

1190 2106 1263 2138 culo
1286 2106 1437 2149 pastorali
1458 2118 1493 2139 ac
1516 2106 1609 2139 mitra
1631 2106 1809 2150 pontificali
1836 2107 1867 2138 in
1896 2116 1945 2138 ec-

1190 2155 1286 2187 clesia
1307 2156 1596 2195 monasteriorimi,
1621 2156 1651 2188 in
1671 2155 1790 2198 quibus
1814 2155 1945 2188 abbates

1192 2214 1249 2246 pro
1272 2209 1415 2247 tempore
1432 2204 1576 2248 deputati
1602 2204 1751 2243 existunt,
1773 2204 1829 2243 nsi,
1845 2209 1874 2237 et
1890 2204 1944 2236 he-

1191 2252 1406 2285 nedictionem
1429 2252 1645 2296 pontificalem
1673 2258 1743 2296 post
1771 2251 1876 2285 divina
1900 2251 1945 2284 os-

1192 2302 1262 2334 licia
1310 2302 1591 2335 cliristilidelibus-
1612 2302 1689 2334 inibi
1735 2300 1943 2334 existentibus

1191 2351 1318 2394 elargiri
1340 2356 1587 2391 consueverunt,
1619 2361 1841 2394 quoscumque
1862 2349 1942 2393 lapi-

1191 2400 1246 2432 des
1266 2410 1466 2433 marmoreos
1489 2401 1536 2433 vel
1568 2399 1759 2444 porphyrios
1787 2398 1834 2431 vel
1864 2398 1942 2431 alios

1192 2449 1229 2480 ad
1259 2459 1352 2481 nsum
1374 2449 1523 2481 altarium
1541 2449 1741 2491 portatiliuin
1757 2458 1942 2480 accommo-

1192 2498 1323 2533 dandos,
1345 2509 1403 2542 pro
1432 2509 1492 2530 usu
1516 2507 1799 2541 quorumcinnque
1820 2496 1942 2529 utrius-

1231 2562 1238 2585 i
1260 2560 1343 2586 lluius
1360 2559 1570 2594 congregationis
1589 2559 1799 2592 antiquissimam
1811 2559 1939 2593 originem

1192 2604 1217 2625 et
1237 2599 1285 2625 aha
1307 2599 1366 2626 vide
1383 2600 1408 2625 in
1430 2599 1485 2625 [ulii
1505 2599 1526 2625 ll
1546 2599 1735 2624 constitutione
1752 2606 1779 2628 11,
1801 2600 1943 2631 Supera-a-

1193 2641 1323 2671 medu-cim,
1342 2642 1404 2666 tom.
1426 2647 1455 2672 v,
1475 2646 1532 2673 pag.
1555 2638 1615 2665 [100.

1953 254 2003 281 An.
2022 254 2052 281 C.
2071 252 2138 283 ¹365

1981 882 2099 904 Exordium.

1970 1144 2036 1165 Causa
2049 1150 2142 1166 conces-

1957 1177 2024 1197 sionis
2035 1176 2095 1197 liuius
2107 1178 2141 1197 in-

1957 1207 2015 1228 dutn.

1983 1674 2087 1696 indultum
2105 1682 2142 1703 pro

1955 1707 2065 1728 abbatibus
2083 1711 2142 1729 nten-

1956 1739 1974 1758 di
1991 1738 2065 1759 baculo
2075 1742 2096 1759 et
2105 1741 2140 1760 [πίε

1956 1772 1994 1793 ira,
2018 1771 2039 1789 et.
2054 1769 2143 1790 henedi-

1956 1801 2047 1820 ctionem
2071 1801 2141 1826 dandi,

1955 1833 1977 1850 et
1999 1829 2081 1856 lapides
2103 1836 2141 1857 pro

1956 1860 2056 1881 altaribus
2067 1866 2143 1882 cense-

1957 1892 2038 1913 eraudi.
