2237 3100
30 285 77 311 An.
95 283 125 310 C.
146 282 209 309 ¹571

56 1549 181 1570 Prooemium
190 1565 193 1570 .

899 274 926 297 Pl
932 274 966 297 [S

227 340 301 363 curn
322 334 476 373 potestate
491 328 623 369 citandi,
637 328 804 360 inhibendi
821 333 851 360 et
866 338 979 370 aggra-

225 383 320 416 vandi
332 389 361 416 et
378 382 609 426 reaggrarandi
625 394 660 414 ae
674 381 888 414 interdicendi
905 386 977 419 ele,

226 443 256 471 et
273 448 347 471 curn
364 437 571 479 derogatione
581 441 637 470 ele.
657 437 695 469 de
716 447 792 473 una,
807 442 835 469 et
852 435 979 468 cont-ilii

225 490 385 534 generalis
415 491 452 523 de
482 490 608 523 duabus
641 489 770 529 diaetis,
803 490 980 521 dummmlo

226 555 291 578 non
311 545 396 577 ultra
421 550 496 585 tres,
526 556 561 577 ae
587 543 827 587 praedictorum
859 549 888 576 et
919 543 982 575 sin-

225 599 377 642 gulorum
395 597 619 641 praesentibus
644 597 885 640 quomodolibet
908 607 983 629 con-

227 653 415 685 trariorum.
437 651 581 690 Quorum
597 655 653 683 etc.
675 650 828 683 latissime
842 651 982 683 extendi-

227 716 312 746 mus3
335 711 363 738 et
378 705 465 748 quod
482 704 732 747 praemissorum
748 705 895 737 omnium
907 709 979 741 ele„

227 765 258 792 et
277 770 336 803 per
354 759 451 792 breve
469 758 594 791 litterae
616 758 760 801 expediri
778 759 911 802 possint.

270 813 386 846 Datum
406 812 526 845 Romae
547 812 633 855 apud
660 812 692 845 S.
716 812 858 851 Petrum,
877 823 907 844 Νι
929 813 983 844 lia-

227 867 337 901 lendas
361 867 454 907 iunii,
483 866 690 910 pontificatus
709 866 809 899 nostri
833 877 918 899 anno
938 877 979 899 vr.

284 924 347 955 Dat.
364 924 410 955 die
420 924 458 955 22
474 924 543 954 maii
558 924 645 962 «1571,
667 924 770 964 pontif.
790 933 866 954 anno
886 934 926 954 γι.

539 1091 664 1125 CXCIII.

226 1170 273 1203 De
291 1169 441 1202 electione
461 1173 490 1202 et
510 1169 609 1212 officio
629 1169 984 1212 ministrissenerale'set

270 1223 411 1256 aliorum
434 1223 637 1266 superiorum
659 1222 794 1256 Ordinis
817 1223 982 1255 ΔΠῖηονηυῑ

271 1277 305 1311 S.
327 1277 499 1310 Francisci
510 1277 547 1310 dc
565 1277 791 1317 (Jbsereantia,·
802 1282 831 1310 et
846 1278 985 1311 democle

269 1331 452 1375 recipiendi
471 1331 622 1364 novitios.

261 1413 324 1441 Pius
349 1413 420 1448 Papa
435 1413 466 1446 V,
487 1413 520 1440 ad
536 1414 699 1448 perpetuam
721 1413 762 1441 rei
780 1414 951 1441 memoriam.

271 1485 442 1518 Pastoralis
461 1484 557 1518 officii
575 1484 668 1518 nobis
683 1484 835 1518 divinitus
849 1485 984 1518 iniuncti

227 1538 356 1572 assidua
376 1538 560 1572 sollicitudo
581 1550 639 1572 nos
659 1539 812 1572 admonet
836 1544 871 1571 ut
896 1539 984 1572 omni

228 1604 305 1626 cura
326 1604 362 1626 ac
381 1593 544 1637 vigilantia
565 1594 604 1626 ad
626 1604 662 1626 ea
683 1603 811 1636 semper
836 1593 985 1626 intenda-

227 1657 310 1687 mus,
330 1658 389 1691 per
402 1658 484 1690 quae
505 1657 618 1680 omnes
633 1657 792 1690 personae
808 1647 984 1689 regulares,

227 1700 286 1734 sub
307 1701 394 1734 suavi
415 1701 592 1743 Religionis
612 1701 687 1743 iugo
702 1700 864 1733 Altissimo
883 1700 985 1733 famu-

226 1754 341 1795 lantes,
364 1754 396 1787 in
418 1755 617 1798 regularium
633 1766 670 1787 ac.
686 1754 876 1787 salutarium
897 1753 984 1786 insti-

226 1812 371 1841 tutorum
392 1808 614 1841 observatione
635 1819 699 1841 non
729 1808 827 1841 modo
856 1818 985 1841 conser-

226 1868 352 1903 ventur,
368 1863 422 1896 sed
433 1863 473 1896 ad
483 1863 546 1896 alia
557 1863 755 1896 observanda
772 1862 877 1895 modis
891 1868 919 1895 et
933 1873 983 1894 ra-

226 1916 371 1950 tionibus
394 1917 656 1958 {congruentibus
685 1917 924 1949 admoneamur
955 1922 982 1949 et

226 1971 449 2015 impellantur.
483 1971 731 2005 Considerantes
755 1976 863 2003 autem
885 1982 983 2015 quam

227 2025 344 2058 uberes
376 2026 501 2059 fructus
538 2025 622 2059 Ordo
654 2026 790 2058 fratrum
824 2025 984 2058 Minorum

228 2079 259 2113 S.
283 2079 446 2113 Francisci
467 2080 506 2113 de
530 2079 748 2119 Observantia,
776 2079 831 2122 qui
860 2079 893 2111 in
922 2078 984 2111 hu-

227 2132 363 2166 militate
383 2139 414 2167 et
434 2133 588 2177 patientia
608 2133 812 2177 potissimum
833 2133 985 2165 fundatus

227 2186 345 2228 existit,
367 2187 525 2221 hactemus
540 2187 573 2220 in
593 2198 669 2231 agro
687 2187 815 2220 Domini
832 2186 984 2225 attulerit,

228 2245 259 2273 et
273 2240 305 2273 in
317 2240 386 2273 dies
397 2241 510 2285 magis,
525 2246 720 2284 cooperante
736 2241 780 2273 Eo
794 2252 811 2273 a
825 2251 888 2284 quo
900 2240 985 2273 bona

229 2300 344 2328 cuncta
357 2295 678 2339 pi·oced1111t‚}affer1'e
694 2305 759 2328 non
771 2300 883 2334 cesset,
902 2304 983 2326 non-

229 2348 317 2380 nulla
338 2348 515 2381 ordinanda
536 2354 564 2381 et
591 2360 607 2381 a
633 2348 786 2381 fratribus
814 2347 985 2391 praedictis

228 2401 426 2435 observanda
436 2401 632 2442 censuimus,
644 2413 700 2446 per
708 2413 790 2446 quie,
800 2402 865 2435 Deo
881 2402 985 2435 omni-

229 2461 359 2500 potente
379 2462 522 2496 auctore,
544 2456 649 2489 dictus
664 2456 761 2496 Ordo,
783 2467 840 2500 per
856 2462 983 2489 nostrae

229 2509 449 2554 providentiae
468 2509 694 2551 ministerium,
709 2511 816 2544 felicia
829 2510 861 2544 in
878 2510 985 2543 Domi-

230 2574 270 2596 no
279 2564 442 2607 suscipere
453 2564 551 2607 possit
562 2563 771 2598 incrementa.
786 2565 870 2598 Motu
888 2565 985 2607 igitur

230 2617 376 2661 proprio,
407 2628 472 2650 non
491 2618 680 2651 adalicuius
700 2618 793 2651 nobis
805 2630 902 2662 super
922 2619 984 2653 hoo

229 2670 355 2705 oblatae
372 2671 540 2718 petitionis
560 2671 756 2714 instantiam,
773 2673 827 2707 sed
844 2684 880 2706 ex
896 2679 984 2707 certa

978 1485 983 1490 ,
1029 1455 1194 1488 missarius
1229 1457 1275 1489 rel
1316 1462 1510 1500 procurator
1547 1459 1715 1499 generales
1757 1464 1785 1491 et

1667 265 1730 298 917

1022 327 1155 360 seientia
1189 333 1379 370 maturaque
1406 326 1639 359 deliberatione
1669 334 1775 360 nostra

1022 393 1057 413 ae
1080 382 1117 413 de
1143 381 1339 424 apostolieae
1369 381 1532 424 potestatis
1556 381 1776 423 plenitudine,

1023 436 1082 468 liae
1094 442 1202 468 nostra
1219 441 1374 479 perpetuo
1395 435 1531 467 valitura
1543 436 1708 469 sanctione
1720 442 1777 469 sta-

1024 489 1146 521 tuimus
1166 494 1195 521 et
1217 489 1418 521 ordinamus.

1067 543 1081 585 Q
1102 543 1131 575 l.
1156 543 1245 581 Quod
1267 542 1311 574 illi
1334 543 1448 575 fratres
1477 543 1621 575 eiusdem
1652 543 1780 577 Ordinis
1834 558 1908 584 oms-1
1927 564 1977 584 ψω-

1024 597 1157 639 postliac
1178 597 1210 628 in
1230 596 1415 639 generalem
1442 595 1623 629 ministrum
1646 603 1676 630 et
1701 598 1778 631 reli·
1796 591 1879 641 ζζζῆὓι,
1897 590 1977 615 P⁰³³³⁰¹

1024 660 1104 691 quos
1125 650 1310 693 sulwriores
1326 650 1430 682 solum
1453 650 1625 692 eligantur,
1646 651 1701 695 qui
1717 651 1779 684 Re·
1795 652 1879 698 0ffli¹¹j⁵
1912 658 1976 677 ⁵¹¹t·⁴'*

1023 704 1130 745 gulam
1158 703 1258 746 ipsius
1278 703 1360 736 beati
1384 704 1482 747 patris
1506 704 1673 747 Serapliici
1698 705 1780 738 bene
1798 689 1874 705 'mm'

1025 757 1205 793 observare,
1225 763 1252 790 et
1270 757 1325 801 qui
1339 758 1370 789 in
1383 758 1496 797 choro,
1511 758 1596 791 rictu
1611 764 1640 791 ct
1652 760 1778 799 vestitu,

1025 816 1182 853 quantum
1195 811 1291 844 oliieii
1302 811 1475 844 ner-essitas
1484 812 1691 853 concesserit,
1706 823 1780 845 cum

1025 864 1095 895 aliis
1120 876 1151 895 se
1178 866 1382 897 conformare
1408 865 1529 897 soleant
1558 876 1593 897 at·
1621 866 1780 906 debeant,

1026 928 1124 961 super
1148 930 1213 962 quo
1239 919 1519 951 Barchinonenses
1535 919 1784 953 constitutiones

1026 972 1140 1003 tuarum
1168 972 1250 1005 serie
1285 972 1488 1012 innovamus,
1517 983 1694 1016 omnesque
1719 980 1782 1007 tam

1026 1025 1232 1068 superiorum
1249 1037 1535 1070 quorumeumque
1553 1038 1649 1070 quam
1667 1027 1782 1061 defini-

1028 1084 1148 1117 torum,
1172 1080 1342 1112 ‹instodum
1361 1086 1389 1113 et
1411 1080 1627 1113 diseretortnu
1650 1082 1781 1115 electio-

1027 1144 1083 1165 nes
1099 1144 1158 1176 per
1178 1139 1247 1166 vota
1267 1139 1389 1166 secreta
1406 1134 1493 1171 liant,
1512 1134 1597 1167 iuxta
1610 1135 1691 1168 sacri
1704 1146 1782 1169 con-

1027 1187 1092 1220 cilii
1114 1187 1291 1220 Tridentini
1316 1188 1457 1225 d‹‡·c1·eta;
1487 1188 1580 1221 aliter
1609 1189 1782 1223 electiones

1027 1242 1128 1273 saetae
1143 1252 1200 1284 pro
1213 1247 1360 1284 tempore
1371 1242 1479 1275 nullae
1492 1247 1521 1274 et
1532 1242 1662 1285 penitus
1679 1242 1786 1276 irritae

1027 1295 1087 1327 sint
1110 1301 1140 1327 et
1161 1295 1284 1335 inanes,
1313 1295 1471 1338 electique
1498 1306 1618 1339 poenas
1638 1296 1671 1329 in
1694 1297 1787 1330 dietis

1027 1349 1166 1381 decretis
1186 1355 1355 1382 contentas
1375 1350 1543 1382 incurrant
1561 1361 1598 1383 eo
1620 1350 1702 1394 ipso.

1073 1402 1087 1445 Q
1108 1402 1139 1434 ⁹2.
1162 1402 1319 1445 Quodque
1340 1403 1487 1435 minister
1503 1403 1674 1446 generali&
1697 1415 1786 1437 com-

990 275 1007 297 Υ
1033 275 1079 298 PP.
1793 278 1843 304 Au.
1860 278 1888 305 C.
1910 278 1972 305 ¹571

1005 1400 1007 1416 Ι
1828 1419 1850 1439 ΕΙ
1862 1419 1892 1439 illi
1903 1421 1985 1445 quando

1802 1457 1876 1472 vocem
1896 1452 1986 1472 habeant

1802 1485 1821 1504 iu
1838 1485 1938 1511 capitulo.

1005 1524 1007 1559 Ι
1028 1509 1253 1552 provinciales,
1277 1511 1310 1542 in
1331 1522 1369 1543 eo
1391 1511 1555 1554 capitulo,
1579 1522 1643 1555 quo
1664 1512 1786 1545 absolvi

1028 1562 1157 1601 debent,
1195 1564 1382 1597 definitores
1411 1575 1476 1597 non
1507 1565 1581 1604 sint,
1604 1575 1708 1609 neque
1735 1577 1786 1599 vo-

1027 1628 1096 1649 cem
1126 1618 1275 1657 habeant,
1305 1619 1371 1658 sed,
1393 1619 1475 1651 sacta
1501 1619 1698 1652 successoris
1724 1619 1786 1652 ele-

1027 1670 1145 1711 ctione,
1164 1672 1342 1712 discedant,
1366 1678 1400 1705 ut
1421 1672 1446 1705 si
1468 1673 1540 1716 quis
1561 1684 1615 1706 eos
1631 1684 1785 1707 accusare

1026 1725 1113 1764 rein,
1132 1725 1232 1758 libere
1253 1731 1336 1769 agat.

1071 1780 1085 1822 Q
1106 1779 1137 1812 3.
1161 1780 1252 1819 Quod
1281 1779 1530 1824 provincialium
1562 1781 1784 1815 ministrorum

1027 1833 1142 1866 electio
1168 1833 1268 1867 libere
1289 1845 1348 1878 per
1368 1841 1438 1867 vota
1459 1840 1594 1875 secreta,
1619 1841 1654 1868 ut
1674 1847 1784 1880 supra,

1027 1888 1093 1926 liat,
1116 1887 1158 1920 ita
1180 1894 1213 1920 ut
1235 1889 1478 1922 commissarius
1498 1890 1659 1932 generalis
1673 1891 1786 1935 relqui

1027 1940 1177 1974 electioni
1206 1942 1414 1985 praesederit,
1440 1943 1465 1975 si
1494 1943 1630 1976 sormam
1657 1945 1785 1988 praedi-

1027 2000 1111 2027 ctam
1133 1996 1326 2038 transgredi,
1353 2007 1409 2029 seu
1426 1997 1582 2030 electores
1598 2008 1663 2040 quo
1679 1998 1787 2031 minus

1027 2048 1126 2081 libere
1148 2049 1264 2092 eligant
1287 2051 1400 2093 quovis
1421 2051 1516 2084 modo
1529 2051 1687 2095 impedire
1707 2063 1785 2086 eon-

1027 2102 1130 2136 vietus
1150 2103 1259 2144 suerit,
1283 2104 1390 2137 officio
1412 2105 1555 2148 privatus
1576 2105 1699 2139 existat.

1071 2156 1086 2199 Q
1105 2155 1136 2188 lt.
1161 2157 1219 2195 Qui
1240 2168 1315 2191 vero
1336 2158 1368 2190 in
1386 2158 1600 2192 electionibus
1621 2160 1782 2201 omnibus,

1026 2210 1073 2242 vel
1094 2215 1167 2243 ante
1185 2222 1238 2244 eas
1254 2222 1312 2255 per
1324 2223 1376 2244 sex
1392 2223 1530 2253 menses,
1544 2224 1602 2256 pro
1619 2224 1651 2247 se
1662 2215 1710 2248 vel
1726 2226 1785 2260 pro

1026 2263 1088 2297 alio
1101 2265 1335 2307 subornaverit,
1354 2268 1699 2302 excommunicationis
1712 2280 1784 2303 sen-

1027 2319 1161 2351 tentiam
1183 2319 1253 2363 ipso
1274 2321 1358 2354 sacto
1380 2321 1535 2362 incurrat,
1557 2333 1574 2355 a
1594 2333 1658 2366 qua
1682 2323 1743 2356 nisi
1768 2335 1786 2357 a

1028 2372 1173 2406 Romano
1193 2374 1348 2407 Pontifice
1369 2385 1428 2419 pro
1449 2381 1595 2419 tempore
1615 2376 1781 2419 existente,

1027 2432 1255 2471 praeterquam
1283 2428 1315 2460 in
1341 2428 1453 2461 mortis
1480 2429 1637 2470 articulo,
1665 2430 1783 2464 absolvi

1027 2485 1091 2508 non
1112 2482 1225 2518 possit,
1248 2487 1284 2509 ae
1304 2488 1380 2510 voce
1401 2478 1500 2511 activa
1521 2484 1549 2511 ct
1567 2479 1690 2522 passiva
1709 2492 1784 2524 per—

1026 2531 1123 2568 petuo
1136 2531 1254 2566 careat;
1267 2538 1304 2559 ae
1315 2527 1509 2561 subornatus
1524 2529 1573 2562 vel
1583 2529 1677 2571 alius,
1688 2530 1783 2564 etiam

1026 2586 1084 2617 pro
1112 2586 1176 2618 quo
1206 2576 1394 2610 subornatio
1419 2578 1491 2618 siet,
1520 2578 1575 2622 qui
1605 2579 1784 2613 subornan-

1027 2629 1088 2657 tem
1106 2635 1169 2657 non
1181 2625 1341 2668 detulerit,
1353 2627 1499 2662 eamdem
1517 2639 1654 2672 poenam
1673 2629 1783 2664 incur-

1026 2685 1096 2708 rere
1117 2681 1298 2709 censeatur.

1819 1798 1985 1820 Provincialiuni

1801 1832 1944 1852 ministrorum
1960 1837 1985 1851 e-

1801 1867 1865 1886 lectio
1891 1867 1924 1887 sint
1947 1873 1984 1893 per

1800 1900 1850 1918 vota
1865 1902 1958 1919 secreta.

1839 2180 1984 2201 thornantes

1801 2216 1821 2233 et
1838 2213 1946 2233 subornati
1964 2214 1984 2233 in

1801 2244 1864 2264 elect.
1898 2250 1984 2265 excom-

1801 2277 1942 2297 niune-antur.
