2237 3100
21 259 69 285 An.
85 257 111 283 C.
134 255 200 284 ¹569

61 1496 210 1524 Superiorem-

28 1534 68 1555 que
84 1529 103 1549 in
118 1533 155 1548 suo
172 1527 210 1548 do-

28 1560 92 1580 minio
106 1564 148 1579 non
174 1564 212 1580 re-

28 1591 145 1617 cognoscit.

65 1983 148 2004 creatio
163 1981 215 2002 Cos-

33 2015 60 2035 mi
80 2013 174 2034 Mediees
195 2015 217 2033 et

34 2047 79 2066 eius
102 2049 216 2065 successo-

34 2083 78 2098 rum
94 2077 113 2097 in
130 2081 216 2101 magnos

34 2109 98 2130 (luces
114 2107 216 2130 Etruriae,

884 249 951 273 mus
975 249 993 272 V
1017 249 1064 272 1³1².

215 313 278 342 tur.
314 307 405 347 Quod
437 306 559 341 validus
593 306 737 350 peditum
759 310 789 338 et
817 304 961 347 equitum

216 371 372 396 numerus
383 361 414 395 in
428 372 540 395 omnes
555 370 631 393 usus
647 359 674 391 ei
686 358 789 403 pretio
805 358 815 381 ¹
837 369 964 402 smnper

216 426 284 449 esse
306 414 416 459 possit.
439 414 529 453 Quod
550 413 760 458 quamplures
780 412 963 445 florentissi-

216 480 284 502 mas
303 469 410 509 urbes,
433 473 496 501 tam
517 466 761 506 cathedralium,
784 476 880 509 quam
915 476 965 498 ea-

217 534 290 556 rum
324 523 498 556 nonnullas
518 521 830 565 metropolitiearmn
865 520 965 552 eecle-

217 577 337 610 siarum
359 576 515 619 dignitate
536 575 677 617 insignes
694 601 701 615 ‚
725 585 761 606 ae
781 572 965 606 studiorum

217 630 418 674 generalium
438 627 706 662 Universitatibus
731 632 871 667 ornatas,
894 636 965 658 mu—

219 683 394 717 nitissimos
414 687 538 726 portus,
551 681 763 715 validissimas
785 691 883 720 arces,
897 680 967 712 loca

220 737 390 778 tutissima,
412 736 594 770 triremium
615 736 749 768 classem
770 740 914 778 paratam
937 739 965 766 et

220 792 422 831 instructam,
445 796 509 823 tam
530 790 570 822 ad
605 788 761 833 Tyrrheni
782 787 830 820 sui
857 787 965 825 maris,

218 856 317 890 quam
338 845 434 877 etiam
456 844 496 876 ad
517 849 644 876 nostrae
677 853 753 876 orae
786 841 967 874 maritimae

219 899 351 934 tutelam
371 898 499 931 habeat.
518 896 608 936 Quod
622 907 731 929 rerum
753 895 898 929 omnium
918 904 969 926 co-

219 953 284 997 pia,
306 951 438 985 ditionis
458 949 685 994 amplitudine,
709 950 855 982 loeorum
873 948 970 981 uber-

220 1011 296 1048 tate,
319 1005 473 1039 continua
492 1005 575 1037 vitae
609 1003 762 1036 felicitate
778 1029 785 1040 ,
819 1003 969 1035 demum-

220 1072 283 1105 que
313 1060 417 1103 gentis
452 1058 588 1092 celebris
623 1057 799 1090 admodum
831 1062 859 1089 et
892 1067 971 1099 opu-

220 1115 326 1148 lentae
341 1114 463 1147 viribus
476 1112 661 1146 firmissime
674 1111 829 1144 subnixus
843 1115 967 1153 urgeat.

221 1168 311 1208 Quod
336 1174 452 1201 cuncta
476 1168 555 1200 haee
591 1166 659 1209 ipsa
688 1165 773 1197 bena
789 1191 796 1204 ,
820 1175 878 1207 per
911 1164 970 1195 im-

222 1232 367 1255 mensam
398 1221 451 1254 Dei
473 1218 705 1264 omnipotmitis
736 1217 970 1260 benignitatem

222 1275 283 1310 sibi
315 1275 472 1319 elargita,
502 1275 541 1307 ad
574 1272 719 1306 divinum
752 1273 910 1304 honorem
942 1276 973 1304 et,

223 1329 359 1372 gloriam
391 1327 596 1372 paratissima
625 1336 753 1370 semper
773 1325 841 1358 fore
873 1324 972 1367 profi-

224 1388 341 1417 teatur.

268 1437 334 1480 §T
357 1436 449 1476 Quod
476 1436 623 1469 absoluta
650 1439 820 1478 potestate,
849 1432 974 1465 ratione

225 1491 356 1525 liberiet
369 1490 486 1523 directi
499 1489 635 1522 dominii
649 1487 840 1527 Florenssni,
851 1486 973 1519 nemini

226 1545 267 1579 sit
286 1544 461 1585 subiectus,
481 1544 525 1577 ita
545 1549 590 1584 ut,
619 1543 705 1575 iuxta
732 1540 974 1574 distinetionem

227 1598 299 1644 piae
316 1597 493 1631 memoriae
513 1596 645 1639 Pelagii,
674 1595 824 1628 similiter
841 1594 975 1626 Romani

227 1651 392 1686 Pontificis
424 1649 682 1695 praedecessoris
713 1647 832 1687 nostri,
856 1647 901 1680 uti
924 1658 977 1680 rex

228 1712 259 1740 et
280 1716 415 1750 magnus
427 1705 491 1738 dux
504 1715 541 1737 ac
553 1704 706 1748 princeps
720 1702 837 1735 merito
850 1701 974 1741 existat,

228 1760 355 1794 etinter
376 1765 501 1793 eeteros
522 1769 654 1801 magnos
673 1758 771 1791 duces
800 1767 835 1789 ae
856 1754 977 1799 prinei-

228 1826 284 1859 pes
308 1825 342 1848 re
365 1815 434 1858 ipsa
451 1824 529 1854 esse,
543 1812 668 1846 censeri
694 1817 725 1845 et
748 1809 978 1845 connumerari

229 1869 329 1913 possit.
349 1873 379 1901 et
400 1868 528 1901 debeat.

273 1922 288 1966 ἓ
309 1922 339 1955 8.
363 1922 425 1955 Nos
447 1921 556 1965 igitur,
581 1926 627 1954 tot
647 1931 684 1952 ae.
710 1919 805 1952 tantis
837 1917 979 1950 rationa-

230 1976 350 2009 bilibus
385 1975 555 2019 dignisque
586 1975 626 2007 de
657 1973 773 2013 causis,
796 1970 982 2004 clarissimis

232 2040 363 2074 quoque
384 2029 484 2073 ipsius
504 2028 609 2062 Cosmi
636 2027 727 2061 ducis
758 2037 834 2070 erga
865 2036 922 2058 nos
953 2031 980 2057 et

232 2084 348 2118 Sedem
369 2084 516 2118 eamdem
539 2082 731 2116 meritorum
752 2087 779 2114 et
800 2080 981 2114 officiorum

233 2139 452 2174 monumentis
478 2137 612 2178 inducti,
632 2137 792 2179 firmaque
824 2146 879 2179 spe
911 2135 982 2168 sreti

233 2194 321 2238 qued
342 2193 368 2226 is
388 2199 420 2226 et
438 2192 507 2225 eins
527 2201 740 2231 successores,
761 2188 982 2222 ‹1·ollatinostri

234 2248 267 2281 in
289 2258 343 2281 eos
363 2246 512 2280 beneficii
535 2256 706 2282 memores,
730 2244 873 2277 debitam
893 2242 985 2275 nobis

234 2301 418 2345 futurisque
461 2299 614 2334 Romanis
648 2297 860 2332 Pontificibus
894 2303 985 2339 grato

235 2355 344 2388 animo
374 2354 449 2387 fidei
486 2364 522 2387 ae
553 2352 732 2386 devotionis
767 2351 985 2384 sinceritatem

236 2414 395 2453 perpetuo
424 2407 575 2441 exhibere
600 2415 856 2448 conservareque
877 2404 986 2437 stude-

236 2463 328 2495 bunt.
351 2461 560 2495 Attendentes
581 2460 690 2500 etiam,
709 2459 797 2502 quod
818 2468 893 2491 sane
914 2458 986 2501 plu-

239 2511 313 2545 rimi
334 2511 482 2552 saeimus,
505 2510 627 2543 dietum
648 2509 798 2542 Cosmum
821 2508 937 2540 ducem
952 2518 987 2539 ae

239 2561 393 2594 dilectum
414 2559 517 2593 filium
554 2558 695 2592 nobilem
720 2557 824 2590 virum
856 2556 987 2589 Franei-

240 2621 342 2652 scum,
366 2609 434 2643 eius
454 2609 557 2643 filium
593 2606 846 2652 primogenitum
863 2633 870 2647 ,
893 2605 989 2638 aretis

277 2673 301 2698 ¹.
315 2673 397 2700 Forte
407 2671 546 2707 legendum
560 2673 667 2704 praesto
682 2669 718 2705 (a.
740 2669 788 2704 T.).

1645 235 1709 268 765

1005 303 1179 336 admodum
1201 301 1376 341 affinitatis,
1398 299 1564 341 sanguinis
1585 305 1612 331 et
1646 309 1754 332 neces*

1005 356 1154 389 situdinis
1174 355 1309 389 vinculis
1329 365 1402 387 eum
1423 353 1590 386 earissimo
1612 352 1643 384 in
1664 352 1754 385 Chri-

1005 417 1053 443 ste
1074 410 1140 443 filio
1162 415 1271 443 nostro
1292 407 1507 442 Maximiliano
1529 406 1561 439 in
1583 406 1755 450 imperato*

1007 474 1074 497 rem
1096 464 1209 503 eleeto,
1233 469 1260 496 et
1284 461 1430 495 maximis
1451 460 1617 494 christiani
1650 459 1755 493 nomi-

1007 518 1055 550 nis
1087 518 1216 561 regibus
1247 516 1436 549 coniunctos
1467 525 1534 547 esse
1549 541 1556 555 ,
1589 524 1708 557 eosque
1740 524 1755 546 a

1007 571 1207 605 nobilissima
1229 571 1329 614 stirpe
1350 569 1491 602 Medieea
1512 568 1621 600 multis
1654 568 1757 601 hono-

1008 626 1097 658 ribus
1118 630 1144 657 et
1169 624 1269 657 titulis
1290 624 1451 663 decorata,
1475 627 1505 655 et
1525 633 1562 655 ex
1582 632 1646 665 qua
1660 626 1705 654 tet
1723 621 1758 653 il-

1008 681 1124 713 lustres
1145 689 1295 722 proeeres
1316 688 1352 710 ac
1372 683 1436 710 tres
1460 675 1596 709 Romani
1628 675 1759 708 Pontifi-

1009 744 1061 766 ces
1081 733 1285 777 prodierunt,
1305 737 1411 765 ortum
1432 730 1564 763 habere.
1584 730 1758 773 Propterea

1010 788 1160 821 eumdem
1181 786 1332 819 Cosmum
1354 786 1483 824 durem,
1505 783 1700 828 specialibus
1718 784 1759 816 sa-

1009 842 1140 875 voribus
1171 846 1202 873 et
1236 840 1347 883 gratiis
1381 845 1515 883 paterne
1553 838 1758 881 benignespie

1010 895 1163 939 prosequi
1185 895 1337 934 volentes,
1363 894 1535 937 ipsumque
1556 903 1574 924 a
1594 891 1760 935 quibusvis

1012 948 1367 988 excominunieationis‚
1398 946 1618 990 suspensionis
1654 951 1684 978 et
1715 945 1762 977 in-

1012 1003 1138 1037 terdicti
1162 1003 1297 1046 aliisque
1323 1000 1547 1034 ecelesiasticis
1579 998 1759 1039 sententiis,

1013 1057 1157 1091 censuris
1179 1063 1206 1090 et
1230 1056 1353 1100 poenis,
1375 1067 1390 1087 a
1413 1055 1482 1087 iure
1495 1054 1542 1087 vel
1556 1054 1594 1086 ab
1614 1053 1759 1093 homine,

1013 1111 1125 1155 quavis
1138 1111 1307 1144 occasione
1321 1111 1369 1142 vel
1383 1119 1490 1149 eausa,
1502 1108 1585 1148 latis,
1601 1107 1626 1140 si
1645 1106 1763 1150 quibus

1013 1165 1256 1209 quoi‘nodelibet
1280 1164 1453 1197 innodatus
1474 1162 1589 1202 existit,
1621 1161 1660 1193 ad
1685 1160 1762 1193 effe-

1014 1225 1101 1253 ctum
1137 1219 1355 1263 praesentium
1376 1218 1538 1250 dumtaxat
1561 1224 1763 1258 consequen-

1015 1275 1103 1315 dum,
1125 1274 1241 1306 harum
1262 1272 1344 1305 serie
1366 1272 1565 1304 absolventes
1586 1274 1616 1302 et
1637 1268 1764 1301 absolu—

1015 1334 1083 1361 tum
1105 1328 1172 1361 tere
1192 1332 1379 1366 eensentes,
1407 1331 1494 1358 motu
1530 1322 1676 1367 proprio,
1700 1331 1764 1354 non

1016 1382 1056 1415 ad
1077 1381 1177 1425 ipsius
1197 1380 1303 1414 Cosmi
1333 1379 1424 1412 ducis
1455 1389 1511 1411 seu
1542 1376 1674 1410 alterius
1706 1385 1765 1419 pro

1016 1447 1053 1469 eo
1074 1435 1168 1469 nobis
1188 1444 1286 1478 snper
1306 1434 1367 1466 hoc
1388 1433 1513 1466 oblatae
1524 1429 1700 1475 'petitionis
1714 1429 1763 1462 in-

1016 1490 1178 1529 stantiam,
1193 1488 1247 1522 sed
1265 1499 1302 1521 ex
1316 1493 1402 1520 eerta
1423 1485 1558 1519 seientia
1576 1490 1766 1526 maturaque

1018 1543 1251 1577 deliberatione
1265 1548 1296 1575 et
1316 1552 1403 1574 mera
1424 1539 1618 1573 liberalitate
1638 1536 1766 1577 nostris,

1019 1610 1055 1631 ae
1076 1598 1114 1631 de
1136 1607 1307 1641 supremae
1342 1601 1471 1629 nostrae
1492 1592 1688 1637 apostolieae
1709 1602 1767 1635 po-

1019 1652 1140 1685 testatis
1161 1650 1376 1695 plenitudine,
1401 1655 1465 1681 tam
1491 1647 1653 1681 dictorum
1674 1655 1768 1689 prae-

1020 1707 1238 1746 ‹ileeessorum,
1261 1715 1359 1748 quam
1381 1703 1478 1736 etiam
1498 1699 1670 1735 Alexandri
1687 1698 1726 1732 ΙΙΙ
1739 1703 1770 1731 et.

1020 1759 1199 1795 Innoeeiitii
1221 1759 1343 1803 pariter
1364 1757 1402 1790 ΙΙΙ
1423 1768 1459 1789 ac
1479 1755 1569 1789 Pauli
1589 1753 1637 1794 lv,
1655 1751 1770 1786 simili-

1021 1822 1070 1848 ter
1090 1814 1376 1858 maedecessorum
1398 1816 1595 1849 nostrorum,
1618 1807 1674 1851 qui
1694 1806 1771 1845 Por·-

1022 1868 1173 1911 1ugalliae
1195 1873 1225 1900 et
1245 1867 1459 1910 Bulgarorum
1491 1875 1527 1897 ae
1561 1861 1769 1901 Blachorum,

1023 1933 1149 1956 necnon
1170 1920 1344 1954 Hiberniae
1365 1930 1468 1963 reges,
1491 1923 1522 1951 et
1542 1923 1577 1950 ut
1612 1922 1688 1949 tune
1709 1914 1772 1946 dux

1023 1976 1196 2011 Bohemiae
1212 2003 1219 2016 ,
1243 1986 1298 2008 rex
1328 1974 1361 2007 in
1382 1973 1448 2006 suis
1476 1971 1590 2005 litteris
1610 1966 1771 2003 nominari

1025 2030 1136 2075 possit,
1159 2029 1335 2074 respective
1357 2032 1520 2069 crearunt,
1536 2025 1770 2059 constituerunt

1025 2090 1056 2117 et.
1076 2089 1315 2123 concesserunt,
1329 2083 1533 2125 aliorumque
1552 2080 1772 2113 Romanorum

1026 2140 1218 2173 Pontificum
1240 2149 1317 2182 erga
1330 2138 1472 2171 diversos
1492 2134 1656 2180 principes
1669 2143 1774 2166 exem—

1027 2195 1079 2238 pla
1113 2198 1284 2237 sequentes
1315 2190 1522 2235 vestigiisque
1555 2189 1773 2226 inhaerentes,

1027 2255 1061 2283 ut
1076 2248 1279 2293 potissimum
1298 2245 1395 2280 ceteri
1410 2242 1653 2288 prineipes,hoc
1671 2252 1776 2275 exem-

1027 2304 1081 2348 plo
1102 2302 1237 2342 invitati,
1260 2302 1299 2334 ad
1320 2302 1402 2333 bene
1423 2300 1461 2331 de
1481 2302 1591 2330 saneta
1614 2296 1675 2329 hae
1695 2296 1776 2330 Sede

1028 2354 1492 2402 promerendumffimeitentur,
1515 2351 1665 2385 eumdem
1701 2350 1776 2384 Cos-

1029 2422 1117 2444 mum
1131 2410 1247 2443 dneem
1262 2409 1395 2451 eiusque
1413 2416 1613 2439 successores
1626 2415 1685 2449 pro
1699 2410 1779 2437 tem—

1029 2471 1108 2505 pore
1129 2459 1298 2493 existentes
1324 2458 1443 2497 duees,
1467 2454 1633 2500 perpetuis
1663 2454 1779 2487 suturis

1030 2509 1243 2554 temporibus,
1267 2508 1299 2539 in
1322 2505 1473 2548 magnos}
1489 2505 1587 2537 duces
1608 2509 1638 2537 et
1658 2503 1779 2547 prinei-

1031 2570 1087 2603 pes
1108 2557 1292 2602 provinciae
1312 2554 1459 2589 Etruriae
1480 2553 1541 2586 sibi
1562 2563 1622 2597 pro
1643 2553 1781 2585 maxima

1032 2609 1118 2642 illius
1138 2614 1228 2652 parte
1249 2606 1423 2645 subiectae,
1438 2610 1464 2637 et
1481 2603 1514 2636 in
1531 2603 1600 2647 ipsa
1616 2602 1781 2647 provincia

1033 2658 1220 2704 respective,
1243 2654 1434 2690 anctoritate
1455 2652 1644 2698 apostoliea,
1670 2658 1782 2686 tenore

1769 246 1818 273 An.
1836 245 1950 274 C.1569
