2237 3100
71 259 121 286 An.
137 259 166 286 C.
187 259 251 286 ¹567

96 960 227 981 Prooemium.

101 1874 182 1894 causae
200 1879 260 1894 revo-

76 1907 174 1928 cationis.

950 251 1017 275 PIUS
1043 250 1059 272 V
1084 249 1130 272 PP.

601 306 681 338 XLV.

269 397 436 431 Rei-acacio
470 397 761 439 in(lamentum-um,
790 397 1019 440 quomodolibet

311 461 542 488 concessarum,
572 451 807 483 continentium
833 450 1020 492 facultatem

313 505 539 548 qzcoestuandi',
555 509 583 537 et
597 514 655 547 pro
666 505 778 547 quibus
795 504 1020 547 conseqzu‘ndi's

308 558 524 601 porriqendae
532 562 608 590 sum
628 569 701 590 1111111
710 569 743 590 us
753 558 939 596 adiutricem
948 568 1020 600 pro-

314 611 490 654 hibitioque
508 611 545 643 de
560 615 659 644 cetero
671 611 884 653 (putestmmdi
894 616 923 644 et
935 622 1019 654 quw-

313 670 412 698 stores
430 665 608 708 deputandi
632 665 654 697 1.

357 756 419 784 Pius
445 756 585 792 episcopus
605 763 700 785 servus
719 763 860 784 servorum
878 757 932 789 De1.

417 810 451 838 ad
469 811 633 846 perpetuam
648 811 689 839 rei
708 810 876 839 memoriam.

313 891 390 931 Etsi,
417 890 569 924 dominici
590 891 696 934 gregis
716 891 809 923 saluti
834 902 963 935 sempor
978 892 1024 924 in-

270 945 360 986 tenti,
383 945 517 988 singulis
543 956 617 978 cnm
649 944 830 978 humilitate
860 945 1022 989 poscenti-

269 1000 330 1032 bus
353 1010 391 1033 ea
410 999 549 1042 benigne
570 999 748 1032 concedere
770 1009 827 1032 nos
848 1004 878 1032 et.
899 1000 1023 1042 praede-

268 1064 411 1087 cessores
431 1053 531 1087 nostri
552 1053 744 1090 studuerint,
762 1064 819 1096 per
837 1064 931 1097 quae,
947 1065 1023 1098 pec-

269 1113 416 1141 catorum
438 1108 522 1141 mole
545 1108 702 1151 deposita,
734 1107 819 1140 salus
845 1107 921 1151 ipsis
950 1119 1024 1140 suc-

269 1162 373 1203 cedat,
395 1168 423 1195 et
445 1162 544 1195 hostis
568 1161 703 1194 humani
719 1161 846 1203 generis
874 1162 1024 1195 servitute

269 1221 395 1261 ereptas
415 1216 537 1249 animas
556 1215 758 1248 lucrifaciant
773 1215 946 1255 Altis-simo,
965 1215 1023 1254 Qui

269 1281 322 1303 eas
341 1269 435 1303 nobis
464 1280 521 1303 sua
549 1269 691 1302 bonitate
717 1269 890 1309 commisit:
918 1269 946 1302 id
978 1275 1024 1302 ta-

273 1334 345 1356 men
358 1323 563 1368 propensiori
575 1323 680 1356 studio
696 1334 755 1356 nos
765 1324 1024 1367 praecavendum

269 1389 338 1411 esse
360 1388 542 1414 censemus.
562 1388 615 1414 ne,
637 1378 778 1410 cuiusvis
796 1377 1025 1421 indulgentiae,

271 1431 470 1465 remissionis
489 1432 536 1464 vel
557 1431 717 1465 facultatis
733 1432 878 1467 obtentu,
902 1431 1027 1464 01111511-

271 1486 382 1520 fideles
401 1485 611 1530 procliviores
631 1486 670 1518 ad
683 1485 793 1518 illicita
811 1486 842 1518 in
860 1491 1025 1530 posterum

272 1539 502 1574 committenda
523 1539 711 1579 reddantur,
739 1545 791 1572 aut
819 1539 953 1572 facilitas
973 1551 1025 1571 vv-
1047 1561 1049 1569 1

272 1594 342 1628 niae
370 1594 416 1628 eis
441 1593 596 1638 peccandi
622 1594 740 1627 tribuat
764 1594 970 1630 incentivum,
998 1600 1024 1627 et

273 1648 387 1682 exinde
417 1648 554 1682 clavium
581 1649 757 1682 auctoritas
785 1648 966 1681 deducatur
997 1649 1027 1681 in

273 1708 507 1746 contemptum,
531 1708 562 1736 et
582 1702 806 1735 christifideles
822 1703 1026 1746 qtiampluri-

274 1767 363 1789 mum
393 1756 662 1790 scandalizentur.

317 1811 332 1854 ξ
352 1811 383 1843 l.
407 1810 502 1851 Sane,
519 1821 592 1843 cum
614 1811 651 1843 ad
669 1810 814 1843 auditum
829 1815 975 1843 nostrum
993 1821 1028 1841 vx

273 1864 407 1897 diversis
440 1865 552 1897 mundi
588 1864 733 1908 partibus
768 1863 1028 1908 ‹piamplnrimae

273 1910 425 1963 querelae
446 1919 587 1963 perlatae
609 1918 727 1951 suerint
744 1918 842 1962 quod,
861 1918 968 1960 vigore
985 1917 1030 1950 di-

273 1983 438 2005 versarum
472 1973 748 2016 indulgentiarum
781 1979 808 2005 et
840 1972 1028 2005 facultatum

274 2036 332 2070 per
352 2026 617 2070 praedecessores
643 2033 770 2060 nostros
799 2037 834 2059 ac
855 2026 951 2059 etiam
973 2037 1030 2059 nos

274 2081 322 2114 vel
342 2081 533 2114 auctoritate
563 2087 684 2120 nostra,
714 2086 777 2113 tani
805 2080 944 2113 salu-icae
971 2091 1029 2113 no-

274 2140 358 2169 strae
384 2134 536 2168 basilicae
556 2135 716 2179 Principis
744 2135 972 2178 Apostolorum
1001 2140 1031 2168 et

274 2189 431 2223 ecclesiae
459 2189 568 2222 Sancti
593 2189 721 2222 Ioannis
750 2189 972 2222 Lateranensis
992 2189 1031 2222 de

276 2243 362 2276 Urbe
387 2243 553 2287 ipsiusque
574 2243 746 2278 ecclesiae,
770 2253 895 2275 necnon
925 2242 1031 2275 Sancti

276 2298 416 2337 loannis,
429 2303 457 2331 et
474 2297 581 2331 Sancti
603 2298 710 2330 Lazari
734 2297 1028 2341 HierosolymitanL

276 2362 313 2385 ac
333 2351 440 2385 Sancti
466 2350 605 2395 Spiritus
624 2350 656 2382 in
678 2350 781 2389 Saxia,
804 2355 831 2382 et
853 2350 960 2384 Sancti
981 2351 1031 2384 lo-

277 2405 370 2438 annis
388 2405 620 2444 Lateranensis,
635 2415 671 2438 ac
689 2404 795 2438 Sancti
816 2404 921 2437 Iacobi
937 2405 1031 2438 Incu-

278 2459 430 2492 rabilium
452 2459 491 2492 de
511 2459 621 2492 eadem
650 2458 747 2498 Urbe,
777 2469 903 2492 necnon
924 2459 1031 2492 Sancti

279 2513 371 2553 Elmi,
388 2518 419 2546 et
432 2512 539 2546 Sancti
557 2512 659 2552 Bovis,
681 2523 719 2545 ac
739 2512 846 2546 Sancti
864 2512 1032 2553 Gotliardi,

316 2585 326 2611 1
347 2583 410 2611 Vide
428 2584 568 2611 concilium
584 2583 784 2614 Tridentinum,
805 2590 870 2610 sess.
902 2591 967 2615 xxi,
996 2585 1034 2610 De

279 2624 408 2658 Reform,
425 2633 483 2660 cap.
502 2624 561 2657 ult.,
584 2624 645 2656 ubi,
663 2624 760 2650 abolito
778 2631 827 2650 usu
848 2628 1032 2658 quaestorum,

278 2665 357 2692 datur
373 2665 514 2693 ordinariis
529 2665 612 2692 forma
631 2664 770 2699 colligendi
791 2664 981 2699 eleemosynas.

1705 232 1770 266 535

1062 307 1090 335 et
1111 300 1319 344 Leuguzioni,
1348 308 1476 331 necnon
1498 297 1604 330 Sancti
1624 295 1760 334 Nicolai‚
1783 300 1812 328 et

1062 355 1168 389 Sancti
1189 353 1342 387 Bernardi
1360 351 1474 385 Montis
1489 350 1577 389 lovii,
1600 359 1727 383 necnon
1738 349 1814 382 San-

1063 409 1103 441 cti
1126 408 1296 445 Loonardi,
1310 417 1347 439 ac
1359 406 1492 439 Sanctae
1513 403 1666 443 Marthae,
1688 413 1814 436 necnon

1063 462 1259 495 Sanctissimi
1295 459 1444 494 Crucifixi
1466 457 1744 496 siracusanensis‚
1779 467 1814 489 ac

1063 516 1197 549 Sanctae
1218 514 1333 547 Mariae
1354 514 1392 547 (le
1412 513 1516 546 Monte
1543 512 1684 550 Seri-ato,
1706 510 1816 553 hospi-

1064 570 1194 609 talibus,
1218 580 1253 602 ac
1275 569 1370 601 etiam
1383 566 1491 601 Sancti
1518 564 1694 599 Sebastiani
1716 574 1816 609 prope

1064 630 1090 657 et
1115 629 1201 656 extra
1221 633 1331 655 muros
1352 622 1455 654 dictae
1471 620 1575 660 Urbis,
1594 629 1722 652 necnon
1737 618 1817 652 San-

1065 678 1106 710 cti
1126 677 1256 709 Antonii
1279 678 1316 710 de
1338 677 1454 709 Sancto
1476 674 1613 707 Antonio
1629 672 1819 706 Viennensis

1065 732 1232 767 dioecesis,
1241 736 1271 763 et
1282 729 1524 773 Redemptionis
1537 727 1743 771 Captivorum
1759 737 1818 760 nu-

1066 795 1123 828 per
1130 784 1263 827 Neapoli
1276 784 1433 823 instituto,
1445 781 1660 822 monasteriis,
1673 781 1819 814 illorum-

1065 849 1127 882 que
1145 849 1181 870 ac
1197 838 1329 870 diversis
1344 838 1416 870 aliis
1428 836 1584 875 ecclesiis,
1602 834 1817 875 monasteriis,

1066 892 1291 935 hospitalibus,
1321 890 1461 927 militiis,
1489 888 1818 927 confrater-nitatibus,

1067 945 1273 979 societatibus
1307 949 1336 977 ct
1371 945 1431 988 piis
1464 944 1543 977 locis
1578 952 1819 981 concessarum,

1067 1000 1160 1034 multi
1190 1006 1377 1044 quaestores
1402 1009 1438 1031 ex
1464 998 1583 1031 eisdem
1614 995 1822 1040 indulgentiis

1067 1055 1196 1086 lucrum
1227 1052 1439 1096 temporalem
1462 1057 1584 1084 tantum
1609 1055 1820 1094 quaerentes,

1066 1107 1254 1141 nominibus
1274 1107 1414 1140 fabricae
1436 1105 1659 1145 ecclesiarum,
1681 1104 1823 1147 hospita-

1068 1163 1161 1203 lium,
1189 1161 1473 1199 monasteriorum,
1506 1158 1710 1198 militiarum,
1743 1168 1822 1191 con-

1068 1216 1323 1255 fraternitatum,
1348 1214 1538 1247 societatum
1569 1218 1596 1245 et
1625 1213 1753 1256 piorum
1774 1213 1821 1245 lo-

1046 1313 1048 1320 >
1069 1281 1181 1304 corum
1208 1269 1460 1313 praedictorum.
1483 1267 1515 1299 in
1536 1265 1822 1300 diversis-civitati-

1068 1325 1128 1357 bus
1139 1330 1167 1357 ct
1181 1322 1383 1356 dioecesibus
1403 1327 1551 1366 quaestus
1563 1322 1680 1361 facere,
1698 1319 1824 1353 confra-

1069 1384 1133 1410 tres
1154 1377 1350 1411 describere.
1365 1376 1529 1419 cappellas
1549 1380 1576 1408 et
1591 1373 1731 1407 oratoria
1758 1373 1822 1407 cri-

1069 1442 1155 1476 gere,
1178 1431 1306 1474 illisque
1331 1429 1446 1463 erectis
1474 1428 1690 1471 indulgentias
1708 1427 1823 1460 huius-

1070 1486 1157 1519 modi
1178 1485 1434 1522 communicare,
1461 1489 1491 1516 et
1512 1483 1545 1516 in
1565 1482 1697 1516 diversis
1717 1481 1824 1525 gradi-

1071 1541 1129 1572 bus
1149 1551 1166 1572 a
1189 1540 1257 1572 iuro
1276 1537 1445 1582 prohibitis
1461 1537 1658 1581 dispensare,
1679 1547 1714 1569 ac
1731 1536 1824 1579 plura

1048 1610 1049 1621 ι
1070 1596 1164 1627 etiam
1183 1593 1373 1633 concedere,
1400 1602 1496 1635 quam
1524 1591 1580 1631 eis,
1599 1591 1707 1633 vigore
1722 1589 1824 1622 facul-

1071 1653 1169 1681 tatum
1198 1646 1448 1691 praedictarum,
1470 1644 1594 1677 licitum
1615 1644 1667 1683 sit,
1684 1642 1823 1687 ipsique,

1073 1703 1162 1734 lucro
1183 1701 1308 1739 intenti,
1337 1699 1558 1744 pecuniasque
1592 1697 1700 1742 potius
1727 1708 1824 1741 quam

1071 1755 1331 1788 christifidelium
1365 1754 1502 1786 salutem
1541 1756 1749 1795 quaerentes,
1789 1761 1826 1784 ac

1072 1809 1191 1843 eisdem
1226 1807 1435 1851 indulgentiis
1461 1807 1505 1839 sic
1526 1805 1706 1845 abutentes,
1736 1815 1825 1848 quae-

1072 1869 1155 1896 stum
1177 1874 1213 1896 ex
1233 1862 1296 1895 illis
1321 1861 1550 1906 particularem
1581 1860 1687 1892 facere
1705 1869 1825 1892 conen-

1073 1925 1140 1958 tur,
1177 1917 1345 1960 x’ariosque
1379 1922 1408 1949 et
1442 1915 1583 1948 diversos
1616 1918 1823 1957 quaestores,

1073 1971 1323 2011 commissarios,
1355 1975 1596 2015 procuratores,
1626 1972 1824 2011 receptores,

1073 2024 1312 2065 tl‘iesaurarios,
1342 2026 1498 2062 suctores,
1530 2021 1669 2055 nuncios
1697 2026 1727 2055 et
1747 2020 1826 2054 alios

1073 2079 1237 2113 ministros
1256 2078 1465 2118 constituere,
1487 2077 1543 2121 qui
1563 2087 1629 2110 non
1649 2076 1754 2109 solum
1774 2085 1826 2108 su-

1074 2134 1229 2178 pradicta,
1252 2133 1306 2167 sed
1332 2132 1427 2166 etiam
1454 2133 1549 2176 plura
1577 2130 1638 2164 alia
1664 2130 1710 2163 eis
1730 2141 1825 2164 num-

1073 2199 1170 2231 quam
1192 2198 1343 2222 conccssa
1368 2188 1474 2221 facere
1495 2193 1525 2220 et
1545 2186 1737 2226 concedere3
1754 2195 1826 2219 nec-

1073 2253 1138 2274 non
1158 2243 1305 2275 locorum
1338 2241 1530 2281 ordinarios,
1566 2240 1764 2283 illorumque
1794 2239 1826 2272 in

1073 2296 1296 2341 spiritualibus
1315 2295 1450 2329 vicarios
1469 2294 1636 2338 generales
1654 2300 1685 2328 et
1706 2294 1827 2328 officia-

1074 2352 1120 2385 les
1138 2362 1176 2384 ac
1196 2351 1371 2391 ministros,
1394 2350 1674 2393 ecclesiarumque
1692 2353 1724 2382 et
1738 2348 1827 2382 Ordi-

1074 2415 1152 2438 num
1187 2405 1360 2448 praelatos,
1395 2403 1580 2448 superiores
1614 2407 1645 2436 et
1671 2412 1827 2447 personas

1074 2464 1223 2502 quaestas
1241 2456 1428 2490 huiusmodi
1450 2456 1662 2501 impedientes
1681 2455 1828 2490 censuris

1075 2506 1478 2547 ecclesiasticisinnodare,
1492 2510 1523 2539 et
1533 2505 1611 2539 alias
1626 2506 1658 2539 in
1679 2505 1828 2550 pluribus

1074 2557 1212 2601 graviter
1241 2557 1443 2596 excedentes,
1461 2556 1495 2589 in
1509 2556 1639 2590 Divinae
1659 2555 1828 2590 Maiestatis

1076 2607 1245 2647 offensam,
1281 2617 1318 2639 ac
1351 2616 1484 2639 suarum
1512 2611 1543 2639 et
1568 2605 1825 2640 christifidelium

1075 2656 1257 2690 animarum
1292 2655 1484 2699 perniciem,
1513 2666 1551 2690 ac
1584 2655 1823 2690 ordinariorum

1831 243 1880 270 Ant
1899 243 1927 270 C-
1945 241 2013 270 ¹5⁶7
