2237 3100
62 250 113 280 An.
129 249 158 278 C.
176 250 245 278 ¹570

84 688 153 710 iussio
172 689 242 716 publi-

58 721 118 741 candi
143 723 165 741 et
189 721 241 742 tides

57 752 208 778 exemplorum.

86 2419 126 2443 Ειο
131 2420 203 2443 rdiam.

935 251 1003 275 PIUS
1026 251 1045 275 V
1069 251 1116 275 PP.

257 301 354 336 fuisse
373 308 405 336 et
425 303 635 345 concordare,
658 313 717 337 nec
733 303 765 337 in
777 304 867 337 nullo
882 304 1011 347 penitus

256 356 452 401 discrepare,
467 357 561 408 prius
580 358 675 402 plena
699 357 779 391 fides
799 358 881 391 facta
900 358 1007 398 suerit,

257 409 444 454 imprimere
477 411 525 444 vel
560 421 743 455 proponere
777 412 825 444 vel
863 412 1010 455 recipere

256 463 324 496 ullo
358 464 454 497 modo
473 465 613 498 audeant
632 465 680 498 vel
701 470 920 509 praesumant,
951 476 1010 498 au-

257 516 403 550 ctoritate
415 518 592 561 apostolica
611 523 641 552 et
660 523 772 552 tenore
791 519 1010 562 praesentium

256 569 418 603 similibus
437 571 634 605 inhibemus.

300 623 315 667 g
339 623 371 657 8.
394 624 524 665 Verum,
552 625 628 668 quia
649 624 782 658 difficile
807 631 890 658 esset
915 636 1010 669 prae-

255 682 360 710 sentes
374 677 496 711 litteras
510 678 550 711 ad
571 689 718 722 quaeque
739 678 905 712 christiani
925 679 1012 712 orbis

255 730 327 764 loca
341 730 471 772 deferri,
488 742 526 765 ac
545 732 651 775 primo
667 743 797 776 quoque
816 737 962 776 tempore
979 732 1011 764 in

255 784 404 817 omnium
425 785 572 818 notitiam
593 785 743 830 perferri,
766 785 836 818 illas
862 786 902 818 ad
921 785 1009 818 basi-

254 837 335 870 licae
343 838 737 882 PrincipisApostolorum
749 850 785 872 ac
796 839 1012 873 Cancellariae

253 891 455 935 Apostolicae
466 893 570 926 valvas
590 898 619 926 et
636 893 669 925 in
684 893 752 926 acie
769 892 879 937 Campi
900 893 1012 926 Florae

253 944 293 978 de
309 956 400 979 more
419 946 578 990 publicari
595 952 625 980 et
640 947 738 990 affigi,
762 958 799 980 ac
824 947 1011 980 earumdem

252 997 432 1033 litterarum
443 1001 607 1045 exemplis,
617 1001 713 1034 etiam
727 1000 900 1044 impressis,
914 1011 1010 1034 manu

252 1051 390 1087 alicuius
429 1054 553 1098 publici
587 1055 771 1088 tabellionis
808 1055 1009 1099 subscriptis,

252 1116 380 1140 necnon
400 1107 507 1151 sigillo
528 1119 686 1152 personae
719 1109 751 1142 in
771 1109 927 1152 dignitate
958 1120 1011 1142 ec-

253 1160 432 1194 clesiastica
465 1162 657 1196 constitutae
692 1162 837 1203 munitis,
864 1163 1011 1196 eamdem

253 1225 387 1259 prorsus
407 1215 624 1249 indubitatam
653 1214 749 1249 tidem
783 1216 905 1261 ubique
931 1226 1010 1259 gen-

253 1268 335 1302 tium
348 1269 537 1303 etlocorum
550 1270 664 1304 haberi
679 1270 910 1314 praecipimus,
928 1281 1011 1314 quae

253 1323 478 1366 praesentibus
506 1324 693 1366 haberetur,
715 1324 740 1358 si
761 1324 1012 1358 ostenderentur

252 1377 302 1411 vel
322 1377 564 1412 exhiberentur.

295 1431 382 1465 Nulli
406 1442 483 1476 ergo
504 1437 561 1466 etc.

296 1486 411 1519 Datum
432 1486 552 1520 Romae
577 1485 664 1530 apud
689 1485 842 1519 Sanctum
865 1486 1007 1528 Petrum,

252 1550 338 1573 anno
356 1539 590 1573 Incarnationis
623 1539 805 1573 dominicae
836 1540 1009 1574 millesimo

251 1593 513 1637 quingentesimo
533 1593 783 1637 septuagesimo,
811 1594 916 1638 pridie
938 1594 1010 1628 idus

252 1646 335 1688 iulii,
358 1646 565 1691 pontificatus
585 1647 686 1680 nostri
708 1658 792 1681 anno
817 1658 847 1681 V.

311 1705 373 1736 Dat.
393 1705 440 1736 die
457 1705 494 1735 14
513 1705 578 1735 iulii
595 1706 682 1744 1570,
703 1706 807 1745 pontif.
825 1716 902 1736 anuo
918 1715 946 1736 v.

561 1866 698 1900 CLXVII.

252 1941 407 1985 Maqiscer
429 1943 515 1976 sacri
533 1943 662 1976 Palatia·
685 1946 813 1975 creatur
836 1943 1009 1975 canoniam

298 1996 483 2040 tlteoloyalz's
502 1996 653 2029 basilicae
676 1996 710 2029 S.
733 1996 828 2029 Petra·
850 1997 887 2028 dc
915 1996 1006 2036 Urbe,

296 2053 332 2082 ut
344 2049 378 2082 S.
403 2049 542 2083 Tltomae
560 2051 754 2089 doctrinam,
777 2061 870 2093 qnam
893 2050 931 2082 ab
948 2049 1009 2082 Ec-

298 2099 393 2132 etesia
408 2100 568 2132 catholiea
586 2104 746 2142 ‘receptam
766 2104 794 2132 ct
815 2100 890 2132 aliis
904 2100 1009 2142 muyis

300 2157 403 2186 tutam
422 2157 452 2186 et
475 2164 620 2186 securam
640 2153 731 2193 dicit,
753 2153 861 2186 doceat
880 2153 902 2185 ί.

342 2234 404 2263 rius
423 2234 564 2270 episcopus
585 2241 681 2263 servus
706 2240 846 2263 servorum
861 2233 923 2267 Det,

391 2288 424 2316 ad
455 2289 616 2324 perpetuam
641 2288 682 2317 rei
703 2288 871 2317 memoriam.

298 2360 334 2393 In
346 2359 501 2393 eminenti
515 2359 682 2393 militantis
692 2360 852 2393 Ecclesiae
862 2360 1005 2404 specula,

255 2413 379 2447 meritis
396 2414 470 2448 licet
481 2414 672 2458 imparibus,
694 2414 800 2447 divina
817 2414 1007 2457 disponente

255 2468 440 2509 clementia,
475 2468 651 2509 constituti,
688 2468 763 2501 licet
797 2468 1007 2501 ecclesiarum

255 2522 475 2567 quarumlibet
495 2521 605 2556 decori
625 2527 655 2555 et
673 2521 841 2562 venustati,
864 2532 900 2555 ac
934 2533 1007 2566 per-

257 2587 410 2610 sonarum
431 2576 464 2609 in
484 2575 546 2609 illis
566 2575 678 2609 divinis
693 2575 842 2609 laudibus
858 2575 1007 2609 insisten-

292 2649 304 2675 ¹
326 2649 366 2676 Ex
385 2649 453 2676 Bull.
470 2648 577 2676 Ordinis
599 2647 704 2681 Praed.‚
721 2651 786 2676 tom.
805 2655 833 2682 v,
854 2656 912 2683 pag.
930 2648 991 2675 aas.

337 2693 411 2725 Bull.
432 2693 510 2725 Rom.
538 2693 593 2725 Vol.
619 2691 676 2723 VII.
874 2692 929 2722 105

1696 241 1756 275 841

1051 304 1132 336 tium
1166 288 1347 336 animarum
1369 303 1463 336 saluti
1497 303 1666 336 consulere
1687 304 1803 337 debea-

1052 368 1134 397 mus,
1157 358 1196 390 ad
1216 357 1381 390 basilicam
1401 356 1590 400 praesertim
1614 357 1699 390 beati
1718 357 1804 391 Petri

1052 410 1207 454 principis
1227 411 1446 455 apostolorum
1466 410 1505 443 dc
1525 410 1622 450 Urbe,
1643 415 1805 455 tamquam

1052 463 1143 497 nobis
1164 465 1362 508 peculiarem
1384 470 1414 498 et
1429 464 1652 505 domesticam,
1675 470 1804 498 nostrae

1052 516 1318 551 considerationis
1338 518 1439 552 aciem
1460 519 1631 552 extendere
1652 528 1710 552 nos
1726 529 1804 552 con-

1051 570 1146 610 venit,
1156 577 1190 603 ut
1199 571 1285 604 circa
1296 572 1382 605 illius
1393 577 1510 605 statum
1519 578 1549 606 et
1560 573 1722 613 decorem,
1732 583 1806 616 pro-

1052 624 1220 668 vidamque
1238 626 1489 659 canonicatuum
1503 632 1533 659 et
1544 626 1804 670 praebendarum

1053 677 1130 711 inibi
1151 678 1371 712 institutorum
1392 680 1615 721 directionem,
1639 685 1669 713 et
1689 680 1728 713 ad
1754 691 1803 721 ea,

1052 742 1110 775 per
1134 743 1216 775 quae
1237 733 1349 766 eadem
1370 733 1502 767 basilica
1518 744 1733 778 personarum
1746 733 1807 767 uti-

1052 784 1144 826 lium,
1168 786 1206 818 asl
1227 786 1324 819 divini
1350 787 1490 820 nominis
1521 787 1655 831 gloriam
1681 794 1712 821 et
1736 787 1806 820 ani-

1053 848 1179 871 marum
1194 840 1342 879 salutem,
1357 841 1551 884 opportunis
1565 840 1716 874 fulciatur
1726 852 1808 885 prze-

1053 891 1153 933 sidiis,
1191 892 1288 925 officii
1310 894 1411 926 nostri
1431 899 1549 937 partes,
1580 900 1677 938 prout
1696 905 1806 928 rerum

1053 950 1083 977 et
1103 951 1285 989 temporum
1307 948 1479 981 necessitas
1494 948 1599 991 exigit,
1615 948 1809 993 propensius

1053 998 1290 1043 impartiamur.

1097 1054 1111 1096 ς’
1126 1053 1156 1085 l.
1175 1053 1255 1086 Cum
1275 1054 1394 1098 itaque,
1408 1055 1494 1088 iuxta
1511 1055 1677 1099 antiquam
1691 1060 1721 1089 et
1736 1056 1807 1089 lau-

1052 1106 1191 1140 dabilem
1212 1109 1492 1148 consuetiulinem‚
1514 1120 1549 1142 ac
1573 1110 1670 1142 etiam
1691 1119 1807 1143 secun-

1052 1161 1130 1193 dum
1151 1162 1233 1194 sacri
1267 1162 1396 1195 concilii
1417 1163 1594 1195 Tridentini
1624 1163 1806 1207 dispositio-

1052 1225 1138 1255 nem,
1175 1215 1207 1248 in
1227 1215 1369 1259 qualibet
1390 1216 1566 1249 cathedrali
1588 1216 1723 1249 ecclesia
1742 1227 1807 1250 una

1052 1268 1235 1311 praebenda
1248 1269 1439 1313 theologalis
1458 1269 1653 1303 instituenda
1670 1269 1720 1311 sit,
1735 1280 1805 1311 nos,

1051 1322 1107 1365 qui
1123 1323 1247 1356 (ludum
1264 1323 1347 1357 inter
1359 1324 1422 1357 alia
1441 1324 1602 1357 voluimus
1622 1323 1710 1368 quod
1725 1334 1807 1357 sem-

1052 1387 1110 1419 per
1130 1376 1163 1409 in
1176 1377 1352 1410 unionibus
1370 1378 1555 1411 commissio
1567 1378 1659 1411 fieret
1672 1377 1712 1410 ad
1729 1388 1804 1422 par-

1051 1434 1097 1463 tes
1112 1458 1119 1471 ,
1154 1431 1273 1464 vocatis
1306 1442 1447 1474 <iptorum
1475 1431 1664 1472 interesset,
1700 1437 1804 1465 atten-

1051 1484 1161 1517 dentes
1182 1485 1216 1517 D.
1244 1485 1397 1525 Thomae,
1419 1485 1475 1529 qui
1495 1485 1676 1529 theologiae
1696 1491 1727 1519 et
1747 1485 1805 1520 Or-

1051 1538 1132 1571 dinis
1152 1538 1414 1572 P1·ae‹1licatoi·um
1448 1540 1611 1583 professor
1645 1539 1715 1580 fuit,
1751 1539 1806 1573 do-

1050 1592 1185 1624 ctrinam
1207 1592 1439 1635 theologicam,
1461 1593 1500 1626 ab
1527 1593 1670 1626 Ecclesia
1692 1593 1803 1627 catho-

1050 1645 1111 1678 lica
1132 1650 1307 1689 receptam,
1325 1646 1396 1679 aliis
1416 1647 1517 1689 magis
1537 1652 1638 1680 tutam
1659 1652 1690 1680 ct
1710 1658 1803 1680 secu-

1050 1710 1119 1732 ram
1139 1699 1286 1740 existere,
1305 1711 1341 1733 ac
1356 1700 1574 1744 praebendam
1588 1700 1803 1744 theologalem

1049 1753 1237 1786 huiusmodi
1258 1754 1289 1786 in
1310 1754 1396 1787 dicta
1415 1754 1547 1787 basilica
1575 1754 1673 1788 alicui
1698 1754 1802 1795 alteri,

1049 1817 1146 1850 quam
1181 1807 1341 1849 magistris
1373 1807 1454 1841 sacri
1474 1807 1586 1841 Palatii
1614 1808 1803 1851 Apostolici,

1049 1860 1104 1904 qui
1140 1861 1322 1894 doctrinam
1354 1861 1552 1905 praedictam
1592 1861 1803 1905 profitentur,

1049 1914 1170 1957 quique
1192 1926 1228 1947 ex
1247 1914 1365 1948 Ordine
1392 1915 1654 1949 Praedicatorum
1689 1915 1803 1949 huius-

1050 1968 1136 2000 modi
1171 1978 1299 2012 semper
1331 1969 1405 2011 eligi
1440 1970 1562 2009 solent,
1599 1970 1745 2003 securius
1774 1976 1805 2003 et

1050 2021 1251 2055 commodius
1271 2022 1411 2055 conferri
1432 2028 1462 2056 et
1477 2023 1632 2064 assignari
1648 2034 1711 2056 non
1728 2034 1803 2067 pos-

1049 2075 1109 2115 sit,
1132 2075 1253 2108 idcirco
1274 2076 1425 2109 basilicae
1446 2077 1630 2120 praedictae
1650 2077 1803 2121 illiusque

1049 2129 1194 2173 personis
1228 2130 1491 2173 percommodius
1529 2130 1684 2174 valdeque
1725 2131 1803 2164 utile

1049 2188 1079 2215 et
1103 2183 1321 2216 necessarium
1357 2194 1424 2217 esse
1445 2189 1611 2217 censentes
1644 2190 1679 2217 ut
1706 2195 1802 2218 unam

1048 2237 1261 2280 theologalem
1281 2237 1497 2280 praebendam
1517 2237 1549 2269 in
1570 2237 1653 2270 dicta
1669 2237 1803 2271 basilica

1049 2290 1266 2331 instituamus,
1289 2291 1443 2334 illamque
1463 2290 1569 2323 officio
1587 2291 1730 2334 magistri
1745 2292 1802 2325 Pa-

1048 2344 1115 2377 latii
1136 2345 1322 2377 huiusmodi
1344 2344 1577 2385 adscribamus,
1599 2355 1664 2389 quo
1676 2345 1801 2379 facilius

1049 2398 1200 2441 magister
1212 2399 1289 2432 dicti
1303 2398 1413 2431 Palatii
1431 2409 1489 2442 pro
1504 2404 1649 2443 tempore
1665 2399 1802 2433 existens

1048 2448 1195 2491 personis
1214 2447 1365 2481 basilicae
1399 2453 1429 2480 et
1452 2448 1563 2481 Palatii
1597 2448 1799 2488 huiusmodi,

1048 2496 1195 2529 doctrina
1215 2502 1243 2529 et
1266 2507 1364 2540 opera
1381 2508 1437 2529 sua
1459 2508 1495 2529 ac
1528 2508 1694 2530 sacrarum
1714 2498 1800 2532 litte-

1048 2557 1158 2579 rarum
1190 2552 1220 2580 et
1240 2546 1404 2580 doctrinae
1430 2546 1576 2580 eiusdem
1595 2547 1631 2580 D.
1659 2547 1801 2581 Thomac

1049 2595 1313 2640 interpretatione
1347 2600 1377 2629 et
1410 2596 1549 2637 lectura,
1572 2596 1734 2640 prodesse,
1764 2607 1801 2630 ac

1048 2655 1147 2679 onera
1167 2644 1262 2678 officii
1284 2644 1483 2686 huiusmodi,
1500 2645 1559 2680 sibi
1580 2656 1639 2690 pro
1654 2651 1801 2691 tempore

1821 252 1870 279 An.
1887 249 1916 278 C.
1934 249 2005 279 1570

1886 1059 2009 1087 ntptomaus

1824 1097 1894 1113 causa.
