2237 3100
186 272 237 300 An.
253 272 283 299 C.
302 271 369 299 1560

200 476 321 497 consensus
336 483 367 497 ar-

182 507 347 528 :inconst-aterni
357 518 367 522 -

181 539 230 558 tatis
270 538 366 558 Caritatis

183 570 208 590 de
223 567 286 590 [ibe.

202 1440 320 1462 Exordium.

202 2130 279 2151 Paulus
294 2129 323 2150 111
341 2133 362 2150 et

177 2161 242 2182 Iulius
266 2160 295 2182 lll
311 2162 362 2182 iudi⁴

176 2197 252 2214 xerunt
292 2194 363 2214 conei-

176 2225 226 2245 lium
260 2224 360 2244 Tridenti-

177 2263 233 2279 num.
244 2256 280 2276 sed
291 2261 364 2282 pose<

177 2291 247 2308 cutum
265 2293 306 2307 non
325 2287 361 2307 suit

178 2320 360 2345 exvariiscausis,

178 2351 203 2370 de
234 2350 307 2377 quibus
327 2350 361 2370 hie

178 2384 197 2403 91
221 2382 241 2402 in
258 2380 316 2403 Pauli
332 2380 360 2403 ΠΙ

428 262 471 295 90

383 324 641 369 quingentesimo
671 323 866 366 sexagesimo
885 347 892 359 ,
920 330 959 353 xv
984 318 1134 352 kalendas

383 374 572 413 decembris,
583 373 788 418 pontificatus
802 370 901 404 nostri
919 380 1002 402 anno
1014 368 1129 413 primo.

425 425 517 457 Anno
526 422 759 456 incarnationis
773 419 953 453 dominicae
963 427 1070 456 immi,
1082 416 1133 449 die

382 483 423 506 5⁹11
443 472 609 512 februarii,
627 472 662 504 R.
685 471 721 504 D.
744 469 901 503 Antonius
924 466 1131 505 Lomettinus,

383 571 516 609 chianis,
531 571 782 613 Christophorus
796 567 967 605 Lucianus,
985 564 1133 597 Francis-

382 632 438 654 cus
449 620 659 663 Sangalettus,
670 617 812 661 deputati
823 615 983 649 societatis
993 624 1048 647 seu
1060 624 1134 647 eon-

382 669 587 703 fraternitatis
606 667 752 700 Caritatis
775 666 814 698 de
840 663 940 704 Urbe,
959 674 1018 707 per
1037 662 1135 695 Fran-

381 718 503 751 ciscum
537 716 706 753 Puecium,
737 724 850 747 eorum
872 717 1130 756 procuratorem,

380 766 530 800 omnibus
559 770 586 797 et
625 764 759 806 singulis
798 761 1029 806 retrosmiptis,
1066 760 1133 794 sine

381 822 486 847 tamen
508 813 706 858 praeiudicio
725 811 968 857 privilegiorum
989 810 1133 843 eiusdem

379 864 648 898 confraternitatis
667 863 828 902 Caritatis,
853 868 883 895 et
900 862 1067 895 literarum
1084 872 1135 894 ex-

380 913 552 958 peditioni,
577 918 808 946 consenserunt
830 915 886 944 etc.

421 963 483 996 Pro
503 963 620 996 Ioanne
637 961 773 1006 Baptista
795 959 902 999 Dorta,
919 959 1055 992 Ioannes
1074 958 1133 991 Ba-

379 1013 473 1057 ptista
494 1012 619 1045 Zianus.

426 1061 487 1091 Dat.
512 1061 558 1091 die
582 1061 617 1090 17
641 1069 705 1089 nov.
733 1059 815 1095 1560,
839 1057 939 1097 pontis.
964 1066 1040 1086 anuo
1060 1066 1078 1086 1.

674 1155 780 1188 xxvii
807 1155 831 1186 1.

378 1214 519 1247 Indiclio
532 1213 764 1257 prosecutionis
778 1212 874 1245 Sacri
889 1215 917 1244 et
934 1210 1135 1244 OEcumenici

424 1262 564 1299 Conciliz'
586 1262 772 1295 Tridentini
791 1260 818 1293 2.

419 1326 482 1353 Pius
497 1325 566 1360 Papa
581 1325 623 1357 tv.
636 1325 670 1352 ad
684 1325 846 1359 perpetuam
861 1322 902 1351 rei
917 1329 1003 1350 memo
1011 1322 1092 1350 riam.

422 1379 467 1411 Ad
488 1378 650 1411 Ecclesiae
670 1378 827 1420 regimen,
847 1377 923 1409 licet
939 1381 1025 1408 tanto
1043 1376 1134 1408 oneri

377 1429 531 1472 impares,
543 1428 610 1460 sola
626 1427 680 1459 Dei
697 1425 882 1469 dignatione
897 1424 1014 1463 vocati,
1029 1424 1133 1457 statim

378 1477 644 1509 circumferentes
664 1475 779 1508 mentis
805 1475 918 1507 oculos
944 1484 1003 1517 per
1023 1484 1135 1506 omnes

378 1526 575 1569 reipublicae
609 1525 802 1558 christianae
828 1528 936 1567 partes
954 1549 961 1562 ‚
997 1533 1133 1555 cernen-

377 1581 501 1618 tesque,
531 1586 595 1608 non
617 1575 684 1608 sine
720 1584 836 1615 magno
864 1573 1012 1612 horrore,
1037 1582 1134 1615 quam

377 1624 473 1666 longe
498 1624 625 1667 lateque
651 1622 748 1666 pestis
778 1623 950 1654 haeresum
977 1625 1007 1653 et
1033 1620 1134 1653 schis-

377 1673 470 1706 matis
490 1673 690 1717 pervasisset,
711 1678 738 1705 et
756 1677 875 1715 quanta
895 1670 1061 1703 christiani
1081 1680 1135 1713 po-

376 1721 445 1766 puli
479 1732 586 1754 mores
625 1721 826 1754 correctione
864 1719 1066 1762 indigerent3
1102 1719 1134 1751 in

376 1782 446 1804 eam
471 1782 582 1804 curam
601 1777 631 1804 et
655 1771 894 1814 cogitationem,
914 1780 973 1813 pro
994 1768 1134 1812 suscepti

376 1820 835 1859 munerisoflicio,ineumbere
846 1819 1014 1862 eoepimus,
1023 1829 1134 1862 quem-

375 1871 550 1903 admodum
580 1871 664 1914 ipsas
685 1870 834 1902 haereses
859 1868 1038 1911 extirpare,
1061 1873 1131 1901 tan-

378 1926 510 1964 tumque
531 1926 561 1953 et
580 1926 644 1953 tam
666 1919 885 1965 perniciosum
907 1919 1045 1952 schisma
1073 1919 1133 1952 tol·

376 1971 456 2011 lere,
478 1981 649 2014 moresque
670 1970 748 2002 adeo
775 1974 946 2012 corruptos
966 1974 996 2001 et
1017 1968 1132 2012 depra-

375 2025 463 2052 vatos
483 2019 655 2052 emendare
675 2030 855 2063 possemus.

421 2072 435 2115 ,ξ
455 2072 486 2105 ¹1.
509 2073 588 2105 Cum
606 2078 712 2104 autem
729 2070 982 2113 intelligeremus
997 2069 1036 2102 ad
1051 2069 1132 2102 haec.

377 2123 517 2156 sananda
533 2123 616 2155 mala
632 2121 834 2165 aptissimum
851 2130 919 2152 esse
937 2119 1130 2159 remedium,

377 2173 463 2214 quod
484 2178 592 2205 sancta
613 2172 691 2204 haec
714 2171 810 2204 Sedes
826 2170 978 2202 adhibere
1000 2180 1133 2204 consue-

376 2221 486 2261 visset,
509 2220 711 2254 oecumenici
737 2218 960 2262 generalisque
988 2220 1130 2261 concilii,

378 2271 446 2304 eius
475 2270 691 2314 congregandi
726 2275 767 2308 et,
787 2269 851 2301 Deo
885 2268 1024 2309 iuvante,
1047 2269 1131 2302 cele-

376 2320 490 2353 brandi
507 2320 678 2353 consilium
696 2320 852 2363 cepimus.
871 2319 1029 2352 Indictum
1053 2320 1131 2353 illud

377 2369 507 2413 quidem
528 2375 620 2403 antea
641 2370 698 2402 suit
727 2381 743 2402 a
770 2369 873 2402 felicis
900 2369 1132 2402 recordationis

415 2431 424 2455 1
448 2429 551 2463 Duplex
570 2429 648 2455 huius
665 2429 751 2455 bullae
767 2424 903 2463 exemplar
917 2428 1049 2462 legiturin
1066 2428 1132 2455 Coc-

377 2469 485 2504 quelinii
505 2469 636 2501 editione;
659 2471 766 2496 unicum
784 2468 823 2495 hie
848 2468 991 2494 afferimus.
1015 2468 1080 2496 Vide
1100 2468 1131 2495 ad

379 2517 434 2535 rem
454 2509 704 2543 Praefationemm.
723 2509 772 2544 r).
812 2510 827 2535 2
845 2508 1074 2535 Conciliumistud
1086 2508 1129 2534 in-

377 2549 477 2575 dictum
491 2549 575 2575 suerat
591 2557 604 2575 a
617 2549 697 2576 Paulo
709 2548 743 2574 lll
757 2549 782 2574 in
794 2549 851 2574 eius
861 2548 1050 2575 constitutione
1062 2555 1129 2581 xm,

378 2590 470 2620 Initio,
484 2590 669 2624 tom.vt,‘pag.
684 2589 746 2620 557;
768 2588 975 2622 absolutumque
989 2594 1015 2615 et
1031 2589 1129 2615 confir-

377 2633 478 2657 matum
491 2630 537 2656 suit
548 2629 580 2656 ab
591 2629 641 2656 isto
654 2628 779 2657 Pontiflce
792 2628 838 2656 Pio
855 2629 900 2660 tv,
913 2632 941 2655 ut
953 2628 1017 2655 infra
1029 2629 1055 2655 in
1066 2636 1130 2656 con-

377 2670 682 2701 stitutioneBenedicms,
697 2668 740 2696 ubi
752 2676 848 2705 ponam
858 2668 984 2696 concord.
1000 2670 1127 2696 materiae.

981 263 1158 288 Bt'LLAfflt'M
1182 261 1331 285 ROMANFM

1174 315 1274 348 Paulo
1290 314 1384 347 tertio
1402 319 1431 347 et
1447 314 1516 347 eius
1535 324 1721 346 successore
1730 313 1828 356 iulio,
1838 324 1927 358 prae-

1176 366 1399 400 decessoribus
1432 365 1560 405 nostris‚
1585 365 1651 406 sed,
1669 365 1764 399 variis
1784 367 1823 400 de
1850 378 1928 400 cau-

1175 421 1217 454 sis
1244 419 1371 465 saepius
1400 420 1591 464 impeditum
1619 426 1649 454 et
1673 421 1926 466 interpellatum,

949 516 954 521 ,
1154 482 1155 521 t
1176 475 1288 521 perlici
1301 486 1365 508 non
1386 474 1499 519 potuit.
1524 474 1689 518 Siquidem
1703 475 1836 515 Paulus,
1854 486 1929 510 cum

383 522 622 565 protonotarius
630 520 838 565 apostolicus,
847 518 997 550 Horatius
1009 516 1046 548 de
1056 516 1134 547 Mar·
1154 541 1155 551 ,

1176 530 1207 563 id
1227 530 1332 574 primo
1353 529 1385 561 in
1407 528 1521 561 urbem
1547 529 1719 569 Mantuam,
1742 528 1856 562 deinde
1876 529 1929 562 vi-

1154 611 1155 619 .
1176 583 1313 617 centiam
1336 581 1511 622 indixisset,
1534 582 1688 626 quasdam
1709 583 1750 616 ob
1770 593 1883 615 causas
1898 582 1930 616 in

1175 632 1276 666 literis
1296 632 1365 666 eius
1385 642 1561 675 expressas,
1578 631 1611 663 id
1626 631 1730 675 primo
1751 631 1928 675 suspendit,

1176 688 1286 726 postea
1306 681 1494 714 Tridentum
1518 680 1691 713 transtulit.
1713 680 1834 714 Deinde
1855 691 1930 714 cum

1175 731 1369 774 quibusdam
1391 730 1429 763 de
1448 729 1553 763 causis
1572 729 1616 762 ihi
1636 740 1766 774 quoque
1786 729 1856 763 eius
1877 741 1930 764 ce-

1176 780 1321 813 lebrandi
1341 785 1470 823 tempus
1489 778 1622 812 dilatum
1641 778 1763 819 fuisset,
1785 778 1928 820 tandem,

1176 828 1388 873 suspensione
1424 827 1568 867 sublata,
1599 827 1633 860 in
1662 828 1774 860 eadem
1803 827 1928 861 civitate

1176 877 1361 911 Tridentina
1378 877 1564 910 inchoatum
1582 876 1651 909 fuit.
1670 877 1801 917 Verum,
1815 877 1931 910 sessio-

1176 927 1271 960 nibus
1287 927 1411 970 aliquot
1425 925 1553 965 habitis,
1572 931 1601 959 et
1617 926 1783 959 nonnullis
1793 926 1931 960 decretis

1176 976 1277 1016 saetis,
1289 976 1395 1019 ipsum
1406 985 1438 1008 se
1449 980 1560 1019 postea
1570 974 1756 1015 concilium,
1770 975 1932 1019 aliquibus

1176 1025 1214 1058 de
1235 1025 1352 1065 causis,
1375 1025 1548 1057 accedente
1569 1024 1664 1057 etiam
1685 1023 1776 1057 Sedis
1794 1024 1932 1068 Aposto-

1176 1074 1257 1107 licae
1295 1073 1484 1107 auctoritate
1497 1100 1504 1113 ‚
1543 1073 1722 1106 Bononiam
1755 1074 1930 1107 transtulit.

1176 1123 1277 1156 Iulius
1294 1128 1414 1163 autem,
1433 1122 1489 1166 qui
1505 1123 1534 1156 ei
1550 1122 1717 1164 successit,
1735 1122 1768 1155 in
1785 1123 1932 1157 eamdem

1177 1171 1335 1205 civitatem
1363 1171 1584 1205 Tridentinam
1614 1171 1645 1205 id
1673 1171 1843 1213 revocavit,
1866 1183 1931 1216 quo

1176 1220 1306 1264 quidem
1335 1225 1482 1264 tempore
1509 1221 1591 1254 facta
1611 1220 1673 1253 alia
1693 1221 1854 1264 quaedam
1873 1221 1931 1254 de-

1177 1275 1263 1302 creta
1284 1274 1369 1302 sunt.
1392 1269 1454 1302 Sed
1483 1280 1558 1302 eum
1585 1270 1657 1302 novi
1682 1269 1715 1302 in
1741 1270 1933 1314 propinquis

1177 1318 1365 1352 Germaniae
1381 1318 1461 1351 locis
1471 1318 1629 1351 tumultus
1645 1318 1771 1351 excitati
1783 1319 1929 1360 fuissent,

1177 1373 1207 1400 et
1226 1368 1347 1400 bellum
1369 1367 1401 1400 in
1422 1367 1511 1400 ltalia
1531 1373 1559 1400 et
1586 1367 1685 1400 Gallia
1705 1368 1931 1411 gravissimum

1177 1417 1355 1456 exarsisset,
1369 1427 1482 1449 rursus
1502 1415 1676 1449 concilium
1691 1427 1885 1461 suspensum
1901 1422 1933 1450 et

1177 1465 1311 1498 dilatum
1332 1466 1407 1506 suit,
1430 1465 1592 1499 adnitente
1622 1465 1774 1499 nimirum
1796 1467 1931 1500 humani

1176 1515 1303 1557 generis
1329 1516 1419 1548 hoste
1433 1542 1440 1555 ,
1477 1515 1619 1558 aliasque
1637 1525 1674 1548 ex
1704 1515 1774 1548 aliis
1794 1515 1929 1548 difficul-

1176 1570 1255 1597 tates
1276 1570 1306 1597 et
1326 1565 1556 1608 impedimenta
1572 1564 1790 1605 obiicente‚ut
1806 1570 1932 1600 tantum

1176 1613 1336 1646 Ecclesiae
1358 1614 1566 1647 commodum
1581 1640 1588 1654 ,
1610 1614 1698 1658 quod
1718 1625 1852 1658 prorsus
1871 1627 1931 1650 au-

1177 1663 1259 1695 ferre
1288 1673 1352 1696 non
1383 1668 1528 1707 poterat,
1551 1663 1663 1696 saltem
1691 1674 1789 1707 quam
1817 1665 1931 1699 diutis-

1177 1711 1255 1744 sime
1276 1713 1463 1745 retardaret.
1487 1712 1692 1756 Quantopere
1711 1724 1787 1747 vero
1808 1713 1932 1749 interea

1177 1765 1289 1793 auctae
1308 1761 1424 1794 suerint
1446 1767 1473 1794 et
1501 1761 1733 1805 multiplicatae
1758 1773 1795 1795 ac
1812 1773 1931 1807 propa-

1176 1815 1265 1854 gatae
1292 1811 1460 1851 haereses,
1483 1816 1682 1854 quantopere
1704 1811 1845 1845 schisma
1861 1823 1929 1846 cre-

1176 1860 1266 1901 verit,
1285 1861 1352 1893 sine
1373 1860 1510 1893 maximo
1526 1860 1624 1893 animi
1645 1861 1768 1901 dolore,
1786 1872 1846 1894 nec
1862 1872 1930 1896 me-

1177 1910 1307 1943 minisse
1337 1921 1508 1954 possumus
1531 1921 1590 1943 nec
1614 1911 1745 1943 referre.
1770 1910 1831 1944 Sed
1858 1917 1930 1944 tan-

1175 1960 1248 1993 dem
1283 1961 1355 2004 pius
1389 1966 1419 1994 et
1451 1959 1635 1994 misericors
1666 1960 1822 1994 Dominus
1835 1988 1843 2001 ,
1874 1961 1931 2004 qui

1174 2021 1354 2053 numquam
1383 2010 1424 2042 ita
1444 2009 1612 2049 irascitur,
1636 2014 1668 2041 ut
1690 2008 1930 2045 misericordiae

1175 2061 1392 2101 obliviscatur,
1415 2060 1545 2104 regibus
1569 2066 1597 2093 et
1624 2059 1827 2104 principibus
1843 2061 1929 2095 chri-

1175 2111 1285 2144 stianis
1300 2122 1412 2155 pacem
1429 2116 1457 2143 et
1474 2110 1717 2143 unanimitatem
1740 2110 1860 2145 donare
1881 2113 1930 2146 di-

1174 2166 1289 2203 gnatus
1304 2167 1361 2193 est.
1380 2161 1446 2199 Qua
1462 2171 1520 2193 nos
1537 2159 1705 2193 occasione
1725 2160 1842 2201 oblata,
1865 2172 1930 2194 ma-

1174 2210 1290 2242 ximam
1304 2211 1335 2242 in
1347 2221 1436 2254 spem
1444 2208 1701 2253 venimus,ipsius
1710 2208 1930 2244 misericordia

1175 2260 1263 2299 freti,
1287 2261 1353 2293 sore
1375 2266 1406 2293 ut
1433 2259 1482 2292 his
1503 2259 1597 2292 tantis
1616 2270 1746 2303 quoque
1765 2259 1928 2294 Ecclesiae

1175 2309 1266 2342 malis
1287 2310 1397 2342 eadem
1422 2309 1551 2342 concilii
1572 2309 1620 2341 via
1640 2308 1713 2341 finis
1728 2308 1924 2352 imponatur.

1173 2360 1236 2392 Nos
1247 2361 1367 2403 itaque,
1381 2360 1418 2392 ad
1432 2359 1571 2392 schisma
1586 2359 1799 2401 haeresesque
1814 2358 1928 2391 tollen-

1173 2410 1240 2451 das,
1253 2411 1291 2443 ad
1304 2409 1511 2453 corrigendos
1527 2415 1554 2441 et
1571 2407 1794 2442 reformandos
1809 2418 1926 2449 mores,

1172 2459 1211 2492 ad
1223 2470 1336 2502 pacem
1354 2459 1437 2491 inter
1457 2458 1649 2491 christianos
1667 2455 1831 2501 principes
1850 2467 1927 2490 con-

1173 2508 1378 2548 servandam,
1408 2507 1657 2541 celebrationem
1678 2506 1747 2539 eius
1772 2516 1838 2539 non
1858 2517 1926 2540 esse

1173 2558 1323 2591 duximus
1343 2558 1463 2591 diutius
1479 2556 1700 2590 differendam.

1215 2609 1230 2652 g
1251 2608 1280 2641 ΞΣ.
1304 2608 1416 2641 Habita
1450 2607 1548 2651 igitur
1580 2617 1655 2640 cum
1688 2605 1926 2641 venerabilibus

1171 2657 1323 2692 fratribus
1343 2657 1460 2693 nostris
1489 2661 1616 2692 sanctae
1636 2655 1799 2691 Romanae
1817 2655 1926 2692 Eccle-

1942 258 1994 284 Au.
2013 257 2040 284 C.
2063 257 2130 284 1:560

1942 321 2094 342 constitutione
2101 322 2129 342 ei-

1943 355 1986 372 tata
2001 353 2021 373 in
2037 355 2088 372 nota
2102 353 2128 374 ad

1943 379 2056 400 rubricam.

1939 2614 1983 2637 Iste
1993 2618 2063 2637 autem
2069 2615 2124 2638 Pon-

1940 2647 1990 2670 utu
1999 2663 2007 2674 ‚
2030 2653 2056 2670 ex
2071 2653 2123 2672 can-

2206 231 2216 267 l.
