2237 3100
22 247 72 276 Au.
89 247 120 275 C.
136 247 206 276 1570

903 249 971 274 PIUS
990 249 1009 273 V
1029 249 1077 274 PP.

221 300 283 333 Pro
303 299 474 333 interdicto
494 300 639 345 speciali,
662 301 719 335 iul.
742 302 939 345 quindecim.

219 354 281 387 Pro
305 353 521 388 instrumento
546 356 751 390 relaxationis
783 357 971 399 interdicti,

264 407 322 441 iul.
345 408 544 452 quindecim.

220 462 282 495 Pro
302 463 584 505 executorialibus‚
610 464 666 497 iul.
692 464 821 508 triginta
842 476 905 498 sex.

219 515 282 549 Pro
301 517 452 550 mandato
473 518 513 550 de
533 517 736 551 immittendo
752 519 784 551 in
801 519 975 563 possessio-

264 580 338 603 nem
367 570 476 614 vigore
509 571 690 604 litterarum
725 573 974 616 apostolicarum

264 635 321 658 seu
346 624 379 656 in
400 624 503 657 forma
522 624 640 666 brevis,
658 625 715 658 iul.
739 626 863 659 decem.

220 677 282 711 Pro
299 678 502 712 absolutione
515 678 579 711 sive
591 679 804 713 absolutionis
824 681 975 714 commis-

265 731 369 771 sione,
390 742 450 776 pro
469 742 549 773 uno,
571 732 629 765 iul.
651 743 778 766 novem.

221 785 283 818 Pro
310 785 437 818 duobus
461 785 524 819 litis
550 787 775 828 consortibus,

266 839 459 872 tuordecim.

222 893 283 927 Pro
303 892 407 927 tribus
425 893 491 927 litis
511 895 728 938 consortibus,
751 896 809 929 iul.
823 897 934 931 decem
947 905 976 932 et

266 952 353 981 octo.

221 1001 283 1035 Pro
307 1006 449 1046 quatuor
467 1001 532 1036 litis
552 1003 769 1045 consortibus,
791 1004 848 1038 iul.
867 1007 977 1050 viginti

265 1061 343 1089 tres.

221 1109 310 1143 Ultra
328 1114 470 1153 quatuor
489 1115 711 1155 quotcumque
732 1113 893 1147 addantur
903 1126 977 1159 per-

266 1173 365 1197 sonae
392 1163 457 1197 litis
487 1170 653 1198 consortes
670 1192 677 1206 ‚
705 1166 786 1199 nihil
820 1175 978 1212 augeatur

265 1217 407 1262 pretium
422 1218 646 1262 expeditionis.

220 1271 283 1304 Pro
307 1272 462 1316 capitulo,
479 1272 627 1316 collegio,
644 1275 908 1311 confraternitate
923 1284 977 1312 aut

264 1326 485 1367 universitate,
511 1327 569 1360 iul.
593 1328 840 1372 quinquaginta.

218 1379 280 1413 Pro
300 1379 516 1414 instrumento
533 1381 757 1423 absolutionis,
775 1384 833 1418 iul.
857 1385 978 1420 duode-

264 1433 339 1467 cim.

218 1488 280 1522 Pro
292 1489 430 1523 decretis
441 1489 574 1524 aiudice
581 1490 716 1534 prolatis
723 1502 789 1525 non
797 1503 834 1526 ex
844 1493 976 1538 scripto,

264 1543 360 1577 etiam
379 1544 442 1578 vim
467 1544 649 1578 definitivae
678 1546 892 1589 habentibus,
922 1559 977 1582 eo-

263 1608 376 1631 rumve
395 1604 471 1632 nota
491 1605 522 1632 et
541 1599 707 1643 sportulis,
730 1600 824 1634 nihil.

218 1652 281 1686 Pro
300 1653 441 1697 simplici
461 1653 524 1687 fide
544 1654 640 1687 etiarn
656 1654 801 1698 plurium
815 1660 975 1697 actorum,

264 1707 322 1740 iul.
343 1707 435 1741 duos.

219 1761 281 1794 Pro
298 1762 445 1795 examine
465 1761 609 1803 testium,
623 1773 696 1796 cum
723 1763 867 1798 articulis
886 1771 917 1798 et.
931 1765 979 1798 in-

263 1815 487 1860 terrogatoriis
504 1843 512 1857 ,
535 1817 568 1849 in
589 1827 686 1850 causa
711 1828 794 1861 quae
815 1819 855 1851 sit
880 1819 977 1852 aesti-

264 1870 416 1904 mationis
435 1882 453 1904 a
479 1871 716 1915 quinquaginta
745 1872 845 1905 scutis
865 1883 975 1917 supra,

263 1935 366 1968 usque
390 1925 430 1958 ad
464 1935 708 1969 quamcumque
738 1936 898 1959 summam
917 1954 924 1968 ,

264 1978 393 2011 articuli
413 1988 479 2012 non
500 1979 656 2012 excedant
679 1990 854 2012 numerum
874 1981 977 2024 vigin-

263 2033 445 2077 tiquinque,
466 2033 715 2077 interrogatoria
732 2045 907 2068 numerum
918 2035 977 2069 tri-

263 2087 501 2132 gintaquinque
519 2115 526 2128 ,
550 2087 583 2120 in
603 2087 700 2121 domo
720 2088 767 2121 vel
789 2088 897 2122 officio
917 2101 977 2123 no-

262 2141 350 2182 tarii,
372 2141 431 2175 iul.
453 2146 606 2186 quatum&
628 2147 716 2175 extra
725 2152 800 2175 vero
816 2142 975 2185 officium,

263 2206 329 2229 non
350 2196 436 2229 ultra
457 2196 606 2240 duplum.

219 2250 254 2284 In
274 2261 372 2284 causa
385 2250 617 2284 aestimationis
628 2261 646 2283 a
657 2249 891 2294 quinquaginta
907 2262 978 2285 scu-

264 2304 304 2337 tis
323 2304 418 2345 infra,
441 2305 584 2338 solvatur
602 2309 728 2337 tantum
746 2314 805 2349 pro
827 2304 973 2338 dimidia.

264 2358 355 2398 Quod
376 2359 401 2391 si
418 2359 546 2392 articuli
568 2359 725 2392 excedant
744 2369 920 2392 numerum
935 2359 978 2392 vi-

263 2413 514 2457 gintiquinque,
537 2418 568 2445 et
587 2412 837 2456 interrogatoria
865 2413 977 2457 trigin-

265 2463 454 2507 taquinque,
475 2462 617 2496 solvatur
637 2472 761 2496 merces
781 2462 912 2505 notarii,
929 2474 977 2497 ar-

264 2511 361 2545 bitrio
382 2511 509 2545 iudicis.

219 2561 282 2595 Pro
297 2561 514 2595 instrumento
527 2561 717 2603 sententiae,
735 2560 760 2594 si
776 2560 974 2603 extrahatur,

265 2611 323 2645 iul.
347 2611 546 2656 quindecim.

220 2661 282 2696 Pro
301 2661 519 2697 instrumento
534 2661 779 2704 declaratoriae,
791 2671 857 2695 non
870 2666 977 2695 tamen

810 787 868 820 iul.
897 799 976 832 qua-

952 1927 977 1960 si

1657 242 1721 276 869

1059 303 1167 346 vigore
1186 303 1392 347 obligationis
1411 303 1443 336 in
1464 303 1566 337 forma
1586 304 1737 339 Gamerae
1757 333 1764 347 ,

1060 356 1116 389 iul.
1140 357 1323 390 duodecim.

1014 410 1076 443 Pro
1095 410 1228 443 brachio
1248 411 1416 451 saeculari,
1438 411 1478 443 ob
1492 422 1557 445 non
1573 412 1766 455 paritionem

1060 465 1226 497 monitorii
1247 471 1300 498 aut
1321 465 1766 509 litterarumapostolicarum

1059 519 1107 551 vel
1128 519 1407 559 executorialium‚
1431 519 1488 552 iul.
1511 519 1654 563 triginta.

1016 572 1077 605 Pro
1099 572 1250 605 mandato
1270 573 1463 617 suspicionis
1483 574 1588 616 fugae,
1612 584 1714 617 usque
1730 573 1768 606 ad

1061 637 1301 670 quamcumque
1321 638 1481 660 summam
1500 655 1507 665 ,
1531 627 1627 660 etiam
1648 627 1681 660 in
1704 627 1767 661 vim

1061 680 1267 723 obligationis
1283 682 1451 715 cameralis
1461 682 1603 723 decreto,
1617 682 1674 715 iul.
1693 693 1769 726 qua-

1062 739 1135 766 tuor
1155 745 1228 766 cum
1250 734 1395 768 dimidio.

1018 788 1078 820 Pro
1099 788 1250 821 mandato
1270 789 1309 822 de
1330 789 1550 833 consignando
1582 790 1692 833 vigore
1719 801 1768 823 se-

1062 841 1206 884 questri,
1243 842 1339 875 etiam
1360 843 1415 876 ubi
1437 854 1495 886 pro
1517 843 1604 876 illius
1623 843 1769 877 verifica-

1063 894 1150 928 tione
1184 895 1310 928 debitor
1337 897 1427 940 prius
1452 897 1560 930 suisset
1596 903 1771 931 conventus

1062 949 1110 981 via
1131 949 1307 990 cxecudva,
1321 950 1429 993 vigore
1441 951 1647 994 obligationis
1663 962 1770 985 came-

1062 1003 1151 1043 ralis,
1174 1003 1231 1036 iul.
1255 1009 1396 1047 quatuor
1416 1015 1489 1036 cum
1511 1005 1658 1038 dimidio.

1018 1057 1079 1089 Pro
1100 1057 1252 1091 mandato
1272 1058 1311 1091 de
1332 1058 1561 1101 consignandis
1581 1059 1771 1103 pignoribus

1062 1111 1290 1144 subhastandis
1310 1118 1364 1144 aut
1378 1112 1606 1153 deliberandis,
1619 1113 1676 1146 iul.
1691 1125 1771 1157 qua-

1063 1170 1137 1197 tuor
1157 1176 1231 1198 cum
1252 1166 1398 1199 dimidio.

1019 1219 1078 1251 Pro
1100 1219 1250 1252 mandato
1271 1219 1309 1252 de
1325 1220 1510 1260 relaxando,
1529 1231 1588 1264 pro
1605 1221 1712 1255 debito
1729 1222 1771 1254 ci-

1062 1273 1128 1315 vili,
1151 1273 1208 1306 iul.
1232 1280 1373 1317 quatuor
1393 1285 1467 1307 cum
1489 1275 1634 1308 dimidio.

1018 1327 1078 1360 Pro
1099 1327 1249 1360 mandato
1265 1328 1298 1361 in
1311 1328 1416 1361 causis
1436 1328 1582 1361 civilibus
1598 1330 1669 1363 loco
1685 1330 1770 1363 litte.-

1063 1392 1186 1421 rarum,
1210 1392 1268 1425 pro
1289 1393 1385 1426 parva
1405 1393 1544 1423 summa,
1559 1383 1616 1416 iul.
1631 1390 1772 1428 quatuor

1063 1446 1137 1468 cum
1158 1436 1306 1469 dimidio.

1018 1488 1212 1532 Computato
1234 1489 1266 1522 in
1282 1490 1331 1522 his
1347 1490 1499 1524 omnibus
1518 1490 1676 1524 mandatis
1691 1491 1771 1525 iulio

1062 1543 1170 1578 sicilli.

1783 252 1832 278 An.
1850 251 1879 278 C.
1898 250 1966 278 ¹⁸70

1062 1597 1077 1640 ξ
1097 1596 1151 1630 ⁹2³.
1173 1597 1215 1631 De
1236 1598 1340 1642 pretio
1360 1604 1468 1631 autem
1489 1599 1533 1632 sic
1559 1600 1770 1644 praescripto,
1806 1645 1809 1648 ἢ
1828 1613 1905 1633 Divisio
1923 1619 1972 1638 pre<

1018 1650 1051 1683 in
1077 1651 1229 1684 omnibus
1259 1652 1453 1696 supradictis
1486 1653 1746 1696 expeditionibus
1763 1645 1973 1702 ,‡³‡3¹21¹1}‡‚³„¹„'²„¹{¹,‘¹'

1018 1704 1082 1737 sive
1103 1705 1277 1738 ordinariis
1297 1706 1360 1739 sive
1382 1706 1612 1740 commissariis
1629 1735 1635 1748 ,
1656 1708 1774 1741 dentur

1018 1758 1158 1792 auditori
1198 1766 1226 1793 et
1266 1771 1388 1793 massae
1426 1761 1629 1795 notariorum
1648 1789 1655 1802 ,
1696 1763 1771 1796 item

1018 1814 1138 1857 (quoad
1158 1815 1352 1860 ordinarias)
1370 1817 1549 1850 camerario
1565 1818 1685 1851 eaedem
1700 1830 1774 1862 por-

1019 1864 1135 1904 tiones,
1159 1876 1242 1908 quae
1263 1872 1291 1899 et
1318 1872 1415 1909 prout
1436 1872 1529 1899 antea
1559 1878 1618 1910 pro
1653 1867 1772 1901 eisdem

1019 1915 1280 1958 expeditionibus
1309 1915 1482 1956 dabantur,
1512 1917 1600 1949 nulla
1622 1928 1658 1949 ex
1683 1924 1773 1961 parte

1019 1965 1209 1998 diminutac.
1233 1965 1407 2009 Reliquum
1428 1966 1532 2009 quod,
1555 1966 1593 1998 iis
1612 1967 1773 2010 portioni-

1019 2015 1079 2048 bus
1099 2015 1262 2054 detractis,
1285 2014 1457 2058 supererit,
1477 2015 1515 2047 sit
1538 2015 1655 2048 notarii
1676 2026 1772 2060 expe-

1019 2064 1163 2104 ditionis,
1186 2069 1415 2108 praeterquam
1436 2064 1470 2096 in
1491 2064 1695 2107 expeditione
1715 2065 1772 2098 ab-

1019 2114 1189 2147 solutionis
1209 2114 1273 2147 sive
1294 2113 1530 2147 commissionis
1558 2114 1745 2147 absolvendi
1764 2142 1770 2155 ,

1019 2164 1052 2196 in
1077 2176 1140 2208 qua
1168 2164 1304 2207 singulis
1334 2164 1524 2197 detrahatur
1543 2174 1601 2207 pro
1627 2170 1706 2204 rata,
1730 2165 1772 2197 ita

1019 2220 1052 2248 ut
1074 2225 1140 2248 non
1161 2220 1285 2247 tantum
1306 2214 1413 2258 portio
1434 2213 1564 2253 notarii,
1587 2213 1640 2246 sed
1663 2213 1772 2247 cuius-

1018 2276 1082 2309 que
1103 2265 1242 2298 aliorum
1263 2263 1430 2297 minuatur
1449 2263 1487 2295 ad
1509 2273 1580 2296 eam
1598 2262 1769 2304 rationem,

1019 2320 1054 2347 ut
1074 2320 1199 2348 tantum
1229 2313 1408 2357 unicuique
1442 2311 1583 2356 portioni
1610 2323 1669 2356 pro
1704 2313 1773 2347 eins

1018 2364 1114 2397 modo
1139 2364 1326 2403 decrescat,
1363 2367 1520 2406 quantum
1555 2361 1706 2394 omnibus
1739 2361 1772 2394 in

1017 2414 1203 2448 unixersum
1225 2412 1432 2446 detraximus.

1062 2464 1076 2508 ἓ
1097 2463 1150 2497 ⁶29.
1172 2463 1234 2496 Pro
1254 2462 1406 2495 mandato
1426 2460 1602 2501 executixnjo
1622 2459 1772 2493 sixebra-

1018 2513 1104 2554 chio,
1127 2513 1183 2546 uhi
1204 2512 1406 2545 inxocatione
1426 2521 1508 2555 opus
1532 2510 1771 2550 fue1i1‚saecu-

1017 2563 1100 2603 lali
1136 2574 1194 2607 per
1226 2562 1335 2596 omnia
1369 2560 1517 2605 expedito
1555 2559 1773 2603 omnibusque

1018 2612 1272 2657 comprehensis,
1295 2611 1437 2656 pretium
1457 2610 1497 2651 sit
1516 2615 1553 2649 ut
1572 2610 1666 2651 infra,
1688 2609 1773 2649 vide-

1017 2662 1105 2696 licet:

1813 2465 1867 2487 Tau
1886 2467 1971 2487 manda-

1788 2501 1855 2519 torum
1891 2504 1971 2520 execu-

1788 2531 1885 2550 livorum.
