2237 3100
490 185 554 219 780
604 189 611 197 ‘

445 248 584 281 rationes
600 248 784 281 huiusmodi
806 249 980 292 apostolica
1007 250 1199 284 auctoritate

444 302 650 342 confirmare,
671 308 702 335 et.
726 303 882 334 nonnulla
902 302 996 334 etiam
1018 303 1196 344 declarare,

442 356 585 399 aliasque
602 356 634 388 in
644 354 828 399 praemissis
838 361 1021 399 opportune
1030 357 1199 399 providere

442 411 480 443 de
496 410 691 453 benignitate
707 409 884 451 apostolica
895 409 1115 452 dignaremur.
1136 412 1199 446 Nos

442 464 548 507 igitur,
569 464 652 495 inter
671 463 783 495 fideles
807 462 981 505 quoslibet,
1008 464 1197 507 praesertim

443 527 595 559 personas
610 515 854 557 ecclesiasticas,
876 527 987 559 pacem
1009 523 1037 550 et
1060 529 1198 552 concor-

441 570 525 602 diam
541 569 647 611 vigere
663 569 798 602 sinceris
813 570 983 604 affectibus
998 577 1196 616 exoptantes3

441 634 477 655 ae
499 622 795 666 metropolitamun,
816 624 987 668 episcopos
1007 631 1037 658 ct
1057 626 1199 670 capitula

441 675 627 708 huiusmodi
648 687 683 709 ac
708 686 822 709 eorum
849 677 993 721 singulos
1017 690 1034 712 a
1062 680 1198 723 quibus-

440 728 484 761 vis
499 730 853 771 excommunicationis,
869 732 1090 776 suspensionis
1106 739 1136 767 et
1152 734 1199 767 in-

440 783 567 816 terdicti
592 783 727 828 aliisque
753 785 980 819 ecclesiasticis
1012 787 1196 827 sententiis,

440 838 585 871 censuris
606 844 636 871 et
656 839 780 882 poenis,
802 850 819 872 a
840 839 909 872 iure
930 841 977 873 vel
994 840 1034 873 ab
1050 841 1196 881 homine,

438 893 549 938 quavis
570 893 740 926 occasione
758 895 807 927 vel
824 905 931 932 causa,
948 895 1032 935 latis,
1047 895 1199 939 siquibus

398 985 404 992 ⁶
439 946 685 991 quomodolibet
704 947 852 981 innodati
877 948 1027 989 existunt,
1056 950 1094 982 ad
1125 950 1200 983 effe-

439 1008 526 1036 ctum
555 1001 772 1045 praesentium
806 1002 968 1036 dumtaxat
998 1013 1200 1047 consequen-

439 1056 530 1095 dum,
546 1055 663 1088 harum
675 1055 758 1088 serie
774 1055 977 1089 absolventes
988 1062 1018 1090 et
1033 1058 1199 1091 absolutos

440 1110 507 1143 fore
516 1109 893 1150 censentes,huiusmodi
907 1111 1199 1155 supplicationibus

440 1163 599 1204 inclinati,
617 1163 809 1197 concordias
818 1164 1092 1198 etdeclarationes
1108 1177 1199 1209 prae-

440 1217 530 1258 saum,
554 1223 584 1251 et
604 1217 713 1250 omnia
734 1222 765 1250 et
780 1217 907 1261 singula
928 1217 960 1250 in
983 1218 1028 1251 eis
1049 1225 1200 1253 contenta

440 1282 677 1315 quaecumque⁷
694 1271 871 1314 apostoliea
892 1271 1084 1305 auctoritate
1108 1284 1200 1316 prae-

441 1326 515 1365 fata,
538 1336 597 1369 per
617 1330 803 1369 praesentes
820 1325 1066 1367 confirmamus,
1091 1327 1199 1360 decla-

441 1384 548 1412 rantes
567 1379 791 1413 dissleultatem
816 1379 957 1424 optionis
979 1380 1073 1413 nobis
1089 1381 1201 1415 remis-

441 1445 522 1475 sam,
536 1439 614 1468 tunc
624 1434 728 1468 dictae
737 1434 860 1478 optioni
869 1434 978 1467 locum
990 1445 1058 1468 esse
1067 1435 1198 1476 debere,

441 1499 479 1523 eo
496 1489 593 1522 modo
615 1494 646 1522 et
666 1494 825 1533 tempore,
841 1499 907 1533 quo
926 1488 971 1521 illi
993 1494 1066 1522 ante
1086 1489 1201 1523 huius-

442 1542 530 1576 modi
555 1542 733 1576 concilium
762 1543 855 1575 locus
882 1547 962 1583 erat,
985 1548 1090 1576 etnon
1109 1543 1197 1576 alias.

487 1598 501 1641 ξ
521 1597 553 1630 4.
568 1597 684 1641 Sicque
698 1596 793 1630 dictis
808 1597 1002 1630 concordiae
1016 1602 1047 1630 ct
1060 1598 1203 1631 declara-

308 1666 428 1688 nnuarauo
442 1651 584 1685 tionibus
594 1656 712 1685 nostrae
726 1650 969 1695 approbationis
991 1656 1022 1684 et
1037 1657 1203 1696 perpetua]

247 1698 431 1750 ξξῖξζῖζζίξῃζζζᾞζ
446 1704 606 1738 firmitatis
625 1706 728 1738 robur
747 1704 930 1745 adjicimus,
967 1716 1069 1749 eaque
1100 1706 1203 1739 valida

247 1762 331 1814 2¹:25³&
345 1763 431 1780 ¹¹¹⁰¹¹¹¹‘·
448 1764 479 1793 et
498 1758 640 1792 efficacia
661 1759 808 1799 existere,
821 1769 962 1802 suosque
979 1760 1141 1802 plenarios
1157 1761 1203 1793 ef-

446 1814 549 1846 fectus
564 1812 684 1853 sortiri,
707 1817 737 1845 et
753 1823 809 1856 per
820 1813 1120 1855 metropolitanum,
1138 1814 1205 1857 cpi·

447 1877 562 1910 scopos
582 1872 613 1899 et
633 1866 775 1910 capitula
793 1867 1005 1901 ecclesiarum
1018 1867 1204 1911 provinciae

447 1920 726 1964 Compostellanae
747 1921 930 1965 praedictae
950 1933 988 1955 ac
1011 1933 1125 1955 eorum
1143 1922 1204 1955 sin-

447 1973 745 2018 gulosillorumque
759 1982 1142 2019 successoresperpetuo,
1156 1976 1204 2008 in-

448 2027 640 2062 violabiliter
659 2034 690 2062 et.
709 2028 847 2062 firmiter
875 2029 1038 2062 observari
1068 2030 1203 2069 debere;

449 2083 587 2126 illosque
607 2083 674 2116 ullo
691 2093 835 2126 unquam
852 2088 999 2127 tempore
1014 2083 1054 2116 ab
1075 2084 1138 2117 illis
1155 2094 1205 2117 re-

451 2136 538 2171 silire
559 2143 614 2171 aut.
629 2138 807 2171 reclamare
822 2148 887 2170 non
901 2148 1005 2181 posse,
1020 2138 1073 2171 sed
1085 2138 1123 2170 ad
1140 2149 1207 2171 om-

452 2191 542 2224 nium
563 2196 594 2225 et
609 2191 812 2235 singulorum
829 2191 1082 2236 praemissorum
1098 2203 1207 2225 veram

453 2245 708 2279 observationem
725 2245 827 2279 teneri
849 2251 879 2279 et.
896 2246 1069 2279 efficaciter
1089 2246 1208 2290 obliga-

289 2313 350 2333 Pom-'t
366 2314 384 2333 in
402 2318 439 2333 ρος
455 2305 501 2333 tos
517 2299 664 2341 existere,
682 2311 719 2333 ac
734 2300 775 2332 ad
790 2299 823 2333 id
838 2299 1004 2333 sententiis
1018 2304 1048 2333 et
1064 2301 1209 2334 censuris

258 2346 291 2396 fii'i
313 2350 680 2395 ³‹1,f‡[f],¹fi{.',‘.,}ecclesiasticis
715 2364 752 2386 ac
783 2353 879 2387 etiam
912 2353 1109 2397 pecuniariis
1134 2365 1209 2397 poe-

259 2410 387 2427 ¹0¹¹¹=³>s⁰¹¹h
456 2403 505 2436 nis
522 2403 593 2447 cogi
617 2409 648 2437 et
674 2404 828 2448 compelli
849 2414 941 2448 posse
962 2415 1020 2447 per
1040 2404 1210 2448 episcopos

457 2452 629 2495 praefatos,
651 2453 761 2497 sicque
771 2463 830 2498 per
848 2463 1072 2497 quoscumque
1088 2453 1211 2487 iudices

459 2506 489 2534 ct
504 2502 750 2544 commissarios,
771 2514 808 2536 ac
828 2503 923 2536 etiam
940 2513 1111 2536 causarum
1120 2503 1210 2536 Pala-

283 2566 379 2587 «ηλῃῃηη
395 2567 444 2587 suh-
460 2549 495 2583 tii
531 2550 705 2593 Apostolici
735 2551 924 2594 auditores,
950 2551 1075 2585 sublata
1104 2552 1149 2585 eis
1182 2558 1213 2585 et

261 2598 310 2618 ¹³²³·
461 2609 574 2634 eorum
608 2600 740 2635 cuilibet
772 2601 884 2645 quavis
921 2600 1014 2635 aliter
1045 2600 1210 2635 iudicandi

246 194 293 221 An.
310 194 340 221 C.
359 193 427 222 ¹569

1041 196 1220 222 RULLARIUM
1239 198 1390 223 ROMANUM

1241 257 1272 284 et
1296 253 1528 297 interpretandi
1559 255 1709 289 facultate
1732 263 1759 290 et
1787 256 1992 297 auctoritate,

1240 301 1379 334 iudicari
1405 308 1436 335 ct
1467 303 1672 348 interpretari
1698 307 1829 347 dcbere3
1865 306 1994 340 irritum

1241 361 1371 395 quoque
1392 357 1423 384 et
1442 351 1536 385 inane
1556 353 1774 396 decernimus,
1790 355 1814 388 si
1835 366 1927 389 secus
1943 366 1996 388 su-

1241 411 1299 443 per
1323 401 1372 433 bis
1396 412 1413 434 a
1434 412 1610 445 quoquam,
1640 403 1750 447 quavis
1780 405 1971 438 auctoritate
1986 432 1993 446 ‚

1241 450 1380 483 scienter
1391 451 1438 483 vel
1446 450 1643 494 ignoranter,
1654 453 1994 497 contigeritattentari;

1240 509 1418 543 omnesque
1438 507 1469 534 et
1492 501 1635 544 singulos
1655 502 1729 535 sacti
1754 508 1784 536 et
1808 503 1888 536 iuris
1908 504 1995 537 defe-

1241 554 1322 590 ctus,
1338 549 1361 582 si
1379 549 1434 593 qui
1445 550 1552 584 forsan
1567 551 1800 586 intervenerint
1815 553 1847 586 in
1863 553 1996 595 eisdem,

1242 599 1445 642 supplemus.

1286 649 1301 691 [ξ
1322 649 1352 682 5.
1375 649 1444 682 Non
1469 650 1671 684 obstantibus
1694 651 1879 695 apostolicis
1899 662 1949 692 ac,
1963 651 1996 685 in

1240 697 1495 741 provincialibus
1509 705 1540 731 et
1551 699 1758 743 synodalibus
1774 700 1920 734 conciliis
1931 700 1998 734 edi-

1240 746 1298 786 tis,
1320 748 1526 789 generalibus
1546 749 1593 781 vel
1619 748 1814 793 specialibus
1839 749 1996 783 constitu-

1240 795 1382 829 tionibus
1406 802 1437 830 et.
1464 797 1742 839 ordinationibus;
1773 810 1810 832 ac
1837 799 1998 832 dictarum

1240 846 1465 887 ecclesiarum,
1488 848 1584 881 etiam
1606 848 1800 890 iuramento,
1823 849 1999 883 confirma-

1241 896 1328 929 tione
1348 897 1526 940 apostolica
1549 898 1597 930 vel
1622 898 1733 942 quavis
1757 899 1911 932 firmitate
1937 898 2000 933 alia

1240 947 1413 986 roboratis,
1432 947 1558 979 statutis
1571 952 1602 980 et
1617 947 1919 989 consuetudinibus3
1936 948 2001 992 pri-

1240 995 1365 1038 vilegiis
1382 1007 1526 1040 quoque,
1550 996 1683 1029 indultis
1704 1001 1735 1030 et
1747 996 1861 1030 litteris
1874 1002 2001 1041 aposto-

1240 1045 1312 1078 licis
1332 1045 1477 1079 ecclesiis
1498 1045 1694 1090 illarumque
1715 1045 1878 1090 episcopis
1898 1051 1930 1079 et
1945 1057 1999 1080 ca·-

1242 1094 1352 1138 pitulis
1376 1094 1527 1139 praefatis
1560 1106 1597 1128 ac
1621 1095 1789 1139 quibusvis
1822 1095 1910 1136 aliis,
1939 1095 2000 1129 sub

1241 1144 1504 1188 quibuscumque
1524 1144 1692 1178 tenoribus
1711 1149 1743 1178 et.
1774 1144 1898 1186 formis,
1926 1155 2002 1178 con-

1242 1194 1339 1227 cessis
1360 1200 1391 1227 et.
1409 1194 1609 1238 approbatis,
1632 1205 1668 1227 ac
1689 1193 1784 1228 etiam
1805 1194 1927 1228 iteratis
1954 1194 2001 1228 vi-

1242 1243 1333 1275 cibus
1353 1243 1530 1283 innovatis3
1548 1243 1667 1287 quibus
1687 1242 1850 1285 omnibus,
1869 1243 2000 1277 illorum

1243 1298 1370 1326 tenores
1391 1293 1615 1336 praesentibus
1634 1302 1694 1337 pro
1723 1291 1922 1326 sufficienter
1947 1303 2002 1326 ex-

1241 1342 1361 1386 pressis
1381 1343 1547 1383 habentes,
1567 1342 1630 1375 illis
1645 1341 1724 1376 alias
1743 1341 1776 1375 in
1796 1353 1855 1375 suo
1883 1342 2002 1376 robore

1244 1392 1476 1436 permansuris,
1495 1393 1556 1425 hac
1574 1392 1643 1425 vice
1658 1392 1833 1433 dumtaxat,
1853 1391 2002 1437 speciali-

1245 1448 1292 1475 ter
1308 1448 1339 1475 et
1354 1453 1502 1486 expresse
1515 1443 1721 1485 derogamus,
1734 1441 1915 1486 ceterisque
1928 1452 2004 1476 con-

1245 1492 1350 1525 trariis
1372 1491 1647 1535 quibuscumque.
1686 1491 1749 1524 Aut
1768 1491 1794 1524 si
1825 1491 2001 1535 aliquibus,

1244 1540 1463 1575 communiter
1471 1540 1668 1581 veldivisim‚
1686 1541 1726 1574 ab
1738 1540 1851 1574 eadem
1867 1541 1907 1574 sit
1921 1540 2004 1574 Sede

1244 1591 1407 1624 indultum
1428 1590 1516 1634 quod
1536 1590 1697 1631 interdici,
1716 1589 1870 1634 suspendi
1884 1591 1934 1624 vel
1949 1601 2003 1624 ex-

1245 1641 1481 1675 communicari
1497 1652 1563 1675 non
1580 1641 1703 1686 possint
1719 1651 1776 1685 per
1790 1641 1913 1674 litteras
1924 1652 2003 1685 apo-

1246 1690 1373 1724 stolicas
1388 1701 1453 1724 non
1466 1691 1619 1724 facientes
1630 1691 1759 1734 plenam
1777 1695 1808 1724 et
1820 1701 2003 1735 expressam

1245 1752 1282 1774 ac
1303 1741 1341 1774 de
1361 1743 1457 1775 verbo
1479 1741 1517 1774 ad
1538 1741 1672 1774 verbum
1688 1741 1727 1774 de
1747 1741 1873 1775 indulto
1888 1741 2004 1774 huius-

1246 1791 1333 1825 modi
1354 1791 1565 1824 mentionem.

1291 1842 1306 1884 ξ
1326 1840 1358 1873 6,
1381 1840 1544 1880 Ceterum,
1566 1839 1641 1884 quia
1659 1839 1790 1873 difficile
1810 1839 1894 1873 soret
1912 1844 1970 1874 etc.

1290 1890 1404 1922 Datum
1440 1889 1559 1922 Romae
1591 1889 1677 1932 apud
1706 1889 1738 1922 S.
1773 1889 1915 1929 Petrum,
1945 1889 2005 1923 sub

1247 1939 1367 1971 annulo
1388 1938 1570 1978 piscatoris,
1590 1938 1642 1971 die
1661 1948 1703 1971 xil
1721 1937 1863 1971 octobris
1872 1947 2002 1979 MDLX1X,

1247 1988 1455 2032 pontificatus
1472 1987 1572 2020 nostri
1593 1997 1678 2020 anno
1695 1996 1737 2020 iv.

1268 2038 1332 2068 Dat.
1353 2037 1400 2068 die
1420 2036 1456 2066 12
1475 2037 1605 2067 octobris
1624 2036 1712 2074 1569,
1730 2036 1834 2077 pontif.
1850 2045 1929 2067 anno
1948 2045 1987 2067 iv.

1573 2191 1686 2225 CXLII.

1251 2265 1465 2309 Confirmatio
1490 2265 1675 2298 concordiae
1704 2265 1790 2298 inter
1814 2265 2005 2308 praesiden-

1296 2319 1370 2354 lem,
1398 2315 1557 2358 episcopos
1586 2319 1615 2347 ct
1647 2315 1791 2358 capitula
1816 2315 2007 2358 provinciae

1298 2365 1467 2398 Toletcmae
1492 2363 1517 2397 1.

1286 2432 1348 2461 Pius
1366 2432 1437 2467 rapa
1452 2431 1483 2468 V,
1500 2431 1533 2459 ad
1552 2431 1714 2467 perpetuam
1729 2431 1770 2459 ret
1788 2430 1959 2460 memoriam.

1298 2494 1339 2526 Ex
1351 2494 1444 2527 solita
1455 2493 1545 2528 Sedis
1557 2493 1759 2537 Apostolicae
1771 2493 1952 2535 clementia,
1966 2494 2005 2527 ad

1254 2558 1291 2581 ea
1316 2547 1456 2580 libenter
1486 2547 1695 2588 intendimus,
1725 2557 1784 2592 per
1815 2557 1898 2591 quae
1922 2547 2007 2582 inter

1294 2611 1303 2637 l
1322 2610 1361 2637 Ex
1378 2611 1486 2646 Regest.
1504 2610 1531 2637 in
1546 2609 1652 2639 Secret.
1672 2610 1751 2638 Brev.

2011 205 2057 231 An.
2078 204 2107 231 C.
2124 205 2192 232 ¹569

2033 665 2142 686 tltausutm
2153 672 2194 686 am-

2012 697 2127 724 plissimae.

2059 1846 2120 1868 fides
2134 1847 2203 1869 dand-

2020 1879 2167 1906 transumptis.

2048 2504 2179 2527 Prooemtum.
