2237 3100
262 297 311 324 An.
329 297 357 325 C.
377 297 445 325 ¹562

292 1162 356 1182 Causa
381 1161 449 1183 retor-

266 1197 369 1213 mamillis.

321 2137 448 2160 Retorniatio

267 2174 328 2197 super

300 2605 451 2626 Commutatio-

265 2637 327 2658 nibus
367 2635 451 2655 nltima—

266 2670 311 2688 rum
353 2663 451 2684 voluuta-

266 2698 318 2721 lum,

503 286 569 321 194

461 349 537 389 cati,
564 349 667 382 statim
702 350 740 381 ab
769 349 838 392 ipso
871 348 970 381 nostri
1006 347 1210 391 pontificatus

462 402 562 441 initio,
584 402 680 435 officii
693 402 792 435 nostri
809 412 875 434 esse
892 401 1040 433 duximus
1059 405 1104 439 ut,
1122 400 1209 433 omni

461 457 602 489 adbibita
639 455 821 498 diligentia,
857 465 1001 490 errores,
1024 465 1105 497 quos
1126 454 1209 487 circa

461 521 572 543 omnes
592 510 710 553 gradus
734 515 761 541 et
794 508 962 541 bominum
992 507 1208 548 conditiones,

461 563 558 596 nimia
581 564 685 595 forsan
708 561 834 594 licentia
855 566 882 593 et
905 561 1114 604 imljiuuitate,
1143 572 1210 594 ma-

461 628 523 657 gno
544 627 617 649 cuni
648 615 746 647 animi
781 625 929 647 moerore
962 614 1050 647 hisce
1084 615 1211 659 potissi-

462 680 549 701 mum
582 668 780 711 temporibus
806 667 961 700 committi
987 667 1211 700 animadverti—

462 735 542 759 mus.
565 722 781 767 providentiae
801 727 928 755 nostrae
946 721 1122 755 ministerio
1140 733 1211 755 cor-

463 777 564 819 rigere
586 782 613 809 et
636 776 827 816 emendare,
851 787 885 808 ac
907 787 961 815 ea,
989 787 1084 819 quae,
1107 776 1211 809 liomi-

462 841 539 862 num
563 830 688 863 licentia
709 834 883 867 crescente,
905 829 1082 863 deformata
1098 835 1211 871 essent,

462 884 654 923 reformare,
690 883 810 926 illaque
832 883 1018 926 praesertim
1048 882 1214 917 curalio-

464 947 575 969 manae
617 936 731 970 Curiae
765 936 870 969 officia
905 940 936 968 et
969 935 1141 968 tribunalia
1174 936 1212 968 ad

462 1002 567 1024 veram
589 991 794 1034 debitamque
815 1001 962 1023 normam
987 994 1018 1022 et
1045 990 1214 1022 observan-

464 1044 538 1078 tiam
560 1045 715 1077 reducere
732 1054 931 1077 curaremus.

506 1100 522 1142 ᾗ
544 1099 573 1131 1.
602 1098 682 1131 llinc
703 1103 749 1131 est.
774 1098 860 1141 quod
892 1107 950 1129 nos
977 1097 1015 1129 ad
1042 1097 1212 1130 Poeniten-

465 1151 574 1185 tiariae
600 1157 727 1185 nostrae
751 1151 911 1187 officium,
939 1149 971 1182 in
990 1161 1055 1194 quo
1085 1160 1212 1183 morum

464 1215 599 1238 censura
634 1209 663 1237 et¹
696 1204 877 1237 animarum
917 1203 1002 1236 salus
1040 1203 1213 1247 praecipue

462 1259 608 1299 vertitur,
645 1264 773 1291 nostrae
807 1256 1073 1290 considerationis
1102 1258 1214 1291 oculos

463 1311 645 1353 dirigentes,
668 1316 697 1344 et
720 1310 919 1343 attendentes
939 1309 971 1342 in
992 1321 1029 1342 eo
1055 1310 1164 1352 plures
1184 1315 1215 1343 et

463 1364 602 1397 diversos
646 1364 786 1403 abusus,
837 1368 969 1407 propter
1008 1363 1212 1407 superiorum

463 1424 645 1462 temporum
665 1417 827 1450 licentiam
844 1422 873 1449 et
884 1416 1056 1456 incuriam,
1070 1416 1214 1461 irrepsis-

463 1482 513 1511 se,
541 1482 581 1504 ne
598 1471 641 1503 illi
667 1482 734 1503 sese
756 1471 852 1503 latius
879 1470 1078 1510 diffundant,
1109 1481 1213 1514 quan-

461 1530 530 1558 tum
560 1524 591 1558 in
622 1525 715 1557 nobis
743 1529 805 1564 esi,
845 1533 1018 1556 occurrere
1048 1524 1210 1563 volentes,

461 1578 568 1615 habita
589 1578 728 1621 desuper
748 1588 822 1611 curn
850 1576 1086 1610 venerabilibus
1110 1576 1214 1611 fratri-

461 1632 522 1665 bus
555 1631 671 1666 nostris
702 1636 828 1664 sanctae
859 1630 1021 1664 Romanae
1054 1630 1213 1664 Ecclesiae

463 1685 680 1719 cardinalibus
704 1684 936 1718 deliberatione
967 1689 1107 1724 matura,
1130 1684 1214 1728 ipso-

461 1750 524 1783 que
545 1739 666 1772 maiore
701 1737 950 1783 poenitentiario
981 1748 1018 1770 ac
1043 1737 1113 1771 eius
1142 1739 1213 1771 offi-

462 1792 597 1827 cialibus
617 1793 732 1826 auditis
749 1798 779 1825 et
798 1803 912 1825 eorum
934 1791 1059 1825 iuribus
1081 1792 1214 1835 diligen-

461 1852 510 1879 ter
528 1846 600 1879 visis
621 1857 657 1879 ac
678 1846 828 1879 omnibus
848 1850 973 1879 mature
994 1845 1213 1885 consideratis,

462 1900 501 1932 de
521 1899 665 1943 ipsorum
687 1900 820 1932 fi'atrum
843 1899 991 1939 consilio,
1022 1899 1213 1933 auctoritate

463 1953 649 1996 apostolica,
668 1958 779 1987 tenore
795 1953 1026 1997 praesentium,
1045 1953 1213 1986 statuimus

463 2012 493 2040 et
514 2008 711 2041 ordinamus.

506 2063 521 2106 ἓ
547 2063 577 2096 02.
600 2063 690 2103 Quod
710 2064 749 2097 de
770 2068 889 2104 cetero,
913 2063 1076 2107 perpetuis
1100 2062 1214 2095 suturis

464 2118 675 2162 temporibus,
699 2128 756 2163 pro
781 2123 927 2162 tempore
948 2117 1086 2150 existens
1112 2117 1214 2150 maior

463 2172 730 2217 poenitentiarius
761 2183 797 2205 ac
825 2171 967 2205 eiusdem
998 2171 1213 2204 Poenitentia-

463 2226 529 2259 riae
551 2237 673 2270 regens,
695 2230 910 2265 correctores,
933 2224 1118 2269 scriptores,
1141 2236 1213 2269 pro-

463 2285 628 2314 curatores
648 2292 685 2313 ac
705 2279 757 2313 alii
778 2279 977 2322 quicumque
1003 2278 1071 2311 eius
1091 2279 1213 2311 officia-

463 2334 508 2367 les
528 2339 558 2367 et
578 2334 726 2373 ministri,
751 2333 791 2366 ab
812 2343 924 2366 eorum
946 2332 1104 2372 omnium,
1131 2344 1213 2376 quae

462 2388 494 2420 in
515 2387 726 2431 infrascriptis
747 2387 894 2432 capitulis
904 2386 1214 2430 etprohibitionibus

465 2442 690 2479 continentur,
725 2440 952 2479 concessione,
985 2439 1213 2473 commissione

464 2496 494 2524 et
521 2491 721 2535 expeditione
751 2491 878 2533 penitus
908 2499 1032 2522 cessare
1061 2494 1092 2521 et
1116 2489 1212 2521 absti-

463 2550 540 2574 nere
565 2540 711 2573 debeant.

509 2588 569 2633 53.
594 2589 627 2621 Et
650 2588 680 2621 in
701 2588 824 2632 primis,
848 2587 931 2621 idem
950 2586 1214 2631 poenitentiarius

465 2637 621 2671 abstineat
648 2648 665 2670 a
694 2636 1001 2670 commutationibus
1027 2636 1213 2669 ultimarum

464 2687 665 2721 voluntatum
687 2692 717 2721 et
739 2696 850 2719 earum
874 2685 1146 2728 derogationibus.

1055 295 1233 320 BULLARIUM
1256 295 1405 320 ROMANUM

2013 289 2065 317 An.
2085 289 2114 317 C.
2133 289 2201 317 ¹562

1295 347 1309 390 ξ
1329 347 1360 380 4.
1387 347 1518 380 Necnon
1533 347 1573 379 ab
1593 346 1768 379 unionibus
1788 345 1954 389 perpetuis
1968 350 1999 378 et
2031 350 2147 385 Unionihus
2160 352 2199 370 εἰσ·

1251 400 1532 444 suppressionibus
1564 410 1600 432 ac
1625 398 1884 432 tianslationibus
1903 398 2000 431 hene·
2014 381 2173 406 beneflcmmm'

1253 453 1400 486 liciorum
1419 453 1709 487 ecclesiasticorum
1728 457 1757 485 et
1776 451 1999 496 applicationi-

1252 508 1311 540 bus
1335 507 1431 540 unius
1450 506 1597 540 beneficii
1621 506 1711 538 alteri
1732 505 1887 539 beneficio
1913 511 1943 539 ct
1963 505 2000 538 il-

1252 562 1357 593 larum
1379 558 1690 593 confirmationibus.

1297 615 1311 656 ἓ
1331 614 1362 647 5.
1386 615 1462 647 Item
1488 624 1505 646 a
1534 613 1741 646 concessione
1763 612 2002 655 iuspatronatus
2049 623 2202 646 eoncessum-

1253 679 1308 700 seu
1340 667 1565 711 praesentandi
1593 667 1631 699 ad
1661 666 1817 699 beneficia
1854 665 2003 699 ecclesia·
2017 655 2202 713 ffiusiuglicssatro-

1253 721 1330 770 stica
1346 727 1478 765 propter
1495 725 1728 764 augumentum
1750 719 1926 760 fructuum,
1949 719 2003 752 sed

1254 780 1377 808 tautum
1398 786 1435 808 ex
1459 785 1555 808 causa
1582 773 1777 806 fundationis
1798 773 1847 806 vel
1866 772 2002 806 dotatio-

1255 829 1302 861 nis
1322 829 1401 861 illud
1428 829 1604 862 concedere
1625 828 1735 872 possit.

1298 882 1312 925 ξ
1332 882 1363 915 6.
1387 881 1539 915 Similiter
1554 879 1884 914 abstineatalicentiis
1901 878 2003 913 standi
2027 890 2202 911 Licentiisstandi

1254 940 1340 968 extra
1352 947 1410 980 pro
1422 936 1616 969 monialibus
1625 945 1661 968 ex
1672 945 1877 979 quacumque
1893 944 2000 967 causa.
2018 925 2078 942 ΝΜ
2093 921 2192 946 ⁰¹¹¹⁰⁵¹''³'

1298 989 1364 1031 §T
1391 990 1522 1023 Necnon
1542 1001 1560 1022 a
1589 987 1809 1022 declaratoriis
1839 998 1898 1032 pro
1928 986 2004 1020 reli·
2045 1000 2204 1028 naim-impro-

1254 1042 1351 1085 giosis
1381 1048 1514 1087 propter
1540 1042 1603 1075 vim
1632 1046 1662 1075 et
1695 1046 1835 1081 metum,
1866 1050 1948 1084 quos
1973 1039 2005 1073 in
2018 1032 2141 1058 ‘⁰⁵⁵i⁰⁰¹¹¹¹¹’

1255 1096 1399 1139 ingressu
1427 1096 1601 1140 Religionis
1615 1096 1663 1128 vel
1684 1094 1855 1128 emissione
1882 1094 2006 1138 profes-

1255 1150 1354 1182 sionis
1387 1149 1445 1183 sibi
1488 1150 1592 1182 illatos
1639 1148 1736 1182 fuisse
1772 1147 2003 1192 praetendant,

1255 1204 1384 1247 quando
1414 1209 1485 1248 post.
1514 1203 1662 1236 emissam
1693 1201 1925 1245 professionem
1948 1201 2007 1234 hu-

1256 1257 1393 1289 iusmodi
1425 1262 1638 1300 susceperunt
1671 1266 1779 1289 sacros
1812 1254 1941 1288 ordines
1974 1253 2006 1287 in

1255 1310 1436 1353 Religione,
1464 1310 1557 1343 etiam
1580 1310 1605 1342 si
1625 1314 1787 1342 asseratur
1814 1308 1914 1352 quod,
1945 1307 2006 1341 eis-

1255 1364 1327 1396 dem
1348 1363 1375 1396 vi
1396 1368 1426 1396 et
1450 1368 1539 1396 metu
1568 1361 1771 1402 durantibus,
1802 1361 1874 1394 illos
1901 1371 2007 1394 susce-

1256 1416 1370 1460 perint.
1402 1417 1435 1449 In
1461 1416 1530 1449 aliis
1550 1420 1657 1449 autem
1680 1415 1807 1448 casibus
1827 1414 2006 1448 declarato-

1255 1470 1321 1503 riac
1343 1470 1428 1514 ipsae
1450 1469 1694 1503 committantur
1714 1467 1878 1501 ordinario
1898 1467 1960 1500 loci
1977 1472 2008 1500 et

1255 1528 1366 1556 vocato
1386 1523 1494 1567 priore
1520 1521 1723 1561 monasterii,
1758 1521 1790 1554 in
1818 1531 1883 1565 quo
1910 1520 2007 1554 fuerit

1255 1576 1369 1610 emissa
1390 1576 1545 1621 professio
1573 1580 1603 1608 et
1627 1585 1804 1620 numquam
1830 1574 1863 1607 in
1888 1573 2003 1615 Curia,

1255 1631 1350 1663 etiam
1371 1631 1395 1663 si
1422 1641 1494 1674 pars
1516 1635 1547 1663 et
1565 1634 1661 1663 testes
1681 1633 1867 1673 praesentes
1886 1632 2002 1662 essent.

1299 1684 1364 1727 §8-
1392 1684 1455 1717 Nec
1490 1684 1646 1717 concedat.
1679 1681 1836 1725 religiosis
1861 1681 2005 1715 licentias

1255 1737 1357 1771 standi
1378 1743 1463 1770 extra
1485 1742 1617 1781 propter
1643 1736 1845 1769 infirmitates
1864 1740 1895 1768 et
1919 1735 2006 1768 simi-

1255 1790 1296 1823 lia
1316 1790 1557 1834 impedimenta,
1580 1795 1611 1822 et
1630 1800 1690 1822 nec
1720 1789 1816 1822 etiam
1846 1798 1905 1832 pro
1930 1788 2004 1822 sub-

1256 1843 1402 1877 ventione
1427 1849 1596 1887 parentum
1627 1848 1679 1876 aut
1716 1843 1916 1887 pupillorum
1957 1842 2005 1876 vel

1255 1898 1393 1931 aliorum
1422 1897 1750 1940 consanguineorum,
1787 1895 1847 1928 nisi
1875 1896 2005 1929 obtenta

1255 1952 1383 1987 licentia
1403 1963 1536 1985 suorum
1564 1951 1782 1995 superiorum,
1805 1942 1836 1983 e‘t
1854 1950 1886 1982 in
1906 1950 2005 1984 sacul-

1256 2007 1373 2040 tatibus
1400 2017 1458 2050 pro
1484 2005 1640 2048 religiosis
1669 2004 1789 2037 eisdem
1819 2004 2005 2038 transeundi

1255 2061 1293 2093 de
1309 2061 1425 2095 Ordine
1450 2061 1489 2094 ad
1512 2060 1676 2099 Ordinem,
1709 2058 1803 2092 etiam
1824 2058 1856 2091 in
1877 2059 2005 2093 casibus

1255 2127 1271 2149 a
1293 2116 1362 2149 iure
1383 2114 1558 2160 permissis,
1581 2118 1899 2158 apponatursemper
1918 2113 2005 2147 clau-

1255 2170 1336 2210 sula,
1366 2169 1453 2213 quod
1474 2172 1630 2212 perpetuo
1658 2166 1776 2200 ibidem
1804 2166 1836 2199 in
1865 2167 2004 2200 claustro

1254 2223 1390 2257 Domino
1411 2222 1557 2255 famulari
1579 2226 1759 2254 teneantur.

1299 2277 1364 2320 §tl
1387 2275 1546 2320 Apostatis
1574 2285 1647 2308 vero
1677 2273 1911 2307 absolutionem
1939 2284 2004 2307 non

1255 2330 1421 2369 concedat,
1440 2330 1499 2362 nisi
1518 2341 1553 2362 ea
1570 2330 1637 2372 lege
1655 2338 1813 2372 expressa,
1836 2332 1870 2360 ut
1899 2327 2004 2360 statim

1255 2384 1293 2416 ad
1318 2384 1495 2416 claustrum
1517 2382 1639 2427 proprii
1660 2381 1787 2416 Ordinis
1806 2380 1937 2414 redeant
1956 2381 2003 2414 vel

2046 1696 2146 1718 Licentiis
2165 1703 2202 1723 pro

2019 1729 2124 1755 religiosis
2142 1728 2202 1749 intir-

2019 1765 2066 1785 mis,

2064 2288 2202 2309 Absolutione

2019 2320 2044 2340 ab
2060 2320 2174 2346 apostasia,

1237 2431 1293 2470 'ad
1331 2437 1430 2470 alium
1473 2437 1624 2470 Ordinem
1661 2439 1823 2468 transeant
1862 2434 2004 2478 aequalis

1255 2488 1300 2519 vel
1322 2486 1469 2519 arctioris
1496 2484 1729 2525 observantiae,
1762 2488 1796 2516 utv
1824 2482 1865 2515 ihi
1890 2493 2004 2527 perpe-

1256 2542 1342 2569 tuam
1363 2537 1457 2569 vitam
1479 2541 1583 2578 agant.

1299 2587 1313 2628 ,ἓ
1334 2586 1387 2619 «10.
1405 2586 1468 2619 Nec
1485 2585 1546 2618 illis
1566 2589 1621 2618 aut
1642 2582 1713 2616 aliis
1732 2581 1892 2615 translatis
1915 2592 2003 2626 prae·
2045 2595 2144 2617 iacemus
2179 2598 2202 2616 ut

1256 2634 1348 2667 dictis
1374 2634 1591 2676 indulgeatur,
1613 2637 1648 2665 ut
1673 2630 1830 2665 beneficia
1854 2630 2004 2664 ecclesia-
2018 2627 2128 2678 gssss'fflffl'
2138 2627 2202 2649 ΝΜ·

1256 2684 1336 2718 stica
1355 2683 1518 2725 obtinere,
1553 2682 1601 2716 vel
1634 2680 1696 2715 illis
1734 2680 1779 2714 uti
1812 2679 2003 2714 mercenarii
2065 2673 2071 2683 ’
