2237 3100
225 275 276 303 An.
296 275 408 303 (3.1560
468 265 511 299 64
1021 269 1199 294 0111101101
1224 266 1375 291 1101115101

423 328 562 368 moveri,
597 338 633 360 00
659 336 772 360 eorum
799 325 967 358 fraudibus
992 323 1118 356 obviare
1147 327 1174 354 ct
1219 320 1404 363 impeti-are,
1426 324 1481 352 aut
1499 318 1539 352 ab
1560 318 1630 351 aliis
1648 316 1896 363 impetrari,seu
1912 315 1971 349 sibi

422 382 604 415 animarum
626 380 732 421 saluti,
751 384 908 422 quantuni
929 389 1003 411 cum
1021 377 1084 410 Deo
1102 387 1175 419 pos-

422 446 546 474 sumus,
565 433 737 468 salubriter
757 432 937 465 consulere.

466 489 481 533 g
497 489 529 521 1.
552 488 595 521 Ex
611 492 697 521 certa
710 491 819 519 nostra
836 484 968 518 scientia
988 495 1024 516 ac
1041 483 1078 515 de
1097 493 1175 526 apo-

249 549 332 570 ludiees
357 555 408 570 c³¹¹1-
423 542 554 577 stolicae
570 540 736 586 potestatis
748 538 959 583 plenitudine,
971 536 1176 571 decernimus

222 581 409 602 sarumbenefieia-
763 604 766 605 ⁷
936 590 941 594 .
994 589 999 594 .
1114 590 1119 595 .

222 612 280 637 num,
293 617 408 639 eorumque
423 601 454 630 et
468 596 671 629 declaramus
690 602 914 637 quoscumque
935 590 1175 630 iudices,etlam

222 643 295 696 1³5?ssss
304 643 409 696 ξζῃξζῗζ
423 650 453 684 S.
472 649 508 682 R.
531 649 567 682 E.
588 647 767 681 cardinales
788 655 915 678 necnon
927 655 1099 677 causarum
1115 646 1174 678 Pa-

221 705 259 726 ³¹¹³
292 707 406 742 ⁵¹³³PP¹¹³¹⁰
421 704 486 737 latii
505 701 681 747 Apostolici
700 701 864 733 auditores
884 709 940 732 seu
957 699 1175 733 locatenentes

221 743 263 758 Μ
280 741 368 764 Pomm*
420 758 626 800 etutriusque
638 754 1014 797 velalteriussignaturae
1035 753 1174 787 reseren—

419 811 526 845 darios
546 816 573 843 et
589 809 717 854 quosvis
735 809 827 846 01105,
841 807 937 841 0113111
955 807 1173 850 archiepisco-

418 865 492 911 pali,
502 863 710 909 patriarchali
725 869 778 897 aut
800 862 860 895 alia
880 861 994 895 maiori
1010 862 1172 905 dignitate,

418 920 514 953 etiam
530 918 699 963 legationis
717 928 851 951 munere
869 917 1050 960 fungentes,
1068 917 1107 949 ad
1119 929 1173 950 au-

418 973 587 1013 diendum,
615 971 876 1015 cognoscendum
904 976 930 1002 et
958 970 1172 1004 decidendum

418 1037 530 1060 causas
555 1037 653 1070 super
676 1023 841 1070 quibusvis
866 1023 1032 1063 ecclesiis,
1061 1035 1172 1057 mona-

417 1080 534 1121 steriis,
553 1078 749 1124 prioratibus
770 1084 796 1111 et
825 1077 895 1110 aliis
915 1076 1082 1110 beneficiis
1120 1089 1172 1110 ec-

417 1133 616 1173 clesiasticis,
638 1138 702 1166 13111
739 1133 771 1165 111
792 1132 935 1165 Romana
955 1130 1051 1164 Curia
1075 1142 1172 1174 quam

417 1194 505 1223 extra
531 1198 602 1220 eam
622 1185 868 1231 quomodolibet
887 1186 1044 1218 hactenus
1060 1190 1172 1225 motas,

417 1242 512 1276 etiarn
534 1240 747 1284 privationem
764 1239 954 1272 eorumdem
976 1249 1174 1271 concernen-

416 1302 472 1335 tes,
483 1301 510 1329 et
521 1295 551 1327 111
562 1296 707 1327 futurum
721 1293 904 1333 movendas,
918 1298 981 1325 tam
993 1293 1053 1325 alia
1067 1293 1146 1325 Sede
1161 1292 1169 1320 ¹

417 1350 551 1394 eiusque
572 1349 683 1392 legatis
707 1359 763 1380 scu
784 1347 965 1390 vicelegatis
991 1346 1172 1390 praedictis,

417 1415 453 1437 ae
487 1409 552 1436 tam
582 1402 760 1447 apostolica
792 1412 890 1445 quam
925 1400 1089 1434 ordinaria
1120 1406 1171 1433 aut

417 1458 479 1492 alia
488 1457 678 1491 auctoritate
689 1461 717 1489 01
734 1467 750 1488 0
761 1454 926 1498 quibusvis
936 1455 968 1487 in
980 1455 1063 1488 dicta
1079 1454 1173 1488 Curia

417 1518 448 1546 et
464 1518 551 1546 extra
567 1522 637 1545 eam
656 1511 704 1544 vel
719 1511 797 1544 alias
807 1509 943 1543 ubilibet
954 1520 1013 1553 pro
1029 1515 1173 1554 tempore

418 1567 600 1610 deputatos,
618 1575 674 1597 seu
687 1564 726 1597 ad
741 1574 823 1607 quos
835 1563 990 1596 similium
1002 1574 1173 1597 causarum

417 1619 538 1654 decisio
559 1630 616 1652 seu
634 1617 882 1661 qualiscumque
904 1618 1056 1660 cognitio,
1080 1617 1173 1650 etiam

417 1673 678 1720 quomodolibet,
708 1677 743 1705 ut
766 1672 965 1716 praefertur,
999 1677 1121 1716 spectat
1145 1678 1175 1706 et

417 1728 575 1774 spectabit
584 1727 781 1766 infuturum,
791 1731 847 1759 aut
858 1726 976 1770 quibus
984 1726 1054 1759 illas
1065 1727 1176 1770 quovis

418 1784 515 1817 modo
529 1782 721 1821 audiendas,
734 1781 974 1824 cognoscendas
984 1781 1174 1815 etdeciden-

419 1834 474 1867 das
494 1839 536 1873 et,
556 1837 591 1865 ut
610 1832 804 1876 praefertur,
827 1831 905 1864 alias
925 1831 1081 1864 committi
1097 1843 1174 1864 con-

418 1882 534 1925 tigerit,
545 1892 671 1915 necnon
682 1881 870 1914 eorumdem
880 1880 1105 1921 cardinalium,
1118 1893 1175 1913 au-

419 1933 573 1972 ditorum,
596 1930 862 1971 locatenentium,
880 1930 1175 1964 referendariorum

420 1989 447 2015 et
469 1981 621 2018 aliorum,
645 1987 679 2014 ut
700 1981 893 2025 praefertur,
913 1980 1174 2024 qualificatorum

421 2032 563 2065 iudicum
590 2030 776 2064 huiusmodi
803 2035 958 2074 nepotes,
986 2030 1177 2072 consangui-

419 2093 509 2121 neos,
535 2081 656 2119 affines,
690 2085 930 2124 procuratores,
954 2078 1177 2112 sollicitatores

419 2143 455 2164 ac
466 2131 659 2164 domesticos
678 2130 726 2163 vel
741 2129 927 2168 familiares,
942 2129 1177 2171 cuiuscumque

420 2187 519 2214 status
537 2208 544 2221 ,
585 2180 703 2223 gradus
721 2206 728 2219 ,
765 2178 887 2212 ordinis
921 2184 951 2210 et
986 2177 1178 2212 conditionis

421 2231 556 2271 fuerint,
585 2236 616 2263 et
649 2228 744 2262 etiam
775 2239 811 2261 ex
841 2239 981 2271 quorum
1013 2228 1178 2261 sententiis

421 2279 614 2324 privationes
639 2277 862 2316 eeclesiarum,
890 2277 1175 2315 monasteriorum,

422 2329 625 2373 prioratuum
659 2334 691 2361 et
733 2327 969 2360 beneficiorum
1007 2327 1177 2361 huiusmo-

421 2379 452 2411 di
492 2384 547 2412 aut
591 2377 669 2410 alias
711 2376 931 2410 emanaverint
972 2387 1009 2409 ae
1050 2387 1178 2410 emuna-

421 2429 502 2461 bunt
518 2455 525 2467 ,
560 2437 673 2461 eorum
710 2437 768 2471 per
792 2425 1004 2470 privationem
1031 2426 1176 2460 camdem

423 2483 477 2510 aut
497 2477 575 2510 alias
595 2475 837 2520 quomodolibet
860 2476 1062 2508 occurrenda
1086 2487 1177 2508 vaca-

233 422 253 444 Ο

1219 374 1357 407 conferri
1379 379 1409 406 et
1433 374 1472 407 de
1500 373 1563 406 illis
1585 372 1745 416 provideri
1765 372 1869 404 facere
1889 380 1971 414 quo-

1219 428 1382 470 quomodo
1409 438 1502 471 posse
1522 438 1578 460 seu
1608 426 1737 466 debere,
1757 425 1811 457 sed
1832 425 1903 457 illos
1915 435 1970 468 pe-

1219 481 1305 514 nitus
1325 481 1365 514 ad
1384 481 1438 514 illa
1454 481 1487 514 in
1507 486 1671 525 posterum
1690 478 1863 513 obtinenda
1878 478 1970 511 inha-

1218 534 1298 567 biles
1314 536 1380 567 sore
1392 540 1419 567 et
1438 545 1518 574 esse,
1534 546 1571 567 30
1581 543 1803 577 quascumque
1818 532 1970 574 impetra-

1219 589 1320 621 tiones
1332 588 1374 621 sic
1392 588 1431 620 ab
1446 588 1502 628 eis,
1524 588 1618 621 etiam
1639 592 1674 620 ut
1685 587 1866 631 praefertur
1890 595 1970 629 qua—

1218 642 1363 677 liticatis,
1380 652 1507 674 necnon
1528 640 1716 674 collationes
1732 646 1759 674 et
1773 639 1970 684 provisiones

1217 708 1253 729 00
1290 696 1416 739 quasvis
1442 695 1519 728 alias
1548 695 1772 739 dispositiones
1809 699 1865 727 aut
1893 693 1971 727 alias

1218 750 1442 783 concessiones
1451 750 1489 783 de
1500 749 1654 789 000105115,
1664 748 1878 789 monasteriis,
1886 748 1972 793 prio-

1217 804 1338 837 ratibus
1358 810 1385 836 01
1408 803 1575 837 beneficiis
1589 802 1788 844 huiusmodi,
1803 802 1898 836 etiarn
1913 813 1972 846 per

1218 869 1275 891 1105
1292 864 1343 892 aut
1356 859 1619 903 praedecessores
1629 863 1765 897 nostros,
1776 857 1871 891 etiam
1882 862 1971 890 motu

1217 919 1244 946 et
1267 912 1431 956 potcstatis
1450 911 1650 956 plenitudine
1671 911 1840 951 similibus,
1860 911 1971 944 haete-

1217 978 1277 1000 nus
1293 967 1644 1010 quomodolibetsaetas
1655 972 1686 999 et
1703 965 1735 998 111
1750 970 1914 1009 posterum
1928 966 1972 998 fa-

1217 1020 1356 1060 ciendas,
1381 1020 1498 1057 nullus,
1523 1019 1629 1052 irritas
1644 1024 1675 1052 et
1694 1018 1805 1052 inanes
1833 1017 1971 1051 nullius-

1216 1084 1278 1116 que
1298 1073 1424 1106 roboris
1445 1079 1472 1106 et
1490 1072 1645 1106 momenti
1661 1072 1808 1113 existere,
1827 1072 1971 1105 nullum-

1216 1138 1278 1170 que
1296 1138 1353 1171 per
1370 1127 1440 1161 illas
1459 1128 1504 1160 eis
1520 1128 1569 1160 ius
1578 1126 1760 1171 quaesitum
1781 1126 1890 1166 fuisse,
1904 1125 1972 1158 sore

1216 1186 1268 1213 aut
1290 1192 1371 1221 esse,
1385 1192 1440 1214 seu
1452 1181 1514 1214 dici
1531 1181 1579 1213 vel
1599 1180 1736 1220 censeri,
1759 1190 1795 1212 ac
1811 1179 1849 1212 de
1865 1178 1972 1211 annali

1216 1240 1244 1267 ct
1271 1234 1421 1267 triennali
1443 1245 1639 1278 possessore,
1661 1239 1717 1267 aut
1741 1233 1818 1266 alias
1838 1233 1972 1267 Cancel-

1217 1287 1314 1320 lariae
1335 1288 1536 1331 Apostolicae
1557 1288 1685 1330 regulas
1710 1298 1767 1320 seu
1795 1286 1873 1320 alias
1893 1297 1971 1319 con-

1217 1342 1399 1375 stitutiones
1419 1342 1464 1375 eis
1488 1342 1638 1375 adversus
1658 1341 1836 1386 praemissa
1866 1341 1972 1374 nulla-

1218 1403 1311 1430 tenus
1339 1396 1508 1439 suffragari
1538 1407 1649 1441 posse,
1681 1397 1736 1430 sed
1762 1397 1834 1430 illos
1858 1396 1903 1430 eis
1927 1396 1972 1430 510

1217 1452 1397 1496 impetratis
1413 1452 1546 1485 omnino
1563 1451 1702 1495 privatos
1720 1456 1750 1485 et
1769 1451 1808 1484 ab
1825 1452 1870 1485 eis
1885 1462 1974 1485 amo-

1216 1506 1335 1539 vendos
1356 1517 1435 1547 esse,
1459 1512 1555 1550 prout
1580 1517 1638 1539 nos
1661 1507 1778 1539 barum
1799 1506 1880 1539 serie
1906 1505 1972 1551 pri-

1216 1570 1328 1593 vamus
1342 1566 1371 1593 et
1388 1571 1585 1601 amovemus,
1603 1571 1640 1593 ac
1656 1560 1796 1605 privatos
1808 1565 1839 1593 et
1849 1565 1973 1594 amotos

1217 1625 1284 1647 esse
1301 1614 1547 1647 denunciamus.

1262 1669 1276 1711 ξ
1296 1668 1327 1701 2.
1345 1669 1379 1701 Et
1402 1669 1444 1701 ita
1467 1680 1526 1713 per
1545 1669 1675 1703 eosdem
1696 1668 1891 1710 cardinales,
1913 1679 1972 1702 au-

1218 1723 1348 1764 ditores,
1367 1724 1584 1756 locatenentes
1599 1734 1635 1756 ac
1651 1723 1731 1757 alios
1747 1734 1973 1768 quoscumque

1219 1777 1352 1814 iudices,
1370 1777 1876 1821 ([1101150110101110101110000105,
1895 1777 1972 1810 sub-

1219 1832 1279 1864 lata
1314 1836 1386 1871 eto,
1419 1831 1554 1865 iudicari
1588 1836 1645 1864 etc.
1676 1831 1792 1864 debere
1805 1859 1812 1871 ,
1843 1831 1972 1864 irritum

1218 1896 1348 1929 quoque
1373 1890 1430 1919 etc.
1472 1884 1676 1918 decernimus
1702 1890 1731 1918 et
1755 1885 1970 1919 declaramus.

1263 1941 1277 1983 ξ
1303 1940 1334 1973 3
1363 1940 1432 1973 Nou
1458 1940 1675 1977 obstantibus,
1707 1939 1731 1972 si
1757 1950 1838 1983 opus
1856 1939 1912 1980 sit,
1934 1939 1974 1974 de

1220 2005 1283 2027 uon
1305 1995 1448 2027 tollendo
1461 1995 1529 2027 iure
1550 1994 1694 2038 quaesito
1712 1999 1742 2027 et
1757 1993 1828 2026 aliis
1843 1994 1975 2039 quibus-

1220 2048 1263 2080 vis
1276 2048 1559 2081 constitutionibus
1575 2053 1603 2080 et
1621 2048 1880 2081 ordinationibus
1895 2059 1975 2093 apo-

1220 2102 1353 2139 stolicis,
1372 2102 1496 2135 statutis
1512 2107 1584 2139 etc„
1608 2102 1703 2135 etiam
1721 2101 1903 2136 iuramento
1915 2107 1971 2136 etc.

1221 2155 1395 2195 roboratis,
1419 2155 1591 2199 privilegiis
1616 2166 1746 2199 quoque
1760 2183 1767 2196 ,
1789 2155 1922 2189 indultis
1945 2162 1977 2190 et

1221 2209 1321 2242 literis
1342 2209 1527 2254 apostolicis
1547 2209 1722 2252 quibusvis,
1747 2209 1780 2242 in
1799 2220 1917 2253 genere
1927 2211 1975 2243 vel

1221 2263 1250 2295 in
1272 2264 1391 2306 specie,
1414 2263 1509 2297 etiam
1528 2263 1710 2297 iuramento
1727 2268 1799 2305 etc„
1823 2275 1858 2297 ac
1871 2270 1972 2305 motu,

1220 2318 1351 2350 scientia
1372 2324 1399 2351 et
1431 2318 1594 2361 potestatis
1624 2317 1825 2361 plenitudine
1843 2317 1975 2361 paribus

1221 2372 1381 2404 concessis
1397 2372 1573 2416 quibusvis,
1597 2371 1747 2404 omnibus
1762 2371 1795 2403 in
1815 2371 1915 2404 literis
1931 2372 1976 2405 la-

1220 2426 1340 2458 tissime
1357 2425 1576 2462 extendendis,
1590 2425 1684 2458 etiam
1696 2424 1721 2457 si
1731 2425 1822 2457 decis
1837 2429 1909 2465 ete,
1932 2431 1976 2459 te-

1220 2485 1315 2507 nores
1336 2479 1407 2513 cte,
1430 2475 1489 2507 1100
1500 2474 1568 2508 vice
1594 2474 1812 2518 specialiteret
1825 2486 1974 2519 expresse

425 2527 529 2565 tione,
566 2526 657 2559 nullo
691 2536 846 2569 umquam
872 2531 1018 2570 tempore
1043 2536 1060 2558 0
1085 2526 1178 2558 nobis
1197 2508 1200 2584 Ι
1220 2525 1430 2567 derogamus,
1452 2524 1630 2568 ceterisque
1650 2523 1819 2557 contrariis
1839 2524 1974 2568 quibus-

423 2586 481 2609 seu
510 2575 591 2608 Sede
619 2580 675 2607 aut
708 2574 777 2607 aliis
797 2574 909 2617 legatis
933 2574 1106 2618 praedictis
1130 2576 1177 2608 vel
1198 2593 1199 2618 ;
1221 2585 1370 2618 cumque,
1388 2585 1462 2608 cum
1484 2573 1637 2607 clausulis
1647 2574 1841 2618 opportunis
1858 2579 1973 2607 010011-

423 2623 588 2669 quibusvis
612 2623 742 2656 illorum
771 2623 941 2656 ordinariis
971 2624 1178 2657 collatoribus

461 2684 473 2711 1
494 2684 559 2711 Tam
575 2691 591 2710 α
612 2685 683 2710 dicta
698 2684 768 2716 Sede,
786 2681 902 2709 Cherub.
925 2681 961 2718 (a.
979 2681 1027 2717 τ.).

1195 2651 1215 2736 l.

1221 2624 1328 2657 suetis.

1397 2673 1419 2706 F
1421 2673 1476 2715 101,
1490 2679 1580 2707 motu
1599 2672 1744 2717 proprio.
1766 2673 1789 2706 1.

1987 263 2038 289 An.
2056 262 2086 290 C.
2103 261 2171 292 ¹560

2014 1679 2125 1701 Decretum
2143 1679 2172 1700 ir-

1986 1711 2060 1732 ritans.

2014 1945 2124 1968 clausulae
2140 1947 2175 1969 <le-

1988 1979 2115 2005 rogatui-iae.
