2237 3100
47 284 94 311 An.
113 284 141 311 C.
162 283 230 310 1568

71 769 226 795 proprietatem

45 800 140 822 omnibus
158 802 227 822 inter-

44 832 108 857 dicit;

935 282 1001 305 PIUS
1028 283 1043 304 V
1070 283 1114 305 PP.

244 334 468 376 religiosorum
494 333 674 375 regularem
701 332 902 376 disciplinam
937 335 993 366 ob-

243 386 447 424 servantium,
466 386 632 419 halwatur⁴
647 387 740 419 „totos
760 394 921 431 separatas
941 400 993 420 iw-

243 452 306 484 que
332 440 361 473 in
384 441 524 473 claustro
545 451 648 483 neque
669 440 743 472 alibi
778 451 913 484 usquam
936 442 993 473 ha-

242 495 351 535 beant,
375 495 430 527 sed
464 494 558 527 uniea
591 494 681 529 cella,
702 499 757 527 aut,
777 494 801 526 si
822 495 993 527 necessitas

245 549 460 592 postulaverit,
472 548 598 581 duabus
618 548 794 589 dumtaxat,
808 548 992 592 eisdemque

244 613 316 635 eum
339 602 463 635 caeteris
483 602 620 635 aliorum
642 602 777 634 fratrum
798 602 991 639 coniunctis,

244 656 384 689 contenti
406 668 473 689 esse
491 656 637 689 debeant.

287 710 301 754 ξ
321 709 374 743 19,
399 710 468 742 Pari
493 720 623 753 quoque
651 710 773 743 ratione
800 711 905 744 emteri
928 712 989 743 fra·
1012 739 1014 746 ,

244 768 319 804 tres,
346 763 391 795 nil
417 763 475 796 sibi
492 763 615 807 proprii
640 764 856 803 vindicantes,
879 776 991 797 neces-

241 817 362 850 sarium
384 817 501 851 vietum
523 822 553 850 et
573 818 719 850 vestitum
740 829 755 850 a
778 829 836 851 suo
856 819 992 861 quisque

241 876 399 905 conventu
433 872 496 905 sive
528 872 624 906 domo
650 884 687 905 ac
708 884 765 917 per
796 872 866 905 eius
896 873 991 905 mini-

240 930 339 966 stros,
377 931 473 969 prout
497 926 613 970 cuique
647 937 729 970 opus
749 926 821 963 erit,
852 927 989 970 capiant,

240 979 397 1024 pecuniae
410 992 470 1013 usu
481 1007 488 1019 ,
501 980 597 1013 veluti
613 980 689 1013 olim
710 980 749 1013 ad
770 980 896 1013 libitum
914 981 992 1013 abu-

239 1033 400 1075 tebantur,
420 1034 573 1078 deinceps
595 1034 746 1067 omnibus
780 1035 908 1078 penitus
942 1035 991 1067 in—

240 1087 388 1128 terdiet0;
424 1099 493 1121 eam
528 1093 633 1121 tamen
669 1088 867 1131 diligentiam
902 1089 992 1133 prior

238 1141 392 1175 adhibere
411 1141 550 1183 debebit,
568 1147 604 1174 ut
623 1142 838 1185 singulorum,
853 1143 990 1176 maxime

239 1194 443 1229 infirmorum
460 1200 490 1228 et
502 1206 616 1228 senum
637 1196 891 1237 necessitatibus,
905 1197 989 1230 iuxta

239 1248 396 1292 cuiusque
404 1249 606 1293 exigentiam,
617 1251 816 1283 consulatur.
831 1251 989 1295 Quicquid

238 1313 312 1336 vero
345 1302 441 1336 suerit
471 1303 589 1347 cuique
624 1303 771 1347 privatim
802 1310 833 1337 et
870 1304 988 1338 intuitu

238 1367 394 1400 personae
427 1357 657 1401 undecumque
691 1358 845 1391 donatum
864 1386 871 1398 ‚
910 1359 989 1392 illud

238 1421 333 1444 omne
357 1411 530 1455 superiori,
556 1412 712 1445 horarum
738 1412 990 1456 vigintiquatuor

239 1464 416 1507 intervallo,
438 1466 637 1507 exhibeatur,
660 1472 695 1499 ut
715 1466 861 1511 deposito
883 1467 987 1500 statim

238 1519 426 1561 committat,
442 1525 471 1553 et
484 1520 557 1554 inde
569 1531 606 1554 ex
621 1531 658 1554 eo
674 1525 798 1554 tantum
819 1521 986 1555 exhibitori

237 1573 419 1608 ministrare
440 1574 557 1615 iubeat,
578 1580 735 1618 quantum
766 1586 918 1619 praesens
943 1576 988 1609 rei

237 1628 455 1663 convenientis
475 1640 552 1663 usus
573 1635 603 1663 et,
637 1629 810 1663 necessitas
829 1630 989 1663 videbitur

224 1682 411 1726 postulare.
449 1683 540 1722 Quod
573 1683 597 1716 si
632 1683 804 1728 quisquam
834 1684 988 1717 donatum

64 2021 223 2043 Vestitumuni-

35 2052 123 2074 formem
145 2056 167 2074 οι
181 2052 221 2073 ho-

36 2087 119 2105 nestum
147 2084 222 2111 praeti-

36 2117 75 2142 nit;

50 2232 219 2261 Hospitalitatem

37 2268 59 2286 ot
82 2265 175 2286 Studium
198 2266 218 2286 in

38 2296 89 2316 locis
105 2297 219 2318 commodis

38 2328 121 2349 restitui
138 2329 205 2355 tuboe

65 2571 174 2594 Mulierum
186 2574 221 2594 :id-

39 2604 160 2626 missionem
174 2611 221 2632 prn-

39 2633 103 2663 hibat,

236 1736 423 1769 huiusmodi
448 1747 513 1771 non
533 1737 714 1771 exhibuerit
743 1742 777 1770 ut
798 1739 987 1782 praefertur.

237 1789 269 1822 in
290 1801 442 1824 censuras
467 1796 498 1824 et
516 1802 650 1836 poenas,
669 1792 763 1825 etiam
784 1803 842 1836 per
871 1793 989 1825 consti-

237 1843 376 1878 tutiones
396 1851 522 1879 nostras
553 1847 786 1890 promulgatas,
809 1857 841 1879 se
865 1846 989 1880 noverit

237 1897 398 1932 incidisse.

280 1951 295 1995 ἓ
324 1951 378 1986 ⁶20.
406 1953 542 1986 Vestitus
575 1959 683 1987 autem
717 1953 822 1987 omnis
855 1955 988 1988 omnino

236 2006 423 2048 conformis,
446 2008 536 2040 nulla
556 2007 711 2051 exquisita
740 2013 807 2041 arte
841 2009 987 2042 clabora-

236 2065 299 2101 tus,
321 2061 377 2093 sed
397 2072 499 2105 pinus
518 2067 549 2095 et
568 2062 722 2095 honestus
746 2061 777 2094 in
803 2062 988 2096 universum

236 2114 403 2148 habeatur.

278 2169 293 2212 ἓ
313 2168 367 2202 21.
391 2169 424 2202 In
446 2169 597 2203 omnibus
616 2181 691 2204 vero
721 2170 801 2203 locis
820 2176 909 2205 vetus
929 2172 988 2205 ho-

234 2222 400 2267 spitalitas,
423 2223 530 2267 quoad
549 2224 620 2257 fieri
639 2225 770 2268 poterit,
788 2225 986 2267 restituatur,

235 2282 265 2311 et
285 2276 318 2310 in
338 2277 534 2322 prioratibus
554 2278 716 2312 civitatum
734 2279 908 2322 insignium
920 2291 989 2313 eae—

234 2330 468 2375 terisquelocis
485 2332 664 2365 commodis
684 2333 881 2377 optimarum
903 2334 988 2367 litte-

234 2395 345 2418 rarum
379 2385 529 2419 Studium
563 2390 659 2430 atque
688 2387 878 2421 exercitium
899 2389 987 2422 omni

235 2449 380 2488 tempore
400 2444 570 2478 habeatur.

279 2503 294 2545 ᾗ
317 2502 371 2535 ⁶202.
394 2503 508 2537 Nullus
528 2503 662 2548 insuper
691 2504 754 2537 sive
788 2504 898 2549 prior,
926 2505 989 2539 sive

235 2559 369 2604 simplex
381 2561 563 2605 religiosus,
577 2562 660 2595 intra
680 2568 768 2606 septa
781 2563 897 2597 domus
908 2574 987 2605 suffe,

234 2628 341 2663 neque
361 2618 494 2654 omnino
519 2620 607 2662 alibi,
630 2621 795 2663 mulieres,
812 2628 989 2665 quantum-

234 2687 376 2722 cumque
387 2683 554 2724 provectas
571 2690 629 2715 seu
639 2684 758 2714 matres
778 2690 835 2715 seu
850 2691 989 2723 sorores,

1681 273 1737 306 671

1037 346 1092 367 seu
1123 334 1200 367 alias
1234 335 1441 378 propinquas,
1474 336 1566 367 etiam
1594 335 1787 367 infirmitatis

1039 394 1182 432 tempor-³
1208 388 1363 421 admittat,

1080 443 1093 483 ,Q
1115 442 1168 476 2:⁷3.
1193 444 1413 481 l‘ostremomt
1430 442 1461 474 in
1484 442 1679 485 prioratibus
1697 454 1785 486 prae-

1036 495 1127 529 dictis
1160 496 1263 528 iustus
1288 496 1508 529 ministrorum
1536 507 1691 529 uumerus
1712 508 1785 540 per-

1036 555 1133 593 petui·
1155 556 1288 588 constet,
1305 561 1471 593 nunquam
1494 550 1664 593 pauciores
1688 562 1784 594 quam

1036 610 1155 647 septem
1180 606 1291 637 fratres
1313 604 1343 637 iu
1365 604 1498 646 singulis
1518 605 1707 637 educentur.
1738 605 1785 638 llli

1035 668 1108 689 vero
1130 658 1160 689 in
1182 658 1300 701 quibus
1321 664 1367 692 tot
1387 658 1555 691 commode
1576 658 1617 690 ali
1639 658 1787 702 nequive-

1035 710 1109 750 rint,
1133 711 1201 743 aliis
1217 712 1413 755 prioratibus
1428 711 1571 745 eiusdem
1588 711 1714 745 Ordinis
1729 724 1788 757 per

1035 764 1157 797 dicium
1184 766 1363 809 capitulum
1400 766 1564 808 generale,
1597 776 1665 806 seu,
1698 766 1721 798 si
1756 766 1785 798 id

1035 819 1202 851 commode
1228 824 1304 851 tuuc
1326 819 1393 851 ticri
1417 819 1606 862 nequiverit,
1623 830 1700 852 eura
1715 830 1786 863 pro—

1035 872 1164 904 tectoris
1199 872 1274 905 dicti
1309 872 1437 904 Ordinis
1454 900 1461 910 ,
1502 872 1652 905 adhibitis
1690 873 1785 905 etiam

1035 926 1142 969 priore
1162 927 1303 969 generali
1316 932 1341 959 et
1361 927 1585 959 definitoribus
1600 927 1784 971 praedictis,

1034 986 1192 1023 perpetuo
1214 980 1380 1019 uuiantur;
1403 991 1459 1012 seu
1485 980 1522 1013 de
1543 981 1786 1024 opulentiorum

1034 1033 1237 1077 prioratuum
1268 1040 1297 1067 et
1325 1035 1472 1067 locorum
1494 1034 1685 1075 redditibus,
1713 1045 1785 1067 cae-

1032 1087 1108 1119 teris
1146 1088 1340 1129 angustioris
1378 1093 1551 1131 proventus
1590 1088 1788 1131 prioratibus

1033 1145 1063 1173 ct
1097 1140 1198 1181 loeis,
1235 1140 1414 1174 commodis
1445 1140 1625 1174 rationibus
1659 1141 1785 1185 prospi-

1033 1193 1148 1227 ciatur.

1075 1248 1090 1289 ,Q
1111 1248 1163 1281 ²24.
1187 1248 1366 1282 Districtius
1394 1249 1586 1288 inhibentes,
1608 1249 1640 1281 in
1670 1249 1786 1282 virtute

1031 1298 1165 1334 sanetae
1193 1302 1403 1342 obedientiae,
1424 1302 1565 1345 generali
1587 1302 1786 1346 eaeterisque

1032 1356 1182 1388 omnibus
1203 1362 1233 1388 et
1253 1357 1387 1399 singulis
1408 1356 1572 1400 prioribus
1591 1361 1622 1389 et
1647 1367 1785 1389 couven-

1033 1409 1116 1441 tibus
1138 1410 1331 1453 supradietis
1358 1421 1539 1453 eorumque
1563 1410 1723 1454 personis,
1746 1421 1786 1444 ne

1030 1463 1070 1496 de
1091 1463 1299 1507 prioratibus,
1327 1464 1540 1508 hospitalibus
1560 1475 1597 1497 ac
1625 1464 1695 1497 aliis
1730 1465 1785 1497 be-

1030 1517 1155 1550 neficiis
1171 1517 1246 1551 dieti
1272 1517 1400 1551 Ordinis
1420 1518 1479 1551 sub
1496 1518 1564 1561 ipsa
1583 1518 1785 1551 revocatione

1030 1576 1139 1604 nostra
1177 1572 1421 1615 comprehensis
1459 1571 1632 1616 praedictis
1651 1600 1658 1613 ,
1692 1572 1787 1605 aliter

1030 1637 1127 1669 quam
1148 1626 1179 1659 in
1201 1626 1287 1659 dicto
1299 1626 1442 1670 capitulo
1458 1626 1612 1669 generali,
1627 1631 1658 1658 et
1673 1631 1708 1659 ut
1724 1626 1787 1659 illis

1032 1680 1266 1724 praescriptum
1283 1686 1342 1721 est,
1358 1679 1530 1723 disponere
1546 1690 1679 1724 quoquo
1690 1680 1786 1713 modo

1030 1739 1250 1778 praesumant.

1074 1788 1161 1831 §25
1186 1788 1229 1821 Ac
1253 1788 1464 1821 decernentes
1495 1798 1533 1821 ex
1565 1798 1653 1821 nune
1687 1799 1784 1832 quas-

1030 1852 1171 1885 cumque
1192 1842 1484 1886 praesentationes,
1507 1842 1694 1883 electiones,
1717 1843 1784 1875 col-

1031 1896 1177 1936 lationes,
1200 1895 1410 1939 provisiones,
1433 1896 1642 1929 commendas
1662 1901 1693 1929 et
1707 1896 1786 1929 alias

1031 1949 1277 1993 dispositiones,
1313 1950 1408 1983 etiam
1442 1961 1460 1983 a
1495 1950 1576 1983 Sede
1601 1949 1782 1994 praedicta,

1032 2007 1200 2046 motuque,
1228 2003 1360 2036 seientia
1390 2008 1421 2036 et
1450 2003 1615 2048 potestatis
1643 2003 1784 2048 plenitu-

1031 2057 1105 2089 dine
1126 2057 1297 2098 similibus,
1319 2068 1356 2091 ac
1376 2068 1449 2090 cum
1472 2057 1691 2101 praesentium
1712 2068 1785 2101 spe-

1031 2110 1104 2143 ciali
1125 2116 1156 2144 et
1176 2122 1325 2155 expressa
1341 2111 1548 2155 derogatione
1565 2122 1624 2155 pro
1640 2116 1786 2155 tempore

1030 2164 1141 2206 factas,
1166 2170 1330 2209 tamquam
1356 2166 1388 2199 in
1412 2165 1586 2199 laesionem
1622 2170 1653 2198 et
1685 2165 1785 2199 detri-

1032 2224 1177 2252 mentum
1199 2220 1393 2253 reformatae
1418 2219 1596 2263 Religionis
1616 2219 1786 2264 subreptas

1031 2278 1062 2305 et
1099 2278 1238 2307 extortas
1252 2301 1260 2315 ‚
1296 2274 1420 2307 nullius
1457 2284 1591 2317 prorsus
1630 2275 1784 2309 momenti

1032 2328 1112 2369 fore,
1134 2338 1194 2361 nee
1214 2339 1273 2372 per
1303 2339 1356 2361 eas
1387 2328 1437 2361 ius
1464 2327 1596 2371 aliquod
1632 2328 1783 2372 cuiquam

1031 2381 1170 2426 acquiri.

1075 2436 1090 2478 ἓ
1110 2435 1164 2469 96.
1187 2436 1251 2470 Nec
1271 2436 1374 2468 ullum
1395 2446 1432 2469 ex
1451 2435 1501 2477 iis,
1524 2445 1665 2479 quorum
1689 2437 1785 2470 colla-

1031 2484 1146 2526 tiones,
1170 2484 1369 2529 provisiones
1401 2490 1432 2518 et
1465 2486 1676 2519 commendae
1696 2485 1784 2530 prio-

1033 2539 1162 2567 ratuum
1186 2561 1193 2575 ,
1233 2534 1441 2578 hospitalium
1480 2539 1511 2569 et
1550 2534 1784 2569 beneficiorum

1032 2583 1286 2627 praedictorum,
1300 2595 1336 2617 ac
1350 2583 1543 2627 pensionum
1564 2588 1784 2618 caeterarum-

1031 2642 1094 2675 que
1114 2633 1359 2674 reservationes‚
1380 2643 1509 2667 necnon
1534 2644 1709 2677 regressus,
1729 2645 1783 2667 ac-

1032 2691 1141 2716 cessus
1161 2687 1192 2716 et
1211 2682 1386 2726 ingressus,
1422 2688 1453 2717 et
1481 2683 1706 2718 coadiutorum
1727 2682 1782 2718 de-

1803 284 1852 309 An.
1870 282 1899 308 C,
1917 283 1983 309 1568

1822 450 1934 471 Numerum
1945 450 1983 471 tm*

1802 485 1862 505 trum,
1883 482 1901 501 iu
1919 481 1983 507 quoi-i-

1801 513 1836 533 imi.
1861 516 1966 533 ronremu
1980 528 1985 536 ,

1801 545 1902 564 minoren*
1947 548 1983 563 so-

1802 580 1857 602 piem
1877 574 1983 602 prohibet,

1829 1257 1983 1284 Dispositiones

1803 1289 1827 1309 de
1857 1290 1985 1315 prioratibus

1802 1324 1821 1341 et
1873 1321 1984 1341 benefieiis

1801 1353 1894 1377 Ordinis,
1918 1354 1948 1373 sic
1964 1356 1986 1373 ot

1801 1389 1843 1404 non
1859 1383 1919 1405 aliter
1939 1384 1983 1405 lieri

1801 1416 1867 1442 iuben

1827 1796 1936 1822 Aliter-que
1951 1795 1985 1816 ia-

1800 1831 1845 1849 ctas
1860 1827 1964 1851 annussak

1843 2448 1930 2470 Omnem
1946 2453 1983 2470 re-

1800 2485 1884 2500 cursum
1899 2483 1937 2501 etr.
1948 2486 1981 2501 re-

1800 2513 1881 2536 movet,
