2237 3100
251 296 298 322 An.
316 293 347 322 C.
366 295 431 324 15611

275 1642 325 1664 Ideo
336 1641 432 1663 Pontifex

249 1676 289 1696 isto
297 1680 334 1696 eos
350 1674 433 1695 subiicit

249 1706 351 1727 iurisdict.
374 1706 433 1726 ordi-

248 1738 354 1758 variorum
376 1738 433 1757 circa

249 1774 282 1793 ea,
299 1773 351 1795 qnae
369 1774 432 1794 spec-

250 1799 431 1823 innibeieunum,

249 1835 296 1857 σιω
307 1834 327 1852 et
343 1832 394 1851 iitus
409 1837 433 1850 a-

312 1862 432 1882 eorumdem

249 1892 377 1913 umerorum
395 1899 433 1919 ap-

250 1925 349 1951 probatos
360 1930 431 1945 reser-

491 284 556 318 27⁹2

448 346 508 380 tias
532 350 562 379 et
588 354 741 378 censuras
766 342 805 375 ab
831 352 868 375 eo
888 341 968 373 latas
997 343 1196 383 spernentes,

449 399 666 433 sanctissimae
695 397 750 430 Dei
783 394 945 439 genitricis
972 392 1110 435 Virginis
1134 392 1197 424 Ma-

449 454 534 493 riae,
564 452 733 485 beatorum
759 449 979 493 apostolorum
1006 450 1036 478 et
1060 445 1197 478 aliorum

449 507 503 540 Dei
525 510 709 539 sanctorum
726 502 917 537 festivitates,
930 500 968 533 ab
980 498 1122 532 Ecclesia
1139 499 1198 532 Ro<

450 571 543 593 mana
564 558 745 600 sanctisque
761 555 910 588 Patribus
932 553 1109 592 ordinatas,
1133 562 1197 585 non

449 614 671 651 observantes3
708 608 944 643 sanctissimum
978 605 1197 639 Eucharistiae

449 668 693 699 Sacramentum
711 663 776 696 suis
796 661 971 695 infantibus
988 661 1019 693 in
1040 660 1198 704 baptismo

449 719 645 755 exliibcntes;
668 717 835 750 inhumata
856 715 1082 749 defunctorum
1104 714 1197 747 cada-

448 785 533 811 vera,
555 771 781 816 superstitione
796 770 934 814 quadam
952 769 1049 813 impia
1066 774 1095 802 et
1109 769 1197 812 plus-

448 837 544 871 quam
574 825 762 865 barbarica,
792 835 808 857 e
835 824 993 869 sepulcris
1026 828 1195 863 eruentes,

448 881 585 924 igneque
606 879 846 916 comburentes3
882 877 1122 911 ordinariorum
1150 877 1197 909 lo-

449 945 579 975 corum,
601 944 684 977 quae
717 932 873 972 habitant,
900 931 1111 964 visitationem
1148 931 1197 964 iu-

447 987 733 1030 risdictionemque
763 991 1016 1025 contemnentes,
1037 990 1067 1017 et
1092 985 1197 1018 ecclc-

447 1041 606 1075 siasticam
638 1040 840 1083 disciplinam
879 1039 1127 1083 perturbantcs3
1162 1050 1199 1071 ac

446 1096 577 1129 demum
603 1093 790 1127 huiusmodi
812 1093 946 1136 aliisque
976 1092 1041 1125 suis
1071 1091 1197 1136 opinio-

446 1149 542 1182 nibus
566 1147 712 1181 erron'eis
740 1153 835 1191 atque
864 1146 1027 1189 sacrilegis
1061 1146 1199 1190 populos

446 1203 575 1235 Latinos
604 1201 800 1241 inficientes,
831 1200 1068 1234 correctionem
1095 1199 1197 1242 legiti-

447 1267 530 1290 mam
553 1267 630 1289 suae
651 1261 837 1299 praetensae
858 1254 1069 1298 exemptionis
1086 1255 1198 1298 clypeo

446 1311 651 1355 repellenteS,
682 1309 713 1342 in
747 1308 813 1342 suis
846 1307 1198 1352 impietatibus‘jabusi-

445 1365 571 1408 busque
592 1368 829 1396 consenescunt
849 1367 879 1395 et
898 1361 1142 1401 immoriuntur‚
1167 1361 1199 1394 in

447 1427 579 1451 suarum
609 1416 855 1460 vicinorumque
876 1415 1086 1460 populorum,
1109 1425 1199 1459 prae-

446 1471 555 1505 sertim
581 1470 791 1515 simplicium,
810 1468 991 1502 animarum
1009 1468 1197 1513 perniciem,

447 1530 478 1558 et
497 1525 684 1558 scandalum
705 1524 936 1568 plurimorum.

491 1579 506 1623 ἓ
526 1579 556 1612 2.
586 1579 650 1612 Nos
669 1578 784 1622 igitur,
807 1577 939 1622 provide
959 1577 1200 1611 considerantes

448 1633 592 1668 eiusdem
636 1632 727 1666 Sedis
769 1632 981 1665 intentionem
1021 1642 1200 1674 numquam

448 1688 545 1722 fuisse
574 1687 811 1731 exemptionem
844 1686 969 1719 aliudve
998 1685 1200 1731 privilegium

448 1754 465 1775 a
485 1753 518 1776 se
538 1752 729 1776 concessum
746 1741 797 1782 iri,
823 1747 858 1773 ut
872 1741 946 1774 inde
967 1741 1126 1774 scelerum
1143 1741 1201 1773 im-

448 1796 577 1842 punitas
597 1801 627 1829 et
641 1795 824 1828 animarum
845 1794 1028 1839 periculum
1048 1801 1200 1838 emergat,

449 1850 603 1884 abusibus
632 1854 662 1882 et
687 1848 841 1893 periculis
869 1848 1067 1888 huiusmodi,
1097 1860 1200 1893 quan-

448 1911 517 1938 tum
539 1914 613 1938 cum
634 1904 698 1936 Deo
714 1912 898 1947 possumuS,
930 1903 1116 1947 tempestive
1143 1904 1201 1936 ob-

448 1959 533 1992 viare
554 1959 708 1997 volentes;
730 1968 767 1990 ac
788 1967 1070 2001 quarumcumque
1092 1968 1200 1991 exem-

450 2012 595 2057 ptionum
620 2011 825 2054 aliorumque
842 2011 1083 2054 privilegiorum
1110 2012 1202 2045 dictis

450 2066 594 2106 Graecis,
622 2076 803 2109 eorumque
819 2064 982 2109 praelatiS‚
1005 2065 1198 2105 rectoribus,

450 2119 630 2160 abbatibus,
662 2124 692 2153 et
720 2118 809 2160 aliis,
832 2123 896 2151 tam
918 2118 1025 2152 Sancti
1045 2118 1151 2151 Basilii
1172 2125 1203 2152 et

449 2174 583 2207 alterius
606 2172 733 2207 Ordinis
761 2172 982 2215 regularibus,
1014 2183 1110 2216 quam
1132 2184 1201 2206 sae-

450 2227 614 2262 cularibus
639 2237 676 2260 ac
700 2226 796 2260 etiam
817 2225 906 2259 laicis
926 2225 1087 2269 personis,
1124 2237 1202 2269 quo-

452 2293 592 2326 cumque
620 2281 752 2314 nomine
781 2279 989 2324 nuncupatis,
1021 2290 1079 2323 per
1112 2291 1202 2324 prae-

452 2337 531 2370 fatos
548 2341 578 2369 et
598 2336 678 2369 alios
692 2345 917 2378 quoscumque
937 2333 1099 2367 Romanos
1122 2334 1203 2367 Pon-

453 2390 554 2424 tifices
581 2390 844 2435 praedecessores
868 2393 994 2421 nostros
1028 2399 1065 2421 ac
1090 2399 1148 2421 nos
1174 2394 1204 2422 ct

453 2444 566 2478 Sedem
588 2443 762 2487 praefatam
784 2443 816 2475 in
841 2452 958 2486 genere
981 2442 1028 2475 vel
1048 2441 1080 2474 in
1097 2443 1203 2485 specie

453 2494 609 2526 hactenus
633 2503 863 2525 concessorum
888 2502 925 2524 ac
959 2490 1052 2524 etiam
1084 2491 1204 2525 iteratis

453 2542 576 2575 vicibus
609 2542 862 2585 approbatorum
897 2546 928 2574 et
960 2541 1201 2582 innovatorum,

455 2592 687 2635 literarumque
721 2591 861 2634 desuper
910 2591 1128 2623 confectarum
1176 2596 1205 2623 et

456 2641 529 2675 inde
549 2645 735 2674 secutorum
755 2644 883 2673 tenores
904 2639 1126 2683 praesentibus
1146 2650 1205 2683 pro

1044 283 1222 311 BULLARIUM
1246 282 1396 306 ROMANUM

1240 336 1311 381 prio
1345 338 1373 367 et
1408 343 1445 366 ex
1474 337 1561 366 certa
1594 332 1726 366 scientia
1758 335 1866 364 nostra
1886 339 1923 363 ac
1952 327 1991 362 de

1240 387 1436 434 apostolicae
1459 386 1623 430 potestatis
1646 386 1857 430 plenitudine,
1879 396 1992 419 omnes

1240 449 1271 477 et
1291 442 1433 485 singulas
1453 439 1690 484 exemptiones,
1725 451 1774 481 ac,
1806 445 1903 484 prout
1922 439 1993 473 illas

1241 500 1463 535 concernunt,
1503 495 1643 538 desuper
1684 495 1845 528 consectas
1883 494 1993 527 literas

1242 550 1410 594 praefatas,
1431 549 1470 581 ad
1490 548 1553 581 hoc
1571 547 1720 581 videlicet
1744 552 1779 580 ut
1808 547 1868 593 ipsi
1901 548 1991 581 loco-

1241 615 1313 637 rum
1344 602 1499 637 ordinarii
1533 612 1755 645 quascumque
1794 602 1991 636 Graecorum

1241 657 1410 697 ccclesias,
1448 655 1653 697 monasteria,
1681 656 1843 700 prioratus
1876 661 1907 689 et
1930 655 1992 690 alia

1242 711 1291 755 pia
1313 712 1395 751 loca,
1428 716 1493 743 tam
1523 709 1699 743 saecularia
1727 720 1824 753 quam
1852 704 1992 743 cuiusvis

1240 763 1367 797 Ordinis
1387 763 1568 807 regularia,
1604 773 1783 806 eorumque
1817 763 1988 807 praelatos,

1241 818 1365 851 etiamsi
1386 816 1573 862 episcopali,
1592 816 1858 860 archiepiscopali
1873 828 1910 850 ac
1926 828 1992 850 ma-

1241 872 1300 905 iori
1322 871 1474 914 dignitate
1499 871 1739 915 praefulgeant,
1776 881 1903 904 necnon
1938 871 1992 904 ab·

1241 927 1339 965 batos,
1361 931 1515 966 rectores,
1543 925 1705 958 ministros
1720 930 1750 958 et
1770 925 1895 970 quasvis
1915 925 1993 960 alias

1241 981 1384 1013 ciusdem
1405 980 1544 1013 nationis
1559 990 1725 1024 personas,
1749 979 1780 1012 in
1801 979 1866 1013 suis
1887 980 1993 1013 civita-

1242 1034 1327 1067 tibus
1348 1040 1378 1067 et
1398 1033 1600 1067 dioecesibus
1624 1033 1842 1075 consistentia,
1867 1034 1993 1077 quoties

1241 1099 1323 1132 opus
1343 1088 1451 1129 fuerit,
1477 1088 1617 1128 visitare,
1645 1099 1682 1121 ac
1700 1087 1731 1121 in
1750 1087 1812 1120 illis
1832 1099 1921 1121 suam
1937 1099 1991 1121 or-

1241 1142 1397 1174 dinariam
1437 1141 1708 1181 iurisdictionem,
1739 1142 1934 1186 plenamque
1962 1147 1994 1176 et

1241 1196 1460 1228 omnimodam
1482 1195 1753 1240 superioritatem,
1783 1195 1815 1227 in
1843 1195 1881 1229 iis
1909 1206 1994 1239 quae

1240 1250 1295 1283 Dei
1321 1251 1457 1290 cultum,
1487 1255 1764 1283 sacramentorum
1788 1249 1992 1283 administra—

1242 1303 1363 1336 tionem
1385 1308 1414 1337 et
1434 1303 1617 1337 animarum
1636 1303 1784 1344 salutem,
1806 1303 1994 1337 haeresum-

1241 1368 1304 1401 que
1329 1357 1576 1402 extirpationem
1596 1362 1814 1398 concernunt,
1843 1367 1994 1390 exercere

1242 1417 1272 1445 et
1292 1411 1405 1456 exequi
1426 1411 1527 1445 libere
1548 1416 1578 1444 et
1597 1410 1682 1444 licite
1701 1411 1838 1453 valeant,
1861 1410 1994 1455 reliquis

1242 1466 1386 1509 ipsorum
1413 1465 1609 1499 Graecorum
1631 1466 1663 1498 in
1688 1465 1802 1499 divinis
1830 1465 1995 1499 celebran-

1242 1515 1289 1548 dis
1305 1515 1439 1562 aliisque
1461 1514 1696 1548 ritibusaSede
1716 1513 1925 1559 Apostolica1
1948 1514 1996 1548 in-

1243 1564 1334 1598 tactis
1363 1564 1622 1605 remanentibus,
1649 1563 1840 1597 auctoritate
1869 1569 1996 1608 aposto-

1242 1614 1315 1655 lica,
1337 1619 1450 1647 tenore
1470 1613 1702 1657 praesentium,
1726 1618 1883 1658 perpetuo
1907 1625 1996 1648 revo-

1243 1674 1365 1705 camus,
1397 1674 1560 1697 cassamus
1584 1668 1615 1696 et
1634 1663 1853 1704 annullamus,
1886 1674 1923 1697 ac
1942 1675 1994 1698 re-

1242 1719 1381 1754 vocatas,
1404 1718 1541 1746 cassatas
1561 1718 1592 1745 et
1610 1713 1793 1745 annullatas
1821 1723 1901 1755 esse,
1933 1725 1994 1748 nec

1243 1763 1319 1807 ipsis
1335 1763 1474 1803 Graecis,
1494 1762 1620 1795 clericis
1635 1762 1682 1794 vel
1699 1761 1800 1803 laicis,
1815 1773 1996 1808 eorumque

1243 1812 1406 1856 praelatis,
1442 1811 1600 1852 ecclesiis,
1635 1810 1799 1845 coenobiis
1834 1817 1890 1845 aut
1927 1812 1997 1846 aliis

1244 1862 1305 1907 piis
1330 1862 1410 1896 locis
1435 1862 1468 1895 in
1495 1862 1604 1905 aliquo
1624 1861 1813 1904 suffragari,
1850 1861 1905 1895 sed
1925 1862 1996 1896 illos

1244 1922 1355 1945 omnes
1375 1916 1405 1944 et
1438 1911 1582 1954 singulos
1610 1911 1777 1952 locorum,
1812 1910 1845 1943 in
1878 1911 1997 1954 quibus

1244 1971 1367 1993 moram
1403 1961 1576 2001 traxerint,
1612 1959 1851 1993 ordinariorum
1890 1960 1996 1995 visita-

1245 2010 1333 2051 tioni,
1355 2010 1561 2051 correctioni,
1584 2009 1758 2054 punitioni,
1780 2009 1995 2044 iurisdictioni

1244 2066 1274 2093 ct
1290 2059 1495 2093 omnimodae
1520 2059 1738 2103 superioritati
1758 2058 1790 2092 in
1811 2059 2005 2104 praemissis,

1244 2110 1386 2150 subesse,
1418 2109 1557 2153 illisque,
1579 2114 1744 2153 tamquam
1773 2109 1996 2153 superioribus

1244 2159 1309 2192 suis
1352 2169 1550 2202 suarumque
1584 2158 1767 2192 animarum
1792 2158 1992 2202 pastoribus,

1244 2208 1411 2241 humiliter
1435 2207 1577 2241 obedire.

1288 2258 1303 2301 ,ξ
1322 2257 1354 2291 3.
1373 2258 1409 2290 Et
1429 2257 1474 2290 sic
1498 2268 1557 2301 per
1580 2267 1805 2301 quoscumque
1821 2257 1944 2292 iudices
1964 2262 1994 2291 et

1245 2307 1495 2347 commissarios,
1518 2306 1628 2350 quavis
1649 2307 1840 2340 auctoritate
1861 2307 1994 2351 fungen-

1245 2363 1303 2397 tes,
1318 2357 1413 2390 etiam
1426 2362 1543 2390 sanctae
1554 2356 1708 2390 Romanae
1719 2356 1870 2390 Ecclesiae
1890 2357 1994 2390 cardi-

1245 2406 1346 2445 nales,
1378 2406 1503 2438 sublata
1524 2405 1569 2438 eis
1589 2405 1699 2449 quavis
1719 2405 1812 2438 aliter
1831 2404 1996 2439 iudicandi

1246 2455 1408 2495 facultate,
1436 2455 1573 2488 iudicari
1594 2460 1624 2488 et
1643 2454 1771 2487 definiri
1796 2454 1931 2495 debere;
1960 2466 1998 2490 ac

1246 2504 1401 2547 quicquid
1423 2515 1541 2537 secusa
1559 2514 1736 2547 quoquam,
1758 2503 1868 2547 quavis
1888 2509 1998 2538 aucto-

1247 2554 1350 2593 ritate,
1387 2553 1525 2586 scienter
1543 2554 1591 2586 vel
1616 2552 1812 2596 ignoranter,
1847 2555 1997 2588 attentari

1248 2602 1433 2645 contigerit,
1464 2602 1592 2636 irritum
1613 2607 1643 2635 et
1662 2601 1757 2635 inane
1777 2601 1992 2637 decernimus.

1284 2657 1294 2682 l
1314 2657 1488 2689 Approbalis,
1507 2664 1606 2682 necnon
1624 2656 1770 2687 privileyiis
1787 2659 1811 2682 et
1826 2659 1920 2688 orastis
1931 2665 1998 2691 αῃο-

457 2689 652 2724 suffieienter
671 2688 828 2733 expressis
843 2689 1009 2730 habentes,
1032 2694 1121 2722 motu
1133 2699 1206 2734 pro·
1222 2707 1230 2745 l
1247 2697 1343 2722 stolicis
1364 2698 1481 2729 intactis,
1503 2694 1616 2723 cherub.
1639 2694 1675 2730 (n.
1698 2694 1745 2730 r).

2007 275 2057 302 An.
2074 275 2101 303 C.
2123 271 2192 305 1⁸08

2035 2271 2146 2293 Decretum
2162 2272 2194 2293 ir-

2009 2303 2084 2324 ritum.
