2237 3100
892 252 988 278 mnnx
1012 253 1120 278 RERUM
1677 244 1743 280 997

321 306 463 340 antistite
478 306 642 350 recipiunt
654 306 750 340 etiam
766 311 854 340 extra
869 311 1027 351 tempora,
1044 312 1074 340 et
1089 307 1121 340 in
1137 307 1302 350 quibusvis
1316 306 1460 340 ecclesiis
1482 306 1658 347 celebrant,
1676 308 1754 341 ibid.
1770 309 1787 342 b

322 366 354 394 et
373 360 438 394 525
463 372 495 394 a.
511 360 683 394 Concessio
704 360 784 393 iuris
804 360 1044 393 ordinariorum
1065 361 1103 393 M.
1128 360 1293 404 magistro,
1313 360 1500 400 conventui,
1527 360 1705 404 prioribus,
1727 366 1785 394 etc.

321 415 405 448 intra
425 414 543 448 limites
563 425 698 447 suarum
719 414 1121 454 administ1·ationum,35i
1139 415 1168 447 b.
1183 415 1222 447 M.
1246 414 1389 458 magistri
1403 421 1434 448 et
1454 419 1630 447 conventus
1648 420 1789 458 potestas

321 478 547 512 quoscumque
579 467 805 510 delinquentes
834 467 955 511 ubique
986 468 1109 501 carceri
1135 468 1341 511 mancipandi
1374 473 1404 501 et
1435 467 1608 511 puniendi,
1636 468 1718 501 ibid.
1741 468 1787 501 Ir-

320 521 427 555 ritatio
447 520 723 560 reservationum,
752 522 912 554 unionum
942 531 979 553 ac
1010 521 1147 554 aliarum
1174 522 1351 563 gratiarum
1383 521 1663 565 praeventivarum
1689 532 1788 565 super

320 574 397 608 locis
417 573 607 616 Religionis,
630 579 661 606 et
681 573 867 606 commissio
888 573 927 606 M.
946 574 1100 616 magistro
1121 574 1262 618 desuper
1281 573 1485 617 providendi,
1507 573 1572 607 352
1592 585 1624 606 a.
1647 573 1788 608 cassatio

318 637 600 671 quarumcumque
628 626 921 670 expectativarum,
952 627 1047 659 etiam
1076 637 1112 659 ex
1134 638 1247 660 caussa
1277 638 1435 668 onerosa,
1465 628 1534 661 sine
1566 638 1726 661 consensu
1746 628 1786 661 M.

320 680 463 724 magistri
484 685 515 714 et
535 684 710 713 conventus
739 690 985 721 concessarum,
1009 680 1087 713 ibid.
1111 681 1140 713 b.
1169 680 1309 714 Cassatio
1331 692 1616 725 quarumcumque
1641 682 1789 716 collatio-

317 745 406 774 num,
432 734 669 778 provisionum,
691 737 761 773 Βία,
789 734 949 766 factarum
972 740 1003 766 et
1032 734 1214 766 fiendarum
1241 734 1310 766 sine
1341 735 1585 779 praedictorum
1612 745 1787 778 consensu,

320 787 444 821 etiamsi
466 788 540 821 illae
559 798 633 821 vere
653 787 784 820 sortitae
799 787 863 820 sint
882 787 1047 828 effectum,
1069 787 1148 820 ibid.
1172 788 1211 820 M.
1236 788 1379 830 magistri
1400 794 1431 822 et
1452 794 1628 823 conventus
1645 794 1786 834 potestas

317 841 510 885 disponendi
539 841 578 874 de
606 841 699 874 bonis
727 841 917 874 vacantibus
946 851 1004 885 per
1033 841 1271 884 privationem,
1300 847 1331 874 et
1359 843 1627 886 apprehendendi
1659 853 1786 887 posscs-

318 895 443 928 sionem
462 895 624 928 bonorum
638 905 696 939 per
715 895 795 927 alios
815 900 1049 938 occupatorum
1063 921 1070 935 ,
1093 894 1158 928 353
1177 906 1211 933 α,·
1231 895 1385 939 privative
1406 896 1504 929 etiam
1531 897 1726 940 disponendi
1747 896 1787 930 de

316 949 396 982 locis
416 949 594 992 Religionis
615 949 889 992 quandocumque
916 954 947 981 et
976 949 1285 992 quomodocumque
1309 950 1510 990 vacantibuS,
1538 950 1617 984 ibid.
1647 951 1680 991 b,·
1704 961 1788 993 quae

319 1007 428 1036 tamen
452 1002 599 1046 personis
619 1001 748 1035 Ordinis
779 1001 918 1034 conferri
948 1002 1087 1042 debent,
1119 1002 1197 1035 ibid.
1232 1002 1371 1036 Abolitio
1399 1003 1642 1047 exemptionum
1670 1004 1786 1048 priori-

317 1057 377 1089 bus
402 1061 434 1089 et
460 1055 618 1089 militibus
643 1065 871 1088 concessarum
896 1057 936 1089 ab
956 1055 1141 1088 obedientia
1169 1056 1208 1089 M.
1233 1057 1378 1100 magistri
1399 1061 1429 1090 et
1449 1063 1636 1099 conventus,
1659 1068 1787 1091 necnon

316 1121 334 1143 a
354 1109 471 1143 debitis
491 1110 656 1142 communi
678 1108 816 1149 aerario,
838 1109 916 1142 ibid.
934 1109 1016 1142 Modi
1033 1115 1064 1142 et
1084 1109 1206 1143 formae
1226 1110 1345 1153 quibus
1366 1116 1490 1144 tantum
1511 1111 1660 1154 derogari
1681 1116 1788 1155 potest

317 1163 491 1207 praedictis
511 1162 649 1203 statutis,
672 1162 738 1196 354
756 1173 788 1195 α.
811 1163 970 1196 Rescissio
991 1168 1219 1196 contractuum
1245 1163 1278 1196 in
1298 1163 1476 1207 Religionis
1502 1165 1657 1198 damnum
1683 1165 1787 1198 facto-

316 1228 402 1258 rum,
425 1217 503 1250 ibid.
526 1216 667 1250 Cassatio
687 1227 877 1250 accessuum
891 1243 899 1257 ,
921 1216 1128 1260 ingressuum
1149 1221 1180 1249 et
1201 1227 1408 1260 regressuum
1429 1218 1469 1251 ad
1488 1219 1669 1259 beneficia,
1691 1230 1786 1263 prae-

317 1276 465 1314 terquam
486 1281 523 1304 ex
543 1280 658 1303 caussa
677 1280 814 1303 onerosa
840 1275 871 1303 et
900 1270 938 1303 de
968 1281 1126 1303 consensu
1156 1271 1195 1303 M.
1220 1271 1386 1313 magistri,
1409 1272 1488 1305 ibid.
1511 1273 1540 1305 b.
1568 1272 1729 1306 Censurae
1757 1278 1788 1306 et

317 1334 442 1369 poenae
471 1323 503 1357 in
532 1328 743 1367 usurpatores
777 1323 939 1356 bonorum
967 1329 998 1356 et
1028 1323 1148 1356 iurium
1178 1324 1377 1365 nosocomii,
1409 1336 1446 1358 ac
1481 1325 1660 1369 prohibitio
1690 1326 1788 1359 huius

314 1377 400 1411 bona
419 1377 602 1417 alienandi,
624 1377 703 1409 ibid.
727 1376 841 1409 Omnia
862 1377 1049 1410 nosocomia
1070 1381 1102 1410 et
1121 1378 1192 1410 loca
1213 1378 1273 1411 sub
1286 1377 1496 1418 ¹invocatione
1517 1379 1549 1412 S.
1576 1379 1685 1412 Lazari
1705 1390 1723 1412 a
1744 1380 1784 1412 M.

314 1432 469 1475 magistro
485 1437 517 1465 et
537 1435 697 1464 conventu
718 1430 916 1474 dependent,
938 1430 1004 1464 355
1024 1442 1063 1469 a‚·
1083 1430 1264 1464 subsidium
1286 1442 1444 1472 annuum,
1461 1444 1479 1465 a
1499 1433 1639 1466 concilio
1659 1433 1789 1467 Ordinis

313 1486 456 1529 generali
482 1486 730 1530 imponendum,
753 1484 873 1518 eisdem
895 1485 934 1518 M.
959 1485 1112 1528 magistro
1133 1491 1164 1518 et
1184 1487 1370 1528 conventui,
1393 1488 1453 1519 sub
1474 1497 1578 1532 poena
1598 1498 1787 1521 excommu-

314 1540 486 1573 nicationis
522 1545 553 1572 et
587 1539 683 1572 etiam
722 1538 942 1572 demolitionis
980 1540 1127 1572 locorum
1141 1566 1148 1578 ‚
1187 1540 1310 1573 solvere
1343 1545 1513 1581 tenentur,
1549 1541 1629 1575 ibid.
1661 1541 1788 1575 Fratres

314 1594 480 1626 dumtaxat
499 1592 648 1626 obtinere
667 1597 792 1636 queunt
812 1592 938 1625 Ordinis
958 1593 1129 1633 beneficia,
1146 1594 1225 1626 ibid.
1250 1594 1277 1626 b.
1301 1594 1481 1638 Presbyteri
1512 1595 1706 1636 saeculares,
1731 1596 1788 1639 qui

312 1647 501 1681 huiusmodi
522 1646 682 1680 beneficia
702 1646 933 1687 obtimierunt,
957 1647 1119 1680 dimittant
1145 1647 1252 1680 favore
1278 1648 1415 1681 fratrum
1445 1649 1507 1681 nisi
1528 1648 1706 1692 Religionis
1730 1650 1787 1683 ha—

311 1701 415 1734 bitum
435 1701 519 1734 infra
547 1712 601 1733 sex
630 1711 757 1733 menses
785 1700 985 1744 suscipiant,
1015 1706 1046 1733 et
1066 1701 1302 1745 professionem
1322 1702 1469 1735 emittant
1484 1728 1491 1742 ,
1513 1703 1594 1736 ibid.
1618 1708 1650 1735 et
1669 1702 1734 1737 356
1754 1704 1785 1737 b.

310 1753 479 1788 Cessiones
499 1759 530 1787 et
549 1753 752 1798 provisiones
783 1753 822 1786 de
851 1753 1018 1786 beneficiis
1046 1754 1115 1787 sine
1142 1754 1288 1787 clausula
1313 1755 1351 1787 de
1370 1766 1526 1788 consensu
1549 1755 1593 1788 M.
1617 1757 1785 1799 iiiayi'stri,

312 1808 436 1841 nullius
459 1808 523 1841 sint
543 1808 682 1848 roboris,
705 1806 770 1841 356
790 1819 820 1840 a.
845 1807 1017 1841 Revocatio
1038 1808 1119 1841 iuris
1143 1813 1354 1852 patronatus,
1378 1809 1439 1842 nisi
1465 1820 1502 1842 ex
1528 1810 1720 1844 fundatione
1740 1811 1788 1844 vel

312 1862 490 1902 dotatione,
513 1862 592 1894 ibid.
620 1860 798 1894 Prohibitio
820 1861 1003 1894 reservandi
1025 1861 1197 1906 pensiones
1226 1873 1326 1906 super
1352 1863 1521 1896 beneficiis
1549 1863 1695 1905 Ordinis,
1727 1864 1787 1898 nisi

315 1917 421 1948 favore
449 1915 601 1955 fratrum,
624 1915 703 1948 ibid.
726 1915 772 1953 Ad
793 1915 997 1959 parochiales
1018 1921 1049 1948 et.
1073 1916 1152 1949 alias
1172 1917 1326 1950 ecclesias
1346 1916 1474 1949 Ordinis
1494 1916 1644 1961 deputari
1665 1918 1789 1960 possint

312 1970 427 2002 fratres
447 1967 640 2012 cappellani,
660 1978 727 2000 non
748 1968 894 2001 obstante
916 1969 1082 2001 contrario
1103 1980 1174 2009 usu,
1198 1970 1277 2002 ibid.
1301 1970 1429 2003 Fratres
1454 1970 1653 2014 cappellani,
1674 1970 1787 2004 habitu

312 2034 330 2056 a
346 2022 569 2056 saecularibus
589 2022 784 2066 presbyteris
805 2033 869 2055 non
891 2023 1057 2064 differunt,
1080 2023 1142 2056 nisi
1163 2034 1261 2057 cruce
1281 2024 1319 2056 ad
1341 2029 1454 2068 pectus
1474 2024 1658 2065 deferenda,
1678 2024 1742 2058 357
1768 2036 1789 2058 a

312 2082 342 2110 et
354 2075 418 2110 528
439 2087 469 2109 α.
490 2076 671 2120 Presbyteri
692 2076 809 2109 milites
826 2082 975 2109 curatum
993 2077 1204 2117 beneficium,
1227 2078 1324 2111 etiam
1338 2078 1537 2121 parochiale,
1553 2078 1694 2111 retinere
1715 2089 1788 2123 pos-

312 2131 387 2171 sint,
402 2129 466 2164 357
478 2141 509 2163 α.
522 2130 584 2162 Res
604 2130 744 2163 iudicata
764 2140 828 2163 non
849 2130 1049 2174 praeiudicet
1068 2131 1108 2163 M.
1131 2131 1284 2174 magistro
1306 2137 1336 2164 et
1357 2131 1540 2172 conventui,
1556 2141 1654 2174 super
1673 2142 1787 2165 eorum

310 2183 537 2218 iurisdictione
558 2187 589 2216 et
608 2183 692 2216 civili
714 2183 930 2227 possessione,
944 2184 1005 2217 nisi
1022 2184 1207 2228 specialiter
1223 2184 1284 2229 ipsi
1305 2185 1343 2218 ad
1365 2195 1511 2218 caussam
1531 2184 1635 2218 vocati
1656 2185 1787 2230 suerint,

309 2237 389 2271 ibid.
412 2237 525 2270 Milites
547 2241 577 2270 et
596 2236 677 2270 aliae
697 2237 825 2270 Ordinis
846 2248 1014 2281 personae,
1036 2238 1123 2271 circa
1143 2239 1212 2271 eius
1233 2239 1460 2282 religiosorum
1481 2248 1622 2279 caussaS,
1637 2238 1669 2271 in
1691 2244 1787 2272 testes

311 2291 413 2335 recipi
434 2291 577 2335 possint,
600 2290 671 2323 aliis
691 2291 937 2331 deficientibus,
960 2292 1038 2325 ibid.
1063 2293 1091 2325 b.
1115 2292 1263 2325 Fratrum
1290 2293 1559 2336 cappellanorum
1578 2292 1714 2325 facultas
1735 2303 1788 2327 ec-

312 2347 417 2380 clesiis
437 2346 565 2379 Ordinis
595 2346 795 2380 deserviendi
823 2347 1015 2391 ampliatur,
1047 2347 1270 2381 saecularibus
1298 2346 1493 2392 presbyteris
1522 2358 1605 2391 pene
1633 2348 1785 2387 exclusis,

311 2400 390 2434 ibid.
404 2405 434 2433 et
444 2399 507 2433 5028
520 2410 552 2432 a.
565 2399 662 2432 Dictis
674 2399 848 2444 privilegiis
861 2401 1019 2444 gaudeant
1033 2402 1197 2434 dumtaxat
1211 2401 1266 2445 qui
1279 2401 1514 2445 professionem
1534 2400 1715 2442 emiserint,
1731 2407 1787 2435 aut

312 2453 394 2486 infra
416 2458 541 2486 certum
565 2459 690 2497 tempus
711 2454 859 2487 emittere
870 2454 1117 2498 spoponderint,
1135 2455 1212 2488 ibid.
1230 2460 1259 2487 et
1279 2454 1343 2489 528
1365 2455 1393 2487 b.
1410 2455 1597 2497 Vagabundi
1613 2454 1787 2498 privilegiis

313 2517 378 2540 non
399 2507 560 2547 fruantur,
583 2506 646 2539 357
661 2507 689 2539 b.
712 2507 781 2540 Non
804 2507 994 2541 iniiciantur
1014 2519 1129 2541 manus
1145 2509 1302 2541 violentae
1323 2508 1354 2540 in
1376 2509 1600 2550 confugientes
1620 2508 1661 2541 ad
1682 2509 1786 2542 eccle-

312 2562 375 2594 sias
395 2560 535 2601 Ordinis,
553 2560 617 2594 358
637 2572 655 2593 α
674 2566 704 2594 ct
733 2560 796 2595 5028
817 2562 846 2594 b.
870 2562 908 2594 M.
933 2562 1077 2604 magistri
1098 2568 1125 2595 et
1143 2567 1319 2594 conventus
1340 2562 1473 2594 facultas
1486 2560 1641 2595 vicarium
1656 2562 1687 2595 in
1702 2562 1787 2607 prio-

316 2615 438 2648 ratibus
459 2615 651 2658 deputandi,
672 2614 727 2658 qui
749 2615 906 2648 beneficia
936 2615 1078 2649 conferat
1096 2643 1102 2655 ,
1125 2615 1330 2648 autianitates
1358 2616 1531 2655 concedat,
1559 2616 1786 2660 responsiones

310 2669 427 2712 exigat,
449 2678 547 2713 super
562 2673 666 2702 aetate
686 2669 880 2714 defectuque
901 2669 1058 2702 natalium
1069 2670 1242 2716 dispenset,
1257 2668 1322 2702 358
1337 2680 1372 2710 a;
1393 2670 1496 2703 valide
1516 2670 1707 2714 expediendi
1730 2671 1785 2703 litff
