<?xml version="1.0" encoding="UTF-8"?>
<!DOCTYPE html PUBLIC "-//W3C//DTD XHTML 1.0 Transitional//EN"
    "http://www.w3.org/TR/xhtml1/DTD/xhtml1-transitional.dtd">
<html xmlns="http://www.w3.org/1999/xhtml" xml:lang="en" lang="en">
 <head>
  <title>
</title>
<meta http-equiv="Content-Type" content="text/html;charset=utf-8" />
  <meta name='ocr-system' content='tesseract 3.04.00' />
  <meta name='ocr-capabilities' content='ocr_page ocr_carea ocr_par ocr_line ocrx_word'/>
</head>
<body>
  <div class='ocr_page' id='page_1' title='image "./bullarumdiplomat07cath_0397.png"; bbox 0 0 2237 3100; ppageno 0'>
   <div class='ocr_carea' id='block_1_1' title="bbox 91 215 273 245">
    <p class='ocr_par' dir='ltr' id='par_1_1' title="bbox 91 215 273 245">
     <span class='ocr_line' id='line_1_1' title="bbox 91 215 273 245; baseline -0.005 0"><span class='ocrx_word' id='word_1_1' title='bbox 91 219 140 245; x_wconf 80' lang='lat' dir='ltr'>An.</span> <span class='ocrx_word' id='word_1_2' title='bbox 160 217 188 244; x_wconf 89' lang='lat' dir='ltr'>C.</span> <span class='ocrx_word' id='word_1_3' title='bbox 208 215 273 244; x_wconf 71' lang='lat'>¹565</span> 
     </span>
    </p>
   </div>
   <div class='ocr_carea' id='block_1_2' title="bbox 89 1128 278 1280">
    <p class='ocr_par' dir='ltr' id='par_1_2' title="bbox 89 1128 278 1280">
     <span class='ocr_line' id='line_1_2' title="bbox 116 1128 276 1155; baseline -0.006 -6"><span class='ocrx_word' id='word_1_4' title='bbox 116 1128 243 1155; x_wconf 69' lang='lat' dir='ltr'>BLMagistri</span> <span class='ocrx_word' id='word_1_5' title='bbox 255 1131 276 1148; x_wconf 82' lang='lat' dir='ltr'>et</span> 
     </span>
     <span class='ocr_line' id='line_1_3' title="bbox 89 1159 275 1180; baseline -0.011 0"><span class='ocrx_word' id='word_1_6' title='bbox 89 1160 154 1180; x_wconf 81' lang='lat' dir='ltr'>totius</span> <span class='ocrx_word' id='word_1_7' title='bbox 197 1159 275 1179; x_wconf 70' lang='lat' dir='ltr'>mitium</span> 
     </span>
     <span class='ocr_line' id='line_1_4' title="bbox 89 1189 275 1217; baseline -0.011 -6"><span class='ocrx_word' id='word_1_8' title='bbox 89 1191 198 1217; x_wconf 77' lang='lat' dir='ltr'>susceptio</span> <span class='ocrx_word' id='word_1_9' title='bbox 238 1189 275 1210; x_wconf 84' lang='lat' dir='ltr'>sub</span> 
     </span>
     <span class='ocr_line' id='line_1_5' title="bbox 90 1220 278 1248; baseline -0.005 -6"><span class='ocrx_word' id='word_1_10' title='bbox 90 1223 224 1248; x_wconf 74' lang='lat' dir='ltr'>protectione</span> <span class='ocrx_word' id='word_1_11' title='bbox 241 1220 278 1241; x_wconf 84' lang='lat' dir='ltr'>Se-</span> 
     </span>
     <span class='ocr_line' id='line_1_6' title="bbox 90 1253 275 1280; baseline -0.011 -7"><span class='ocrx_word' id='word_1_12' title='bbox 90 1253 122 1274; x_wconf 74' lang='lat' dir='ltr'>dis</span> <span class='ocrx_word' id='word_1_13' title='bbox 138 1253 275 1280; x_wconf 67' lang='lat' dir='ltr'>Apostolicae.</span> 
     </span>
    </p>
   </div>
   <div class='ocr_carea' id='block_1_3' title="bbox 93 1988 284 2163">
    <p class='ocr_par' dir='ltr' id='par_1_3' title="bbox 93 1988 284 2163">
     <span class='ocr_line' id='line_1_7' title="bbox 148 1988 281 2014; baseline -0.008 -6"><span class='ocrx_word' id='word_1_14' title='bbox 148 1988 281 2014; x_wconf 62' lang='lat' dir='ltr'>Exemption</span> 
     </span>
     <span class='ocr_line' id='line_1_8' title="bbox 94 2019 282 2039; baseline 0 -1"><span class='ocrx_word' id='word_1_15' title='bbox 94 2019 198 2039; x_wconf 84' lang='lat' dir='ltr'>iurisdict.</span> <span class='ocrx_word' id='word_1_16' title='bbox 241 2024 282 2039; x_wconf 48' lang='lat' dir='ltr'>oni*</span> 
     </span>
     <span class='ocr_line' id='line_1_9' title="bbox 93 2051 284 2071; baseline 0 -1"><span class='ocrx_word' id='word_1_17' title='bbox 93 2051 150 2071; x_wconf 83' lang='lat' dir='ltr'>nium</span> <span class='ocrx_word' id='word_1_18' title='bbox 190 2051 284 2070; x_wconf 83' lang='lat' dir='ltr'>domino-</span> 
     </span>
     <span class='ocr_line' id='line_1_10' title="bbox 95 2084 282 2107; baseline -0.011 -5"><span class='ocrx_word' id='word_1_19' title='bbox 95 2087 140 2102; x_wconf 85' lang='lat' dir='ltr'>rum</span> <span class='ocrx_word' id='word_1_20' title='bbox 178 2084 282 2107; x_wconf 74' lang='lat' dir='ltr'>tempora-</span> 
     </span>
     <span class='ocr_line' id='line_1_11' title="bbox 96 2112 283 2138; baseline 0 -7"><span class='ocrx_word' id='word_1_21' title='bbox 96 2112 144 2132; x_wconf 84' lang='lat' dir='ltr'>lium</span> <span class='ocrx_word' id='word_1_22' title='bbox 172 2114 192 2131; x_wconf 82' lang='lat' dir='ltr'>et</span> <span class='ocrx_word' id='word_1_23' title='bbox 217 2112 283 2138; x_wconf 78' lang='grc' dir='ltr'><strong>1ρίτὶ-</strong></span> 
     </span>
     <span class='ocr_line' id='line_1_12' title="bbox 94 2143 188 2163; baseline -0.011 0"><span class='ocrx_word' id='word_1_24' title='bbox 94 2143 188 2163; x_wconf 64' lang='lat' dir='ltr'>matium.</span> 
     </span>
    </p>
   </div>
   <div class='ocr_carea' id='block_1_4' title="bbox 968 220 1162 245">
    <p class='ocr_par' dir='ltr' id='par_1_4' title="bbox 968 220 1162 245">
     <span class='ocr_line' id='line_1_13' title="bbox 968 220 1162 245; baseline 0 -1"><span class='ocrx_word' id='word_1_25' title='bbox 968 220 1035 245; x_wconf 88' lang='lat' dir='ltr'>PIUS</span> <span class='ocrx_word' id='word_1_26' title='bbox 1060 220 1091 245; x_wconf 83' lang='lat' dir='ltr'>IV</span> <span class='ocrx_word' id='word_1_27' title='bbox 1115 220 1162 244; x_wconf 72' lang='lat' dir='ltr'>Pr.</span> 
     </span>
    </p>
   </div>
   <div class='ocr_carea' id='block_1_5' title="bbox 288 270 1053 2640">
    <p class='ocr_par' dir='ltr' id='par_1_5' title="bbox 288 270 1046 1061">
     <span class='ocr_line' id='line_1_14' title="bbox 289 270 1044 315; baseline 0.003 -12"><span class='ocrx_word' id='word_1_28' title='bbox 289 271 360 304; x_wconf 87' lang='lat' dir='ltr'>dem</span> <span class='ocrx_word' id='word_1_29' title='bbox 373 270 591 315; x_wconf 85' lang='lat' dir='ltr'>Apostolicam</span> <span class='ocrx_word' id='word_1_30' title='bbox 608 270 768 304; x_wconf 88' lang='lat' dir='ltr'>indultum</span> <span class='ocrx_word' id='word_1_31' title='bbox 782 277 839 312; x_wconf 89' lang='lat' dir='ltr'>est,</span> <span class='ocrx_word' id='word_1_32' title='bbox 859 272 952 305; x_wconf 82' lang='lat' dir='ltr'>etiam</span> <span class='ocrx_word' id='word_1_33' title='bbox 965 273 1044 306; x_wconf 86' lang='lat' dir='ltr'>citra</span> 
     </span>
     <span class='ocr_line' id='line_1_15' title="bbox 289 323 1044 367; baseline 0.004 -11"><span class='ocrx_word' id='word_1_34' title='bbox 289 324 450 357; x_wconf 72' lang='lat' dir='ltr'>cruciatae</span> <span class='ocrx_word' id='word_1_35' title='bbox 470 323 710 367; x_wconf 77' lang='lat' dir='ltr'>obligationem,</span> <span class='ocrx_word' id='word_1_36' title='bbox 732 326 916 367; x_wconf 87' lang='lat' dir='ltr'>transferre,</span> <span class='ocrx_word' id='word_1_37' title='bbox 939 338 975 359; x_wconf 87' lang='lat' dir='ltr'>ac</span> <span class='ocrx_word' id='word_1_38' title='bbox 986 327 1044 360; x_wconf 88' lang='lat' dir='ltr'>eis-</span> 
     </span>
     <span class='ocr_line' id='line_1_16' title="bbox 290 377 1044 423; baseline 0.004 -13"><span class='ocrx_word' id='word_1_39' title='bbox 290 377 361 410; x_wconf 90' lang='lat' dir='ltr'>dem</span> <span class='ocrx_word' id='word_1_40' title='bbox 392 378 539 421; x_wconf 85' lang='lat' dir='ltr'>personis</span> <span class='ocrx_word' id='word_1_41' title='bbox 573 378 779 411; x_wconf 81' lang='lat' dir='ltr'>nominandis</span> <span class='ocrx_word' id='word_1_42' title='bbox 808 379 892 423; x_wconf 87' lang='lat' dir='ltr'>ipsas</span> <span class='ocrx_word' id='word_1_43' title='bbox 921 380 1044 423; x_wconf 88' lang='lat' dir='ltr'>pensio-</span> 
     </span>
     <span class='ocr_line' id='line_1_17' title="bbox 292 432 1043 476; baseline 0.004 -13"><span class='ocrx_word' id='word_1_44' title='bbox 292 441 347 464; x_wconf 98' lang='lat' dir='ltr'>nes</span> <span class='ocrx_word' id='word_1_45' title='bbox 369 441 543 472; x_wconf 77' lang='lat' dir='ltr'>reservare,</span> <span class='ocrx_word' id='word_1_46' title='bbox 581 432 676 464; x_wconf 87' lang='lat' dir='ltr'>etiam</span> <span class='ocrx_word' id='word_1_47' title='bbox 711 432 831 476; x_wconf 84' lang='lat' dir='ltr'>absque</span> <span class='ocrx_word' id='word_1_48' title='bbox 865 433 971 476; x_wconf 85' lang='lat' dir='ltr'>aliqua</span> <span class='ocrx_word' id='word_1_49' title='bbox 1006 433 1043 466; x_wconf 94' lang='lat' dir='ltr'>li-</span> 
     </span>
     <span class='ocr_line' id='line_1_18' title="bbox 290 484 1043 528; baseline 0.004 -12"><span class='ocrx_word' id='word_1_50' title='bbox 290 488 433 516; x_wconf 82' lang='lat' dir='ltr'>terarum</span> <span class='ocrx_word' id='word_1_51' title='bbox 445 484 696 528; x_wconf 84' lang='lat' dir='ltr'>apostolicarum</span> <span class='ocrx_word' id='word_1_52' title='bbox 719 485 931 528; x_wconf 69' lang='lat' dir='ltr'>expeditione,</span> <span class='ocrx_word' id='word_1_53' title='bbox 953 498 989 519; x_wconf 82' lang='lat' dir='ltr'>ac</span> <span class='ocrx_word' id='word_1_54' title='bbox 1010 498 1043 519; x_wconf 86' lang='lat' dir='ltr'>a·</span> 
     </span>
     <span class='ocr_line' id='line_1_19' title="bbox 289 537 1044 581; baseline 0.004 -12"><span class='ocrx_word' id='word_1_55' title='bbox 289 537 331 570; x_wconf 87' lang='lat' dir='ltr'>lia</span> <span class='ocrx_word' id='word_1_56' title='bbox 347 537 487 581; x_wconf 81' lang='lat' dir='ltr'>desuper</span> <span class='ocrx_word' id='word_1_57' title='bbox 507 539 687 571; x_wconf 82' lang='lat' dir='ltr'>necessaria</span> <span class='ocrx_word' id='word_1_58' title='bbox 704 539 809 571; x_wconf 79' lang='lat' dir='ltr'>facere</span> <span class='ocrx_word' id='word_1_59' title='bbox 839 539 938 572; x_wconf 87' lang='lat' dir='ltr'>libere</span> <span class='ocrx_word' id='word_1_60' title='bbox 959 545 987 572; x_wconf 91' lang='lat' dir='ltr'>et</span> <span class='ocrx_word' id='word_1_61' title='bbox 1009 540 1044 572; x_wconf 89' lang='lat' dir='ltr'>li-</span> 
     </span>
     <span class='ocr_line' id='line_1_20' title="bbox 290 591 1042 633; baseline 0.003 -10"><span class='ocrx_word' id='word_1_62' title='bbox 290 591 349 623; x_wconf 85' lang='lat' dir='ltr'>cite</span> <span class='ocrx_word' id='word_1_63' title='bbox 369 592 506 632; x_wconf 86' lang='lat' dir='ltr'>valeant‚</span> <span class='ocrx_word' id='word_1_64' title='bbox 529 591 649 625; x_wconf 88' lang='lat' dir='ltr'>eisdem</span> <span class='ocrx_word' id='word_1_65' title='bbox 670 592 860 625; x_wconf 88' lang='lat' dir='ltr'>auctoritate</span> <span class='ocrx_word' id='word_1_66' title='bbox 873 598 903 625; x_wconf 90' lang='lat' dir='ltr'>et</span> <span class='ocrx_word' id='word_1_67' title='bbox 919 599 1042 633; x_wconf 85' lang='lat' dir='ltr'>tenore,</span> 
     </span>
     <span class='ocr_line' id='line_1_21' title="bbox 290 644 1046 689; baseline 0.004 -13"><span class='ocrx_word' id='word_1_68' title='bbox 290 644 328 677; x_wconf 88' lang='lat' dir='ltr'>de</span> <span class='ocrx_word' id='word_1_69' title='bbox 349 645 480 688; x_wconf 86' lang='lat' dir='ltr'>speciali</span> <span class='ocrx_word' id='word_1_70' title='bbox 500 645 602 687; x_wconf 77' lang='lat' dir='ltr'>gratia</span> <span class='ocrx_word' id='word_1_71' title='bbox 619 646 830 679; x_wconf 78' lang='lat' dir='ltr'>concedimus</span> <span class='ocrx_word' id='word_1_72' title='bbox 846 651 875 678; x_wconf 86' lang='lat' dir='ltr'>et</span> <span class='ocrx_word' id='word_1_73' title='bbox 901 646 1046 689; x_wconf 81' lang='lat' dir='ltr'>indulge-</span> 
     </span>
     <span class='ocr_line' id='line_1_22' title="bbox 290 699 1046 741; baseline 0.001 -11"><span class='ocrx_word' id='word_1_74' title='bbox 290 708 373 738; x_wconf 88' lang='lat' dir='ltr'>mus,</span> <span class='ocrx_word' id='word_1_75' title='bbox 401 709 437 731; x_wconf 87' lang='lat' dir='ltr'>ac</span> <span class='ocrx_word' id='word_1_76' title='bbox 460 699 587 741; x_wconf 81' lang='lat' dir='ltr'>plenam</span> <span class='ocrx_word' id='word_1_77' title='bbox 609 704 639 732; x_wconf 88' lang='lat' dir='ltr'>et</span> <span class='ocrx_word' id='word_1_78' title='bbox 659 699 793 732; x_wconf 79' lang='lat' dir='ltr'>liberam</span> <span class='ocrx_word' id='word_1_79' title='bbox 825 699 987 732; x_wconf 72' lang='lat' dir='ltr'>licentiam</span> <span class='ocrx_word' id='word_1_80' title='bbox 1015 706 1046 733; x_wconf 89' lang='lat' dir='ltr'>et</span> 
     </span>
     <span class='ocr_line' id='line_1_23' title="bbox 289 751 1045 797; baseline 0.003 -14"><span class='ocrx_word' id='word_1_81' title='bbox 289 751 475 784; x_wconf 69' lang='lat' dir='ltr'>facultatem</span> <span class='ocrx_word' id='word_1_82' title='bbox 496 751 558 784; x_wconf 91' lang='lat' dir='ltr'>illis</span> <span class='ocrx_word' id='word_1_83' title='bbox 574 752 790 796; x_wconf 80' lang='lat' dir='ltr'>impartimur.</span> <span class='ocrx_word' id='word_1_84' title='bbox 814 752 851 785; x_wconf 90' lang='lat' dir='ltr'>Et</span> <span class='ocrx_word' id='word_1_85' title='bbox 871 764 946 785; x_wconf 90' lang='lat' dir='ltr'>cum</span> <span class='ocrx_word' id='word_1_86' title='bbox 969 753 1045 797; x_wconf 87' lang='lat' dir='ltr'>ipsis</span> 
     </span>
     <span class='ocr_line' id='line_1_24' title="bbox 290 803 1045 850; baseline 0.004 -14"><span class='ocrx_word' id='word_1_87' title='bbox 290 803 447 837; x_wconf 77' lang='lat' dir='ltr'>militibus</span> <span class='ocrx_word' id='word_1_88' title='bbox 466 805 607 848; x_wconf 83' lang='lat' dir='ltr'>desuper</span> <span class='ocrx_word' id='word_1_89' title='bbox 627 816 663 838; x_wconf 89' lang='lat' dir='ltr'>ac</span> <span class='ocrx_word' id='word_1_90' title='bbox 685 805 780 838; x_wconf 85' lang='lat' dir='ltr'>etiam</span> <span class='ocrx_word' id='word_1_91' title='bbox 812 811 845 838; x_wconf 91' lang='lat' dir='ltr'>ut</span> <span class='ocrx_word' id='word_1_92' title='bbox 868 806 953 849; x_wconf 88' lang='lat' dir='ltr'>ipsas</span> <span class='ocrx_word' id='word_1_93' title='bbox 969 817 1045 850; x_wconf 92' lang='lat' dir='ltr'>pen-</span> 
     </span>
     <span class='ocr_line' id='line_1_25' title="bbox 289 857 1045 892; baseline 0.003 -2"><span class='ocrx_word' id='word_1_94' title='bbox 289 857 397 891; x_wconf 85' lang='lat' dir='ltr'>siones</span> <span class='ocrx_word' id='word_1_95' title='bbox 417 869 482 891; x_wconf 84' lang='lat' dir='ltr'>una</span> <span class='ocrx_word' id='word_1_96' title='bbox 502 869 576 891; x_wconf 90' lang='lat' dir='ltr'>cnm</span> <span class='ocrx_word' id='word_1_97' title='bbox 598 859 700 892; x_wconf 88' lang='lat' dir='ltr'>dictae</span> <span class='ocrx_word' id='word_1_98' title='bbox 721 858 854 892; x_wconf 84' lang='lat' dir='ltr'>militiae</span> <span class='ocrx_word' id='word_1_99' title='bbox 883 859 913 892; x_wconf 88' lang='lat' dir='ltr'>S.</span> <span class='ocrx_word' id='word_1_100' title='bbox 937 860 1045 892; x_wconf 88' lang='lat' dir='ltr'>Lazari</span> 
     </span>
     <span class='ocr_line' id='line_1_26' title="bbox 288 911 1045 956; baseline 0.004 -13"><span class='ocrx_word' id='word_1_101' title='bbox 288 911 503 955; x_wconf 85' lang='lat' dir='ltr'>hospitalibus</span> <span class='ocrx_word' id='word_1_102' title='bbox 519 912 567 944; x_wconf 77' lang='lat' dir='ltr'>vel</span> <span class='ocrx_word' id='word_1_103' title='bbox 585 911 816 956; x_wconf 83' lang='lat' dir='ltr'>praeceptoriis</span> <span class='ocrx_word' id='word_1_104' title='bbox 832 919 888 945; x_wconf 87' lang='lat' dir='ltr'>aut</span> <span class='ocrx_word' id='word_1_105' title='bbox 907 912 977 945; x_wconf 89' lang='lat' dir='ltr'>aliis</span> <span class='ocrx_word' id='word_1_106' title='bbox 992 913 1045 946; x_wconf 89' lang='lat' dir='ltr'>be-</span> 
     </span>
     <span class='ocr_line' id='line_1_27' title="bbox 290 964 1042 1010; baseline 0.004 -14"><span class='ocrx_word' id='word_1_107' title='bbox 290 964 414 998; x_wconf 82' lang='lat' dir='ltr'>neficiis</span> <span class='ocrx_word' id='word_1_108' title='bbox 439 965 545 1008; x_wconf 86' lang='lat' dir='ltr'>quoad</span> <span class='ocrx_word' id='word_1_109' title='bbox 567 965 701 998; x_wconf 75' lang='lat' dir='ltr'>vixerint</span> <span class='ocrx_word' id='word_1_110' title='bbox 735 965 873 998; x_wconf 82' lang='lat' dir='ltr'>retinere</span> <span class='ocrx_word' id='word_1_111' title='bbox 908 966 1042 1010; x_wconf 85' lang='lat' dir='ltr'>possint,</span> 
     </span>
     <span class='ocr_line' id='line_1_28' title="bbox 290 1013 667 1061; baseline 0.003 -11"><span class='ocrx_word' id='word_1_112' title='bbox 290 1017 526 1061; x_wconf 87' lang='lat' dir='ltr'>dispensamus.</span> <span class='ocrx_word' id='word_1_113' title='bbox 663 1013 667 1016; x_wconf 46' lang='lat'><strong>⁴</strong></span> 
     </span>
    </p>

    <p class='ocr_par' dir='ltr' id='par_1_6' title="bbox 290 1070 1049 1915">
     <span class='ocr_line' id='line_1_29' title="bbox 334 1070 1045 1114; baseline 0.003 -11"><span class='ocrx_word' id='word_1_114' title='bbox 334 1072 349 1114; x_wconf 61' lang='grc' dir='ltr'><strong>ἓ</strong></span> <span class='ocrx_word' id='word_1_115' title='bbox 373 1070 426 1104; x_wconf 82' lang='grc'>50.</span> <span class='ocrx_word' id='word_1_116' title='bbox 449 1071 485 1103; x_wconf 88' lang='lat' dir='ltr'>Et</span> <span class='ocrx_word' id='word_1_117' title='bbox 507 1070 640 1114; x_wconf 88' lang='lat' dir='ltr'>insuper</span> <span class='ocrx_word' id='word_1_118' title='bbox 673 1071 758 1104; x_wconf 87' lang='lat' dir='ltr'>idem</span> <span class='ocrx_word' id='word_1_119' title='bbox 786 1071 943 1114; x_wconf 87' lang='lat' dir='ltr'>hospitale</span> <span class='ocrx_word' id='word_1_120' title='bbox 965 1072 1045 1105; x_wconf 88' lang='lat' dir='ltr'>San—</span> 
     </span>
     <span class='ocr_line' id='line_1_30' title="bbox 291 1124 1045 1168; baseline 0.003 -12"><span class='ocrx_word' id='word_1_121' title='bbox 291 1126 333 1156; x_wconf 85' lang='lat' dir='ltr'>cti</span> <span class='ocrx_word' id='word_1_122' title='bbox 352 1124 460 1157; x_wconf 86' lang='lat' dir='ltr'>Lazari</span> <span class='ocrx_word' id='word_1_123' title='bbox 490 1135 527 1157; x_wconf 91' lang='lat' dir='ltr'>ac</span> <span class='ocrx_word' id='word_1_124' title='bbox 547 1124 633 1157; x_wconf 88' lang='lat' dir='ltr'>illius</span> <span class='ocrx_word' id='word_1_125' title='bbox 659 1124 831 1168; x_wconf 83' lang='lat' dir='ltr'>prioratus,</span> <span class='ocrx_word' id='word_1_126' title='bbox 854 1131 1045 1168; x_wconf 85' lang='lat' dir='ltr'>praecepto-</span> 
     </span>
     <span class='ocr_line' id='line_1_31' title="bbox 291 1177 1045 1226; baseline 0.003 -17"><span class='ocrx_word' id='word_1_127' title='bbox 291 1177 366 1217; x_wconf 85' lang='lat' dir='ltr'>rias,</span> <span class='ocrx_word' id='word_1_128' title='bbox 389 1177 514 1226; x_wconf 66' lang='lat' dir='ltr'>domqs,</span> <span class='ocrx_word' id='word_1_129' title='bbox 538 1188 694 1218; x_wconf 89' lang='lat' dir='ltr'>cameras,</span> <span class='ocrx_word' id='word_1_130' title='bbox 717 1177 887 1220; x_wconf 83' lang='lat' dir='ltr'>hospitalia</span> <span class='ocrx_word' id='word_1_131' title='bbox 913 1184 942 1211; x_wconf 90' lang='lat' dir='ltr'>et</span> <span class='ocrx_word' id='word_1_132' title='bbox 976 1179 1045 1211; x_wconf 85' lang='lat' dir='ltr'>loca</span> 
     </span>
     <span class='ocr_line' id='line_1_32' title="bbox 291 1230 1046 1274; baseline 0.001 -11"><span class='ocrx_word' id='word_1_133' title='bbox 291 1241 518 1273; x_wconf 85' lang='lat' dir='ltr'>quaecumque</span> <span class='ocrx_word' id='word_1_134' title='bbox 531 1241 538 1269; x_wconf 89' lang='grc'>;</span> <span class='ocrx_word' id='word_1_135' title='bbox 552 1241 680 1263; x_wconf 84' lang='lat' dir='ltr'>necnon</span> <span class='ocrx_word' id='word_1_136' title='bbox 694 1230 896 1273; x_wconf 74' lang='lat' dir='ltr'>magistrum,</span> <span class='ocrx_word' id='word_1_137' title='bbox 910 1231 1046 1274; x_wconf 77' lang='lat' dir='ltr'>priores,</span> 
     </span>
     <span class='ocr_line' id='line_1_33' title="bbox 292 1284 1047 1328; baseline 0.003 -12"><span class='ocrx_word' id='word_1_138' title='bbox 292 1290 531 1328; x_wconf 83' lang='lat' dir='ltr'>praeceptores,</span> <span class='ocrx_word' id='word_1_139' title='bbox 555 1284 672 1317; x_wconf 87' lang='lat' dir='ltr'>milites</span> <span class='ocrx_word' id='word_1_140' title='bbox 698 1289 728 1317; x_wconf 85' lang='lat' dir='ltr'>et</span> <span class='ocrx_word' id='word_1_141' title='bbox 748 1295 915 1328; x_wconf 84' lang='lat' dir='ltr'>personas,</span> <span class='ocrx_word' id='word_1_142' title='bbox 938 1296 974 1318; x_wconf 90' lang='lat' dir='ltr'>ac</span> <span class='ocrx_word' id='word_1_143' title='bbox 995 1295 1047 1318; x_wconf 89' lang='lat' dir='ltr'>eo—</span> 
     </span>
     <span class='ocr_line' id='line_1_34' title="bbox 290 1337 1048 1377; baseline 0.001 -8"><span class='ocrx_word' id='word_1_144' title='bbox 290 1347 364 1370; x_wconf 90' lang='lat' dir='ltr'>rum</span> <span class='ocrx_word' id='word_1_145' title='bbox 386 1337 543 1377; x_wconf 88' lang='lat' dir='ltr'>subditos,</span> <span class='ocrx_word' id='word_1_146' title='bbox 560 1337 724 1377; x_wconf 72' lang='lat' dir='ltr'>vassallos,</span> <span class='ocrx_word' id='word_1_147' title='bbox 745 1338 878 1370; x_wconf 85' lang='lat' dir='ltr'>colonos</span> <span class='ocrx_word' id='word_1_148' title='bbox 901 1343 931 1370; x_wconf 89' lang='lat' dir='ltr'>et</span> <span class='ocrx_word' id='word_1_149' title='bbox 951 1338 1048 1371; x_wconf 80' lang='lat' dir='ltr'>servi-</span> 
     </span>
     <span class='ocr_line' id='line_1_35' title="bbox 292 1391 1045 1434; baseline 0.001 -11"><span class='ocrx_word' id='word_1_150' title='bbox 292 1396 389 1431; x_wconf 86' lang='lat' dir='ltr'>tores,</span> <span class='ocrx_word' id='word_1_151' title='bbox 412 1401 500 1423; x_wconf 90' lang='lat' dir='ltr'>nunc</span> <span class='ocrx_word' id='word_1_152' title='bbox 535 1396 563 1423; x_wconf 84' lang='lat' dir='ltr'>et</span> <span class='ocrx_word' id='word_1_153' title='bbox 590 1401 649 1434; x_wconf 91' lang='lat' dir='ltr'>pro</span> <span class='ocrx_word' id='word_1_154' title='bbox 679 1397 829 1434; x_wconf 85' lang='lat' dir='ltr'>tempore</span> <span class='ocrx_word' id='word_1_155' title='bbox 850 1391 1045 1430; x_wconf 80' lang='lat' dir='ltr'>existentes,</span> 
     </span>
     <span class='ocr_line' id='line_1_36' title="bbox 292 1444 1048 1487; baseline 0 -10"><span class='ocrx_word' id='word_1_156' title='bbox 292 1444 387 1477; x_wconf 87' lang='lat' dir='ltr'>etiam</span> <span class='ocrx_word' id='word_1_157' title='bbox 410 1444 612 1487; x_wconf 58' lang='lat' dir='ltr'>presbyteros</span> <span class='ocrx_word' id='word_1_158' title='bbox 630 1455 740 1476; x_wconf 86' lang='lat' dir='ltr'>curam</span> <span class='ocrx_word' id='word_1_159' title='bbox 759 1444 942 1477; x_wconf 86' lang='lat' dir='ltr'>animarum</span> <span class='ocrx_word' id='word_1_160' title='bbox 961 1456 1048 1478; x_wconf 83' lang='lat' dir='ltr'>exer-</span> 
     </span>
     <span class='ocr_line' id='line_1_37' title="bbox 292 1497 1049 1541; baseline 0 -11"><span class='ocrx_word' id='word_1_161' title='bbox 292 1503 411 1538; x_wconf 81' lang='lat' dir='ltr'>centes,</span> <span class='ocrx_word' id='word_1_162' title='bbox 429 1497 683 1541; x_wconf 83' lang='lat' dir='ltr'>qnamdinillam</span> <span class='ocrx_word' id='word_1_163' title='bbox 698 1498 899 1530; x_wconf 75' lang='lat' dir='ltr'>exercuerint</span> <span class='ocrx_word' id='word_1_164' title='bbox 921 1505 949 1531; x_wconf 86' lang='lat' dir='ltr'>et</span> <span class='ocrx_word' id='word_1_165' title='bbox 963 1499 993 1531; x_wconf 94' lang='lat' dir='ltr'>in</span> <span class='ocrx_word' id='word_1_166' title='bbox 1015 1499 1049 1530; x_wconf 91' lang='lat' dir='ltr'>il-</span> 
     </span>
     <span class='ocr_line' id='line_1_38' title="bbox 292 1550 1045 1594; baseline 0.004 -12"><span class='ocrx_word' id='word_1_167' title='bbox 292 1551 398 1583; x_wconf 85' lang='lat' dir='ltr'>lorum</span> <span class='ocrx_word' id='word_1_168' title='bbox 421 1550 586 1594; x_wconf 84' lang='lat' dir='ltr'>obsequiis</span> <span class='ocrx_word' id='word_1_169' title='bbox 608 1551 746 1591; x_wconf 75' lang='lat' dir='ltr'>suerint,</span> <span class='ocrx_word' id='word_1_170' title='bbox 775 1562 810 1584; x_wconf 86' lang='lat' dir='ltr'>ac</span> <span class='ocrx_word' id='word_1_171' title='bbox 832 1551 962 1584; x_wconf 88' lang='lat' dir='ltr'>illorum</span> <span class='ocrx_word' id='word_1_172' title='bbox 984 1563 1045 1590; x_wconf 80' lang='lat' dir='ltr'>res,</span> 
     </span>
     <span class='ocr_line' id='line_1_39' title="bbox 293 1604 1046 1647; baseline 0.004 -11"><span class='ocrx_word' id='word_1_173' title='bbox 293 1604 457 1643; x_wconf 88' lang='lat' dir='ltr'>animalia,</span> <span class='ocrx_word' id='word_1_174' title='bbox 480 1604 625 1647; x_wconf 86' lang='lat' dir='ltr'>praedia,</span> <span class='ocrx_word' id='word_1_175' title='bbox 654 1604 778 1641; x_wconf 74' lang='lat' dir='ltr'>domos,</span> <span class='ocrx_word' id='word_1_176' title='bbox 814 1606 999 1638; x_wconf 79' lang='lat' dir='ltr'>molendina</span> <span class='ocrx_word' id='word_1_177' title='bbox 1020 1612 1046 1639; x_wconf 81' lang='lat' dir='ltr'>et</span> 
     </span>
     <span class='ocr_line' id='line_1_40' title="bbox 292 1658 1048 1702; baseline 0.001 -12"><span class='ocrx_word' id='word_1_178' title='bbox 292 1658 377 1691; x_wconf 82' lang='lat' dir='ltr'>bona</span> <span class='ocrx_word' id='word_1_179' title='bbox 397 1669 636 1701; x_wconf 84' lang='lat' dir='ltr'>quaecumque,</span> <span class='ocrx_word' id='word_1_180' title='bbox 659 1669 742 1701; x_wconf 83' lang='lat' dir='ltr'>quae</span> <span class='ocrx_word' id='word_1_181' title='bbox 763 1658 907 1691; x_wconf 80' lang='lat' dir='ltr'>obtinent</span> <span class='ocrx_word' id='word_1_182' title='bbox 929 1664 957 1691; x_wconf 84' lang='lat' dir='ltr'>et</span> <span class='ocrx_word' id='word_1_183' title='bbox 975 1671 1048 1702; x_wconf 71' lang='lat' dir='ltr'>pos-</span> 
     </span>
     <span class='ocr_line' id='line_1_41' title="bbox 293 1711 1048 1751; baseline 0 -7"><span class='ocrx_word' id='word_1_184' title='bbox 293 1711 408 1751; x_wconf 86' lang='lat' dir='ltr'>sident,</span> <span class='ocrx_word' id='word_1_185' title='bbox 431 1723 468 1744; x_wconf 88' lang='lat' dir='ltr'>ac</span> <span class='ocrx_word' id='word_1_186' title='bbox 502 1711 534 1744; x_wconf 93' lang='lat' dir='ltr'>in</span> <span class='ocrx_word' id='word_1_187' title='bbox 568 1712 714 1744; x_wconf 86' lang='lat' dir='ltr'>futurum</span> <span class='ocrx_word' id='word_1_188' title='bbox 737 1711 891 1744; x_wconf 84' lang='lat' dir='ltr'>canonice</span> <span class='ocrx_word' id='word_1_189' title='bbox 922 1712 1048 1745; x_wconf 67' lang='lat' dir='ltr'>obtine-</span> 
     </span>
     <span class='ocr_line' id='line_1_42' title="bbox 292 1765 1047 1808; baseline 0.003 -11"><span class='ocrx_word' id='word_1_190' title='bbox 292 1765 374 1797; x_wconf 84' lang='lat' dir='ltr'>lmnt</span> <span class='ocrx_word' id='word_1_191' title='bbox 408 1771 435 1798; x_wconf 89' lang='lat' dir='ltr'>et</span> <span class='ocrx_word' id='word_1_192' title='bbox 472 1765 694 1808; x_wconf 66' lang='lat' dir='ltr'>possidebunt„</span> <span class='ocrx_word' id='word_1_193' title='bbox 718 1765 777 1798; x_wconf 81' lang='lat' dir='ltr'>sul]</span> <span class='ocrx_word' id='word_1_194' title='bbox 798 1765 882 1798; x_wconf 82' lang='lat' dir='ltr'>beati</span> <span class='ocrx_word' id='word_1_195' title='bbox 904 1766 986 1798; x_wconf 83' lang='lat' dir='ltr'>Petri</span> <span class='ocrx_word' id='word_1_196' title='bbox 1021 1772 1047 1799; x_wconf 89' lang='lat' dir='ltr'>et</span> 
     </span>
     <span class='ocr_line' id='line_1_43' title="bbox 294 1818 1048 1862; baseline 0.001 -11"><span class='ocrx_word' id='word_1_197' title='bbox 294 1819 397 1852; x_wconf 87' lang='lat' dir='ltr'>dictae</span> <span class='ocrx_word' id='word_1_198' title='bbox 419 1818 508 1852; x_wconf 81' lang='lat' dir='ltr'>Sedis</span> <span class='ocrx_word' id='word_1_199' title='bbox 529 1825 625 1862; x_wconf 79' lang='lat' dir='ltr'>atque</span> <span class='ocrx_word' id='word_1_200' title='bbox 650 1824 758 1851; x_wconf 78' lang='lat' dir='ltr'>nostra</span> <span class='ocrx_word' id='word_1_201' title='bbox 776 1819 976 1862; x_wconf 83' lang='lat' dir='ltr'>protectione</span> <span class='ocrx_word' id='word_1_202' title='bbox 995 1831 1048 1852; x_wconf 83' lang='lat' dir='ltr'>sn-</span> 
     </span>
     <span class='ocr_line' id='line_1_44' title="bbox 295 1871 460 1915; baseline -0.006 -11"><span class='ocrx_word' id='word_1_203' title='bbox 295 1871 460 1915; x_wconf 58' lang='lat' dir='ltr'>scipimns</span> 
     </span>
    </p>

    <p class='ocr_par' dir='ltr' id='par_1_7' title="bbox 296 1924 1053 2640">
     <span class='ocr_line' id='line_1_45' title="bbox 340 1924 1051 1967; baseline 0.003 -11"><span class='ocrx_word' id='word_1_204' title='bbox 340 1925 354 1967; x_wconf 68' lang='grc' dir='ltr'><strong>ξ</strong></span> <span class='ocrx_word' id='word_1_205' title='bbox 374 1924 426 1956; x_wconf 76' lang='lat'>51.</span> <span class='ocrx_word' id='word_1_206' title='bbox 451 1925 492 1956; x_wconf 67' lang='lat' dir='ltr'>Ae</span> <span class='ocrx_word' id='word_1_207' title='bbox 513 1925 553 1956; x_wconf 86' lang='lat' dir='ltr'>al)</span> <span class='ocrx_word' id='word_1_208' title='bbox 574 1924 661 1957; x_wconf 74' lang='lat' dir='ltr'>(unni</span> <span class='ocrx_word' id='word_1_209' title='bbox 687 1924 921 1961; x_wconf 62' lang='lat' dir='ltr'>iurisdictione,</span> <span class='ocrx_word' id='word_1_210' title='bbox 945 1937 1051 1958; x_wconf 73' lang='lat' dir='ltr'>corre-</span> 
     </span>
     <span class='ocr_line' id='line_1_46' title="bbox 296 1978 1048 2018; baseline -0.003 -8"><span class='ocrx_word' id='word_1_211' title='bbox 296 1978 414 2018; x_wconf 82' lang='lat' dir='ltr'>ctione,</span> <span class='ocrx_word' id='word_1_212' title='bbox 439 1988 548 2016; x_wconf 79' lang='lat' dir='ltr'>onere,</span> <span class='ocrx_word' id='word_1_213' title='bbox 571 1978 708 2017; x_wconf 82' lang='lat' dir='ltr'>statutis,</span> <span class='ocrx_word' id='word_1_214' title='bbox 730 1978 857 2016; x_wconf 74' lang='lat' dir='ltr'>bannis,</span> <span class='ocrx_word' id='word_1_215' title='bbox 894 1978 1048 2018; x_wconf 66' lang='lat' dir='ltr'>dominio,</span> 
     </span>
     <span class='ocr_line' id='line_1_47' title="bbox 297 2031 1051 2075; baseline 0.001 -11"><span class='ocrx_word' id='word_1_216' title='bbox 297 2031 523 2074; x_wconf 86' lang='lat' dir='ltr'>superioritate</span> <span class='ocrx_word' id='word_1_217' title='bbox 545 2037 572 2064; x_wconf 90' lang='lat' dir='ltr'>et</span> <span class='ocrx_word' id='word_1_218' title='bbox 595 2036 749 2074; x_wconf 76' lang='lat' dir='ltr'>potestate</span> <span class='ocrx_word' id='word_1_219' title='bbox 766 2043 1051 2075; x_wconf 78' lang='lat' dir='ltr'>quorumeumque</span> 
     </span>
     <span class='ocr_line' id='line_1_48' title="bbox 298 2083 1050 2129; baseline 0.001 -13"><span class='ocrx_word' id='word_1_220' title='bbox 298 2083 569 2128; x_wconf 85' lang='lat' dir='ltr'>patriarcharum,</span> <span class='ocrx_word' id='word_1_221' title='bbox 600 2084 920 2128; x_wconf 66' lang='lat' dir='ltr'>archiepiscoppmm</span> <span class='ocrx_word' id='word_1_222' title='bbox 943 2112 950 2125; x_wconf 94' lang='lat'>,</span> <span class='ocrx_word' id='word_1_223' title='bbox 983 2086 1050 2129; x_wconf 83' lang='lat' dir='ltr'>epi-</span> 
     </span>
     <span class='ocr_line' id='line_1_49' title="bbox 298 2137 1052 2181; baseline 0.001 -11"><span class='ocrx_word' id='word_1_224' title='bbox 298 2148 486 2180; x_wconf 83' lang='lat' dir='ltr'>scoporum,</span> <span class='ocrx_word' id='word_1_225' title='bbox 505 2137 736 2179; x_wconf 74' lang='lat' dir='ltr'>praelatorum,</span> <span class='ocrx_word' id='word_1_226' title='bbox 750 2148 875 2171; x_wconf 80' lang='lat' dir='ltr'>necnon</span> <span class='ocrx_word' id='word_1_227' title='bbox 897 2149 1052 2181; x_wconf 84' lang='lat' dir='ltr'>quorum-</span> 
     </span>
     <span class='ocr_line' id='line_1_50' title="bbox 299 2190 1052 2234; baseline 0.001 -11"><span class='ocrx_word' id='word_1_228' title='bbox 299 2202 440 2234; x_wconf 84' lang='lat' dir='ltr'>cumque</span> <span class='ocrx_word' id='word_1_229' title='bbox 454 2190 680 2234; x_wconf 83' lang='lat' dir='ltr'>temporalium</span> <span class='ocrx_word' id='word_1_230' title='bbox 698 2191 918 2231; x_wconf 81' lang='lat' dir='ltr'>dominorum,</span> <span class='ocrx_word' id='word_1_231' title='bbox 942 2192 1052 2234; x_wconf 71' lang='lat' dir='ltr'>quavis</span> 
     </span>
     <span class='ocr_line' id='line_1_51' title="bbox 299 2244 1051 2288; baseline 0.004 -13"><span class='ocrx_word' id='word_1_232' title='bbox 299 2249 467 2288; x_wconf 81' lang='lat' dir='ltr'>potestate,</span> <span class='ocrx_word' id='word_1_233' title='bbox 490 2244 584 2277; x_wconf 81' lang='lat' dir='ltr'>ctiam</span> <span class='ocrx_word' id='word_1_234' title='bbox 607 2244 785 2288; x_wconf 83' lang='lat' dir='ltr'>imperiali,</span> <span class='ocrx_word' id='word_1_235' title='bbox 814 2245 914 2287; x_wconf 72' lang='lat' dir='ltr'>regali</span> <span class='ocrx_word' id='word_1_236' title='bbox 941 2250 969 2277; x_wconf 89' lang='lat' dir='ltr'>et</span> <span class='ocrx_word' id='word_1_237' title='bbox 995 2246 1051 2278; x_wconf 89' lang='lat' dir='ltr'>dn-</span> 
     </span>
     <span class='ocr_line' id='line_1_52' title="bbox 298 2298 1051 2341; baseline 0.001 -11"><span class='ocrx_word' id='word_1_238' title='bbox 298 2298 372 2339; x_wconf 85' lang='lat' dir='ltr'>cali,</span> <span class='ocrx_word' id='word_1_239' title='bbox 395 2298 601 2341; x_wconf 77' lang='lat' dir='ltr'>fulgentium,</span> <span class='ocrx_word' id='word_1_240' title='bbox 633 2308 669 2330; x_wconf 83' lang='lat' dir='ltr'>ac</span> <span class='ocrx_word' id='word_1_241' title='bbox 690 2298 934 2331; x_wconf 63' lang='lat' dir='ltr'>universitatum</span> <span class='ocrx_word' id='word_1_242' title='bbox 963 2304 990 2331; x_wconf 85' lang='lat' dir='ltr'>et</span> <span class='ocrx_word' id='word_1_243' title='bbox 1012 2299 1051 2331; x_wconf 93' lang='lat' dir='ltr'>il-</span> 
     </span>
     <span class='ocr_line' id='line_1_53' title="bbox 298 2352 1050 2396; baseline 0.001 -12"><span class='ocrx_word' id='word_1_244' title='bbox 298 2352 404 2384; x_wconf 80' lang='lat' dir='ltr'>larum</span> <span class='ocrx_word' id='word_1_245' title='bbox 440 2352 643 2393; x_wconf 70' lang='lat' dir='ltr'>regentium,</span> <span class='ocrx_word' id='word_1_246' title='bbox 681 2352 774 2384; x_wconf 86' lang='lat' dir='ltr'>etiam</span> <span class='ocrx_word' id='word_1_247' title='bbox 797 2352 1050 2396; x_wconf 82' lang='lat' dir='ltr'>(praeterquam</span> 
     </span>
     <span class='ocr_line' id='line_1_54' title="bbox 298 2400 1052 2444; baseline 0.001 -12"><span class='ocrx_word' id='word_1_248' title='bbox 298 2400 374 2433; x_wconf 87' lang='lat' dir='ltr'>dicti</span> <span class='ocrx_word' id='word_1_249' title='bbox 395 2400 576 2444; x_wconf 86' lang='lat' dir='ltr'>hospitalis)</span> <span class='ocrx_word' id='word_1_250' title='bbox 597 2400 851 2441; x_wconf 84' lang='lat' dir='ltr'>ordinariorum,</span> <span class='ocrx_word' id='word_1_251' title='bbox 874 2406 939 2433; x_wconf 90' lang='lat' dir='ltr'>tam</span> <span class='ocrx_word' id='word_1_252' title='bbox 960 2401 1052 2444; x_wconf 85' lang='lat' dir='ltr'>spiri-</span> 
     </span>
     <span class='ocr_line' id='line_1_55' title="bbox 300 2448 1050 2493; baseline 0.001 -12"><span class='ocrx_word' id='word_1_253' title='bbox 300 2449 437 2482; x_wconf 90' lang='lat' dir='ltr'>tualium</span> <span class='ocrx_word' id='word_1_254' title='bbox 458 2460 556 2492; x_wconf 86' lang='lat' dir='ltr'>quam</span> <span class='ocrx_word' id='word_1_255' title='bbox 579 2448 819 2492; x_wconf 85' lang='lat' dir='ltr'>temporalium,</span> <span class='ocrx_word' id='word_1_256' title='bbox 838 2449 1050 2493; x_wconf 81' lang='lat' dir='ltr'>ubicumque,</span> 
     </span>
     <span class='ocr_line' id='line_1_56' title="bbox 299 2498 1053 2541; baseline 0.001 -11"><span class='ocrx_word' id='word_1_257' title='bbox 299 2504 363 2530; x_wconf 85' lang='lat' dir='ltr'>tam</span> <span class='ocrx_word' id='word_1_258' title='bbox 377 2499 563 2541; x_wconf 78' lang='lat' dir='ltr'>citraquam</span> <span class='ocrx_word' id='word_1_259' title='bbox 578 2498 661 2530; x_wconf 87' lang='lat' dir='ltr'>ultra</span> <span class='ocrx_word' id='word_1_260' title='bbox 678 2504 802 2530; x_wconf 85' lang='lat' dir='ltr'>montes</span> <span class='ocrx_word' id='word_1_261' title='bbox 814 2504 842 2530; x_wconf 86' lang='lat' dir='ltr'>et</span> <span class='ocrx_word' id='word_1_262' title='bbox 860 2509 960 2538; x_wconf 82' lang='lat' dir='ltr'>mare,</span> <span class='ocrx_word' id='word_1_263' title='bbox 979 2509 1053 2531; x_wconf 80' lang='lat' dir='ltr'>con-</span> 
     </span>
     <span class='ocr_line' id='line_1_57' title="bbox 300 2545 1052 2589; baseline 0 -9"><span class='ocrx_word' id='word_1_264' title='bbox 300 2547 498 2588; x_wconf 86' lang='lat' dir='ltr'>stitutorum,</span> <span class='ocrx_word' id='word_1_265' title='bbox 532 2546 768 2589; x_wconf 84' lang='lat' dir='ltr'>cuiuscumque</span> <span class='ocrx_word' id='word_1_266' title='bbox 797 2545 970 2589; x_wconf 74' lang='lat' dir='ltr'>dignitatis,</span> <span class='ocrx_word' id='word_1_267' title='bbox 993 2553 1052 2580; x_wconf 87' lang='lat' dir='ltr'>sta-</span> 
     </span>
     <span class='ocr_line' id='line_1_58' title="bbox 298 2595 1052 2640; baseline 0 -11"><span class='ocrx_word' id='word_1_268' title='bbox 298 2601 362 2638; x_wconf 81' lang='lat' dir='ltr'>tuS,</span> <span class='ocrx_word' id='word_1_269' title='bbox 384 2596 516 2640; x_wconf 82' lang='lat' dir='ltr'>gradus,</span> <span class='ocrx_word' id='word_1_270' title='bbox 548 2595 671 2629; x_wconf 84' lang='lat' dir='ltr'>ordinis</span> <span class='ocrx_word' id='word_1_271' title='bbox 705 2601 735 2628; x_wconf 93' lang='lat' dir='ltr'>et</span> <span class='ocrx_word' id='word_1_272' title='bbox 769 2595 962 2629; x_wconf 88' lang='lat' dir='ltr'>conditionis</span> <span class='ocrx_word' id='word_1_273' title='bbox 987 2596 1052 2630; x_wconf 86' lang='lat' dir='ltr'>exi-</span> 
     </span>
    </p>
   </div>
   <div class='ocr_carea' id='block_1_6' title="bbox 1064 279 1077 2620">
    <p class='ocr_par' dir='ltr' id='par_1_8' title="bbox 1064 279 1077 2620">
     <span class='ocr_line' id='line_1_59' title="bbox 1064 279 1077 2620; baseline 0 0"><span class='ocrx_word' id='word_1_274' title='bbox 1064 279 1077 2620; x_wconf 95' lang='lat' dir='ltr'> </span> 
     </span>
    </p>
   </div>
   <div class='ocr_carea' id='block_1_7' title="bbox 1086 211 1850 2644">
    <p class='ocr_par' dir='ltr' id='par_1_9' title="bbox 1086 211 1850 2644">
     <span class='ocr_line' id='line_1_60' title="bbox 1731 211 1794 246; baseline 0 0"><span class='ocrx_word' id='word_1_275' title='bbox 1731 211 1794 246; x_wconf 73' lang='lat'>347</span> 
     </span>
     <span class='ocr_line' id='line_1_61' title="bbox 1086 273 1840 316; baseline 0.003 -10"><span class='ocrx_word' id='word_1_276' title='bbox 1086 273 1250 315; x_wconf 89' lang='lat' dir='ltr'>stentium,</span> <span class='ocrx_word' id='word_1_277' title='bbox 1274 273 1470 316; x_wconf 87' lang='lat' dir='ltr'>illorumque</span> <span class='ocrx_word' id='word_1_278' title='bbox 1492 273 1687 307; x_wconf 80' lang='lat' dir='ltr'>vicariorum</span> <span class='ocrx_word' id='word_1_279' title='bbox 1714 280 1744 308; x_wconf 88' lang='lat' dir='ltr'>et</span> <span class='ocrx_word' id='word_1_280' title='bbox 1773 276 1840 308; x_wconf 83' lang='lat' dir='ltr'>ossi-</span> 
     </span>
     <span class='ocr_line' id='line_1_62' title="bbox 1087 327 1840 367; baseline 0.004 -8"><span class='ocrx_word' id='word_1_281' title='bbox 1087 327 1230 367; x_wconf 89' lang='lat' dir='ltr'>cialium,</span> <span class='ocrx_word' id='word_1_282' title='bbox 1250 327 1505 360; x_wconf 89' lang='lat' dir='ltr'>locatenentium</span> <span class='ocrx_word' id='word_1_283' title='bbox 1522 333 1553 361; x_wconf 89' lang='lat' dir='ltr'>et</span> <span class='ocrx_word' id='word_1_284' title='bbox 1573 328 1718 361; x_wconf 90' lang='lat' dir='ltr'>iudicum</span> <span class='ocrx_word' id='word_1_285' title='bbox 1752 339 1840 362; x_wconf 90' lang='lat' dir='ltr'>nunc</span> 
     </span>
     <span class='ocr_line' id='line_1_63' title="bbox 1086 381 1837 424; baseline 0.004 -12"><span class='ocrx_word' id='word_1_286' title='bbox 1086 385 1116 413; x_wconf 87' lang='lat' dir='ltr'>et</span> <span class='ocrx_word' id='word_1_287' title='bbox 1137 391 1196 424; x_wconf 89' lang='lat' dir='ltr'>pro</span> <span class='ocrx_word' id='word_1_288' title='bbox 1218 386 1362 423; x_wconf 88' lang='lat' dir='ltr'>tempore</span> <span class='ocrx_word' id='word_1_289' title='bbox 1383 381 1586 414; x_wconf 87' lang='lat' dir='ltr'>existentium</span> <span class='ocrx_word' id='word_1_290' title='bbox 1603 382 1837 424; x_wconf 85' lang='lat' dir='ltr'>quorumlibet.</span> 
     </span>
     <span class='ocr_line' id='line_1_64' title="bbox 1131 433 1840 476; baseline 0.004 -11"><span class='ocrx_word' id='word_1_291' title='bbox 1131 433 1145 476; x_wconf 64' lang='grc' dir='ltr'><strong>ἓ</strong></span> <span class='ocrx_word' id='word_1_292' title='bbox 1166 433 1218 466; x_wconf 66' lang='grc'>52.</span> <span class='ocrx_word' id='word_1_293' title='bbox 1252 433 1383 467; x_wconf 73' lang='lat' dir='ltr'>Necnon</span> <span class='ocrx_word' id='word_1_294' title='bbox 1411 445 1427 466; x_wconf 90' lang='lat' dir='ltr'>a</span> <span class='ocrx_word' id='word_1_295' title='bbox 1445 434 1605 468; x_wconf 88' lang='lat' dir='ltr'>solutione</span> <span class='ocrx_word' id='word_1_296' title='bbox 1627 440 1654 468; x_wconf 88' lang='lat' dir='ltr'>et</span> <span class='ocrx_word' id='word_1_297' title='bbox 1677 435 1840 469; x_wconf 85' lang='lat' dir='ltr'>exactione</span> 
     </span>
     <span class='ocr_line' id='line_1_65' title="bbox 1088 487 1840 531; baseline 0.005 -13"><span class='ocrx_word' id='word_1_298' title='bbox 1088 487 1236 530; x_wconf 71' lang='lat' dir='ltr'>passagii,</span> <span class='ocrx_word' id='word_1_299' title='bbox 1259 488 1424 530; x_wconf 80' lang='lat' dir='ltr'>arreragii,</span> <span class='ocrx_word' id='word_1_300' title='bbox 1455 488 1611 531; x_wconf 75' lang='lat' dir='ltr'>gabellae,</span> <span class='ocrx_word' id='word_1_301' title='bbox 1643 488 1745 529; x_wconf 87' lang='lat' dir='ltr'>datii,</span> <span class='ocrx_word' id='word_1_302' title='bbox 1775 495 1840 522; x_wconf 88' lang='lat' dir='ltr'>tra-</span> 
     </span>
     <span class='ocr_line' id='line_1_66' title="bbox 1087 541 1842 585; baseline 0.004 -13"><span class='ocrx_word' id='word_1_303' title='bbox 1087 545 1166 580; x_wconf 88' lang='lat' dir='ltr'>ctae,</span> <span class='ocrx_word' id='word_1_304' title='bbox 1205 541 1371 582; x_wconf 81' lang='lat' dir='ltr'>collectae,</span> <span class='ocrx_word' id='word_1_305' title='bbox 1407 542 1646 585; x_wconf 85' lang='lat' dir='ltr'>procurationis</span> <span class='ocrx_word' id='word_1_306' title='bbox 1664 569 1671 583; x_wconf 91' lang='lat'>,</span> <span class='ocrx_word' id='word_1_307' title='bbox 1707 543 1842 576; x_wconf 90' lang='lat' dir='ltr'>iucundi</span> 
     </span>
     <span class='ocr_line' id='line_1_67' title="bbox 1087 593 1842 641; baseline 0.005 -16"><span class='ocrx_word' id='word_1_308' title='bbox 1087 593 1252 634; x_wconf 78' lang='lat' dir='ltr'>adrentus,</span> <span class='ocrx_word' id='word_1_309' title='bbox 1276 594 1410 641; x_wconf 76' lang='lat' dir='ltr'>iurium,</span> <span class='ocrx_word' id='word_1_310' title='bbox 1425 595 1521 628; x_wconf 87' lang='lat' dir='ltr'>etiam</span> <span class='ocrx_word' id='word_1_311' title='bbox 1535 595 1750 639; x_wconf 64' lang='lat' dir='ltr'>synodalium,</span> <span class='ocrx_word' id='word_1_312' title='bbox 1769 607 1842 630; x_wconf 89' lang='lat' dir='ltr'>cen-</span> 
     </span>
     <span class='ocr_line' id='line_1_68' title="bbox 1087 647 1840 690; baseline 0.005 -12"><span class='ocrx_word' id='word_1_313' title='bbox 1087 657 1183 678; x_wconf 86' lang='lat' dir='ltr'>suum</span> <span class='ocrx_word' id='word_1_314' title='bbox 1204 653 1234 679; x_wconf 90' lang='lat' dir='ltr'>et</span> <span class='ocrx_word' id='word_1_315' title='bbox 1269 647 1496 689; x_wconf 88' lang='lat' dir='ltr'>decimarum,</span> <span class='ocrx_word' id='word_1_316' title='bbox 1531 649 1628 681; x_wconf 88' lang='lat' dir='ltr'>etiam</span> <span class='ocrx_word' id='word_1_317' title='bbox 1662 649 1840 690; x_wconf 83' lang='lat' dir='ltr'>novalium,</span> 
     </span>
     <span class='ocr_line' id='line_1_69' title="bbox 1087 700 1844 746; baseline 0.007 -15"><span class='ocrx_word' id='word_1_318' title='bbox 1087 700 1270 741; x_wconf 90' lang='lat' dir='ltr'>hortorum,</span> <span class='ocrx_word' id='word_1_319' title='bbox 1293 707 1474 743; x_wconf 87' lang='lat' dir='ltr'>pratorum,</span> <span class='ocrx_word' id='word_1_320' title='bbox 1498 702 1713 746; x_wconf 85' lang='lat' dir='ltr'>piscationum</span> <span class='ocrx_word' id='word_1_321' title='bbox 1736 709 1766 736; x_wconf 92' lang='lat' dir='ltr'>et</span> <span class='ocrx_word' id='word_1_322' title='bbox 1778 714 1844 736; x_wconf 90' lang='lat' dir='ltr'>mo-</span> 
     </span>
     <span class='ocr_line' id='line_1_70' title="bbox 1087 753 1843 798; baseline 0.008 -14"><span class='ocrx_word' id='word_1_323' title='bbox 1087 753 1293 785; x_wconf 87' lang='lat' dir='ltr'>lendinorum</span> <span class='ocrx_word' id='word_1_324' title='bbox 1323 755 1375 796; x_wconf 86' lang='lat' dir='ltr'>(ad</span> <span class='ocrx_word' id='word_1_325' title='bbox 1410 766 1492 798; x_wconf 88' lang='lat' dir='ltr'>quae</span> <span class='ocrx_word' id='word_1_326' title='bbox 1527 756 1660 789; x_wconf 88' lang='lat' dir='ltr'>cuilibet</span> <span class='ocrx_word' id='word_1_327' title='bbox 1693 767 1843 790; x_wconf 85' lang='lat' dir='ltr'>accessus</span> 
     </span>
     <span class='ocr_line' id='line_1_71' title="bbox 1087 806 1841 854; baseline 0.005 -17"><span class='ocrx_word' id='word_1_328' title='bbox 1087 806 1285 846; x_wconf 81' lang='lat' dir='ltr'>nullatenus,</span> <span class='ocrx_word' id='word_1_329' title='bbox 1308 807 1428 841; x_wconf 91' lang='lat' dir='ltr'>directe</span> <span class='ocrx_word' id='word_1_330' title='bbox 1451 809 1499 841; x_wconf 74' lang='lat' dir='ltr'>vel</span> <span class='ocrx_word' id='word_1_331' title='bbox 1525 808 1698 850; x_wconf 86' lang='lat' dir='ltr'>indirecte,</span> <span class='ocrx_word' id='word_1_332' title='bbox 1729 809 1841 854; x_wconf 88' lang='lat' dir='ltr'>prohi-</span> 
     </span>
     <span class='ocr_line' id='line_1_72' title="bbox 1086 858 1842 906; baseline 0.008 -16"><span class='ocrx_word' id='word_1_333' title='bbox 1086 858 1156 891; x_wconf 89' lang='lat' dir='ltr'>beri</span> <span class='ocrx_word' id='word_1_334' title='bbox 1176 859 1325 902; x_wconf 87' lang='lat' dir='ltr'>possint)</span> <span class='ocrx_word' id='word_1_335' title='bbox 1346 866 1375 893; x_wconf 88' lang='lat' dir='ltr'>ct</span> <span class='ocrx_word' id='word_1_336' title='bbox 1409 866 1587 901; x_wconf 83' lang='lat' dir='ltr'>terrarum,</span> <span class='ocrx_word' id='word_1_337' title='bbox 1617 873 1697 906; x_wconf 79' lang='lat' dir='ltr'>quas</span> <span class='ocrx_word' id='word_1_338' title='bbox 1718 874 1777 906; x_wconf 86' lang='lat' dir='ltr'>per</span> <span class='ocrx_word' id='word_1_339' title='bbox 1809 874 1842 896; x_wconf 88' lang='lat' dir='ltr'>se</span> 
     </span>
     <span class='ocr_line' id='line_1_73' title="bbox 1087 911 1841 956; baseline 0.008 -13"><span class='ocrx_word' id='word_1_340' title='bbox 1087 911 1173 955; x_wconf 88' lang='lat' dir='ltr'>ipsos</span> <span class='ocrx_word' id='word_1_341' title='bbox 1193 913 1240 944; x_wconf 76' lang='lat' dir='ltr'>vel</span> <span class='ocrx_word' id='word_1_342' title='bbox 1261 912 1340 946; x_wconf 80' lang='lat' dir='ltr'>alios</span> <span class='ocrx_word' id='word_1_343' title='bbox 1361 924 1474 946; x_wconf 88' lang='lat' dir='ltr'>eorum</span> <span class='ocrx_word' id='word_1_344' title='bbox 1497 915 1684 948; x_wconf 86' lang='lat' dir='ltr'>nominibus</span> <span class='ocrx_word' id='word_1_345' title='bbox 1702 942 1709 956; x_wconf 92' lang='lat'>,</span> <span class='ocrx_word' id='word_1_346' title='bbox 1746 916 1841 949; x_wconf 90' lang='lat' dir='ltr'>etiam</span> 
     </span>
     <span class='ocr_line' id='line_1_74' title="bbox 1088 965 1840 1012; baseline 0.008 -16"><span class='ocrx_word' id='word_1_347' title='bbox 1088 965 1243 1005; x_wconf 86' lang='lat' dir='ltr'>colonos,</span> <span class='ocrx_word' id='word_1_348' title='bbox 1279 966 1517 999; x_wconf 86' lang='lat' dir='ltr'>arrendatarios</span> <span class='ocrx_word' id='word_1_349' title='bbox 1551 974 1581 1000; x_wconf 88' lang='lat' dir='ltr'>et</span> <span class='ocrx_word' id='word_1_350' title='bbox 1606 968 1840 1012; x_wconf 75' lang='lat' dir='ltr'>emphyteutas,</span> 
     </span>
     <span class='ocr_line' id='line_1_75' title="bbox 1088 1018 1841 1065; baseline 0.008 -16"><span class='ocrx_word' id='word_1_351' title='bbox 1088 1018 1244 1057; x_wconf 83' lang='lat' dir='ltr'>excolent,</span> <span class='ocrx_word' id='word_1_352' title='bbox 1262 1024 1293 1050; x_wconf 90' lang='lat' dir='ltr'>et</span> <span class='ocrx_word' id='word_1_353' title='bbox 1308 1019 1345 1051; x_wconf 90' lang='lat' dir='ltr'>de</span> <span class='ocrx_word' id='word_1_354' title='bbox 1367 1019 1485 1063; x_wconf 86' lang='lat' dir='ltr'>quibus</span> <span class='ocrx_word' id='word_1_355' title='bbox 1506 1021 1629 1054; x_wconf 86' lang='lat' dir='ltr'>fructus</span> <span class='ocrx_word' id='word_1_356' title='bbox 1650 1022 1841 1065; x_wconf 89' lang='lat' dir='ltr'>percipient,</span> 
     </span>
     <span class='ocr_line' id='line_1_76' title="bbox 1088 1071 1843 1117; baseline 0.007 -14"><span class='ocrx_word' id='word_1_357' title='bbox 1088 1076 1119 1104; x_wconf 90' lang='lat' dir='ltr'>et</span> <span class='ocrx_word' id='word_1_358' title='bbox 1138 1071 1278 1104; x_wconf 76' lang='lat' dir='ltr'>cuiusvis</span> <span class='ocrx_word' id='word_1_359' title='bbox 1294 1073 1427 1104; x_wconf 90' lang='lat' dir='ltr'>alterius</span> <span class='ocrx_word' id='word_1_360' title='bbox 1443 1073 1551 1106; x_wconf 85' lang='lat' dir='ltr'>oneris</span> <span class='ocrx_word' id='word_1_361' title='bbox 1566 1075 1756 1117; x_wconf 80' lang='lat' dir='ltr'>personalis,</span> <span class='ocrx_word' id='word_1_362' title='bbox 1775 1086 1843 1108; x_wconf 87' lang='lat' dir='ltr'>rea-</span> 
     </span>
     <span class='ocr_line' id='line_1_77' title="bbox 1088 1123 1843 1165; baseline 0.007 -10"><span class='ocrx_word' id='word_1_363' title='bbox 1088 1123 1126 1156; x_wconf 87' lang='lat' dir='ltr'>lis</span> <span class='ocrx_word' id='word_1_364' title='bbox 1153 1135 1208 1157; x_wconf 89' lang='lat' dir='ltr'>seu</span> <span class='ocrx_word' id='word_1_365' title='bbox 1239 1124 1341 1165; x_wconf 86' lang='lat' dir='ltr'>mixti,</span> <span class='ocrx_word' id='word_1_366' title='bbox 1365 1125 1520 1158; x_wconf 88' lang='lat' dir='ltr'>ordinarii</span> <span class='ocrx_word' id='word_1_367' title='bbox 1539 1127 1588 1159; x_wconf 73' lang='lat' dir='ltr'>vel</span> <span class='ocrx_word' id='word_1_368' title='bbox 1623 1127 1843 1160; x_wconf 83' lang='lat' dir='ltr'>extraordina-</span> 
     </span>
     <span class='ocr_line' id='line_1_78' title="bbox 1089 1176 1844 1223; baseline 0.007 -14"><span class='ocrx_word' id='word_1_369' title='bbox 1089 1176 1139 1218; x_wconf 91' lang='lat' dir='ltr'>rii,</span> <span class='ocrx_word' id='word_1_370' title='bbox 1162 1177 1362 1222; x_wconf 80' lang='lat' dir='ltr'>ubicumque</span> <span class='ocrx_word' id='word_1_371' title='bbox 1397 1184 1428 1212; x_wconf 88' lang='lat' dir='ltr'>et</span> <span class='ocrx_word' id='word_1_372' title='bbox 1448 1190 1485 1212; x_wconf 83' lang='lat' dir='ltr'>ex</span> <span class='ocrx_word' id='word_1_373' title='bbox 1510 1190 1717 1223; x_wconf 81' lang='lat' dir='ltr'>quacumque</span> <span class='ocrx_word' id='word_1_374' title='bbox 1748 1191 1844 1214; x_wconf 86' lang='lat' dir='ltr'>eausa</span> 
     </span>
     <span class='ocr_line' id='line_1_79' title="bbox 1089 1230 1844 1277; baseline 0.007 -15"><span class='ocrx_word' id='word_1_375' title='bbox 1089 1230 1232 1274; x_wconf 88' lang='lat' dir='ltr'>impositi</span> <span class='ocrx_word' id='word_1_376' title='bbox 1252 1232 1299 1263; x_wconf 79' lang='lat' dir='ltr'>vel</span> <span class='ocrx_word' id='word_1_377' title='bbox 1320 1232 1508 1275; x_wconf 85' lang='lat' dir='ltr'>imponendi</span> <span class='ocrx_word' id='word_1_378' title='bbox 1529 1244 1588 1277; x_wconf 91' lang='lat' dir='ltr'>pro</span> <span class='ocrx_word' id='word_1_379' title='bbox 1614 1238 1773 1277; x_wconf 88' lang='lat' dir='ltr'>tempore,</span> <span class='ocrx_word' id='word_1_380' title='bbox 1805 1234 1844 1266; x_wconf 91' lang='lat' dir='ltr'>li—</span> 
     </span>
     <span class='ocr_line' id='line_1_80' title="bbox 1089 1284 1844 1326; baseline 0.007 -11"><span class='ocrx_word' id='word_1_381' title='bbox 1089 1284 1241 1316; x_wconf 86' lang='lat' dir='ltr'>beramus</span> <span class='ocrx_word' id='word_1_382' title='bbox 1262 1289 1292 1317; x_wconf 90' lang='lat' dir='ltr'>et</span> <span class='ocrx_word' id='word_1_383' title='bbox 1312 1284 1493 1326; x_wconf 87' lang='lat' dir='ltr'>eximimus,</span> <span class='ocrx_word' id='word_1_384' title='bbox 1519 1297 1556 1318; x_wconf 86' lang='lat' dir='ltr'>ae</span> <span class='ocrx_word' id='word_1_385' title='bbox 1577 1286 1669 1319; x_wconf 89' lang='lat' dir='ltr'>nobis</span> <span class='ocrx_word' id='word_1_386' title='bbox 1690 1292 1718 1319; x_wconf 88' lang='lat' dir='ltr'>et</span> <span class='ocrx_word' id='word_1_387' title='bbox 1740 1287 1844 1321; x_wconf 87' lang='lat' dir='ltr'>dictae</span> 
     </span>
     <span class='ocr_line' id='line_1_81' title="bbox 1090 1337 1846 1383; baseline 0.007 -14"><span class='ocrx_word' id='word_1_388' title='bbox 1090 1337 1162 1370; x_wconf 87' lang='lat' dir='ltr'>Sedi</span> <span class='ocrx_word' id='word_1_389' title='bbox 1188 1338 1373 1371; x_wconf 81' lang='lat' dir='ltr'>immediate</span> <span class='ocrx_word' id='word_1_390' title='bbox 1403 1339 1603 1372; x_wconf 82' lang='lat' dir='ltr'>subiicimus.</span> <span class='ocrx_word' id='word_1_391' title='bbox 1641 1340 1781 1383; x_wconf 73' lang='lat' dir='ltr'>illosque</span> <span class='ocrx_word' id='word_1_392' title='bbox 1815 1347 1846 1374; x_wconf 89' lang='lat' dir='ltr'>et</span> 
     </span>
     <span class='ocr_line' id='line_1_82' title="bbox 1090 1389 1842 1436; baseline 0.005 -14"><span class='ocrx_word' id='word_1_393' title='bbox 1090 1389 1162 1429; x_wconf 91' lang='lat' dir='ltr'>illa,</span> <span class='ocrx_word' id='word_1_394' title='bbox 1200 1391 1294 1423; x_wconf 86' lang='lat' dir='ltr'>etiam</span> <span class='ocrx_word' id='word_1_395' title='bbox 1324 1391 1348 1423; x_wconf 86' lang='lat' dir='ltr'>si</span> <span class='ocrx_word' id='word_1_396' title='bbox 1371 1391 1402 1424; x_wconf 90' lang='lat' dir='ltr'>in</span> <span class='ocrx_word' id='word_1_397' title='bbox 1423 1392 1686 1436; x_wconf 79' lang='lat' dir='ltr'>quibuscumque</span> <span class='ocrx_word' id='word_1_398' title='bbox 1707 1394 1842 1435; x_wconf 81' lang='lat' dir='ltr'>statutis,</span> 
     </span>
     <span class='ocr_line' id='line_1_83' title="bbox 1090 1443 1844 1489; baseline 0.004 -13"><span class='ocrx_word' id='word_1_399' title='bbox 1090 1443 1203 1483; x_wconf 84' lang='lat' dir='ltr'>literis,</span> <span class='ocrx_word' id='word_1_400' title='bbox 1226 1444 1510 1478; x_wconf 85' lang='lat' dir='ltr'>constitutionibus</span> <span class='ocrx_word' id='word_1_401' title='bbox 1531 1451 1561 1478; x_wconf 88' lang='lat' dir='ltr'>et</span> <span class='ocrx_word' id='word_1_402' title='bbox 1582 1447 1712 1489; x_wconf 75' lang='lat' dir='ltr'>regulis,</span> <span class='ocrx_word' id='word_1_403' title='bbox 1749 1447 1844 1479; x_wconf 85' lang='lat' dir='ltr'>etiam</span> 
     </span>
     <span class='ocr_line' id='line_1_84' title="bbox 1092 1499 1845 1544; baseline 0.005 -15"><span class='ocrx_word' id='word_1_404' title='bbox 1092 1509 1149 1540; x_wconf 75' lang='lat' dir='ltr'>per</span> <span class='ocrx_word' id='word_1_405' title='bbox 1169 1509 1227 1530; x_wconf 88' lang='lat' dir='ltr'>nos</span> <span class='ocrx_word' id='word_1_406' title='bbox 1243 1503 1271 1530; x_wconf 91' lang='lat' dir='ltr'>et</span> <span class='ocrx_word' id='word_1_407' title='bbox 1294 1499 1408 1531; x_wconf 76' lang='lat' dir='ltr'>Sedem</span> <span class='ocrx_word' id='word_1_408' title='bbox 1426 1500 1601 1542; x_wconf 83' lang='lat' dir='ltr'>praefatam</span> <span class='ocrx_word' id='word_1_409' title='bbox 1619 1511 1678 1543; x_wconf 91' lang='lat' dir='ltr'>pro</span> <span class='ocrx_word' id='word_1_410' title='bbox 1700 1506 1845 1544; x_wconf 89' lang='lat' dir='ltr'>tempore</span> 
     </span>
     <span class='ocr_line' id='line_1_85' title="bbox 1091 1550 1845 1597; baseline 0.007 -15"><span class='ocrx_word' id='word_1_411' title='bbox 1091 1550 1196 1591; x_wconf 81' lang='lat' dir='ltr'>editis,</span> <span class='ocrx_word' id='word_1_412' title='bbox 1220 1552 1422 1591; x_wconf 88' lang='lat' dir='ltr'>nominatim,</span> <span class='ocrx_word' id='word_1_413' title='bbox 1443 1553 1625 1596; x_wconf 80' lang='lat' dir='ltr'>specialiter</span> <span class='ocrx_word' id='word_1_414' title='bbox 1645 1559 1673 1586; x_wconf 89' lang='lat' dir='ltr'>et</span> <span class='ocrx_word' id='word_1_415' title='bbox 1696 1564 1845 1597; x_wconf 83' lang='lat' dir='ltr'>expresse</span> 
     </span>
     <span class='ocr_line' id='line_1_86' title="bbox 1091 1607 1846 1650; baseline 0.005 -15"><span class='ocrx_word' id='word_1_416' title='bbox 1091 1609 1301 1646; x_wconf 70' lang='lat' dir='ltr'>gravarentur</span> <span class='ocrx_word' id='word_1_417' title='bbox 1321 1615 1377 1637; x_wconf 76' lang='lat' dir='ltr'>seu</span> <span class='ocrx_word' id='word_1_418' title='bbox 1398 1611 1624 1646; x_wconf 86' lang='lat' dir='ltr'>onerarentur,</span> <span class='ocrx_word' id='word_1_419' title='bbox 1645 1607 1846 1650; x_wconf 88' lang='lat' dir='ltr'>semperim-</span> 
     </span>
     <span class='ocr_line' id='line_1_87' title="bbox 1092 1658 1847 1705; baseline 0.007 -16"><span class='ocrx_word' id='word_1_420' title='bbox 1092 1668 1218 1697; x_wconf 74' lang='lat' dir='ltr'>munes,</span> <span class='ocrx_word' id='word_1_421' title='bbox 1242 1658 1361 1691; x_wconf 80' lang='lat' dir='ltr'>liberos</span> <span class='ocrx_word' id='word_1_422' title='bbox 1381 1664 1407 1691; x_wconf 88' lang='lat' dir='ltr'>et</span> <span class='ocrx_word' id='word_1_423' title='bbox 1439 1665 1603 1703; x_wconf 87' lang='lat' dir='ltr'>exemptos</span> <span class='ocrx_word' id='word_1_424' title='bbox 1632 1671 1669 1693; x_wconf 90' lang='lat' dir='ltr'>ae</span> <span class='ocrx_word' id='word_1_425' title='bbox 1697 1666 1847 1705; x_wconf 88' lang='lat' dir='ltr'>exceptos</span> 
     </span>
     <span class='ocr_line' id='line_1_88' title="bbox 1092 1711 1846 1747; baseline 0.007 -5"><span class='ocrx_word' id='word_1_426' title='bbox 1092 1716 1119 1743; x_wconf 82' lang='lat' dir='ltr'>et</span> <span class='ocrx_word' id='word_1_427' title='bbox 1142 1711 1234 1743; x_wconf 86' lang='lat' dir='ltr'>nobis</span> <span class='ocrx_word' id='word_1_428' title='bbox 1254 1722 1289 1743; x_wconf 86' lang='lat' dir='ltr'>ac</span> <span class='ocrx_word' id='word_1_429' title='bbox 1317 1713 1560 1745; x_wconf 79' lang='lat' dir='ltr'>successoribus</span> <span class='ocrx_word' id='word_1_430' title='bbox 1585 1714 1703 1746; x_wconf 87' lang='lat' dir='ltr'>nostris</span> <span class='ocrx_word' id='word_1_431' title='bbox 1732 1714 1846 1747; x_wconf 82' lang='lat' dir='ltr'>Roma-</span> 
     </span>
     <span class='ocr_line' id='line_1_89' title="bbox 1092 1763 1848 1807; baseline 0.008 -12"><span class='ocrx_word' id='word_1_432' title='bbox 1092 1763 1140 1796; x_wconf 80' lang='lat' dir='ltr'>nis</span> <span class='ocrx_word' id='word_1_433' title='bbox 1169 1764 1378 1797; x_wconf 83' lang='lat' dir='ltr'>Pontificibus</span> <span class='ocrx_word' id='word_1_434' title='bbox 1407 1765 1592 1799; x_wconf 87' lang='lat' dir='ltr'>immediate</span> <span class='ocrx_word' id='word_1_435' title='bbox 1614 1767 1787 1807; x_wconf 88' lang='lat' dir='ltr'>subiectos,</span> <span class='ocrx_word' id='word_1_436' title='bbox 1811 1779 1848 1800; x_wconf 86' lang='lat' dir='ltr'>ac</span> 
     </span>
     <span class='ocr_line' id='line_1_90' title="bbox 1093 1816 1847 1863; baseline 0.008 -15"><span class='ocrx_word' id='word_1_437' title='bbox 1093 1816 1262 1857; x_wconf 87' lang='lat' dir='ltr'>immunia,</span> <span class='ocrx_word' id='word_1_438' title='bbox 1286 1818 1398 1859; x_wconf 82' lang='lat' dir='ltr'>libera,</span> <span class='ocrx_word' id='word_1_439' title='bbox 1422 1826 1568 1863; x_wconf 86' lang='lat' dir='ltr'>exempta</span> <span class='ocrx_word' id='word_1_440' title='bbox 1579 1826 1607 1852; x_wconf 89' lang='lat' dir='ltr'>et</span> <span class='ocrx_word' id='word_1_441' title='bbox 1625 1821 1847 1854; x_wconf 79' lang='lat' dir='ltr'>subiectaesse</span> 
     </span>
     <span class='ocr_line' id='line_1_91' title="bbox 1093 1870 1847 1918; baseline 0.007 -16"><span class='ocrx_word' id='word_1_442' title='bbox 1093 1870 1309 1903; x_wconf 84' lang='lat' dir='ltr'>decernimus.</span> <span class='ocrx_word' id='word_1_443' title='bbox 1334 1872 1378 1904; x_wconf 84' lang='lat' dir='ltr'>lta</span> <span class='ocrx_word' id='word_1_444' title='bbox 1398 1872 1485 1915; x_wconf 85' lang='lat' dir='ltr'>quod</span> <span class='ocrx_word' id='word_1_445' title='bbox 1510 1873 1757 1917; x_wconf 80' lang='lat' dir='ltr'>archiepiscopi,</span> <span class='ocrx_word' id='word_1_446' title='bbox 1779 1875 1847 1918; x_wconf 88' lang='lat' dir='ltr'>epi-</span> 
     </span>
     <span class='ocr_line' id='line_1_92' title="bbox 1094 1924 1846 1967; baseline 0.008 -13"><span class='ocrx_word' id='word_1_447' title='bbox 1094 1924 1193 1967; x_wconf 86' lang='lat' dir='ltr'>scopi,</span> <span class='ocrx_word' id='word_1_448' title='bbox 1218 1925 1364 1967; x_wconf 85' lang='lat' dir='ltr'>praelati,</span> <span class='ocrx_word' id='word_1_449' title='bbox 1388 1926 1557 1963; x_wconf 75' lang='lat' dir='ltr'>ordinarii,</span> <span class='ocrx_word' id='word_1_450' title='bbox 1580 1927 1702 1967; x_wconf 71' lang='lat' dir='ltr'>vicarii,</span> <span class='ocrx_word' id='word_1_451' title='bbox 1726 1928 1846 1960; x_wconf 82' lang='lat' dir='ltr'>officia-</span> 
     </span>
     <span class='ocr_line' id='line_1_93' title="bbox 1094 1977 1847 2022; baseline 0.005 -13"><span class='ocrx_word' id='word_1_452' title='bbox 1094 1977 1149 2017; x_wconf 89' lang='lat' dir='ltr'>les,</span> <span class='ocrx_word' id='word_1_453' title='bbox 1169 1977 1387 2011; x_wconf 79' lang='lat' dir='ltr'>locatenentes</span> <span class='ocrx_word' id='word_1_454' title='bbox 1403 1985 1430 2011; x_wconf 89' lang='lat' dir='ltr'>et</span> <span class='ocrx_word' id='word_1_455' title='bbox 1450 1979 1729 2022; x_wconf 82' lang='lat' dir='ltr'>iudieesprael&#39;ati,</span> <span class='ocrx_word' id='word_1_456' title='bbox 1753 1981 1847 2013; x_wconf 83' lang='lat' dir='ltr'>etiam</span> 
     </span>
     <span class='ocr_line' id='line_1_94' title="bbox 1094 2030 1847 2067; baseline 0.008 -6"><span class='ocrx_word' id='word_1_457' title='bbox 1094 2030 1216 2063; x_wconf 88' lang='lat' dir='ltr'>ratione</span> <span class='ocrx_word' id='word_1_458' title='bbox 1237 2031 1343 2064; x_wconf 84' lang='lat' dir='ltr'>delicti</span> <span class='ocrx_word' id='word_1_459' title='bbox 1365 2032 1411 2065; x_wconf 75' lang='lat' dir='ltr'>vel</span> <span class='ocrx_word' id='word_1_460' title='bbox 1438 2038 1622 2065; x_wconf 82' lang='lat' dir='ltr'>contractus</span> <span class='ocrx_word' id='word_1_461' title='bbox 1650 2044 1705 2066; x_wconf 91' lang='lat' dir='ltr'>seu</span> <span class='ocrx_word' id='word_1_462' title='bbox 1733 2034 1778 2067; x_wconf 85' lang='lat' dir='ltr'>rei</span> <span class='ocrx_word' id='word_1_463' title='bbox 1809 2034 1847 2067; x_wconf 89' lang='lat' dir='ltr'>de</span> 
     </span>
     <span class='ocr_line' id='line_1_95' title="bbox 1094 2079 1849 2128; baseline 0.008 -14"><span class='ocrx_word' id='word_1_464' title='bbox 1094 2094 1156 2126; x_wconf 83' lang='lat' dir='ltr'>qna</span> <span class='ocrx_word' id='word_1_465' title='bbox 1177 2089 1301 2126; x_wconf 74' lang='lat' dir='ltr'>agetur,</span> <span class='ocrx_word' id='word_1_466' title='bbox 1335 2079 1534 2128; x_wconf 78' lang='lat' dir='ltr'>ubicumque</span> <span class='ocrx_word' id='word_1_467' title='bbox 1556 2086 1777 2119; x_wconf 82' lang='lat' dir='ltr'>committatur</span> <span class='ocrx_word' id='word_1_468' title='bbox 1797 2087 1849 2120; x_wconf 87' lang='lat' dir='ltr'>de-</span> 
     </span>
     <span class='ocr_line' id='line_1_96' title="bbox 1095 2136 1849 2184; baseline 0.007 -16"><span class='ocrx_word' id='word_1_469' title='bbox 1095 2136 1218 2177; x_wconf 84' lang='lat' dir='ltr'>lictum,</span> <span class='ocrx_word' id='word_1_470' title='bbox 1242 2137 1369 2171; x_wconf 89' lang='lat' dir='ltr'>ineatur</span> <span class='ocrx_word' id='word_1_471' title='bbox 1402 2144 1587 2172; x_wconf 85' lang='lat' dir='ltr'>contractus</span> <span class='ocrx_word' id='word_1_472' title='bbox 1615 2144 1670 2171; x_wconf 83' lang='lat' dir='ltr'>aut</span> <span class='ocrx_word' id='word_1_473' title='bbox 1696 2151 1748 2172; x_wconf 90' lang='lat' dir='ltr'>res</span> <span class='ocrx_word' id='word_1_474' title='bbox 1781 2140 1849 2184; x_wconf 88' lang='lat' dir='ltr'>ipsa</span> 
     </span>
     <span class='ocr_line' id='line_1_97' title="bbox 1094 2190 1850 2232; baseline 0.007 -10"><span class='ocrx_word' id='word_1_475' title='bbox 1094 2190 1258 2232; x_wconf 73' lang='lat' dir='ltr'>consistat,</span> <span class='ocrx_word' id='word_1_476' title='bbox 1295 2193 1418 2224; x_wconf 87' lang='lat' dir='ltr'>nullam</span> <span class='ocrx_word' id='word_1_477' title='bbox 1449 2193 1480 2224; x_wconf 95' lang='lat' dir='ltr'>in</span> <span class='ocrx_word' id='word_1_478' title='bbox 1506 2204 1560 2225; x_wconf 84' lang='lat' dir='ltr'>eos</span> <span class='ocrx_word' id='word_1_479' title='bbox 1589 2194 1636 2226; x_wconf 76' lang='lat' dir='ltr'>vel</span> <span class='ocrx_word' id='word_1_480' title='bbox 1658 2204 1694 2226; x_wconf 86' lang='lat' dir='ltr'>ea</span> <span class='ocrx_word' id='word_1_481' title='bbox 1722 2193 1850 2227; x_wconf 85' lang='lat' dir='ltr'>iurisdi-</span> 
     </span>
     <span class='ocr_line' id='line_1_98' title="bbox 1095 2243 1849 2290; baseline 0.007 -15"><span class='ocrx_word' id='word_1_482' title='bbox 1095 2243 1246 2284; x_wconf 85' lang='lat' dir='ltr'>ctionem,</span> <span class='ocrx_word' id='word_1_483' title='bbox 1266 2247 1500 2278; x_wconf 81' lang='lat' dir='ltr'>correctionem</span> <span class='ocrx_word' id='word_1_484' title='bbox 1523 2257 1578 2278; x_wconf 90' lang='lat' dir='ltr'>seu</span> <span class='ocrx_word' id='word_1_485' title='bbox 1600 2252 1787 2290; x_wconf 87' lang='lat' dir='ltr'>potestatem</span> <span class='ocrx_word' id='word_1_486' title='bbox 1800 2258 1849 2280; x_wconf 79' lang='lat' dir='ltr'>ex-</span> 
     </span>
     <span class='ocr_line' id='line_1_99' title="bbox 1094 2299 1849 2334; baseline 0.004 -4"><span class='ocrx_word' id='word_1_487' title='bbox 1094 2308 1214 2330; x_wconf 87' lang='lat' dir='ltr'>ercere.</span> <span class='ocrx_word' id='word_1_488' title='bbox 1248 2299 1310 2331; x_wconf 74' lang='lat' dir='ltr'>Aut.</span> <span class='ocrx_word' id='word_1_489' title='bbox 1347 2299 1691 2333; x_wconf 75' lang='lat' dir='ltr'>excommunicationis</span> <span class='ocrx_word' id='word_1_490' title='bbox 1735 2300 1849 2334; x_wconf 79' lang='lat' dir='ltr'>aliasve</span> 
     </span>
     <span class='ocr_line' id='line_1_100' title="bbox 1095 2351 1850 2397; baseline 0.005 -14"><span class='ocrx_word' id='word_1_491' title='bbox 1095 2351 1279 2393; x_wconf 76' lang='lat' dir='ltr'>sententiaS,</span> <span class='ocrx_word' id='word_1_492' title='bbox 1308 2364 1461 2385; x_wconf 79' lang='lat' dir='ltr'>censuras</span> <span class='ocrx_word' id='word_1_493' title='bbox 1495 2360 1525 2386; x_wconf 91' lang='lat' dir='ltr'>et</span> <span class='ocrx_word' id='word_1_494' title='bbox 1553 2364 1674 2397; x_wconf 86' lang='lat' dir='ltr'>poenas</span> <span class='ocrx_word' id='word_1_495' title='bbox 1708 2354 1850 2397; x_wconf 88' lang='lat' dir='ltr'>promul-</span> 
     </span>
     <span class='ocr_line' id='line_1_101' title="bbox 1094 2402 1849 2446; baseline 0.007 -14"><span class='ocrx_word' id='word_1_496' title='bbox 1094 2411 1183 2442; x_wconf 70' lang='lat' dir='ltr'>gare,</span> <span class='ocrx_word' id='word_1_497' title='bbox 1205 2408 1258 2434; x_wconf 89' lang='lat' dir='ltr'>aut</span> <span class='ocrx_word' id='word_1_498' title='bbox 1280 2402 1389 2442; x_wconf 87' lang='lat' dir='ltr'>etiam,</span> <span class='ocrx_word' id='word_1_499' title='bbox 1413 2403 1537 2435; x_wconf 83' lang='lat' dir='ltr'>ratione.</span> <span class='ocrx_word' id='word_1_500' title='bbox 1559 2414 1772 2446; x_wconf 83' lang='lat' dir='ltr'>personarum</span> <span class='ocrx_word' id='word_1_501' title='bbox 1802 2405 1849 2437; x_wconf 83' lang='lat' dir='ltr'>vel</span> 
     </span>
     <span class='ocr_line' id='line_1_102' title="bbox 1095 2450 1848 2493; baseline 0.007 -12"><span class='ocrx_word' id='word_1_502' title='bbox 1095 2460 1219 2490; x_wconf 87' lang='lat' dir='ltr'>rerum,</span> <span class='ocrx_word' id='word_1_503' title='bbox 1243 2450 1432 2483; x_wconf 85' lang='lat' dir='ltr'>animalium</span> <span class='ocrx_word' id='word_1_504' title='bbox 1454 2462 1490 2484; x_wconf 87' lang='lat' dir='ltr'>ac.</span> <span class='ocrx_word' id='word_1_505' title='bbox 1510 2452 1672 2485; x_wconf 86' lang='lat' dir='ltr'>bonorum</span> <span class='ocrx_word' id='word_1_506' title='bbox 1700 2464 1848 2493; x_wconf 88' lang='lat' dir='ltr'>suorum,</span> 
     </span>
     <span class='ocr_line' id='line_1_103' title="bbox 1095 2498 1849 2544; baseline 0.005 -14"><span class='ocrx_word' id='word_1_507' title='bbox 1095 2498 1133 2530; x_wconf 84' lang='lat' dir='ltr'>ad</span> <span class='ocrx_word' id='word_1_508' title='bbox 1172 2499 1313 2542; x_wconf 83' lang='lat' dir='ltr'>aliquam</span> <span class='ocrx_word' id='word_1_509' title='bbox 1345 2500 1539 2532; x_wconf 86' lang='lat' dir='ltr'>solutionem</span> <span class='ocrx_word' id='word_1_510' title='bbox 1574 2501 1743 2544; x_wconf 86' lang='lat' dir='ltr'>pontium,</span> <span class='ocrx_word' id='word_1_511' title='bbox 1778 2502 1849 2534; x_wconf 86' lang='lat' dir='ltr'>son-</span> 
     </span>
     <span class='ocr_line' id='line_1_104' title="bbox 1095 2547 1850 2589; baseline 0.005 -10"><span class='ocrx_word' id='word_1_512' title='bbox 1095 2547 1188 2588; x_wconf 86' lang='lat' dir='ltr'>tium,</span> <span class='ocrx_word' id='word_1_513' title='bbox 1211 2548 1400 2589; x_wconf 88' lang='lat' dir='ltr'>furnorum,</span> <span class='ocrx_word' id='word_1_514' title='bbox 1431 2560 1600 2583; x_wconf 88' lang='lat' dir='ltr'>murorum</span> <span class='ocrx_word' id='word_1_515' title='bbox 1623 2561 1678 2583; x_wconf 87' lang='lat' dir='ltr'>seu</span> <span class='ocrx_word' id='word_1_516' title='bbox 1700 2550 1793 2583; x_wconf 88' lang='lat' dir='ltr'>etiam</span> <span class='ocrx_word' id='word_1_517' title='bbox 1816 2562 1850 2583; x_wconf 85' lang='lat' dir='ltr'>a-</span> 
     </span>
     <span class='ocr_line' id='line_1_105' title="bbox 1095 2597 1849 2644; baseline 0.005 -15"><span class='ocrx_word' id='word_1_518' title='bbox 1095 2597 1212 2630; x_wconf 86' lang='lat' dir='ltr'>liarum</span> <span class='ocrx_word' id='word_1_519' title='bbox 1232 2598 1455 2640; x_wconf 85' lang='lat' dir='ltr'>ecclesiarum,</span> <span class='ocrx_word' id='word_1_520' title='bbox 1476 2610 1573 2643; x_wconf 83' lang='lat' dir='ltr'>quam</span> <span class='ocrx_word' id='word_1_521' title='bbox 1594 2599 1698 2633; x_wconf 85' lang='lat' dir='ltr'>dictae</span> <span class='ocrx_word' id='word_1_522' title='bbox 1710 2600 1849 2644; x_wconf 79' lang='lat' dir='ltr'>Religio—</span> 
     </span>
    </p>
   </div>
   <div class='ocr_carea' id='block_1_8' title="bbox 1857 221 2041 250">
    <p class='ocr_par' dir='ltr' id='par_1_10' title="bbox 1857 221 2041 250">
     <span class='ocr_line' id='line_1_106' title="bbox 1857 221 2041 250; baseline 0.011 -2"><span class='ocrx_word' id='word_1_523' title='bbox 1857 222 1906 248; x_wconf 81' lang='grc' dir='ltr'>Αη.</span> <span class='ocrx_word' id='word_1_524' title='bbox 1925 222 1952 249; x_wconf 92' lang='lat' dir='ltr'>C.</span> <span class='ocrx_word' id='word_1_525' title='bbox 1976 221 2041 250; x_wconf 75' lang='lat'>¹565</span> 
     </span>
    </p>
   </div>
   <div class='ocr_carea' id='block_1_9' title="bbox 1858 440 2042 492">
    <p class='ocr_par' dir='ltr' id='par_1_11' title="bbox 1858 440 2042 492">
     <span class='ocr_line' id='line_1_107' title="bbox 1898 440 2042 467; baseline 0 -7"><span class='ocrx_word' id='word_1_526' title='bbox 1898 440 2005 467; x_wconf 77' lang='lat' dir='ltr'>Exemptio</span> <span class='ocrx_word' id='word_1_527' title='bbox 2031 447 2042 460; x_wconf 73' lang='lat' dir='ltr'>a</span> 
     </span>
     <span class='ocr_line' id='line_1_108' title="bbox 1858 471 1998 492; baseline 0 -1"><span class='ocrx_word' id='word_1_528' title='bbox 1858 471 1945 492; x_wconf 73' lang='lat' dir='ltr'>decimis</span> <span class='ocrx_word' id='word_1_529' title='bbox 1960 475 1998 492; x_wconf 77' lang='lat' dir='ltr'>etc.</span> 
     </span>
    </p>
   </div>
  </div>
 </body>
</html>
