<?xml version="1.0" encoding="UTF-8"?>
<!DOCTYPE html PUBLIC "-//W3C//DTD XHTML 1.0 Transitional//EN"
    "http://www.w3.org/TR/xhtml1/DTD/xhtml1-transitional.dtd">
<html xmlns="http://www.w3.org/1999/xhtml" xml:lang="en" lang="en">
 <head>
  <title>
</title>
<meta http-equiv="Content-Type" content="text/html;charset=utf-8" />
  <meta name='ocr-system' content='tesseract 3.04.00' />
  <meta name='ocr-capabilities' content='ocr_page ocr_carea ocr_par ocr_line ocrx_word'/>
</head>
<body>
  <div class='ocr_page' id='page_1' title='image "./bullarumdiplomat07cath_0025.png"; bbox 0 0 2237 3100; ppageno 0'>
   <div class='ocr_carea' id='block_1_1' title="bbox 156 231 338 261">
    <p class='ocr_par' dir='ltr' id='par_1_1' title="bbox 156 231 338 261">
     <span class='ocr_line' id='line_1_1' title="bbox 156 231 338 261; baseline -0.011 0"><span class='ocrx_word' id='word_1_1' title='bbox 156 235 205 261; x_wconf 80' lang='lat' dir='ltr'>An.</span> <span class='ocrx_word' id='word_1_2' title='bbox 223 233 250 261; x_wconf 85' lang='lat' dir='ltr'>C.</span> <span class='ocrx_word' id='word_1_3' title='bbox 272 231 338 261; x_wconf 70' lang='lat'>1559</span> 
     </span>
    </p>
   </div>
   <div class='ocr_carea' id='block_1_2' title="bbox 157 1808 343 1924">
    <p class='ocr_par' dir='ltr' id='par_1_2' title="bbox 170 1808 343 1830">
     <span class='ocr_line' id='line_1_2' title="bbox 170 1808 343 1830; baseline 0.006 -1"><span class='ocrx_word' id='word_1_4' title='bbox 170 1808 193 1829; x_wconf 76' lang='grc' dir='ltr'>Ιζι</span> <span class='ocrx_word' id='word_1_5' title='bbox 209 1812 282 1830; x_wconf 75' lang='lat' dir='ltr'>contra</span> <span class='ocrx_word' id='word_1_6' title='bbox 295 1815 343 1830; x_wconf 71' lang='grc'><strong>0011-</strong></span> 
     </span>
    </p>

    <p class='ocr_par' dir='ltr' id='par_1_3' title="bbox 157 1841 342 1924">
     <span class='ocr_line' id='line_1_3' title="bbox 157 1841 341 1862; baseline 0 -1"><span class='ocrx_word' id='word_1_7' title='bbox 157 1841 204 1861; x_wconf 73' lang='lat' dir='ltr'>dem</span> <span class='ocrx_word' id='word_1_8' title='bbox 249 1847 341 1862; x_wconf 69' lang='lat' dir='ltr'>summ·-</span> 
     </span>
     <span class='ocr_line' id='line_1_4' title="bbox 157 1873 342 1899; baseline 0.005 -7"><span class='ocrx_word' id='word_1_9' title='bbox 157 1873 187 1892; x_wconf 85' lang='lat' dir='ltr'>rie</span> <span class='ocrx_word' id='word_1_10' title='bbox 210 1874 246 1892; x_wconf 72' lang='lat' dir='ltr'>etc.</span> <span class='ocrx_word' id='word_1_11' title='bbox 263 1877 342 1899; x_wconf 73' lang='lat' dir='ltr'>proee-</span> 
     </span>
     <span class='ocr_line' id='line_1_5' title="bbox 157 1904 227 1924; baseline -0.014 0"><span class='ocrx_word' id='word_1_12' title='bbox 157 1904 227 1924; x_wconf 68' lang='lat' dir='ltr'>dendr</span> 
     </span>
    </p>
   </div>
   <div class='ocr_carea' id='block_1_3' title="bbox 1040 232 1234 258">
    <p class='ocr_par' dir='ltr' id='par_1_4' title="bbox 1040 232 1234 258">
     <span class='ocr_line' id='line_1_6' title="bbox 1040 232 1234 258; baseline 0.005 -1"><span class='ocrx_word' id='word_1_13' title='bbox 1040 232 1108 258; x_wconf 61' lang='lat' dir='ltr'>PIUS</span> <span class='ocrx_word' id='word_1_14' title='bbox 1132 234 1161 258; x_wconf 73' lang='grc' dir='ltr'><strong>Π</strong></span> <span class='ocrx_word' id='word_1_15' title='bbox 1188 234 1234 258; x_wconf 72' lang='lat' dir='ltr'>FP.</span> 
     </span>
    </p>
   </div>
   <div class='ocr_carea' id='block_1_4' title="bbox 352 284 1114 2679">
    <p class='ocr_par' dir='ltr' id='par_1_5' title="bbox 352 284 1114 1735">
     <span class='ocr_line' id='line_1_7' title="bbox 353 284 1110 322; baseline 0.001 -2"><span class='ocrx_word' id='word_1_16' title='bbox 353 286 526 321; x_wconf 83' lang='lat' dir='ltr'>cuniarum</span> <span class='ocrx_word' id='word_1_17' title='bbox 549 284 588 320; x_wconf 90' lang='lat' dir='ltr'>ad</span> <span class='ocrx_word' id='word_1_18' title='bbox 605 285 767 320; x_wconf 76' lang='lat' dir='ltr'>cambium</span> <span class='ocrx_word' id='word_1_19' title='bbox 785 292 815 321; x_wconf 88' lang='lat' dir='ltr'>et</span> <span class='ocrx_word' id='word_1_20' title='bbox 835 287 1035 322; x_wconf 68' lang='lat' dir='ltr'>ret-:nubium</span> <span class='ocrx_word' id='word_1_21' title='bbox 1051 289 1110 321; x_wconf 89' lang='lat' dir='ltr'>bu-</span> 
     </span>
     <span class='ocr_line' id='line_1_8' title="bbox 353 341 1108 386; baseline 0.003 -12"><span class='ocrx_word' id='word_1_22' title='bbox 353 341 492 375; x_wconf 88' lang='lat' dir='ltr'>iusmodi</span> <span class='ocrx_word' id='word_1_23' title='bbox 521 352 538 374; x_wconf 88' lang='lat' dir='ltr'>a</span> <span class='ocrx_word' id='word_1_24' title='bbox 567 342 739 386; x_wconf 88' lang='lat' dir='ltr'>praedictis</span> <span class='ocrx_word' id='word_1_25' title='bbox 769 343 1003 376; x_wconf 80' lang='lat' dir='ltr'>mercatoribus</span> <span class='ocrx_word' id='word_1_26' title='bbox 1035 354 1108 376; x_wconf 80' lang='lat' dir='ltr'>cum</span> 
     </span>
     <span class='ocr_line' id='line_1_9' title="bbox 353 395 1108 440; baseline 0.001 -12"><span class='ocrx_word' id='word_1_27' title='bbox 353 395 473 429; x_wconf 86' lang='lat' dir='ltr'>eisdem</span> <span class='ocrx_word' id='word_1_28' title='bbox 490 395 668 429; x_wconf 86' lang='lat' dir='ltr'>curialibus</span> <span class='ocrx_word' id='word_1_29' title='bbox 685 396 927 440; x_wconf 78' lang='lat' dir='ltr'>quomodolibet</span> <span class='ocrx_word' id='word_1_30' title='bbox 947 397 1056 437; x_wconf 74' lang='lat' dir='ltr'>saetas,</span> <span class='ocrx_word' id='word_1_31' title='bbox 1080 403 1108 430; x_wconf 80' lang='lat' dir='ltr'>et</span> 
     </span>
     <span class='ocr_line' id='line_1_10' title="bbox 352 450 1108 494; baseline 0.001 -12"><span class='ocrx_word' id='word_1_32' title='bbox 352 460 433 492; x_wconf 88' lang='lat' dir='ltr'>quas</span> <span class='ocrx_word' id='word_1_33' title='bbox 448 455 645 483; x_wconf 79' lang='lat' dir='ltr'>mercatores</span> <span class='ocrx_word' id='word_1_34' title='bbox 666 450 725 494; x_wconf 89' lang='lat' dir='ltr'>ipsi</span> <span class='ocrx_word' id='word_1_35' title='bbox 747 462 763 482; x_wconf 88' lang='lat' dir='ltr'>a</span> <span class='ocrx_word' id='word_1_36' title='bbox 784 450 956 494; x_wconf 82' lang='lat' dir='ltr'>praedictis</span> <span class='ocrx_word' id='word_1_37' title='bbox 976 451 1108 484; x_wconf 84' lang='lat' dir='ltr'>curiali-</span> 
     </span>
     <span class='ocr_line' id='line_1_11' title="bbox 352 503 1109 548; baseline 0.003 -13"><span class='ocrx_word' id='word_1_38' title='bbox 352 503 424 543; x_wconf 89' lang='lat' dir='ltr'>bus,</span> <span class='ocrx_word' id='word_1_39' title='bbox 445 508 611 547; x_wconf 90' lang='lat' dir='ltr'>tamquam</span> <span class='ocrx_word' id='word_1_40' title='bbox 632 504 866 548; x_wconf 87' lang='lat' dir='ltr'>principalibus</span> <span class='ocrx_word' id='word_1_41' title='bbox 895 515 950 536; x_wconf 85' lang='lat' dir='ltr'>seu</span> <span class='ocrx_word' id='word_1_42' title='bbox 977 504 1109 537; x_wconf 82' lang='lat' dir='ltr'>fideius-</span> 
     </span>
     <span class='ocr_line' id='line_1_12' title="bbox 353 557 1108 601; baseline 0.001 -12"><span class='ocrx_word' id='word_1_43' title='bbox 353 557 491 598; x_wconf 75' lang='lat' dir='ltr'>soribus,</span> <span class='ocrx_word' id='word_1_44' title='bbox 510 557 562 591; x_wconf 81' lang='lat' dir='ltr'>hie</span> <span class='ocrx_word' id='word_1_45' title='bbox 579 558 610 591; x_wconf 91' lang='lat' dir='ltr'>in</span> <span class='ocrx_word' id='word_1_46' title='bbox 623 558 719 598; x_wconf 83' lang='lat' dir='ltr'>Urbe,</span> <span class='ocrx_word' id='word_1_47' title='bbox 734 563 802 601; x_wconf 85' lang='lat' dir='ltr'>post</span> <span class='ocrx_word' id='word_1_48' title='bbox 823 558 944 590; x_wconf 87' lang='lat' dir='ltr'>dictum</span> <span class='ocrx_word' id='word_1_49' title='bbox 966 557 1108 590; x_wconf 84' lang='lat' dir='ltr'>bannum</span> 
     </span>
     <span class='ocr_line' id='line_1_13' title="bbox 353 610 1110 656; baseline 0.004 -14"><span class='ocrx_word' id='word_1_50' title='bbox 353 610 528 652; x_wconf 73' lang='lat' dir='ltr'>dumtaxat,</span> <span class='ocrx_word' id='word_1_51' title='bbox 541 611 738 656; x_wconf 88' lang='lat' dir='ltr'>repetierunt</span> <span class='ocrx_word' id='word_1_52' title='bbox 751 618 778 644; x_wconf 87' lang='lat' dir='ltr'>et</span> <span class='ocrx_word' id='word_1_53' title='bbox 792 617 963 651; x_wconf 53' lang='lat' dir='ltr'>exegerunt</span> <span class='ocrx_word' id='word_1_54' title='bbox 977 618 1002 644; x_wconf 83' lang='lat' dir='ltr'>et</span> <span class='ocrx_word' id='word_1_55' title='bbox 1019 624 1110 645; x_wconf 87' lang='lat' dir='ltr'>recu-</span> 
     </span>
     <span class='ocr_line' id='line_1_14' title="bbox 354 665 1111 709; baseline 0.001 -11"><span class='ocrx_word' id='word_1_56' title='bbox 354 671 521 708; x_wconf 85' lang='lat' dir='ltr'>perarunt,</span> <span class='ocrx_word' id='word_1_57' title='bbox 532 676 568 698; x_wconf 88' lang='lat' dir='ltr'>ac</span> <span class='ocrx_word' id='word_1_58' title='bbox 576 677 635 709; x_wconf 91' lang='lat' dir='ltr'>pro</span> <span class='ocrx_word' id='word_1_59' title='bbox 645 676 709 698; x_wconf 89' lang='lat' dir='ltr'>non</span> <span class='ocrx_word' id='word_1_60' title='bbox 721 665 831 697; x_wconf 78' lang='lat' dir='ltr'>solmis</span> <span class='ocrx_word' id='word_1_61' title='bbox 841 665 966 701; x_wconf 55' lang='lat' dir='ltr'>exient-12</span> <span class='ocrx_word' id='word_1_62' title='bbox 977 671 1004 697; x_wconf 76' lang='lat' dir='ltr'>et</span> <span class='ocrx_word' id='word_1_63' title='bbox 1019 677 1111 699; x_wconf 84' lang='lat' dir='ltr'>reeu-</span> 
     </span>
     <span class='ocr_line' id='line_1_15' title="bbox 355 719 1110 763; baseline 0.001 -11"><span class='ocrx_word' id='word_1_64' title='bbox 355 729 469 763; x_wconf 86' lang='lat' dir='ltr'>perare</span> <span class='ocrx_word' id='word_1_65' title='bbox 490 719 673 757; x_wconf 88' lang='lat' dir='ltr'>intendunt,</span> <span class='ocrx_word' id='word_1_66' title='bbox 688 730 761 752; x_wconf 91' lang='lat' dir='ltr'>cum</span> <span class='ocrx_word' id='word_1_67' title='bbox 784 719 907 752; x_wconf 89' lang='lat' dir='ltr'>cambia</span> <span class='ocrx_word' id='word_1_68' title='bbox 923 719 1110 753; x_wconf 83' lang='lat' dir='ltr'>huiusmodi</span> 
     </span>
     <span class='ocr_line' id='line_1_16' title="bbox 355 772 1109 816; baseline -0.004 -10"><span class='ocrx_word' id='word_1_69' title='bbox 355 772 438 806; x_wconf 80' lang='lat' dir='ltr'>sicca</span> <span class='ocrx_word' id='word_1_70' title='bbox 449 774 498 806; x_wconf 80' lang='lat' dir='ltr'>vel</span> <span class='ocrx_word' id='word_1_71' title='bbox 509 784 573 806; x_wconf 91' lang='lat' dir='ltr'>non</span> <span class='ocrx_word' id='word_1_72' title='bbox 586 773 683 806; x_wconf 86' lang='lat' dir='ltr'>realia</span> <span class='ocrx_word' id='word_1_73' title='bbox 698 784 714 806; x_wconf 88' lang='lat' dir='ltr'>a</span> <span class='ocrx_word' id='word_1_74' title='bbox 731 773 829 805; x_wconf 81' lang='lat' dir='ltr'>sacris</span> <span class='ocrx_word' id='word_1_75' title='bbox 843 772 1021 805; x_wconf 86' lang='lat' dir='ltr'>canonibus</span> <span class='ocrx_word' id='word_1_76' title='bbox 1033 784 1109 816; x_wconf 84' lang='lat' dir='ltr'>pro-</span> 
     </span>
     <span class='ocr_line' id='line_1_17' title="bbox 354 825 1110 870; baseline 0.003 -12"><span class='ocrx_word' id='word_1_77' title='bbox 354 825 455 860; x_wconf 85' lang='lat' dir='ltr'>hibita</span> <span class='ocrx_word' id='word_1_78' title='bbox 467 827 541 868; x_wconf 85' lang='lat' dir='ltr'>sint,</span> <span class='ocrx_word' id='word_1_79' title='bbox 565 827 740 866; x_wconf 85' lang='lat' dir='ltr'>usurarias,</span> <span class='ocrx_word' id='word_1_80' title='bbox 759 837 882 870; x_wconf 71' lang='lat' dir='ltr'>pravas,</span> <span class='ocrx_word' id='word_1_81' title='bbox 906 825 1043 870; x_wconf 84' lang='lat' dir='ltr'>iniquas,</span> <span class='ocrx_word' id='word_1_82' title='bbox 1058 827 1110 860; x_wconf 85' lang='lat' dir='ltr'>dc-</span> 
     </span>
     <span class='ocr_line' id='line_1_18' title="bbox 355 879 1111 923; baseline -0.003 -10"><span class='ocrx_word' id='word_1_83' title='bbox 355 880 529 922; x_wconf 85' lang='lat' dir='ltr'>testabiles,</span> <span class='ocrx_word' id='word_1_84' title='bbox 541 881 728 914; x_wconf 82' lang='lat' dir='ltr'>interdictas</span> <span class='ocrx_word' id='word_1_85' title='bbox 739 885 769 913; x_wconf 83' lang='lat' dir='ltr'>et</span> <span class='ocrx_word' id='word_1_86' title='bbox 781 879 958 920; x_wconf 85' lang='lat' dir='ltr'>damnatas,</span> <span class='ocrx_word' id='word_1_87' title='bbox 972 890 1008 913; x_wconf 89' lang='lat' dir='ltr'>ac</span> <span class='ocrx_word' id='word_1_88' title='bbox 1018 890 1111 923; x_wconf 85' lang='lat' dir='ltr'>quas-</span> 
     </span>
     <span class='ocr_line' id='line_1_19' title="bbox 355 932 1110 977; baseline 0.001 -12"><span class='ocrx_word' id='word_1_89' title='bbox 355 944 496 977; x_wconf 81' lang='lat' dir='ltr'>cumque</span> <span class='ocrx_word' id='word_1_90' title='bbox 508 934 732 977; x_wconf 73' lang='lat' dir='ltr'>obligationes,</span> <span class='ocrx_word' id='word_1_91' title='bbox 744 932 839 966; x_wconf 86' lang='lat' dir='ltr'>etiam</span> <span class='ocrx_word' id='word_1_92' title='bbox 857 933 888 965; x_wconf 90' lang='lat' dir='ltr'>in</span> <span class='ocrx_word' id='word_1_93' title='bbox 902 933 1003 966; x_wconf 76' lang='lat' dir='ltr'>forma</span> <span class='ocrx_word' id='word_1_94' title='bbox 1016 944 1110 977; x_wconf 89' lang='lat' dir='ltr'>prae-</span> 
     </span>
     <span class='ocr_line' id='line_1_20' title="bbox 355 987 1110 1032; baseline 0.001 -12"><span class='ocrx_word' id='word_1_95' title='bbox 355 988 417 1020; x_wconf 78' lang='lat' dir='ltr'>fata</span> <span class='ocrx_word' id='word_1_96' title='bbox 428 988 570 1022; x_wconf 70' lang='lat' dir='ltr'>Camerte</span> <span class='ocrx_word' id='word_1_97' title='bbox 586 987 787 1032; x_wconf 66' lang='lat' dir='ltr'>Apostolicze,</span> <span class='ocrx_word' id='word_1_98' title='bbox 805 993 874 1030; x_wconf 83' lang='lat' dir='ltr'>post</span> <span class='ocrx_word' id='word_1_99' title='bbox 895 987 1017 1020; x_wconf 87' lang='lat' dir='ltr'>dietum</span> <span class='ocrx_word' id='word_1_100' title='bbox 1031 988 1110 1021; x_wconf 87' lang='lat' dir='ltr'>ban-</span> 
     </span>
     <span class='ocr_line' id='line_1_21' title="bbox 356 1041 1109 1085; baseline 0.004 -12"><span class='ocrx_word' id='word_1_101' title='bbox 356 1051 433 1074; x_wconf 91' lang='lat' dir='ltr'>num</span> <span class='ocrx_word' id='word_1_102' title='bbox 446 1042 618 1082; x_wconf 79' lang='lat' dir='ltr'>dumtaxat,</span> <span class='ocrx_word' id='word_1_103' title='bbox 631 1041 779 1085; x_wconf 77' lang='lat' dir='ltr'>desuper,</span> <span class='ocrx_word' id='word_1_104' title='bbox 791 1041 919 1074; x_wconf 85' lang='lat' dir='ltr'>illarum</span> <span class='ocrx_word' id='word_1_105' title='bbox 930 1043 1109 1081; x_wconf 72' lang='lat' dir='ltr'>occasione,</span> 
     </span>
     <span class='ocr_line' id='line_1_22' title="bbox 357 1094 1109 1136; baseline 0.004 -9"><span class='ocrx_word' id='word_1_106' title='bbox 357 1096 465 1136; x_wconf 74' lang='lat' dir='ltr'>saetas,</span> <span class='ocrx_word' id='word_1_107' title='bbox 488 1096 594 1129; x_wconf 87' lang='lat' dir='ltr'>nullas</span> <span class='ocrx_word' id='word_1_108' title='bbox 613 1100 644 1128; x_wconf 86' lang='lat' dir='ltr'>et</span> <span class='ocrx_word' id='word_1_109' title='bbox 664 1094 818 1127; x_wconf 75' lang='lat' dir='ltr'>invalidas</span> <span class='ocrx_word' id='word_1_110' title='bbox 839 1096 972 1129; x_wconf 80' lang='lat' dir='ltr'>existere</span> <span class='ocrx_word' id='word_1_111' title='bbox 998 1103 1109 1130; x_wconf 74' lang='lat' dir='ltr'>aueto-</span> 
     </span>
     <span class='ocr_line' id='line_1_23' title="bbox 355 1149 1110 1190; baseline 0.003 -8"><span class='ocrx_word' id='word_1_112' title='bbox 355 1150 447 1184; x_wconf 85' lang='lat' dir='ltr'>ritate</span> <span class='ocrx_word' id='word_1_113' title='bbox 467 1154 575 1183; x_wconf 87' lang='lat' dir='ltr'>nostra</span> <span class='ocrx_word' id='word_1_114' title='bbox 595 1149 745 1182; x_wconf 74' lang='lat' dir='ltr'>decernat</span> <span class='ocrx_word' id='word_1_115' title='bbox 769 1156 799 1183; x_wconf 87' lang='lat' dir='ltr'>ct</span> <span class='ocrx_word' id='word_1_116' title='bbox 819 1150 971 1190; x_wconf 70' lang='lat' dir='ltr'>declaret,</span> <span class='ocrx_word' id='word_1_117' title='bbox 995 1156 1110 1184; x_wconf 89' lang='lat' dir='ltr'>totam-</span> 
     </span>
     <span class='ocr_line' id='line_1_24' title="bbox 355 1203 1110 1248; baseline 0.004 -12"><span class='ocrx_word' id='word_1_118' title='bbox 355 1215 437 1247; x_wconf 88' lang='lat' dir='ltr'>quae</span> <span class='ocrx_word' id='word_1_119' title='bbox 468 1213 628 1237; x_wconf 83' lang='lat' dir='ltr'>summam</span> <span class='ocrx_word' id='word_1_120' title='bbox 653 1203 866 1248; x_wconf 76' lang='lat' dir='ltr'>principalem</span> <span class='ocrx_word' id='word_1_121' title='bbox 899 1215 957 1248; x_wconf 85' lang='lat' dir='ltr'>per</span> <span class='ocrx_word' id='word_1_122' title='bbox 981 1206 1110 1239; x_wconf 86' lang='lat' dir='ltr'>eosdem</span> 
     </span>
     <span class='ocr_line' id='line_1_25' title="bbox 355 1259 1111 1301; baseline 0.004 -12"><span class='ocrx_word' id='word_1_123' title='bbox 355 1262 550 1290; x_wconf 74' lang='lat' dir='ltr'>mercatores</span> <span class='ocrx_word' id='word_1_124' title='bbox 567 1262 709 1290; x_wconf 77' lang='lat' dir='ltr'>exactam</span> <span class='ocrx_word' id='word_1_125' title='bbox 723 1263 752 1290; x_wconf 85' lang='lat' dir='ltr'>et</span> <span class='ocrx_word' id='word_1_126' title='bbox 769 1264 1007 1301; x_wconf 77' lang='lat' dir='ltr'>recuperatam,</span> <span class='ocrx_word' id='word_1_127' title='bbox 1027 1259 1111 1293; x_wconf 76' lang='lat' dir='ltr'>iuxta</span> 
     </span>
     <span class='ocr_line' id='line_1_26' title="bbox 354 1310 1109 1354; baseline 0.005 -11"><span class='ocrx_word' id='word_1_128' title='bbox 354 1311 491 1343; x_wconf 87' lang='lat' dir='ltr'>sormam</span> <span class='ocrx_word' id='word_1_129' title='bbox 502 1310 664 1344; x_wconf 86' lang='lat' dir='ltr'>dictorum</span> <span class='ocrx_word' id='word_1_130' title='bbox 672 1311 970 1354; x_wconf 86' lang='lat' dir='ltr'>bannimentorum,</span> <span class='ocrx_word' id='word_1_131' title='bbox 979 1325 1013 1347; x_wconf 74' lang='lat' dir='ltr'>ex</span> <span class='ocrx_word' id='word_1_132' title='bbox 1024 1326 1109 1348; x_wconf 90' lang='lat' dir='ltr'>nunc</span> 
     </span>
     <span class='ocr_line' id='line_1_27' title="bbox 354 1365 1111 1411; baseline 0.004 -13"><span class='ocrx_word' id='word_1_133' title='bbox 354 1365 424 1409; x_wconf 93' lang='lat' dir='ltr'>ipso</span> <span class='ocrx_word' id='word_1_134' title='bbox 435 1365 516 1399; x_wconf 86' lang='lat' dir='ltr'>sacto</span> <span class='ocrx_word' id='word_1_135' title='bbox 527 1365 631 1399; x_wconf 90' lang='lat' dir='ltr'>eidem</span> <span class='ocrx_word' id='word_1_136' title='bbox 639 1365 792 1399; x_wconf 84' lang='lat' dir='ltr'>Gamerae</span> <span class='ocrx_word' id='word_1_137' title='bbox 801 1367 1017 1410; x_wconf 72' lang='lat' dir='ltr'>Apost‹:›ticao;</span> <span class='ocrx_word' id='word_1_138' title='bbox 1030 1369 1111 1411; x_wconf 84' lang='lat' dir='ltr'>parti</span> 
     </span>
     <span class='ocr_line' id='line_1_28' title="bbox 352 1419 1111 1465; baseline 0.001 -12"><span class='ocrx_word' id='word_1_139' title='bbox 352 1430 427 1453; x_wconf 88' lang='lat' dir='ltr'>vero</span> <span class='ocrx_word' id='word_1_140' title='bbox 447 1421 551 1453; x_wconf 83' lang='lat' dir='ltr'>laesae</span> <span class='ocrx_word' id='word_1_141' title='bbox 561 1419 594 1453; x_wconf 92' lang='lat' dir='ltr'>id</span> <span class='ocrx_word' id='word_1_142' title='bbox 604 1421 692 1464; x_wconf 93' lang='lat' dir='ltr'>quod</span> <span class='ocrx_word' id='word_1_143' title='bbox 712 1421 796 1453; x_wconf 88' lang='lat' dir='ltr'>ultra</span> <span class='ocrx_word' id='word_1_144' title='bbox 812 1421 1009 1465; x_wconf 80' lang='lat' dir='ltr'>praedictam</span> <span class='ocrx_word' id='word_1_145' title='bbox 1023 1433 1111 1455; x_wconf 89' lang='lat' dir='ltr'>sum-</span> 
     </span>
     <span class='ocr_line' id='line_1_29' title="bbox 354 1473 1113 1518; baseline 0.003 -12"><span class='ocrx_word' id='word_1_146' title='bbox 354 1484 438 1506; x_wconf 88' lang='lat' dir='ltr'>mam</span> <span class='ocrx_word' id='word_1_147' title='bbox 459 1474 674 1518; x_wconf 74' lang='lat' dir='ltr'>principalem</span> <span class='ocrx_word' id='word_1_148' title='bbox 691 1473 723 1507; x_wconf 92' lang='lat' dir='ltr'>in</span> <span class='ocrx_word' id='word_1_149' title='bbox 740 1474 874 1508; x_wconf 85' lang='lat' dir='ltr'>cambiis</span> <span class='ocrx_word' id='word_1_150' title='bbox 891 1481 919 1508; x_wconf 88' lang='lat' dir='ltr'>et</span> <span class='ocrx_word' id='word_1_151' title='bbox 941 1476 1113 1509; x_wconf 87' lang='lat' dir='ltr'>recambiis</span> 
     </span>
     <span class='ocr_line' id='line_1_30' title="bbox 354 1529 1114 1564; baseline 0.003 -2"><span class='ocrx_word' id='word_1_152' title='bbox 354 1534 412 1562; x_wconf 79' lang='lat' dir='ltr'>etc.</span> <span class='ocrx_word' id='word_1_153' title='bbox 434 1540 452 1562; x_wconf 91' lang='lat' dir='ltr'>a</span> <span class='ocrx_word' id='word_1_154' title='bbox 476 1529 569 1563; x_wconf 92' lang='lat' dir='ltr'>dictis</span> <span class='ocrx_word' id='word_1_155' title='bbox 590 1529 826 1563; x_wconf 80' lang='lat' dir='ltr'>mercatoribus</span> <span class='ocrx_word' id='word_1_156' title='bbox 847 1529 1114 1564; x_wconf 42' lang='grc' dir='ltr'>111-οη]155111111101ι</span> 
     </span>
     <span class='ocr_line' id='line_1_31' title="bbox 354 1583 1111 1627; baseline 0.001 -12"><span class='ocrx_word' id='word_1_157' title='bbox 354 1583 552 1625; x_wconf 80' lang='lat' dir='ltr'>exigendam,</span> <span class='ocrx_word' id='word_1_158' title='bbox 565 1583 821 1627; x_wconf 81' lang='lat' dir='ltr'>recuperandam</span> <span class='ocrx_word' id='word_1_159' title='bbox 830 1589 858 1616; x_wconf 89' lang='lat' dir='ltr'>et</span> <span class='ocrx_word' id='word_1_160' title='bbox 870 1583 1111 1623; x_wconf 69' lang='lat' dir='ltr'>restituendam,</span> 
     </span>
     <span class='ocr_line' id='line_1_32' title="bbox 353 1636 1112 1680; baseline 0 -11"><span class='ocrx_word' id='word_1_161' title='bbox 353 1636 505 1680; x_wconf 81' lang='lat' dir='ltr'>applicet,</span> <span class='ocrx_word' id='word_1_162' title='bbox 524 1642 554 1670; x_wconf 82' lang='lat' dir='ltr'>et</span> <span class='ocrx_word' id='word_1_163' title='bbox 569 1637 698 1670; x_wconf 91' lang='lat' dir='ltr'>eosdem</span> <span class='ocrx_word' id='word_1_164' title='bbox 716 1642 921 1673; x_wconf 85' lang='lat' dir='ltr'>mercatores,</span> <span class='ocrx_word' id='word_1_165' title='bbox 934 1637 1017 1669; x_wconf 79' lang='lat' dir='ltr'>iuxta</span> <span class='ocrx_word' id='word_1_166' title='bbox 1034 1647 1112 1670; x_wconf 82' lang='lat' dir='ltr'>con-</span> 
     </span>
     <span class='ocr_line' id='line_1_33' title="bbox 354 1691 1110 1735; baseline 0.003 -12"><span class='ocrx_word' id='word_1_167' title='bbox 354 1691 534 1725; x_wconf 86' lang='lat' dir='ltr'>stitutiones</span> <span class='ocrx_word' id='word_1_168' title='bbox 554 1691 724 1735; x_wconf 78' lang='lat' dir='ltr'>praedictas</span> <span class='ocrx_word' id='word_1_169' title='bbox 732 1692 894 1731; x_wconf 62' lang='lat' dir='ltr'>Marchize,</span> <span class='ocrx_word' id='word_1_170' title='bbox 905 1692 1110 1725; x_wconf 84' lang='lat' dir='ltr'>condemnet.</span> 
     </span>
    </p>

    <p class='ocr_par' dir='ltr' id='par_1_6' title="bbox 355 1744 1114 2679">
     <span class='ocr_line' id='line_1_34' title="bbox 400 1744 1114 1789; baseline 0.003 -12"><span class='ocrx_word' id='word_1_171' title='bbox 400 1746 414 1789; x_wconf 67' lang='grc' dir='ltr'><strong>ξ</strong></span> <span class='ocrx_word' id='word_1_172' title='bbox 434 1744 466 1778; x_wconf 64' lang='lat' dir='ltr'>Q.</span> <span class='ocrx_word' id='word_1_173' title='bbox 489 1745 568 1778; x_wconf 89' lang='lat' dir='ltr'>Cum</span> <span class='ocrx_word' id='word_1_174' title='bbox 591 1751 746 1789; x_wconf 75' lang='lat' dir='ltr'>potestate</span> <span class='ocrx_word' id='word_1_175' title='bbox 767 1746 896 1779; x_wconf 85' lang='lat' dir='ltr'>eosdem</span> <span class='ocrx_word' id='word_1_176' title='bbox 918 1751 1114 1779; x_wconf 69' lang='lat' dir='ltr'>mercatores</span> 
     </span>
     <span class='ocr_line' id='line_1_35' title="bbox 355 1799 1112 1844; baseline 0.001 -12"><span class='ocrx_word' id='word_1_177' title='bbox 355 1804 387 1832; x_wconf 85' lang='lat' dir='ltr'>et</span> <span class='ocrx_word' id='word_1_178' title='bbox 411 1810 524 1833; x_wconf 88' lang='lat' dir='ltr'>eorum</span> <span class='ocrx_word' id='word_1_179' title='bbox 549 1799 728 1844; x_wconf 87' lang='lat' dir='ltr'>quemlibet</span> <span class='ocrx_word' id='word_1_180' title='bbox 761 1811 938 1842; x_wconf 85' lang='lat' dir='ltr'>omnesque</span> <span class='ocrx_word' id='word_1_181' title='bbox 971 1800 1050 1833; x_wconf 87' lang='lat' dir='ltr'>alios</span> <span class='ocrx_word' id='word_1_182' title='bbox 1084 1807 1112 1833; x_wconf 80' lang='lat' dir='ltr'>et</span> 
     </span>
     <span class='ocr_line' id='line_1_36' title="bbox 356 1852 1114 1899; baseline 0.004 -14"><span class='ocrx_word' id='word_1_183' title='bbox 356 1852 513 1896; x_wconf 83' lang='lat' dir='ltr'>singulos,</span> <span class='ocrx_word' id='word_1_184' title='bbox 527 1864 584 1886; x_wconf 89' lang='lat' dir='ltr'>sua</span> <span class='ocrx_word' id='word_1_185' title='bbox 594 1853 812 1887; x_wconf 87' lang='lat' dir='ltr'>communiter</span> <span class='ocrx_word' id='word_1_186' title='bbox 830 1855 877 1887; x_wconf 75' lang='lat' dir='ltr'>vel</span> <span class='ocrx_word' id='word_1_187' title='bbox 894 1854 1018 1887; x_wconf 78' lang='lat' dir='ltr'>divisim</span> <span class='ocrx_word' id='word_1_188' title='bbox 1035 1866 1114 1899; x_wconf 83' lang='lat' dir='ltr'>quo-</span> 
     </span>
     <span class='ocr_line' id='line_1_37' title="bbox 356 1906 1114 1950; baseline 0.003 -10"><span class='ocrx_word' id='word_1_189' title='bbox 356 1906 534 1940; x_wconf 86' lang='lat' dir='ltr'>modolibet</span> <span class='ocrx_word' id='word_1_190' title='bbox 553 1906 705 1940; x_wconf 75' lang='lat' dir='ltr'>interesse</span> <span class='ocrx_word' id='word_1_191' title='bbox 727 1912 888 1950; x_wconf 86' lang='lat' dir='ltr'>putantes,</span> <span class='ocrx_word' id='word_1_192' title='bbox 909 1908 939 1940; x_wconf 93' lang='grc'>111</span> <span class='ocrx_word' id='word_1_193' title='bbox 960 1908 1114 1943; x_wconf 86' lang='lat' dir='ltr'>dictaCu-</span> 
     </span>
     <span class='ocr_line' id='line_1_38' title="bbox 355 1960 1114 2008; baseline 0.004 -15"><span class='ocrx_word' id='word_1_194' title='bbox 355 1960 404 1994; x_wconf 89' lang='lat' dir='ltr'>ria</span> <span class='ocrx_word' id='word_1_195' title='bbox 423 1966 451 1993; x_wconf 81' lang='lat' dir='ltr'>et</span> <span class='ocrx_word' id='word_1_196' title='bbox 468 1966 555 1994; x_wconf 81' lang='lat' dir='ltr'>extra</span> <span class='ocrx_word' id='word_1_197' title='bbox 575 1972 644 1994; x_wconf 89' lang='lat' dir='ltr'>eam</span> <span class='ocrx_word' id='word_1_198' title='bbox 667 1961 797 2000; x_wconf 87' lang='lat' dir='ltr'>citandi,</span> <span class='ocrx_word' id='word_1_199' title='bbox 811 1972 847 1994; x_wconf 88' lang='lat' dir='ltr'>ac</span> <span class='ocrx_word' id='word_1_200' title='bbox 863 1961 981 2005; x_wconf 84' lang='lat' dir='ltr'>quibus</span> <span class='ocrx_word' id='word_1_201' title='bbox 996 1969 1023 1996; x_wconf 86' lang='lat' dir='ltr'>et</span> <span class='ocrx_word' id='word_1_202' title='bbox 1036 1975 1114 2008; x_wconf 83' lang='lat' dir='ltr'>quo-</span> 
     </span>
     <span class='ocr_line' id='line_1_39' title="bbox 355 2010 1112 2055; baseline 0.004 -8"><span class='ocrx_word' id='word_1_203' title='bbox 355 2013 416 2047; x_wconf 85' lang='lat' dir='ltr'>ties</span> <span class='ocrx_word' id='word_1_204' title='bbox 439 2014 652 2047; x_wconf 86' lang='lat' dir='ltr'>inhibendum</span> <span class='ocrx_word' id='word_1_205' title='bbox 679 2014 755 2055; x_wconf 88' lang='lat' dir='ltr'>erit,</span> <span class='ocrx_word' id='word_1_206' title='bbox 783 2015 877 2047; x_wconf 89' lang='lat' dir='ltr'>ctiam</span> <span class='ocrx_word' id='word_1_207' title='bbox 903 2016 963 2048; x_wconf 85' lang='lat' dir='ltr'>sub</span> <span class='ocrx_word' id='word_1_208' title='bbox 984 2010 1112 2050; x_wconf 50' lang='grc'><strong>0106111-</strong></span> 
     </span>
     <span class='ocr_line' id='line_1_40' title="bbox 357 2067 1111 2112; baseline 0.007 -14"><span class='ocrx_word' id='word_1_209' title='bbox 357 2067 587 2101; x_wconf 81' lang='lat' dir='ltr'>munioationis</span> <span class='ocrx_word' id='word_1_210' title='bbox 600 2095 607 2108; x_wconf 89' lang='lat'>‚</span> <span class='ocrx_word' id='word_1_211' title='bbox 637 2068 857 2112; x_wconf 75' lang='lat' dir='ltr'>suspensionis</span> <span class='ocrx_word' id='word_1_212' title='bbox 890 2075 920 2102; x_wconf 81' lang='lat' dir='ltr'>et</span> <span class='ocrx_word' id='word_1_213' title='bbox 952 2069 1111 2104; x_wconf 85' lang='lat' dir='ltr'>interdicti</span> 
     </span>
     <span class='ocr_line' id='line_1_41' title="bbox 357 2120 1113 2163; baseline 0.008 -12"><span class='ocrx_word' id='word_1_214' title='bbox 357 2120 492 2163; x_wconf 84' lang='lat' dir='ltr'>aliisque</span> <span class='ocrx_word' id='word_1_215' title='bbox 509 2121 735 2155; x_wconf 75' lang='lat' dir='ltr'>ecclesiasticis</span> <span class='ocrx_word' id='word_1_216' title='bbox 760 2122 945 2161; x_wconf 79' lang='lat' dir='ltr'>sententiis,</span> <span class='ocrx_word' id='word_1_217' title='bbox 968 2125 1113 2157; x_wconf 79' lang='lat' dir='ltr'>censuris</span> 
     </span>
     <span class='ocr_line' id='line_1_42' title="bbox 357 2175 1111 2219; baseline 0.007 -14"><span class='ocrx_word' id='word_1_218' title='bbox 357 2178 388 2206; x_wconf 86' lang='lat' dir='ltr'>et</span> <span class='ocrx_word' id='word_1_219' title='bbox 403 2175 516 2217; x_wconf 90' lang='lat' dir='ltr'>poenis</span> <span class='ocrx_word' id='word_1_220' title='bbox 527 2201 535 2215; x_wconf 91' lang='lat'>‚</span> <span class='ocrx_word' id='word_1_221' title='bbox 548 2175 642 2208; x_wconf 88' lang='lat' dir='ltr'>etiam</span> <span class='ocrx_word' id='word_1_222' title='bbox 657 2175 865 2218; x_wconf 73' lang='lat' dir='ltr'>pecuniariis,</span> <span class='ocrx_word' id='word_1_223' title='bbox 892 2177 1034 2210; x_wconf 84' lang='lat' dir='ltr'>eiusdem</span> <span class='ocrx_word' id='word_1_224' title='bbox 1052 2190 1111 2219; x_wconf 63' lang='lat' dir='ltr'>gu-</span> 
     </span>
     <span class='ocr_line' id='line_1_43' title="bbox 357 2227 1110 2275; baseline 0.005 -16"><span class='ocrx_word' id='word_1_225' title='bbox 357 2227 539 2261; x_wconf 82' lang='lat' dir='ltr'>bernatoris</span> <span class='ocrx_word' id='word_1_226' title='bbox 563 2229 696 2262; x_wconf 86' lang='lat' dir='ltr'>arbitrio</span> <span class='ocrx_word' id='word_1_227' title='bbox 722 2230 927 2262; x_wconf 77' lang='lat' dir='ltr'>moderandis</span> <span class='ocrx_word' id='word_1_228' title='bbox 952 2237 979 2263; x_wconf 79' lang='lat' dir='ltr'>et</span> <span class='ocrx_word' id='word_1_229' title='bbox 1007 2233 1110 2275; x_wconf 70' lang='grc'><strong>3111111-</strong></span> 
     </span>
     <span class='ocr_line' id='line_1_44' title="bbox 357 2281 1111 2329; baseline 0.007 -16"><span class='ocrx_word' id='word_1_230' title='bbox 357 2281 479 2322; x_wconf 80' lang='lat' dir='ltr'>caudis,</span> <span class='ocrx_word' id='word_1_231' title='bbox 507 2282 692 2324; x_wconf 87' lang='lat' dir='ltr'>inhibendi;</span> <span class='ocrx_word' id='word_1_232' title='bbox 714 2283 998 2329; x_wconf 72' lang='lat' dir='ltr'>inobedientesque</span> <span class='ocrx_word' id='word_1_233' title='bbox 1016 2292 1042 2318; x_wconf 83' lang='lat' dir='ltr'>et</span> <span class='ocrx_word' id='word_1_234' title='bbox 1062 2298 1111 2319; x_wconf 85' lang='lat' dir='ltr'>re-</span> 
     </span>
     <span class='ocr_line' id='line_1_45' title="bbox 356 2334 1111 2379; baseline 0.007 -13"><span class='ocrx_word' id='word_1_235' title='bbox 356 2334 457 2368; x_wconf 85' lang='lat' dir='ltr'>belles</span> <span class='ocrx_word' id='word_1_236' title='bbox 468 2346 693 2379; x_wconf 84' lang='lat' dir='ltr'>quoscumque</span> <span class='ocrx_word' id='word_1_237' title='bbox 704 2337 736 2370; x_wconf 92' lang='lat' dir='ltr'>in</span> <span class='ocrx_word' id='word_1_238' title='bbox 754 2338 937 2376; x_wconf 80' lang='lat' dir='ltr'>sententias,</span> <span class='ocrx_word' id='word_1_239' title='bbox 958 2350 1111 2371; x_wconf 67' lang='lat' dir='ltr'>censuras</span> 
     </span>
     <span class='ocr_line' id='line_1_46' title="bbox 356 2385 1110 2428; baseline 0.003 -12"><span class='ocrx_word' id='word_1_240' title='bbox 356 2389 385 2416; x_wconf 82' lang='lat' dir='ltr'>et</span> <span class='ocrx_word' id='word_1_241' title='bbox 398 2394 519 2428; x_wconf 76' lang='lat' dir='ltr'>poenas</span> <span class='ocrx_word' id='word_1_242' title='bbox 534 2385 720 2418; x_wconf 87' lang='lat' dir='ltr'>lminsmodi</span> <span class='ocrx_word' id='word_1_243' title='bbox 737 2385 885 2419; x_wconf 74' lang='lat' dir='ltr'>incidisse</span> <span class='ocrx_word' id='word_1_244' title='bbox 895 2393 923 2420; x_wconf 90' lang='lat' dir='ltr'>et</span> <span class='ocrx_word' id='word_1_245' title='bbox 938 2388 1110 2421; x_wconf 80' lang='lat' dir='ltr'>incurrisse</span> 
     </span>
     <span class='ocr_line' id='line_1_47' title="bbox 356 2432 1106 2479; baseline 0.005 -14"><span class='ocrx_word' id='word_1_246' title='bbox 356 2432 558 2473; x_wconf 86' lang='lat' dir='ltr'>declarandi,</span> <span class='ocrx_word' id='word_1_247' title='bbox 586 2435 795 2476; x_wconf 81' lang='lat' dir='ltr'>aggravandi,</span> <span class='ocrx_word' id='word_1_248' title='bbox 822 2437 1049 2479; x_wconf 60' lang='lat' dir='ltr'>reageravandi</span> <span class='ocrx_word' id='word_1_249' title='bbox 1082 2444 1106 2468; x_wconf 87' lang='lat' dir='ltr'>et</span> 
     </span>
     <span class='ocr_line' id='line_1_48' title="bbox 357 2482 1112 2526; baseline 0.007 -12"><span class='ocrx_word' id='word_1_250' title='bbox 357 2482 587 2523; x_wconf 86' lang='lat' dir='ltr'>interdicendi,</span> <span class='ocrx_word' id='word_1_251' title='bbox 617 2482 762 2517; x_wconf 78' lang='lat' dir='ltr'>invocato</span> <span class='ocrx_word' id='word_1_252' title='bbox 792 2485 887 2518; x_wconf 82' lang='lat' dir='ltr'>etiam</span> <span class='ocrx_word' id='word_1_253' title='bbox 913 2486 951 2518; x_wconf 89' lang='lat' dir='ltr'>ad</span> <span class='ocrx_word' id='word_1_254' title='bbox 979 2486 1058 2526; x_wconf 90' lang='lat' dir='ltr'>boc,</span> <span class='ocrx_word' id='word_1_255' title='bbox 1087 2487 1112 2519; x_wconf 90' lang='lat' dir='ltr'>si</span> 
     </span>
     <span class='ocr_line' id='line_1_49' title="bbox 356 2531 1111 2574; baseline 0.009 -11"><span class='ocrx_word' id='word_1_256' title='bbox 356 2542 437 2574; x_wconf 85' lang='lat' dir='ltr'>opus</span> <span class='ocrx_word' id='word_1_257' title='bbox 449 2531 556 2573; x_wconf 86' lang='lat' dir='ltr'>suerit,</span> <span class='ocrx_word' id='word_1_258' title='bbox 567 2532 693 2565; x_wconf 80' lang='lat' dir='ltr'>brachii</span> <span class='ocrx_word' id='word_1_259' title='bbox 712 2534 887 2567; x_wconf 80' lang='lat' dir='ltr'>saecularis</span> <span class='ocrx_word' id='word_1_260' title='bbox 902 2535 1033 2569; x_wconf 80' lang='lat' dir='ltr'>auxilio.</span> <span class='ocrx_word' id='word_1_261' title='bbox 1047 2535 1111 2570; x_wconf 84' lang='lat' dir='ltr'>Nec</span> 
     </span>
     <span class='ocr_line' id='line_1_50' title="bbox 357 2581 1113 2626; baseline 0.008 -14"><span class='ocrx_word' id='word_1_262' title='bbox 357 2591 421 2613; x_wconf 85' lang='lat' dir='ltr'>non</span> <span class='ocrx_word' id='word_1_263' title='bbox 443 2592 542 2625; x_wconf 86' lang='lat' dir='ltr'>super</span> <span class='ocrx_word' id='word_1_264' title='bbox 562 2581 745 2626; x_wconf 83' lang='lat' dir='ltr'>praemissis</span> <span class='ocrx_word' id='word_1_265' title='bbox 760 2583 911 2617; x_wconf 92' lang='lat' dir='ltr'>omnibns</span> <span class='ocrx_word' id='word_1_266' title='bbox 927 2585 1113 2626; x_wconf 88' lang='lat' dir='ltr'>summarie,</span> 
     </span>
     <span class='ocr_line' id='line_1_51' title="bbox 359 2630 1113 2679; baseline 0.008 -17"><span class='ocrx_word' id='word_1_267' title='bbox 359 2630 552 2674; x_wconf 87' lang='lat' dir='ltr'>simpliciter</span> <span class='ocrx_word' id='word_1_268' title='bbox 576 2637 606 2665; x_wconf 87' lang='lat' dir='ltr'>et</span> <span class='ocrx_word' id='word_1_269' title='bbox 631 2631 670 2664; x_wconf 85' lang='lat' dir='ltr'>de</span> <span class='ocrx_word' id='word_1_270' title='bbox 696 2633 809 2675; x_wconf 80' lang='lat' dir='ltr'>plano,</span> <span class='ocrx_word' id='word_1_271' title='bbox 835 2633 904 2668; x_wconf 82' lang='lat' dir='ltr'>sine</span> <span class='ocrx_word' id='word_1_272' title='bbox 929 2633 1064 2679; x_wconf 88' lang='lat' dir='ltr'>strepitu</span> <span class='ocrx_word' id='word_1_273' title='bbox 1084 2641 1113 2668; x_wconf 83' lang='lat' dir='ltr'>et</span> 
     </span>
    </p>
   </div>
   <div class='ocr_carea' id='block_1_5' title="bbox 1151 288 1914 2676">
    <p class='ocr_par' dir='ltr' id='par_1_7' title="bbox 1151 288 1908 867">
     <span class='ocr_line' id='line_1_52' title="bbox 1152 288 1905 335; baseline 0.005 -14"><span class='ocrx_word' id='word_1_274' title='bbox 1152 290 1254 331; x_wconf 78' lang='lat' dir='ltr'>ligura</span> <span class='ocrx_word' id='word_1_275' title='bbox 1276 288 1385 321; x_wconf 73' lang='lat' dir='ltr'>iudicii</span> <span class='ocrx_word' id='word_1_276' title='bbox 1417 300 1471 323; x_wconf 83' lang='lat' dir='ltr'>seu</span> <span class='ocrx_word' id='word_1_277' title='bbox 1491 288 1552 322; x_wconf 78' lang='lat' dir='ltr'>tela</span> <span class='ocrx_word' id='word_1_278' title='bbox 1571 288 1750 327; x_wconf 85' lang='lat' dir='ltr'>iudiciaria,</span> <span class='ocrx_word' id='word_1_279' title='bbox 1770 292 1905 335; x_wconf 78' lang='lat' dir='ltr'>singulis</span> 
     </span>
     <span class='ocr_line' id='line_1_53' title="bbox 1151 343 1904 387; baseline 0.007 -13"><span class='ocrx_word' id='word_1_280' title='bbox 1151 343 1300 375; x_wconf 85' lang='lat' dir='ltr'>diebuset</span> <span class='ocrx_word' id='word_1_281' title='bbox 1326 344 1424 378; x_wconf 81' lang='lat' dir='ltr'>boris,</span> <span class='ocrx_word' id='word_1_282' title='bbox 1445 351 1670 387; x_wconf 74' lang='lat' dir='ltr'>praeterquam</span> <span class='ocrx_word' id='word_1_283' title='bbox 1693 345 1724 378; x_wconf 86' lang='grc'>111</span> <span class='ocrx_word' id='word_1_284' title='bbox 1746 346 1904 379; x_wconf 76' lang='lat' dir='ltr'>honorem</span> 
     </span>
     <span class='ocr_line' id='line_1_54' title="bbox 1151 396 1905 443; baseline 0.007 -15"><span class='ocrx_word' id='word_1_285' title='bbox 1151 397 1203 428; x_wconf 89' lang='lat' dir='ltr'>Dei</span> <span class='ocrx_word' id='word_1_286' title='bbox 1222 396 1352 433; x_wconf 76' lang='lat' dir='ltr'>teriatis,</span> <span class='ocrx_word' id='word_1_287' title='bbox 1371 398 1580 441; x_wconf 73' lang='lat' dir='ltr'>procedendi2</span> <span class='ocrx_word' id='word_1_288' title='bbox 1597 399 1763 443; x_wconf 83' lang='lat' dir='ltr'>dictosque</span> <span class='ocrx_word' id='word_1_289' title='bbox 1779 410 1905 433; x_wconf 82' lang='lat' dir='ltr'>merca-</span> 
     </span>
     <span class='ocr_line' id='line_1_55' title="bbox 1151 453 1905 495; baseline 0.007 -13"><span class='ocrx_word' id='word_1_290' title='bbox 1151 455 1236 483; x_wconf 85' lang='lat' dir='ltr'>tores</span> <span class='ocrx_word' id='word_1_291' title='bbox 1257 456 1285 483; x_wconf 86' lang='lat' dir='ltr'>et</span> <span class='ocrx_word' id='word_1_292' title='bbox 1307 462 1419 484; x_wconf 86' lang='lat' dir='ltr'>eorum</span> <span class='ocrx_word' id='word_1_293' title='bbox 1432 453 1609 495; x_wconf 87' lang='lat' dir='ltr'>quemlibet</span> <span class='ocrx_word' id='word_1_294' title='bbox 1630 453 1668 485; x_wconf 87' lang='lat' dir='ltr'>ad</span> <span class='ocrx_word' id='word_1_295' title='bbox 1689 453 1905 487; x_wconf 81' lang='lat' dir='ltr'>exhibendum</span> 
     </span>
     <span class='ocr_line' id='line_1_56' title="bbox 1151 505 1905 548; baseline 0.007 -13"><span class='ocrx_word' id='word_1_296' title='bbox 1151 514 1374 548; x_wconf 82' lang='lat' dir='ltr'>quoscumque</span> <span class='ocrx_word' id='word_1_297' title='bbox 1402 505 1519 545; x_wconf 86' lang='lat' dir='ltr'>libros,</span> <span class='ocrx_word' id='word_1_298' title='bbox 1542 506 1636 539; x_wconf 81' lang='lat' dir='ltr'>ctiam</span> <span class='ocrx_word' id='word_1_299' title='bbox 1659 507 1832 548; x_wconf 87' lang='lat' dir='ltr'>rationum,</span> <span class='ocrx_word' id='word_1_300' title='bbox 1858 508 1905 541; x_wconf 78' lang='lat' dir='ltr'>via</span> 
     </span>
     <span class='ocr_line' id='line_1_57' title="bbox 1153 557 1907 606; baseline 0.009 -17"><span class='ocrx_word' id='word_1_301' title='bbox 1153 557 1230 591; x_wconf 85' lang='lat' dir='ltr'>iuris</span> <span class='ocrx_word' id='word_1_302' title='bbox 1251 564 1278 591; x_wconf 87' lang='lat' dir='ltr'>et</span> <span class='ocrx_word' id='word_1_303' title='bbox 1292 559 1350 592; x_wconf 88' lang='lat' dir='ltr'>sub</span> <span class='ocrx_word' id='word_1_304' title='bbox 1363 559 1482 592; x_wconf 87' lang='lat' dir='ltr'>eisdem</span> <span class='ocrx_word' id='word_1_305' title='bbox 1494 562 1638 594; x_wconf 79' lang='lat' dir='ltr'>censuris</span> <span class='ocrx_word' id='word_1_306' title='bbox 1653 568 1679 594; x_wconf 90' lang='lat' dir='ltr'>et</span> <span class='ocrx_word' id='word_1_307' title='bbox 1699 563 1811 606; x_wconf 86' lang='lat' dir='ltr'>poenis</span> <span class='ocrx_word' id='word_1_308' title='bbox 1821 574 1907 596; x_wconf 92' lang='lat' dir='ltr'>com-</span> 
     </span>
     <span class='ocr_line' id='line_1_58' title="bbox 1153 612 1904 657; baseline 0.011 -15"><span class='ocrx_word' id='word_1_309' title='bbox 1153 612 1305 655; x_wconf 85' lang='lat' dir='ltr'>pellendi,</span> <span class='ocrx_word' id='word_1_310' title='bbox 1320 619 1491 657; x_wconf 81' lang='lat' dir='ltr'>ceteraque</span> <span class='ocrx_word' id='word_1_311' title='bbox 1512 614 1573 646; x_wconf 84' lang='lat' dir='ltr'>alia</span> <span class='ocrx_word' id='word_1_312' title='bbox 1591 615 1741 653; x_wconf 81' lang='lat' dir='ltr'>faciendi,</span> <span class='ocrx_word' id='word_1_313' title='bbox 1764 616 1904 651; x_wconf 76' lang='lat' dir='ltr'>dicendi,</span> 
     </span>
     <span class='ocr_line' id='line_1_59' title="bbox 1152 666 1905 713; baseline 0.007 -16"><span class='ocrx_word' id='word_1_314' title='bbox 1152 666 1296 707; x_wconf 60' lang='lat' dir='ltr'>gerendi,</span> <span class='ocrx_word' id='word_1_315' title='bbox 1319 667 1488 700; x_wconf 75' lang='lat' dir='ltr'>exercendi</span> <span class='ocrx_word' id='word_1_316' title='bbox 1510 673 1536 698; x_wconf 83' lang='lat' dir='ltr'>et</span> <span class='ocrx_word' id='word_1_317' title='bbox 1560 669 1750 712; x_wconf 72' lang='lat' dir='ltr'>exeqiwndi,</span> <span class='ocrx_word' id='word_1_318' title='bbox 1772 680 1854 713; x_wconf 84' lang='lat' dir='ltr'>quae</span> <span class='ocrx_word' id='word_1_319' title='bbox 1875 670 1905 703; x_wconf 92' lang='lat' dir='ltr'>in</span> 
     </span>
     <span class='ocr_line' id='line_1_60' title="bbox 1152 720 1908 762; baseline 0.012 -14"><span class='ocrx_word' id='word_1_320' title='bbox 1152 720 1336 762; x_wconf 75' lang='lat' dir='ltr'>praemissis</span> <span class='ocrx_word' id='word_1_321' title='bbox 1354 721 1504 753; x_wconf 86' lang='lat' dir='ltr'>omnibus</span> <span class='ocrx_word' id='word_1_322' title='bbox 1525 727 1552 754; x_wconf 91' lang='lat' dir='ltr'>et</span> <span class='ocrx_word' id='word_1_323' title='bbox 1571 722 1654 755; x_wconf 84' lang='lat' dir='ltr'>eirca</span> <span class='ocrx_word' id='word_1_324' title='bbox 1674 734 1710 756; x_wconf 81' lang='lat' dir='ltr'>ea</span> <span class='ocrx_word' id='word_1_325' title='bbox 1730 724 1838 757; x_wconf 82' lang='lat' dir='ltr'>onmia</span> <span class='ocrx_word' id='word_1_326' title='bbox 1854 734 1908 757; x_wconf 79' lang='lat' dir='ltr'>ne·</span> 
     </span>
     <span class='ocr_line' id='line_1_61' title="bbox 1153 773 1908 821; baseline 0.008 -17"><span class='ocrx_word' id='word_1_327' title='bbox 1153 773 1289 806; x_wconf 80' lang='lat' dir='ltr'>cessaria</span> <span class='ocrx_word' id='word_1_328' title='bbox 1307 774 1422 807; x_wconf 72' lang='lat' dir='ltr'>suerint</span> <span class='ocrx_word' id='word_1_329' title='bbox 1447 788 1499 808; x_wconf 71' lang='lat' dir='ltr'>seu</span> <span class='ocrx_word' id='word_1_330' title='bbox 1525 777 1767 819; x_wconf 77' lang='lat' dir='ltr'>quomodolibet</span> <span class='ocrx_word' id='word_1_331' title='bbox 1792 788 1908 821; x_wconf 90' lang='lat' dir='ltr'>oppor—</span> 
     </span>
     <span class='ocr_line' id='line_1_62' title="bbox 1152 829 1771 867; baseline 0.008 -9"><span class='ocrx_word' id='word_1_332' title='bbox 1152 831 1241 867; x_wconf 89' lang='lat' dir='ltr'>tuna,</span> <span class='ocrx_word' id='word_1_333' title='bbox 1266 829 1496 861; x_wconf 79' lang='lat' dir='ltr'>committimus</span> <span class='ocrx_word' id='word_1_334' title='bbox 1518 836 1544 861; x_wconf 82' lang='lat' dir='ltr'>et</span> <span class='ocrx_word' id='word_1_335' title='bbox 1569 831 1771 864; x_wconf 84' lang='lat' dir='ltr'>mandamus.</span> 
     </span>
    </p>

    <p class='ocr_par' dir='ltr' id='par_1_8' title="bbox 1152 881 1914 2059">
     <span class='ocr_line' id='line_1_63' title="bbox 1196 881 1903 927; baseline 0.011 -17"><span class='ocrx_word' id='word_1_336' title='bbox 1196 884 1210 923; x_wconf 56' lang='grc' dir='ltr'>ς’</span> <span class='ocrx_word' id='word_1_337' title='bbox 1230 881 1261 914; x_wconf 69' lang='lat'>53.</span> <span class='ocrx_word' id='word_1_338' title='bbox 1293 882 1479 915; x_wconf 77' lang='lat' dir='ltr'>Praemissis</span> <span class='ocrx_word' id='word_1_339' title='bbox 1499 895 1534 917; x_wconf 86' lang='lat' dir='ltr'>ac</span> <span class='ocrx_word' id='word_1_340' title='bbox 1557 884 1724 927; x_wconf 72' lang='lat' dir='ltr'>quibusvis</span> <span class='ocrx_word' id='word_1_341' title='bbox 1741 884 1812 918; x_wconf 83' lang='lat' dir='ltr'>aliis</span> <span class='ocrx_word' id='word_1_342' title='bbox 1828 894 1903 918; x_wconf 86' lang='lat' dir='ltr'>con-</span> 
     </span>
     <span class='ocr_line' id='line_1_64' title="bbox 1153 933 1907 982; baseline 0.007 -17"><span class='ocrx_word' id='word_1_343' title='bbox 1153 933 1372 968; x_wconf 85' lang='lat' dir='ltr'>stitutionibus</span> <span class='ocrx_word' id='word_1_344' title='bbox 1388 942 1415 968; x_wconf 84' lang='lat' dir='ltr'>et</span> <span class='ocrx_word' id='word_1_345' title='bbox 1437 937 1694 970; x_wconf 81' lang='lat' dir='ltr'>ordinationibus</span> <span class='ocrx_word' id='word_1_346' title='bbox 1714 938 1907 982; x_wconf 71' lang='lat' dir='ltr'>apostolicis,</span> 
     </span>
     <span class='ocr_line' id='line_1_65' title="bbox 1152 989 1909 1036; baseline 0.005 -17"><span class='ocrx_word' id='word_1_347' title='bbox 1152 989 1604 1031; x_wconf 77' lang='lat' dir='ltr'>statutis,consuetudinilms,</span> <span class='ocrx_word' id='word_1_348' title='bbox 1625 991 1909 1036; x_wconf 79' lang='lat' dir='ltr'>capitulationibus</span> 
     </span>
     <span class='ocr_line' id='line_1_66' title="bbox 1153 1043 1906 1087; baseline 0.004 -13"><span class='ocrx_word' id='word_1_349' title='bbox 1153 1047 1179 1074; x_wconf 90' lang='lat' dir='ltr'>et</span> <span class='ocrx_word' id='word_1_350' title='bbox 1193 1043 1306 1086; x_wconf 84' lang='lat' dir='ltr'>pactis,</span> <span class='ocrx_word' id='word_1_351' title='bbox 1325 1055 1451 1077; x_wconf 86' lang='lat' dir='ltr'>necnon</span> <span class='ocrx_word' id='word_1_352' title='bbox 1477 1045 1745 1087; x_wconf 68' lang='lat' dir='ltr'>obligationibus,</span> <span class='ocrx_word' id='word_1_353' title='bbox 1764 1046 1858 1079; x_wconf 88' lang='lat' dir='ltr'>etiam</span> <span class='ocrx_word' id='word_1_354' title='bbox 1877 1046 1906 1078; x_wconf 93' lang='lat' dir='ltr'>in</span> 
     </span>
     <span class='ocr_line' id='line_1_67' title="bbox 1152 1095 1908 1138; baseline 0.005 -10"><span class='ocrx_word' id='word_1_355' title='bbox 1152 1095 1234 1129; x_wconf 87' lang='lat' dir='ltr'>dieta</span> <span class='ocrx_word' id='word_1_356' title='bbox 1248 1097 1350 1130; x_wconf 74' lang='lat' dir='ltr'>forma</span> <span class='ocrx_word' id='word_1_357' title='bbox 1362 1098 1526 1138; x_wconf 75' lang='lat' dir='ltr'>Gamerae,</span> <span class='ocrx_word' id='word_1_358' title='bbox 1538 1099 1633 1131; x_wconf 86' lang='lat' dir='ltr'>etiam</span> <span class='ocrx_word' id='word_1_359' title='bbox 1647 1099 1828 1132; x_wconf 89' lang='lat' dir='ltr'>iuramento</span> <span class='ocrx_word' id='word_1_360' title='bbox 1838 1104 1908 1135; x_wconf 67' lang='lat' dir='ltr'>ete,</span> 
     </span>
     <span class='ocr_line' id='line_1_68' title="bbox 1153 1151 1907 1193; baseline 0.005 -11"><span class='ocrx_word' id='word_1_361' title='bbox 1153 1151 1287 1191; x_wconf 65' lang='lat' dir='ltr'>vanans,</span> <span class='ocrx_word' id='word_1_362' title='bbox 1306 1162 1341 1184; x_wconf 90' lang='lat' dir='ltr'>ac</span> <span class='ocrx_word' id='word_1_363' title='bbox 1365 1152 1488 1193; x_wconf 86' lang='lat' dir='ltr'>Palatii,</span> <span class='ocrx_word' id='word_1_364' title='bbox 1507 1151 1622 1185; x_wconf 86' lang='lat' dir='ltr'>Curiae</span> <span class='ocrx_word' id='word_1_365' title='bbox 1638 1163 1673 1185; x_wconf 81' lang='lat' dir='ltr'>ac</span> <span class='ocrx_word' id='word_1_366' title='bbox 1692 1158 1907 1186; x_wconf 72' lang='lat' dir='ltr'>mercatorum</span> 
     </span>
     <span class='ocr_line' id='line_1_69' title="bbox 1153 1205 1909 1250; baseline 0.003 -13"><span class='ocrx_word' id='word_1_367' title='bbox 1153 1210 1181 1237; x_wconf 89' lang='lat' dir='ltr'>et</span> <span class='ocrx_word' id='word_1_368' title='bbox 1203 1205 1391 1239; x_wconf 82' lang='lat' dir='ltr'>huiusmodi</span> <span class='ocrx_word' id='word_1_369' title='bbox 1409 1207 1500 1250; x_wconf 71' lang='lat' dir='ltr'>stylo,</span> <span class='ocrx_word' id='word_1_370' title='bbox 1519 1217 1646 1240; x_wconf 74' lang='lat' dir='ltr'>necnon</span> <span class='ocrx_word' id='word_1_371' title='bbox 1668 1207 1802 1250; x_wconf 82' lang='lat' dir='ltr'>partitis,</span> <span class='ocrx_word' id='word_1_372' title='bbox 1820 1207 1909 1239; x_wconf 76' lang='lat' dir='ltr'>libris</span> 
     </span>
     <span class='ocr_line' id='line_1_70' title="bbox 1154 1260 1908 1306; baseline 0.003 -14"><span class='ocrx_word' id='word_1_373' title='bbox 1154 1265 1183 1292; x_wconf 82' lang='lat' dir='ltr'>et</span> <span class='ocrx_word' id='word_1_374' title='bbox 1209 1260 1387 1294; x_wconf 84' lang='lat' dir='ltr'>rationibus</span> <span class='ocrx_word' id='word_1_375' title='bbox 1421 1273 1456 1294; x_wconf 85' lang='lat' dir='ltr'>ac</span> <span class='ocrx_word' id='word_1_376' title='bbox 1483 1262 1644 1305; x_wconf 83' lang='lat' dir='ltr'>computis</span> <span class='ocrx_word' id='word_1_377' title='bbox 1669 1262 1808 1306; x_wconf 81' lang='lat' dir='ltr'>desuper</span> <span class='ocrx_word' id='word_1_378' title='bbox 1827 1273 1908 1305; x_wconf 85' lang='lat' dir='ltr'>quo-</span> 
     </span>
     <span class='ocr_line' id='line_1_71' title="bbox 1154 1315 1909 1359; baseline 0.004 -14"><span class='ocrx_word' id='word_1_379' title='bbox 1154 1315 1328 1348; x_wconf 88' lang='lat' dir='ltr'>modolibet</span> <span class='ocrx_word' id='word_1_380' title='bbox 1348 1317 1436 1349; x_wconf 78' lang='lat' dir='ltr'>sactis</span> <span class='ocrx_word' id='word_1_381' title='bbox 1457 1322 1484 1349; x_wconf 87' lang='lat' dir='ltr'>et</span> <span class='ocrx_word' id='word_1_382' title='bbox 1508 1316 1671 1359; x_wconf 70' lang='lat' dir='ltr'>quibusvis</span> <span class='ocrx_word' id='word_1_383' title='bbox 1692 1315 1828 1349; x_wconf 80' lang='lat' dir='ltr'>licentiis</span> <span class='ocrx_word' id='word_1_384' title='bbox 1848 1316 1909 1348; x_wconf 85' lang='lat' dir='ltr'>for-</span> 
     </span>
     <span class='ocr_line' id='line_1_72' title="bbox 1154 1369 1907 1414; baseline 0.005 -14"><span class='ocrx_word' id='word_1_385' title='bbox 1154 1379 1209 1400; x_wconf 84' lang='lat' dir='ltr'>san</span> <span class='ocrx_word' id='word_1_386' title='bbox 1230 1369 1323 1402; x_wconf 83' lang='lat' dir='ltr'>dictis</span> <span class='ocrx_word' id='word_1_387' title='bbox 1348 1370 1582 1403; x_wconf 80' lang='lat' dir='ltr'>mercatoribus</span> <span class='ocrx_word' id='word_1_388' title='bbox 1599 1382 1656 1414; x_wconf 85' lang='lat' dir='ltr'>per</span> <span class='ocrx_word' id='word_1_389' title='bbox 1671 1381 1907 1414; x_wconf 79' lang='lat' dir='ltr'>quoscumque.</span> 
     </span>
     <span class='ocr_line' id='line_1_73' title="bbox 1154 1423 1909 1465; baseline 0 -9"><span class='ocrx_word' id='word_1_390' title='bbox 1154 1423 1248 1456; x_wconf 86' lang='lat' dir='ltr'>etiam</span> <span class='ocrx_word' id='word_1_391' title='bbox 1258 1430 1383 1458; x_wconf 83' lang='lat' dir='ltr'>nostros</span> <span class='ocrx_word' id='word_1_392' title='bbox 1394 1425 1531 1458; x_wconf 82' lang='lat' dir='ltr'>maiores</span> <span class='ocrx_word' id='word_1_393' title='bbox 1541 1425 1703 1465; x_wconf 79' lang='lat' dir='ltr'>officiales,</span> <span class='ocrx_word' id='word_1_394' title='bbox 1712 1425 1806 1458; x_wconf 84' lang='lat' dir='ltr'>etiam</span> <span class='ocrx_word' id='word_1_395' title='bbox 1818 1425 1909 1457; x_wconf 63' lang='lat' dir='ltr'>Urbis</span> 
     </span>
     <span class='ocr_line' id='line_1_74' title="bbox 1154 1474 1909 1518; baseline 0.003 -13"><span class='ocrx_word' id='word_1_396' title='bbox 1154 1474 1401 1516; x_wconf 72' lang='lat' dir='ltr'>gubernatores,</span> <span class='ocrx_word' id='word_1_397' title='bbox 1424 1486 1608 1515; x_wconf 78' lang='lat' dir='ltr'>concessas,</span> <span class='ocrx_word' id='word_1_398' title='bbox 1629 1485 1709 1518; x_wconf 90' lang='lat' dir='ltr'>quas</span> <span class='ocrx_word' id='word_1_399' title='bbox 1725 1480 1836 1507; x_wconf 89' lang='lat' dir='ltr'>contra</span> <span class='ocrx_word' id='word_1_400' title='bbox 1856 1485 1909 1507; x_wconf 76' lang='lat' dir='ltr'>ex-</span> 
     </span>
     <span class='ocr_line' id='line_1_75' title="bbox 1154 1528 1910 1570; baseline 0 -11"><span class='ocrx_word' id='word_1_401' title='bbox 1154 1538 1297 1570; x_wconf 85' lang='lat' dir='ltr'>pressam</span> <span class='ocrx_word' id='word_1_402' title='bbox 1324 1534 1463 1561; x_wconf 84' lang='lat' dir='ltr'>mentem</span> <span class='ocrx_word' id='word_1_403' title='bbox 1485 1534 1627 1562; x_wconf 88' lang='lat' dir='ltr'>nostram</span> <span class='ocrx_word' id='word_1_404' title='bbox 1649 1528 1747 1561; x_wconf 84' lang='lat' dir='ltr'>saetas</span> <span class='ocrx_word' id='word_1_405' title='bbox 1767 1539 1833 1560; x_wconf 80' lang='lat' dir='ltr'>esse</span> <span class='ocrx_word' id='word_1_406' title='bbox 1856 1528 1910 1560; x_wconf 80' lang='lat' dir='ltr'>de-</span> 
     </span>
     <span class='ocr_line' id='line_1_76' title="bbox 1155 1582 1910 1626; baseline 0.001 -13"><span class='ocrx_word' id='word_1_407' title='bbox 1155 1582 1328 1621; x_wconf 78' lang='lat' dir='ltr'>claramus,</span> <span class='ocrx_word' id='word_1_408' title='bbox 1352 1582 1533 1626; x_wconf 79' lang='lat' dir='ltr'>ceterisque</span> <span class='ocrx_word' id='word_1_409' title='bbox 1555 1582 1584 1614; x_wconf 93' lang='grc'>111</span> <span class='ocrx_word' id='word_1_410' title='bbox 1607 1582 1807 1615; x_wconf 87' lang='lat' dir='ltr'>contrarium</span> <span class='ocrx_word' id='word_1_411' title='bbox 1829 1593 1910 1626; x_wconf 88' lang='lat' dir='ltr'>quo-</span> 
     </span>
     <span class='ocr_line' id='line_1_77' title="bbox 1156 1634 1911 1679; baseline 0.003 -13"><span class='ocrx_word' id='word_1_412' title='bbox 1156 1634 1329 1668; x_wconf 86' lang='lat' dir='ltr'>modolibet</span> <span class='ocrx_word' id='word_1_413' title='bbox 1341 1635 1544 1676; x_wconf 79' lang='lat' dir='ltr'>facientibus,</span> <span class='ocrx_word' id='word_1_414' title='bbox 1557 1646 1622 1668; x_wconf 92' lang='grc'><strong>11011</strong></span> <span class='ocrx_word' id='word_1_415' title='bbox 1633 1635 1833 1669; x_wconf 85' lang='lat' dir='ltr'>obstantibus</span> <span class='ocrx_word' id='word_1_416' title='bbox 1842 1636 1911 1679; x_wconf 87' lang='lat' dir='ltr'>qui—</span> 
     </span>
     <span class='ocr_line' id='line_1_78' title="bbox 1154 1689 1910 1733; baseline 0.001 -12"><span class='ocrx_word' id='word_1_417' title='bbox 1154 1689 1370 1733; x_wconf 79' lang='lat' dir='ltr'>buscumque,</span> <span class='ocrx_word' id='word_1_418' title='bbox 1394 1696 1610 1723; x_wconf 81' lang='lat' dir='ltr'>mercatorum</span> <span class='ocrx_word' id='word_1_419' title='bbox 1625 1696 1653 1724; x_wconf 86' lang='lat' dir='ltr'>et</span> <span class='ocrx_word' id='word_1_420' title='bbox 1665 1690 1837 1723; x_wconf 86' lang='lat' dir='ltr'>curialium</span> <span class='ocrx_word' id='word_1_421' title='bbox 1849 1691 1910 1722; x_wconf 78' lang='lat' dir='ltr'>liu-</span> 
     </span>
     <span class='ocr_line' id='line_1_79' title="bbox 1155 1744 1908 1788; baseline 0.003 -12"><span class='ocrx_word' id='word_1_422' title='bbox 1155 1744 1296 1777; x_wconf 88' lang='lat' dir='ltr'>iusmodi</span> <span class='ocrx_word' id='word_1_423' title='bbox 1317 1744 1461 1785; x_wconf 90' lang='lat' dir='ltr'>nomina,</span> <span class='ocrx_word' id='word_1_424' title='bbox 1474 1744 1666 1788; x_wconf 75' lang='lat' dir='ltr'>cognomina</span> <span class='ocrx_word' id='word_1_425' title='bbox 1679 1750 1707 1777; x_wconf 79' lang='lat' dir='ltr'>et</span> <span class='ocrx_word' id='word_1_426' title='bbox 1727 1744 1908 1788; x_wconf 74' lang='lat' dir='ltr'>qualitates.</span> 
     </span>
     <span class='ocr_line' id='line_1_80' title="bbox 1156 1798 1912 1842; baseline -0.001 -11"><span class='ocrx_word' id='word_1_427' title='bbox 1156 1803 1182 1831; x_wconf 82' lang='lat' dir='ltr'>et</span> <span class='ocrx_word' id='word_1_428' title='bbox 1198 1798 1410 1842; x_wconf 79' lang='lat' dir='ltr'>pecuniarum</span> <span class='ocrx_word' id='word_1_429' title='bbox 1429 1805 1456 1831; x_wconf 88' lang='lat' dir='ltr'>et</span> <span class='ocrx_word' id='word_1_430' title='bbox 1479 1798 1675 1832; x_wconf 81' lang='lat' dir='ltr'>creditorum</span> <span class='ocrx_word' id='word_1_431' title='bbox 1687 1799 1912 1842; x_wconf 83' lang='lat' dir='ltr'>quantitatem,</span> 
     </span>
     <span class='ocr_line' id='line_1_81' title="bbox 1155 1852 1911 1897; baseline 0.001 -13"><span class='ocrx_word' id='word_1_432' title='bbox 1155 1852 1360 1897; x_wconf 81' lang='lat' dir='ltr'>aliorumque</span> <span class='ocrx_word' id='word_1_433' title='bbox 1382 1853 1433 1885; x_wconf 81' lang='lat' dir='ltr'>liic</span> <span class='ocrx_word' id='word_1_434' title='bbox 1461 1854 1565 1886; x_wconf 79' lang='lat' dir='ltr'>forsan</span> <span class='ocrx_word' id='word_1_435' title='bbox 1587 1854 1626 1886; x_wconf 83' lang='lat' dir='ltr'>de.</span> <span class='ocrx_word' id='word_1_436' title='bbox 1652 1853 1838 1887; x_wconf 74' lang='lat' dir='ltr'>necessitate</span> <span class='ocrx_word' id='word_1_437' title='bbox 1859 1865 1911 1887; x_wconf 78' lang='lat' dir='ltr'>ex-</span> 
     </span>
     <span class='ocr_line' id='line_1_82' title="bbox 1156 1906 1914 1959; baseline 0.001 -20"><span class='ocrx_word' id='word_1_438' title='bbox 1156 1906 1252 1950; x_wconf 87' lang='lat' dir='ltr'>primi</span> <span class='ocrx_word' id='word_1_439' title='bbox 1281 1907 1538 1940; x_wconf 85' lang='lat' dir='ltr'>necessariorum</span> <span class='ocrx_word' id='word_1_440' title='bbox 1571 1912 1718 1947; x_wconf 87' lang='lat' dir='ltr'>tenores,</span> <span class='ocrx_word' id='word_1_441' title='bbox 1746 1907 1914 1959; x_wconf 49' lang='lat' dir='ltr'>continen—</span> 
     </span>
     <span class='ocr_line' id='line_1_83' title="bbox 1156 1960 1911 2004; baseline 0.003 -12"><span class='ocrx_word' id='word_1_442' title='bbox 1156 1960 1231 1999; x_wconf 84' lang='lat' dir='ltr'>tias⁷</span> <span class='ocrx_word' id='word_1_443' title='bbox 1261 1962 1380 1993; x_wconf 82' lang='lat' dir='ltr'>lormas</span> <span class='ocrx_word' id='word_1_444' title='bbox 1406 1966 1432 1994; x_wconf 85' lang='lat' dir='ltr'>et</span> <span class='ocrx_word' id='word_1_445' title='bbox 1461 1960 1653 2004; x_wconf 83' lang='lat' dir='ltr'>compendia</span> <span class='ocrx_word' id='word_1_446' title='bbox 1679 1972 1737 2004; x_wconf 88' lang='lat' dir='ltr'>pro</span> <span class='ocrx_word' id='word_1_447' title='bbox 1763 1961 1857 2004; x_wconf 82' lang='lat' dir='ltr'>plene</span> <span class='ocrx_word' id='word_1_448' title='bbox 1883 1967 1911 1994; x_wconf 85' lang='lat' dir='ltr'>et</span> 
     </span>
     <span class='ocr_line' id='line_1_84' title="bbox 1156 2014 1720 2059; baseline 0.002 -13"><span class='ocrx_word' id='word_1_449' title='bbox 1156 2014 1354 2048; x_wconf 80' lang='lat' dir='ltr'>sullicienter</span> <span class='ocrx_word' id='word_1_450' title='bbox 1375 2015 1532 2059; x_wconf 78' lang='lat' dir='ltr'>expressis</span> <span class='ocrx_word' id='word_1_451' title='bbox 1553 2016 1720 2047; x_wconf 74' lang='lat' dir='ltr'>balwntes.</span> 
     </span>
    </p>

    <p class='ocr_par' dir='ltr' id='par_1_9' title="bbox 1155 2067 1914 2274">
     <span class='ocr_line' id='line_1_85' title="bbox 1199 2067 1911 2114; baseline 0.004 -15"><span class='ocrx_word' id='word_1_452' title='bbox 1199 2068 1214 2111; x_wconf 70' lang='grc' dir='ltr'>ξ</span> <span class='ocrx_word' id='word_1_453' title='bbox 1233 2067 1264 2101; x_wconf 72' lang='lat' dir='ltr'>st.</span> <span class='ocrx_word' id='word_1_454' title='bbox 1288 2069 1532 2112; x_wconf 73' lang='lat' dir='ltr'>Praesentisque</span> <span class='ocrx_word' id='word_1_455' title='bbox 1548 2069 1646 2101; x_wconf 84' lang='lat' dir='ltr'>nostri</span> <span class='ocrx_word' id='word_1_456' title='bbox 1664 2074 1769 2101; x_wconf 83' lang='lat' dir='ltr'>motus</span> <span class='ocrx_word' id='word_1_457' title='bbox 1790 2070 1911 2114; x_wconf 87' lang='lat' dir='ltr'>proprii</span> 
     </span>
     <span class='ocr_line' id='line_1_86' title="bbox 1155 2121 1914 2165; baseline 0.003 -12"><span class='ocrx_word' id='word_1_458' title='bbox 1155 2122 1254 2154; x_wconf 88' lang='lat' dir='ltr'>solam</span> <span class='ocrx_word' id='word_1_459' title='bbox 1266 2121 1475 2164; x_wconf 65' lang='lat' dir='ltr'>signaturam,</span> <span class='ocrx_word' id='word_1_460' title='bbox 1493 2122 1914 2165; x_wconf 38' lang='grc'><strong>311511111-1111115100151111111-</strong></span> 
     </span>
     <span class='ocr_line' id='line_1_87' title="bbox 1156 2176 1912 2220; baseline 0.001 -12"><span class='ocrx_word' id='word_1_461' title='bbox 1156 2187 1199 2215; x_wconf 83' lang='lat' dir='ltr'>ra,</span> <span class='ocrx_word' id='word_1_462' title='bbox 1217 2176 1364 2210; x_wconf 79' lang='lat' dir='ltr'>sullicerc</span> <span class='ocrx_word' id='word_1_463' title='bbox 1378 2184 1403 2208; x_wconf 81' lang='lat' dir='ltr'>et</span> <span class='ocrx_word' id='word_1_464' title='bbox 1420 2177 1538 2220; x_wconf 76' lang='lat' dir='ltr'>ubique</span> <span class='ocrx_word' id='word_1_465' title='bbox 1558 2176 1605 2207; x_wconf 73' lang='lat' dir='ltr'>tid·</span> <span class='ocrx_word' id='word_1_466' title='bbox 1622 2187 1649 2207; x_wconf 93' lang='lat' dir='ltr'>m</span> <span class='ocrx_word' id='word_1_467' title='bbox 1666 2176 1781 2212; x_wconf 59' lang='lat' dir='ltr'>liu-ere,</span> <span class='ocrx_word' id='word_1_468' title='bbox 1801 2182 1863 2208; x_wconf 88' lang='lat' dir='ltr'>tam</span> <span class='ocrx_word' id='word_1_469' title='bbox 1883 2177 1912 2209; x_wconf 87' lang='lat' dir='ltr'>in</span> 
     </span>
     <span class='ocr_line' id='line_1_88' title="bbox 1155 2230 1909 2274; baseline 0.003 -12"><span class='ocrx_word' id='word_1_470' title='bbox 1155 2230 1275 2263; x_wconf 86' lang='lat' dir='ltr'>iudicio</span> <span class='ocrx_word' id='word_1_471' title='bbox 1296 2243 1392 2273; x_wconf 85' lang='lat' dir='ltr'>quam</span> <span class='ocrx_word' id='word_1_472' title='bbox 1414 2237 1514 2270; x_wconf 58' lang='lat' dir='ltr'>extra,</span> <span class='ocrx_word' id='word_1_473' title='bbox 1537 2230 1753 2274; x_wconf 66' lang='lat' dir='ltr'>attentuquod</span> <span class='ocrx_word' id='word_1_474' title='bbox 1768 2231 1797 2263; x_wconf 90' lang='grc'>111</span> <span class='ocrx_word' id='word_1_475' title='bbox 1817 2232 1909 2264; x_wconf 62' lang='lat' dir='ltr'>l&#39;rl·c.</span> 
     </span>
    </p>

    <p class='ocr_par' dir='ltr' id='par_1_10' title="bbox 1154 2284 1911 2676">
     <span class='ocr_line' id='line_1_89' title="bbox 1199 2284 1911 2324; baseline -0.001 -7"><span class='ocrx_word' id='word_1_476' title='bbox 1199 2286 1213 2324; x_wconf 64' lang='grc' dir='ltr'>,ξ</span> <span class='ocrx_word' id='word_1_477' title='bbox 1234 2285 1265 2317; x_wconf 77' lang='grc'>5.</span> <span class='ocrx_word' id='word_1_478' title='bbox 1286 2285 1321 2317; x_wconf 70' lang='lat' dir='ltr'>tit</span> <span class='ocrx_word' id='word_1_479' title='bbox 1343 2284 1426 2317; x_wconf 64' lang='lat' dir='ltr'>iuxta</span> <span class='ocrx_word' id='word_1_480' title='bbox 1455 2284 1539 2316; x_wconf 89' lang='lat' dir='ltr'>illius</span> <span class='ocrx_word' id='word_1_481' title='bbox 1562 2286 1696 2316; x_wconf 75' lang='lat' dir='ltr'>t&#39;orutam</span> <span class='ocrx_word' id='word_1_482' title='bbox 1719 2290 1746 2316; x_wconf 82' lang='lat' dir='ltr'>et</span> <span class='ocrx_word' id='word_1_483' title='bbox 1767 2290 1911 2317; x_wconf 72' lang='lat' dir='ltr'>tcumem</span> 
     </span>
     <span class='ocr_line' id='line_1_90' title="bbox 1156 2337 1908 2381; baseline 0 -11"><span class='ocrx_word' id='word_1_484' title='bbox 1156 2349 1212 2381; x_wconf 87' lang='lat' dir='ltr'>per</span> <span class='ocrx_word' id='word_1_485' title='bbox 1232 2337 1589 2381; x_wconf 75' lang='lat' dir='ltr'>quoscumqueindices</span> <span class='ocrx_word' id='word_1_486' title='bbox 1610 2342 1681 2373; x_wconf 72' lang='lat' dir='ltr'>ele„</span> <span class='ocrx_word' id='word_1_487' title='bbox 1701 2337 1908 2374; x_wconf 72' lang='lat' dir='ltr'>sublataelae·.,</span> 
     </span>
     <span class='ocr_line' id='line_1_91' title="bbox 1156 2387 1910 2431; baseline 0 -12"><span class='ocrx_word' id='word_1_488' title='bbox 1156 2387 1292 2419; x_wconf 83' lang='lat' dir='ltr'>iudicari</span> <span class='ocrx_word' id='word_1_489' title='bbox 1313 2392 1369 2420; x_wconf 80' lang='lat' dir='ltr'>elc.</span> <span class='ocrx_word' id='word_1_490' title='bbox 1397 2388 1525 2420; x_wconf 85' lang='lat' dir='ltr'>debere.</span> <span class='ocrx_word' id='word_1_491' title='bbox 1550 2387 1581 2419; x_wconf 62' lang='lat' dir='ltr'>N-</span> <span class='ocrx_word' id='word_1_492' title='bbox 1597 2399 1612 2419; x_wconf 83' lang='lat' dir='ltr'>c</span> <span class='ocrx_word' id='word_1_493' title='bbox 1634 2388 1670 2418; x_wconf 82' lang='lat' dir='ltr'>de</span> <span class='ocrx_word' id='word_1_494' title='bbox 1693 2387 1910 2431; x_wconf 72' lang='lat' dir='ltr'>subrepticuris</span> 
     </span>
     <span class='ocr_line' id='line_1_92' title="bbox 1154 2436 1909 2480; baseline 0.003 -13"><span class='ocrx_word' id='word_1_495' title='bbox 1154 2437 1202 2469; x_wconf 74' lang='lat' dir='ltr'>vel</span> <span class='ocrx_word' id='word_1_496' title='bbox 1227 2436 1427 2480; x_wconf 80' lang='lat' dir='ltr'>obreptionis</span> <span class='ocrx_word' id='word_1_497' title='bbox 1451 2436 1524 2469; x_wconf 68' lang='lat' dir='ltr'>vitio</span> <span class='ocrx_word' id='word_1_498' title='bbox 1550 2448 1605 2469; x_wconf 84' lang='lat' dir='ltr'>seu</span> <span class='ocrx_word' id='word_1_499' title='bbox 1633 2436 1818 2469; x_wconf 79' lang='lat' dir='ltr'>intentionis</span> <span class='ocrx_word' id='word_1_500' title='bbox 1850 2448 1909 2469; x_wconf 88' lang='lat' dir='ltr'>no-</span> 
     </span>
     <span class='ocr_line' id='line_1_93' title="bbox 1155 2485 1910 2529; baseline 0 -12"><span class='ocrx_word' id='word_1_501' title='bbox 1155 2491 1237 2518; x_wconf 84' lang='lat' dir='ltr'>strae</span> <span class='ocrx_word' id='word_1_502' title='bbox 1247 2486 1374 2519; x_wconf 82' lang='lat' dir='ltr'>defectu</span> <span class='ocrx_word' id='word_1_503' title='bbox 1387 2487 1453 2519; x_wconf 93' lang='lat' dir='ltr'>ullo</span> <span class='ocrx_word' id='word_1_504' title='bbox 1464 2496 1618 2529; x_wconf 90' lang='lat' dir='ltr'>umquam</span> <span class='ocrx_word' id='word_1_505' title='bbox 1636 2490 1780 2529; x_wconf 83' lang='lat' dir='ltr'>tempore.</span> <span class='ocrx_word' id='word_1_506' title='bbox 1806 2485 1910 2518; x_wconf 87' lang='lat' dir='ltr'>notari</span> 
     </span>
     <span class='ocr_line' id='line_1_94' title="bbox 1155 2534 1899 2579; baseline -0.001 -12"><span class='ocrx_word' id='word_1_507' title='bbox 1155 2534 1405 2579; x_wconf 74' lang='lat' dir='ltr'>autimpugnari</span> <span class='ocrx_word' id='word_1_508' title='bbox 1422 2546 1528 2579; x_wconf 87' lang='lat' dir='ltr'>posse,</span> <span class='ocrx_word' id='word_1_509' title='bbox 1550 2535 1699 2578; x_wconf 85' lang='lat' dir='ltr'>illiusque</span> <span class='ocrx_word' id='word_1_510' title='bbox 1717 2535 1830 2578; x_wconf 67' lang='lat' dir='ltr'>copiae,</span> <span class='ocrx_word' id='word_1_511' title='bbox 1850 2546 1899 2578; x_wconf 79' lang='lat' dir='ltr'>pet</span> 
     </span>
     <span class='ocr_line' id='line_1_95' title="bbox 1155 2584 1907 2626; baseline -0.003 -10"><span class='ocrx_word' id='word_1_512' title='bbox 1155 2595 1258 2617; x_wconf 89' lang='lat' dir='ltr'>unum</span> <span class='ocrx_word' id='word_1_513' title='bbox 1269 2596 1306 2617; x_wconf 84' lang='lat' dir='ltr'>ex</span> <span class='ocrx_word' id='word_1_514' title='bbox 1321 2585 1439 2618; x_wconf 83' lang='lat' dir='ltr'>nostris</span> <span class='ocrx_word' id='word_1_515' title='bbox 1459 2585 1647 2618; x_wconf 85' lang='lat' dir='ltr'>cursoribus</span> <span class='ocrx_word' id='word_1_516' title='bbox 1668 2595 1740 2617; x_wconf 87' lang='lat' dir='ltr'>eum</span> <span class='ocrx_word' id='word_1_517' title='bbox 1762 2584 1907 2626; x_wconf 75' lang='lat' dir='ltr'>originali</span> 
     </span>
     <span class='ocr_line' id='line_1_96' title="bbox 1156 2634 1908 2676; baseline -0.001 -10"><span class='ocrx_word' id='word_1_518' title='bbox 1156 2634 1370 2675; x_wconf 80' lang='lat' dir='ltr'>auscultatae,</span> <span class='ocrx_word' id='word_1_519' title='bbox 1393 2640 1420 2667; x_wconf 82' lang='lat' dir='ltr'>et</span> <span class='ocrx_word' id='word_1_520' title='bbox 1445 2634 1822 2676; x_wconf 83' lang='lat' dir='ltr'>mercatorilmsaliisque</span> <span class='ocrx_word' id='word_1_521' title='bbox 1836 2643 1908 2676; x_wconf 82' lang='lat' dir='ltr'>per-</span> 
     </span>
    </p>
   </div>
   <div class='ocr_carea' id='block_1_6' title="bbox 1921 237 2104 266">
    <p class='ocr_par' dir='ltr' id='par_1_11' title="bbox 1921 237 2104 266">
     <span class='ocr_line' id='line_1_97' title="bbox 1921 237 2104 266; baseline -0.005 0"><span class='ocrx_word' id='word_1_522' title='bbox 1921 239 1970 266; x_wconf 70' lang='lat' dir='ltr'>An.</span> <span class='ocrx_word' id='word_1_523' title='bbox 1988 239 2017 265; x_wconf 92' lang='lat' dir='ltr'>C.</span> <span class='ocrx_word' id='word_1_524' title='bbox 2037 237 2104 266; x_wconf 70' lang='lat'>¹559</span> 
     </span>
    </p>
   </div>
   <div class='ocr_carea' id='block_1_7' title="bbox 1926 898 2109 955">
    <p class='ocr_par' dir='ltr' id='par_1_12' title="bbox 1926 898 2109 955">
     <span class='ocr_line' id='line_1_98' title="bbox 1951 898 2109 918; baseline 0.006 -1"><span class='ocrx_word' id='word_1_525' title='bbox 1951 898 2032 917; x_wconf 62' lang='lat' dir='ltr'>clausu?</span> <span class='ocrx_word' id='word_1_526' title='bbox 2052 904 2060 917; x_wconf 66' lang='lat'>&#39;.·</span> <span class='ocrx_word' id='word_1_527' title='bbox 2076 898 2109 918; x_wconf 65' lang='lat' dir='ltr'>d:-</span> 
     </span>
     <span class='ocr_line' id='line_1_99' title="bbox 1926 930 2051 955; baseline -0.008 -6"><span class='ocrx_word' id='word_1_528' title='bbox 1926 930 2051 955; x_wconf 50' lang='lat' dir='ltr'>regaturne.</span> 
     </span>
    </p>
   </div>
   <div class='ocr_carea' id='block_1_8' title="bbox 1929 2088 2113 2140">
    <p class='ocr_par' dir='ltr' id='par_1_13' title="bbox 1929 2088 2113 2140">
     <span class='ocr_line' id='line_1_100' title="bbox 1941 2088 2113 2114; baseline 0 -6"><span class='ocrx_word' id='word_1_529' title='bbox 1941 2088 1989 2108; x_wconf 69' lang='lat' dir='ltr'>Solu</span> <span class='ocrx_word' id='word_1_530' title='bbox 2006 2089 2113 2114; x_wconf 72' lang='lat' dir='ltr'>signatura</span> 
     </span>
     <span class='ocr_line' id='line_1_101' title="bbox 1929 2120 2011 2140; baseline -0.012 0"><span class='ocrx_word' id='word_1_531' title='bbox 1929 2120 2011 2140; x_wconf 54' lang='lat' dir='ltr'>sutiles.</span> 
     </span>
    </p>
   </div>
   <div class='ocr_carea' id='block_1_9' title="bbox 1928 2305 2112 2358">
    <p class='ocr_par' dir='ltr' id='par_1_14' title="bbox 1928 2305 2112 2358">
     <span class='ocr_line' id='line_1_102' title="bbox 1940 2305 2112 2333; baseline 0.006 -7"><span class='ocrx_word' id='word_1_532' title='bbox 1940 2305 2049 2327; x_wconf 60' lang='lat' dir='ltr'>consutae</span> <span class='ocrx_word' id='word_1_533' title='bbox 2061 2313 2112 2333; x_wconf 71' lang='lat' dir='ltr'>pra·</span> 
     </span>
     <span class='ocr_line' id='line_1_103' title="bbox 1928 2339 2054 2358; baseline 0.008 -1"><span class='ocrx_word' id='word_1_534' title='bbox 1928 2339 2054 2358; x_wconf 62' lang='lat' dir='ltr'>servativae.</span> 
     </span>
    </p>
   </div>
  </div>
 </body>
</html>
