2237 3100
233 278 282 305 An.
300 278 328 305 C.
349 276 415 305 ¹56&

258 1591 295 1614 Hie
316 1591 414 1613 Pontifex

231 1629 268 1650 pro
285 1622 414 1643 reformatio-

231 1660 257 1675 ne
280 1655 349 1680 gregis
377 1654 415 1674 do-

231 1688 303 1707 minin-i
321 1687 415 1707 coh-bra-

231 1719 248 1738 ri
264 1718 329 1738 voluit.
353 1724 413 1738 rone.

231 1748 284 1770 Tria.

245 2291 357 2314 Romanam
374 2292 415 2313 Cu-

230 2326 282 2345 riam
299 2327 319 2345 et
331 2325 375 2345 eius
386 2324 416 2344 os-

231 2356 414 2381 ociaretornmtt,

230 2389 280 2408 utin
290 2388 360 2408 multis
367 2394 417 2408 con-

231 2421 336 2440 stitution.
354 2425 416 2446 prac-

231 2451 368 2475 cedentibus;

475 266 541 303 310

431 330 698 375 archiepiscopali
728 334 758 363 et
783 326 896 361 maiori
922 325 1117 369 praecellant
1132 323 1179 355 di-

430 387 549 431 gnitate
562 412 570 426 ,
587 386 767 428 ingressum
787 380 940 415 ecclesiae
960 377 1177 417 interdictum,

433 450 552 483 eosque
577 439 616 472 ab
641 436 851 471 ecclesiarum
873 443 1004 467 suarum
1025 430 1181 474 regimine

432 499 462 526 et
482 491 756 526 administratione
771 498 943 531 suspensos
963 485 1108 518 existere.

475 547 579 579 Placet
593 573 600 585 ,
624 543 808 588 publicetur
827 546 857 574 et
877 539 1086 573 describatur.
1111 538 1133 570 Ι.

475 600 568 632 Lecta
584 604 611 631 et
631 596 792 641 publicata
813 594 871 627 suit
891 593 1109 637 suprascripta
1133 602 1181 624 re-

431 654 505 696 gula
538 653 656 685 Romae
691 651 723 683 in
751 648 947 683 Cancellaria
980 646 1160 691 Apostolica
1173 672 1180 682 ,

433 717 517 739 anno
542 703 773 738 Incarnationis
801 702 982 735 dominicae
1010 700 1181 733 millesimo

431 758 689 803 quingentesimo
706 755 1030 799 sexagesimoquarto,
1042 754 1092 787 dic
1107 763 1180 786 vcro

433 813 554 852 martis,
572 812 684 845 ultima
705 809 822 843 mensis
843 809 994 847 octobris,
1017 807 1181 852 pontifica-

433 872 484 899 tus
505 864 627 910 prsefati
653 863 843 897 sanctissimi
864 862 985 895 domini
1006 861 1106 895 nostri
1126 861 1182 893 Pa-

431 931 490 965 pae
511 930 595 952 anno
608 929 636 952 v.

458 978 542 1008 Publ.
558 978 604 1007 die
621 977 653 1006 31
675 975 802 1006 octobris
816 975 900 1008 1564,
916 974 1018 1013 pontif.
1033 984 1109 1003 anno
1127 983 1151 1003 v.

772 1151 844 1184 CVI.

428 1229 504 1263 Atia
525 1233 553 1262 et
573 1228 711 1261 secunda
732 1226 919 1268 reformatio
941 1225 1114 1258 trilntmtlis
1125 1224 1181 1257 Rc-

476 1283 628 1315 verendae
659 1281 813 1313 Gamerae
845 1279 1047 1322 Apostolicae
1067 1283 1095 1311 et
1115 1278 1180 1321 osli-

475 1337 605 1369 ciciliam
629 1336 707 1367 eius.

526 1417 586 1445 Pius
607 1416 749 1451 episcopus
764 1422 859 1443 servus
874 1421 1015 1442 servorum
1026 1413 1080 1445 Dei,

576 1466 610 1493 ad
628 1466 789 1501 perpetuam
808 1463 850 1491 rei
866 1463 1035 1490 memoriam.

473 1537 552 1571 Cum
574 1536 657 1569 inter
677 1542 798 1568 ceteras
818 1534 916 1567 animi
934 1533 1178 1576 euras,‹:1uilms,

430 1591 462 1624 in
482 1591 541 1623 hac
562 1590 725 1634 praecelsa
742 1588 825 1621 beati
844 1588 927 1621 Petri
949 1588 1042 1628 Sede,
1062 1585 1182 1621 meritis

429 1645 504 1678 licet.
519 1643 708 1688 imparibus,
727 1641 1054 1685 cot‘istitnti,quotidie
1075 1640 1182 1673 solici-

429 1704 549 1739 tamur,
572 1697 626 1730 illa
645 1698 692 1730 vel
714 1708 730 1729 a
752 1695 936 1739 primordiis
955 1694 1183 1738 assumptionis

429 1756 557 1785 nostrae
595 1751 634 1784 ad
672 1749 790 1783 summi
829 1749 1024 1792 apostolatus
1058 1747 1181 1790 apicem

429 1805 605 1851 praecipua
619 1804 715 1838 suerit
731 1810 765 1836 ut
781 1804 966 1835 universum
983 1813 1110 1845 gregem
1128 1801 1183 1833 do-

430 1860 587 1893 minicum
613 1858 687 1892 fidei
720 1863 849 1891 nostrae
884 1856 1109 1895 commissum,
1144 1856 1181 1888 ad

429 1913 541 1946 illicita
555 1912 645 1945 valde
662 1911 849 1956 proclivem,
866 1921 925 1954 pro
939 1909 1031 1943 nobis
1047 1909 1182 1941 iniuncti

430 1967 574 2000 muneris
594 1965 712 2005 officio,
726 1965 757 1997 in
778 1964 861 1997 viam
881 1964 991 1996 salutis
1011 1964 1182 1995 reduerme·

429 2031 513 2061 mus,
532 2020 665 2064 eiusque
682 2019 728 2052 rei
749 2018 861 2061 gratia,
884 2028 1009 2049 sacrum
1033 2027 1183 2049 oecume-

428 2075 539 2108 nicum
570 2079 600 2107 et
619 2073 769 2117 generale
799 2070 972 2104 concilium
1002 2070 1034 2102 in
1060 2070 1182 2103 civitate

429 2128 613 2161 Tridentina
634 2125 858 2165 indicendum,
879 2124 1108 2157 celebrandum
1130 2129 1159 2156 et
1173 2151 1180 2164 ,

427 2182 492 2215 Deo
512 2181 644 2221 favente,
665 2179 894 2213 absolvendum
917 2177 1135 2211 convenimus.

473 2236 488 2279 ἓ
507 2235 539 2268 1.
567 2235 604 2268 Et
628 2239 799 2279 propterea
816 2244 868 2273 ne,
882 2232 959 2265 dum
980 2232 1056 2265 soris
1077 2232 1114 2264 de
1135 2242 1184 2263 rc-

428 2289 606 2323 formandis
626 2289 658 2321 in
684 2287 855 2321 universali
876 2285 1019 2319 Ecclesia
1039 2285 1184 2318 moribus

431 2344 637 2383 tractabatur,
654 2342 781 2376 interim
802 2342 904 2386 ipsam
923 2351 1050 2373 morum
1070 2350 1184 2373 censu-

430 2408 499 2431 ram
519 2397 619 2438 domi,
641 2396 788 2430 videlicet
816 2395 901 2439 apud
936 2395 1049 2428 Sedent
1072 2394 1183 2437 ipsam,

431 2452 608 2485 detrectare
624 2479 631 2491 ,
654 2460 850 2493 causamque
877 2449 991 2482 Curiae
1022 2448 1182 2481 Romanae

431 2510 461 2540 et
481 2506 583 2538 almae
604 2504 697 2537 Urbis
718 2509 856 2543 nostrae,
879 2503 911 2535 in
932 2514 995 2546 qua
1015 2501 1182 2534 sacerdotii

429 2557 651 2604 principatum
676 2562 706 2590 et
731 2556 921 2590 christianae
946 2555 1110 2598 religionis
1131 2566 1183 2587 ca-

430 2617 507 2656 put,
531 2611 616 2644 unde
639 2610 753 2643 merito
788 2609 927 2642 universi
962 2608 1184 2641 christifideles

430 2671 535 2701 rectae
547 2664 788 2708 catholicaeque
800 2663 879 2697 vitae
896 2667 1059 2697 sumerent
1076 2671 1184 2695 exem-

1026 269 1205 295 BULLARIUM
1228 267 1377 292 ROMANUM

1985 258 2033 285 An.
2053 258 2081 285 C.
2101 256 2168 285 ¹56&

1224 321 1326 364 plum,
1348 319 1452 352 divina
1472 317 1609 351 instituit
1627 315 1839 356 Providentia,
1863 319 1970 358 prote-

1223 375 1288 407 lare
1313 374 1515 412 videremur,
1538 372 1739 414 qulnimmo,
1767 376 1801 403 ut
1832 380 1849 402 a
1874 369 1970 402 domo

1222 433 1330 461 nostra
1352 426 1506 459 iudicium
1531 425 1698 469 inciperet,
1721 424 1848 458 Curiam
1869 423 1969 466 ipsam

1223 494 1259 515 ac
1279 481 1471 525 praecipuos
1490 480 1577 513 illius
1597 479 1800 523 magistratus
1814 505 1821 519 ,
1843 477 1971 511 ordines

1223 544 1250 571 et
1276 538 1381 571 officia
1402 537 1510 570 multis
1527 535 1708 569 excessibus
1719 541 1748 568 et
1764 534 1968 578 corrupteliS,

1222 603 1317 635 quae,
1340 601 1452 624 vesana
1486 590 1654 622 hominum
1684 588 1824 629 libidine,
1841 588 1872 621 in
1900 598 1970 621 eam

1223 645 1339 679 sensim
1374 645 1588 688 irrepserant,
1611 643 1744 676 summis
1771 648 1838 676 tum
1866 642 1970 675 studio

1223 705 1290 732 tum
1311 698 1475 740 diligentia
1500 697 1791 742 repurgaverimus.

1267 754 1280 794 ξ
1301 753 1332 786 a.
1365 753 1400 785 Et
1430 752 1503 784 inde
1524 751 1667 784 animum
1688 756 1832 784 nostrum
1853 750 1893 783 ad
1912 749 1970 783 Ca-

1224 817 1344 840 meram
1379 805 1593 850 Apostolicam
1608 833 1615 846 ,
1651 805 1689 838 ad
1723 816 1820 848 quam
1845 804 1971 847 negotia

1223 862 1370 894 locorum
1391 860 1536 893 omnium
1556 859 1653 892 totius
1670 864 1795 892 sanctae
1811 859 1972 891 Romanae

1224 914 1383 947 Ecclesiae
1404 913 1510 946 Status
1530 913 1656 946 assidue
1678 912 1864 951 confluunt,
1888 911 1972 944 eius-

1224 979 1286 1011 que
1309 967 1461 1007 tribunal,
1482 966 1567 1010 quod
1589 966 1650 998 sive
1671 965 1901 999 iurisdictionis
1921 975 1974 998 an-

1225 1021 1368 1063 tiquitate
1399 1025 1429 1053 et
1462 1019 1670 1060 auctoritate,
1698 1018 1759 1051 sive
1788 1029 1897 1051 rerum
1918 1029 1973 1061 ge-

1225 1075 1398 1107 rendarum
1429 1072 1615 1107 excellentia
1629 1099 1636 1113 ,
1660 1072 1721 1105 sive
1741 1072 1883 1104 virorum
1905 1082 1974 1105 arn-

1224 1127 1393 1170 plitudine,
1408 1127 1523 1160 ceteris
1543 1126 1575 1159 in
1592 1126 1702 1158 eadem
1723 1125 1819 1158 Curia
1834 1130 1974 1168 praestat,

1225 1181 1445 1220 intendentes3
1468 1181 1589 1219 multa,
1612 1185 1768 1222 quantum
1798 1178 1870 1212 tulit
1892 1183 1974 1211 tem-

1225 1234 1312 1278 poris
1346 1235 1445 1274 ratio,
1479 1235 1565 1266 circa
1602 1233 1687 1266 illius
1721 1232 1974 1265 iurisdictionem

1225 1288 1411 1321 huiusmodi
1432 1299 1467 1321 ac
1490 1292 1676 1331 potestatem
1707 1291 1737 1318 et
1767 1286 1951 1319 facultatem
1966 1313 1973 1326 ‚

1225 1353 1350 1375 necnon
1384 1341 1575 1374 dilectorum
1612 1340 1753 1372 filiorum
1774 1339 1974 1372 notariorum

1225 1401 1252 1427 et
1272 1396 1407 1428 aliarum
1429 1405 1639 1438 personarum
1661 1403 1794 1426 suarum
1812 1398 1928 1425 statum
1946 1397 1976 1425 et

1225 1448 1435 1481 directionem
1478 1447 1650 1479 salubriter
1691 1445 1946 1478 ordinaverimus
1966 1471 1973 1485 ,

1225 1508 1320 1544 prout
1340 1498 1370 1534 in
1392 1501 1461 1534 aliis
1482 1500 1581 1533 literis
1601 1500 1717 1533 nostris
1737 1500 1877 1543 desuper
1896 1509 1975 1531 con-

1224 1555 1315 1588 sectis
1331 1556 1458 1599 plenius
1470 1555 1663 1588 continetur.

1268 1610 1283 1652 g
1302 1608 1332 1642 3.
1356 1609 1430 1645 Nos,
1445 1609 1542 1642 semel
1564 1608 1749 1651 incoeptum
1771 1605 1974 1639 reformatio-

1225 1664 1273 1695 nis
1293 1663 1477 1696 lmiusmodi
1499 1663 1677 1705 negotium,
1699 1661 1834 1694 Domino
1856 1671 1974 1704 coope—

1226 1723 1314 1750 rante
1328 1744 1335 1757 ,
1357 1717 1505 1750 diffusius
1524 1717 1695 1760 prosequi,
1723 1726 1781 1748 nec
1805 1720 1913 1747 tamen
1938 1725 1975 1747 ex

1225 1771 1273 1811 iis,
1296 1782 1378 1815 quae
1400 1781 1457 1814 pro
1479 1770 1578 1813 ipsius
1597 1770 1748 1803 Gamerae
1769 1773 1799 1800 et
1818 1778 1876 1812 pro
1892 1772 1973 1800 tem-

1226 1836 1303 1869 pore
1323 1825 1484 1857 existentis
1504 1823 1664 1857 Ecclesiae
1684 1824 1846 1856 Romanae
1867 1831 1973 1854 came-

1227 1879 1300 1911 rarii
1331 1889 1457 1912 necnon
1493 1878 1687 1911 clericorum
1721 1881 1751 1909 et
1775 1875 1974 1919 reliquarum

1225 1942 1438 1976 personarum
1468 1931 1570 1964 dictae
1596 1931 1748 1964 Gamerae
1773 1934 1856 1963 statu
1877 1934 1907 1961 et
1927 1928 1975 1961 di-

1226 1986 1379 2025 rectione,
1400 1996 1435 2018 ac
1457 1985 1535 2018 alias
1556 1985 1597 2017 ibi
1628 1985 1784 2017 hactenus
1805 1982 1977 2016 salubriter

1225 2039 1368 2072 instituta
1389 2044 1419 2071 ct
1443 2049 1593 2071 concessa
1626 2037 1722 2071 fuisse
1755 2036 1974 2081 reperiuntur,

1225 2093 1399 2138 quicquam
1421 2093 1608 2129 detrahere,
1630 2092 1696 2132 sed,
1723 2090 1773 2123 his
1784 2089 1924 2123 immotis
1943 2088 1975 2122 in

1226 2158 1282 2180 sua
1303 2146 1452 2179 firmitate
1479 2145 1761 2189 permanentibus,
1785 2155 1821 2177 ea
1846 2143 1950 2176 solum
1966 2168 1973 2182 ‚

1226 2211 1308 2244 quac
1334 2199 1529 2243 experientia
1560 2199 1608 2232 vel
1642 2199 1750 2231 deesse
1782 2197 1831 2230 vel
1864 2196 1974 2229 obesse

1228 2253 1381 2297 probavit,
1404 2258 1598 2297 opportune,
1620 2252 1706 2284 iuxta
1726 2261 1835 2284 rerum
1851 2249 1974 2291 exigen-

1227 2308 1314 2348 tiam,
1329 2308 1480 2351 supplere
1497 2312 1527 2339 ct
1543 2306 1714 2339 emendare
1731 2305 1883 2342 volentes3
1900 2312 1975 2334 nec-

1226 2373 1290 2395 non
1311 2361 1455 2394 onmium
1491 2367 1519 2394 et
1551 2360 1751 2403 singularum
1772 2354 1972 2391 constitutio-

1227 2426 1323 2455 num,
1347 2421 1409 2448 tam
1431 2415 1629 2459 generalium
1651 2423 1747 2456 quani
1771 2409 1979 2456 specialium„

1226 2464 1257 2497 in
1287 2464 1425 2497 favorem
1448 2465 1550 2497 dietae
1576 2464 1726 2496 Gamerae
1747 2460 1917 2498 editarum,
1938 2470 1974 2492 ac

1226 2525 1509 2557 qrmrumcumtpie
1549 2511 1803 2556 privilegiorum,
1840 2510 1973 2542 faculta-

1228 2569 1316 2603 tum,
1346 2563 1519 2603 gratiarnm
1536 2589 1543 2601 ,
1575 2560 1841 2598 concessionum,
1864 2559 1972 2591 litera-

1226 2623 1298 2644 rum
1319 2619 1346 2645 et
1379 2613 1589 2649 indultorum,
1616 2610 1660 2642 illi
1690 2620 1724 2641 ac
1752 2607 1899 2651 praefatis
1920 2618 1973 2640 ca-

1226 2661 1364 2695 merario
1385 2667 1412 2694 et
1435 2659 1559 2694 clericis
1578 2668 1756 2701 eorumque
1778 2656 1913 2700 collegio
1943 2661 1971 2690 et

1987 750 2076 778 Eiusque
2097 749 2172 771 Came-

1987 788 2037 802 l‘dm.

2031 1642 2089 1664 Hane
2105 1642 2173 1663 dictae

1990 1675 2088 1696 Gamerae
2109 1673 2176 1695 resor-

1990 1708 2102 1727 mationem
2122 1711 2174 1732 pro-

1990 1740 2105 1766 sequendo,
2129 1744 2174 1759 om-

1990 1771 2024 1791 nia
2039 1771 2084 1790 eius
2106 1770 2174 1795 privt-

1989 1802 2052 1827 legia,
2070 1804 2174 1828 quatenu·

1990 1833 2038 1853 huic
2069 1831 2174 1853 reforma-

1989 1864 2041 1884 tioni
2066 1868 2108 1883 non
2132 1863 2175 1882 :int

1990 1895 2104 1920 contraria,
2121 1899 2175 1915 con·

1991 1926 2064 1951 firman
