2237 3100
487 228 572 264 1046

441 293 501 328 CX.
528 293 588 327 Sex
602 292 728 327 Ordinis
748 291 1009 325 Praedicatorum
1023 289 1185 323 Romanae

528 346 709 391 provinciae
730 346 841 378 fratres
856 343 1098 377 constituuntur
1110 353 1184 387 poe-

529 399 701 433 nitentiarii
717 397 867 431 basilicae
880 397 912 431 S.
926 397 1031 430 Marize
1045 397 1184 437 Maioris,

441 508 514 543 CXI.
537 508 670 540 Annuae
686 504 848 549 pensionis
873 504 1058 538 constitutio
1076 503 1187 547 poeni-

529 559 683 594 tentiariis
715 558 864 592 basilicae
902 557 1036 591 Sanctae
1070 557 1187 590 Mariae

528 613 652 647 Maioris
671 613 710 645 de
729 611 825 652 Urbe,
854 610 928 644 706.

441 667 527 702 CXII.
548 666 720 699 Moderatio
735 671 763 698 et
775 665 932 698 revocatio
945 663 1187 707 privilegiorum

528 720 642 753 officiis
670 720 832 752 Romanae
862 717 976 751 Curiae
999 728 1036 750 ac
1068 716 1188 750 militiis

529 783 769 812 concessorum,
800 772 886 805 circa
911 770 1081 816 pensiones
1105 770 1187 803 obti-

528 827 648 860 nendas
664 832 694 859 et
714 825 962 865 transferendas,
979 824 1189 869 expectativas

529 880 763 920 concedendas,
779 879 980 922 unionesquc
994 883 1024 911 et
1035 888 1188 922 suppres-

528 933 633 966 siones
652 933 884 966 beneficiorum
896 931 1069 972 faciendas,
1090 941 1127 964 ac
1146 931 1189 964 fa-

528 988 677 1021 cultatem
702 987 741 1020 de
762 987 855 1020 bonis
884 985 1110 1020 ecclesiasticis
1142 989 1189 1017 tc-

530 1041 646 1081 standi,
671 1040 746 1074 709.

440 1094 542 1129 CXIII.
582 1094 790 1128 Confirmatio
832 1098 1024 1127 statutorum
1062 1091 1189 1135 collegii

528 1147 727 1181 Dertuscnsis
735 1147 864 1181 Ordinis
875 1146 1138 1180 Praedicatorum
1158 1145 1189 1178 in

530 1201 693 1245 Hispania,
709 1200 796 1234 714.

442 1255 539 1289 CXIV.
558 1255 600 1288 De
613 1254 822 1298 dignitatibus
838 1259 869 1287 et
885 1252 1075 1297 praebendis
1089 1252 1192 1286 ecclc-

532 1309 651 1342 siarum
678 1309 801 1342 insulae
815 1307 981 1342 Sardiniae
1002 1306 1070 1340 aliis
1086 1306 1190 1340 eccle-

531 1362 584 1395 siis
614 1362 791 1403 unitarum,
826 1372 1003 1405 earumque
1039 1371 1190 1404 suppres-

525 1417 630 1458 sione,
647 1422 677 1450 et
690 1416 926 1461 parochialium
940 1416 978 1449 ad
993 1415 1191 1459 primaevum

532 1476 648 1503 statum
670 1470 868 1510 reductione,
889 1480 926 1503 ac
949 1468 1143 1502 vicariorum
1160 1468 1192 1500 in

531 1524 772 1568 parochialibus
787 1535 869 1568 quae
891 1529 965 1557 sunt
987 1532 1128 1555 annexae
1146 1521 1192 1554 di-

533 1576 708 1620 gnitatibus
729 1582 788 1611 etc.
816 1576 1035 1621 deputatione,
1062 1574 1136 1608 719.

444 1630 529 1663 CXV.
543 1630 705 1664 Innovatio
719 1628 955 1663 constitutionis
967 1628 1057 1662 Pauli
1070 1628 1108 1661 IV
1118 1638 1193 1661 con-

532 1689 580 1717 tra
594 1689 745 1727 negantes
755 1684 942 1717 Trinitatem
953 1709 960 1723 ‚
978 1687 1033 1715 aut
1048 1681 1193 1714 divinita-

532 1742 595 1771 tem
624 1738 693 1772 Iesu
717 1738 855 1777 Christi,
876 1737 925 1771 vel
948 1736 1024 1770 Eius
1054 1746 1192 1779 concep-

531 1790 651 1825 tionem
675 1792 715 1825 de
738 1791 860 1836 Spiritu
884 1791 1014 1831 Sancto.
1040 1795 1095 1823 aut
1119 1789 1194 1822 Eius

532 1846 680 1881 mortem,
696 1847 731 1874 ut
746 1852 802 1874 nos
818 1840 1005 1880 redimeret,
1028 1844 1083 1873 aut
1100 1839 1195 1882 virgi-

533 1890 663 1924 nitatem
680 1891 793 1923 Beatae
808 1890 923 1923 Mariae
943 1888 1093 1931 Virginis,
1115 1888 1190 1922 722.

445 1939 543 1973 CXVI.
561 1939 732 1973 Decretum
744 1939 873 1972 concilii
886 1937 1064 1971 Tridentini
1079 1938 1118 1970 de
1131 1938 1194 1970 cle-

533 1988 677 2021 ricorum
697 1988 911 2022 saecularium
927 1988 967 2020 ad
983 1997 1091 2020 sacros
1110 1986 1195 2019 ordi·

534 2047 590 2070 nes
609 2038 812 2081 promotione
832 2037 1015 2070 extenditur
1039 2036 1078 2069 ad
1103 2035 1195 2069 cleri-

534 2097 588 2120 cos
612 2088 777 2131 regulares
801 2087 863 2120 sive
888 2086 1080 2125 saeculares,
1105 2094 1195 2117 more

534 2136 772 2179 religiosorum,
799 2135 832 2168 in
857 2134 1023 2168 communi
1042 2134 1192 2174 viventes,

447 2234 559 2268 CXVII.
577 2235 617 2268 De
629 2234 764 2268 solemni
775 2234 873 2267 trium
885 2238 1031 2266 votorum
1051 2232 1196 2265 substan-

536 2284 660 2317 tialium
674 2284 872 2327 professione
894 2281 1035 2326 regulari
1048 2281 1196 2314 emitten-

537 2333 588 2372 da,
616 2338 646 2365 et
659 2343 723 2365 una
736 2343 771 2365 ex
786 2332 917 2375 Regulis
933 2330 1115 2375 approbatis
1136 2330 1194 2363 eli-

538 2381 640 2424 genda
659 2381 698 2414 ab
723 2381 980 2424 omnibuquui,
1007 2380 1039 2413 in
1064 2381 1196 2414 diversis

538 2431 841 2475 congregationibus
852 2437 882 2464 et
896 2430 1056 2471 domibus,
1073 2431 1132 2463 sub
1141 2441 1196 2463 vo—

538 2480 676 2513 luntaria
700 2481 879 2514 obedientia
901 2485 931 2513 et
949 2485 1035 2513 extra
1054 2481 1196 2513 solemne

539 2534 645 2562 votum
676 2530 864 2572 Religionis,
893 2529 1022 2570 vivunt,
1050 2534 1080 2562 et
1104 2529 1196 2562 habi-

539 2584 606 2612 tum
620 2589 637 2611 a
650 2579 867 2612 saecularibus
883 2577 1074 2622 presbyteris
1087 2577 1197 2612 distm-

541 2632 626 2660 ctum
651 2627 809 2669 deserunt,
835 2627 909 2661 725.

1065 235 1211 261 autumi
1229 233 1349 261 nomm

1226 287 1352 322 CXVIII.
1367 287 1576 322 Confirmatio
1588 290 1828 333 exemptionum
1840 292 1977 326 fratrum

1316 342 1455 375 militum
1469 342 1637 386 hospitalis
1648 343 1891 379 Sanctiloannis
1902 346 1977 380 Hie-

1316 395 1547 440 rosolymitani,
1571 407 1750 440 eorumque
1770 397 1977 432 familiarium

1317 454 1376 482 etc.
1400 460 1418 482 a
1437 450 1599 483 solutione
1623 450 1824 484 decimarum
1848 457 1880 485 et
1899 452 1979 486 alio-

1318 513 1390 535 rum
1433 514 1717 548 quorumcumque
1756 514 1905 545 onerum;
1950 511 1981 540 et

1318 556 1533 600 praeservatio
1554 557 1786 591 iurisdictionis
1801 558 1980 593 ordinario-

1320 621 1405 651 rum,
1428 611 1536 654 quoad
1555 622 1710 655 personas
1731 622 1841 645 curam
1856 613 1980 647 anima-

1318 673 1391 696 rum
1411 668 1608 705 exercentes,
1636 664 1711 698 7026.

1229 715 1330 749 CXIX.
1346 716 1540 751 Constitutio
1559 718 1819 762 congregationis
1838 719 1979 755 Clerico-

1318 781 1391 803 rum
1416 770 1624 814 Regularium
1644 772 1675 806 S.
1704 772 1821 814 Maioli,
1843 774 1922 808 alias
1941 775 1981 809 de

1318 823 1505 865 Somascha,
1527 825 1587 858 sub
1602 825 1725 869 Regula
1743 827 1775 861 S.
1797 827 1979 871 Augustini,

1318 888 1392 910 cum
1417 878 1660 922 privilegiorum
1686 880 1887 924 elargitione,
1903 881 1978 916 729.

1229 928 1316 963 CXX.
1335 930 1547 965 Comminatio
1560 943 1740 976 poenarum
1755 939 1867 968 contra
1882 935 1983 980 scrip-

1319 989 1405 1018 tores
1416 996 1453 1018 ac
1466 986 1690 1020 sollicitatores
1703 987 1849 1031 aliosque
1862 988 1983 1023 officia·
2023 991 2026 994 ’

1315 1037 1364 1070 'les
1383 1049 1492 1072 sacrae
1512 1039 1780 1074 Poenitentiariae
1801 1046 1832 1074 et
1847 1041 1981 1076 Contra-

1319 1090 1478 1124 dictarum
1494 1119 1504 1132 ,
1539 1093 1594 1136 qui
1627 1093 1659 1126 in
1689 1093 1983 1138 dispensationibus

1322 1145 1614 1180 matrimonialibus
1621 1147 1787 1181 veritatem
1798 1159 1863 1182 non
1875 1149 1983 1194 expri-

1322 1205 1426 1240 munt,
1448 1200 1496 1233 vel
1517 1200 1685 1234 falsitatem
1711 1201 1881 1243 inducunt,
1904 1201 1980 1236 73‘2.

1231 1251 1332 1285 CXXI.
1356 1253 1502 1286 Facultas
1527 1254 1663 1297 collegio
1689 1254 1830 1289 fabricae
1846 1255 1877 1289 S.
1896 1255 1981 1290 Petri

1321 1306 1523 1339 examinandi
1549 1318 1773 1352 quoscumque
1798 1313 1983 1343 contractus

1321 1360 1358 1393 de
1370 1360 1545 1404 praeterito
1556 1360 1651 1394 initos
1662 1372 1760 1406 super
1768 1361 1860 1396 bonis
1880 1364 1983 1397 eccle-

1321 1413 1453 1455 siarum,
1468 1414 1628 1458 applicata
1645 1415 1703 1448 sibi
1715 1415 1807 1450 tertia
1819 1421 1910 1460 parte
1923 1417 1983 1451 hu-

1320 1466 1459 1500 iusmodi
1479 1467 1652 1508 bonorum,
1676 1468 1750 1502 733.

1233 1519 1348 1553 CXXII.
1362 1520 1500 1554 Abolitio
1514 1522 1746 1555 nonnullarum
1757 1522 1936 1557 litterarum
1950 1524 1983 1559 in

1320 1573 1479 1618 Hispaniis
1490 1574 1727 1618 publicatarum
1737 1586 1836 1621 super
1849 1588 1982 1612 conces-

1322 1626 1411 1660 sione
1435 1628 1667 1662 nonnullarum
1684 1629 1872 1663 facultatum
1893 1631 1983 1665 etin-

1323 1681 1575 1724 dulgentiarum,
1598 1693 1672 1715 cum
1693 1684 1914 1727 prohibitione
1939 1686 1982 1720 si-

1323 1734 1414 1768 miles
1433 1734 1555 1768 litteras
1570 1736 1617 1769 vel
1639 1736 1856 1780 indulgentias
1878 1738 1983 1784 impo-

1324 1794 1444 1821 sterum
1466 1788 1663 1832 publicandi,
1691 1789 1765 1824 735.

1235 1841 1364 1875 CXXIII.
1378 1841 1574 1875 Reformatio
1586 1848 1812 1877 contractuum
1820 1843 1859 1878 de
1868 1846 1985 1880 annuis

1325 1896 1475 1929 censibus
1499 1896 1656 1937 creandis,
1682 1897 1858 1931 alienandis
1881 1904 1912 1932 et
1931 1911 1982 1934 re-

1323 1949 1496 1990 dimendis;
1523 1956 1553 1983 et
1573 1951 1748 1984 declaratio
1767 1953 1982 1996 quarumdam

1323 2003 1559 2037 dubitationum
1602 2004 1741 2049 desuper
1778 2012 1982 2049 exortarum,

1370 2114 1556 2156 Sequuntur
1589 2111 1823 2146 declarationes
1857 2113 1984 2148 dubita-

1326 2168 1447 2200 tionum
1473 2166 1613 2210 desuper
1632 2170 1828 2207 exortarum,
1854 2165 1929 2201 738.

1236 2221 1362 2256 CXXIV.
1386 2219 1578 2253 Iudaeorum
1604 2219 1748 2262 expulsio
1772 2219 1812 2252 ab
1836 2219 1985 2254 omnibus

1324 2273 1403 2307 locis
1428 2272 1563 2306 dominii
1584 2271 1614 2305 S.
1637 2272 1673 2305 R.
1698 2272 1732 2305 E.
1756 2272 1888 2316 eiusque
1908 2273 1984 2307 suh-

1325 2327 1477 2367 ditorum,
1494 2331 1722 2370 praeterquam
1734 2327 1773 2359 ab
1789 2326 1870 2360 urbe
1883 2326 1984 2360 Roma

1326 2387 1356 2415 et
1376 2380 1500 2420 civitate
1520 2380 1683 2421 Anconae,
1707 2379 1770 2414 740

1238 2431 1351 2465 CXXV.
1363 2430 1465 2469 Quod,
1478 2429 1511 2461 in
1524 2429 1658 2471 singulis
1668 2428 1839 2473 provinciis
1850 2429 1984 2462 fratrum

1327 2480 1485 2512 Illinorum
1498 2478 1626 2511 Ordinis
1639 2478 1669 2511 S.
1686 2478 1847 2512 Francisci
1864 2479 1904 2512 de
1920 2477 1983 2511 Ob-

1327 2528 1504 2568 servantia,
1528 2528 1611 2560 duae
1638 2527 1750 2560 saltem
1776 2528 1891 2560 domus
1905 2526 1983 2559 assi-

1326 2582 1465 2620 gnentur
1490 2576 1642 2609 fratribus
1676 2576 1843 2610 strictioris
1875 2575 1983 2608 ohser-

1326 2626 1464 2667 vantiae,
1500 2636 1518 2659 a
1543 2625 1680 2669 quibus,
1714 2625 1835 2669 absque
1857 2623 1982 2668 praela-
