2237 3100
47 248 97 276 An.
115 247 143 275 C.
162 247 228 275 1571

246 299 407 333 relevandi
428 300 490 334 sive
511 300 690 334 redimendi
711 302 820 335 onmia
841 302 926 335 bona
948 313 1004 336 seu

245 364 363 387 census
382 359 438 387 aut
457 355 581 388 livellos
594 355 788 399 praedictos,
806 366 1004 400 omnemque

245 407 406 440 actionem
427 408 505 441 olim
525 408 610 441 dicto
631 409 769 442 extincto
790 409 900 441 Ordini
917 415 945 442 et
967 410 1004 442 it-

245 459 308 493 lius
327 461 522 505 praepositis
542 462 780 505 competentia,
809 473 867 506 pro
893 474 953 495 usu
976 469 1006 495 et

246 514 418 548 commodo
458 515 561 547 dictae
596 515 758 549 fabbrieae
774 543 781 555 ,
818 516 863 549 uti
896 522 1006 559 postea

246 571 424 600 statuemus
440 573 471 600 et
488 568 737 608 declarabimus,
756 569 849 603 nobis
867 575 897 602 et
913 569 1005 602 dictze

245 620 319 654 Sedi
340 621 528 654 retinemus.

289 674 304 718 ἓ
324 673 354 706 9.
382 674 518 707 Demum
537 675 590 718 pio
605 675 710 708 studio
731 675 867 715 inducti,
886 681 919 708 ut
933 687 1005 708 san-

53 767 59 773 ·
82 735 230 772 neservuqup
246 733 296 760 cta
320 732 351 760 et
367 727 507 761 salubris
527 728 625 761 liuius
640 729 711 761 novi
733 735 833 762 status
854 730 1007 774 ratiopcr

46 766 232 820 ἷζᾱὲρηὲιῗὲῑῖωὲῖἶ
246 781 446 825 peculiarem
472 782 726 815 sollicitudinem
745 783 833 815 omni
860 789 1006 827 tempore

47 830 74 851 eti
89 829 174 850 Ordinis
193 835 232 849 va-

47 862 116 889 cantia
148 863 169 881 ct
198 866 232 880 va-

47 895 126 914 cature.

86 1824 146 1845 Fides
163 1829 233 1846 exem·

50 1856 139 1883 plorum.

246 834 402 879 capiatur,
415 840 479 869 tam
492 836 672 880 praedictas
689 848 786 880 quam
804 848 916 870 omnes
929 837 1007 870 alias¹

245 889 488 933 praeposituras
516 900 552 922 ac
578 895 685 923 cetera
710 890 867 924 beneficia
903 892 1006 924 eecle-

245 943 386 984 siastica,
409 953 485 976 cum
504 954 582 976 cura
603 949 633 976 et
649 943 718 977 sine
738 955 826 985 cura,
840 945 1007 988 suppressi

245 995 374 1030 Ordinis
389 996 559 1040 praedicti,
578 1001 667 1029 extra
680 998 859 1031 Romanam
876 998 1006 1031 Curiam

246 1050 413 1094 quibusvis
423 1050 528 1083 modis
542 1056 573 1084 et
586 1061 623 1083 ex
635 1062 921 1095 quarumcumque
936 1063 1007 1096 per-

246 1104 335 1137 sonis
351 1103 498 1138 vacantia
514 1110 545 1138 et
558 1105 712 1149 deinceps
729 1106 1007 1150 quandocumque

245 1162 278 1191 et
309 1158 582 1202 quotiescumque
615 1164 779 1199 vacatura,
812 1165 942 1192 nostrae
977 1166 1008 1193 et

245 1221 473 1244 successorum
484 1217 672 1245 nostrorum
690 1212 912 1245 Romanorum
927 1213 1008 1246 Pon-

246 1264 371 1298 tificum
385 1275 421 1298 ac
435 1265 540 1298 dictae
553 1265 644 1299 Sedis
658 1266 826 1299 dumtaxat
841 1267 1007 1300 collationi

246 1322 277 1351 et
291 1318 507 1363 dispositioni,
532 1319 718 1362 specialiter
744 1326 772 1352 et
799 1331 949 1364 expresse
975 1321 1007 1353 in

245 1376 443 1416 perpetuum
463 1383 676 1406 reservamus.
699 1374 918 1408 Decernentes
932 1375 1007 1408 irri-

246 1430 316 1458 tum
337 1431 368 1459 et
387 1425 484 1459 inane
504 1426 663 1470 quicquid
683 1438 777 1460 secus
799 1439 899 1472 super
909 1428 959 1461 his
972 1440 1008 1461 ac

245 1479 318 1512 aliis
338 1480 535 1524 supradictis
560 1491 618 1524 per
638 1492 882 1525 quoscumque,
911 1483 1008 1515 ctiam

246 1532 277 1565 S.
305 1532 342 1565 R.
370 1533 405 1566 E.
433 1534 615 1566 cardinales
635 1534 724 1567 etde
746 1535 845 1568 latere
872 1536 1006 1578 legatos,

247 1586 343 1620 ctiam
356 1592 526 1630 praetextu
539 1588 742 1629 facultatum,
760 1589 1008 1632 privilegiorum

247 1645 279 1674 et
297 1640 500 1674 indultorum
517 1652 554 1674 ac
574 1642 653 1675 alias
679 1643 1006 1687 quomodocumque,

247 1694 388 1728 scienter
412 1695 461 1728 vel
486 1695 685 1738 ignoranter,
709 1697 883 1739 contigerit.
903 1703 1008 1731 atten-

248 1748 322 1781 tari.

291 1803 306 1846 §
326 1801 380 1836 110.
404 1801 485 1841 Quia
500 1813 575 1837 vcro
592 1803 723 1837 difficile
741 1804 838 1837 nimis
855 1809 1005 1838 essetetc.

290 1855 377 1889 Nulli
398 1867 475 1900 ergo
500 1861 559 1891 etc.

292 1911 408 1944 Datum
431 1912 553 1944 Romae
575 1911 663 1955 apud
686 1912 717 1945 S.
751 1911 897 1952 Petrum,
924 1923 1009 1945 anno

246 1964 482 1998 lucarnationis
502 1964 685 1998 dominicae
712 1965 886 1998 millesimo
913 1967 1009 2009 quin-

224 2018 227 2020 ’
248 2017 427 2061 gentesiino
440 2018 678 2062 septuagesimo
699 2018 817 2062 primo,
833 2029 862 2051 11
878 2019 950 2052 idus
964 2021 1009 2052 sc-

250 2072 386 2112 bruarii,
410 2072 618 2116 pontificatus
639 2073 741 2105 nostri
763 2083 847 2105 anno
865 2083 906 2105 11.

303 2129 366 2160 Dat.
386 2130 433 2160 die
452 2131 469 2160 8
492 2130 567 2160 febr.
589 2130 677 2167 1571,
697 2130 802 2169 pontif.
823 2141 900 2161 auno
919 2141 957 2162 11.

542 2233 723 2267 CLXXXIX.

250 2311 405 2354 Episcopi
425 2311 518 2353 requi
533 2310 669 2343 Siciliae
689 2312 865 2354 quotannis
901 2313 1012 2345 iuren-

297 2361 421 2393 tctrium
441 2364 587 2392 actorum
612 2361 838 2393 criminalium
859 2362 1012 2402 conficere

296 2414 325 2443 ct
350 2410 508 2442 custodire
530 2414 690 2442 [otientur.

348 2481 410 2509 Pius
430 2481 572 2516 episcopus
597 2488 692 2509 servus
712 2488 855 2509 servorum
879 2482 925 2510 Dei

399 2535 432 2562 ad
452 2535 614 2570 perpetuam
640 2536 681 2563 rei
699 2535 870 2563 memoriam.

297 2596 438 2629 Muneris
463 2596 565 2629 nostri
595 2602 642 2629 est
672 2596 795 2634 aditum
823 2597 1010 2640 prohibere,

254 2656 314 2689 per
327 2656 426 2689 quem
444 2645 585 2679 salubris
600 2645 795 2680 delictorum
811 2646 1013 2679 animadver-

925 250 992 274 Plus
1016 250 1036 273 V
1060 250 1108 273 1³1³.

1688 241 1754 275 893

1048 302 1095 335 sio
1117 312 1288 346 perperam
1306 301 1519 335 disturbatur.
1543 301 1707 335 Nefarium
1737 309 1803 336 ete-
1858 312 2001 347 clunium„

1047 356 1113 388 nim
1131 355 1297 389 facinusin
1307 355 1472 400 plerisque
1486 355 1699 399 episcopatib.
1714 357 1804 400 regni
1819 345 1987 364 ‘'³¹¹⁵¹'‘¹¹¹¹⁰''¹⁸'

1049 409 1189 449 Siciliae,
1213 410 1292 443 citra
1308 415 1338 443 et
1362 410 1447 442 ultra
1463 409 1600 450 Farum,
1624 410 1806 443 audivimus

1048 462 1165 495 exoriri
1181 463 1281 506 quod,
1296 462 1537 496 cathedralibus
1559 463 1704 496 ecclesiis
1721 474 1805 506 prte-

1048 517 1116 549 sule
1137 516 1286 555 viduatis,
1305 516 1416 549 vicarii
1437 527 1454 548 a
1476 516 1627 559 capitulis
1647 516 1805 549 constitu-

1048 569 1069 601 ti
1086 596 1093 606 ‚
1123 569 1223 612 gratia
1243 596 1250 610 ,
1284 569 1399 603 timore
1416 597 1423 610 ,
1451 569 1526 602 odio
1554 570 1602 603 vel
1628 570 1777 603 sordibus
1797 596 1804 610 ,

1048 633 1128 665 quas
1160 624 1271 656 volunt,
1303 623 1529 668 inquisitiones
1561 629 1589 656 et
1622 623 1807 657 testimonia

1049 687 1159 708 rerum
1185 682 1216 708 et
1232 688 1403 710 causarum
1429 677 1648 710 criminalium
1673 677 1805 717 violant,

1048 729 1235 772 subripiunt
1278 736 1308 763 et
1350 731 1509 771 lacerant,
1542 741 1582 763 ne
1612 730 1806 764 delictorum

1050 783 1189 824 cognitio
1210 784 1257 816 vel
1276 784 1416 817 vindicta
1433 785 1558 828 uspiam
1574 790 1804 828 consequatur.

1093 836 1159 879 §l
1187 837 1260 877 Nos,
1293 837 1331 869 ad
1362 838 1424 870 hoc
1450 839 1584 879 malum,
1619 849 1683 882 qua
1703 843 1806 882 potest
1867 849 2006 884 iuuet-rmum·

1050 889 1220 929 industria,
1244 891 1474 931 coercendum,
1493 902 1552 934 pro
1571 897 1681 924 nostro
1702 891 1808 924 officio
1823 882 2008 932 flfflcissffss'ffssf]

1050 942 1176 983 intenti,
1190 943 1410 987 praecipimus
1423 944 1574 977 omnibus
1591 945 1809 989 archiepisco-
1823 944 2008 994 {fiiiissummniis

1050 995 1098 1039 pis
1119 1001 1149 1029 et
1173 996 1336 1040 episcopis
1356 997 1431 1029 dicti
1462 998 1566 1040 regni,
1586 998 1809 1043 praesentibus
1824 1005 1900 1025 ..anum
1914 1005 2009 1032 quolibel

1050 1055 1080 1083 et
1092 1050 1220 1091 suturis,
1235 1056 1270 1082 ut
1281 1051 1435 1095 deinceps
1446 1051 1660 1085 inventarium
1674 1053 1810 1086 authen·
1823 1043 1886 1089 ffi'ss'
1900 1038 1920 1057 ⁰²
1936 1036 2009 1089 ΞΞἻΞ.

1051 1104 1149 1136 ticum
1181 1104 1327 1137 omnium
1361 1110 1389 1137 et
1419 1116 1703 1150 quarumcumque
1734 1100 1890 1140 suaedffln'·

1050 1157 1160 1190 curiae
1170 1159 1392 1201 querelarum,
1408 1160 1665 1199 accusationum,
1678 1160 1813 1204 inquisi-

1050 1211 1188 1249 tionum,
1212 1211 1514 1253 demmtiafionum,
1534 1213 1810 1254 testiticationum‚

1051 1266 1355 1306 instrumentorum,
1372 1278 1598 1310 processuum,
1612 1274 1812 1301 ceterorum-

1050 1330 1113 1362 que
1143 1326 1304 1360 aotorum,
1339 1331 1511 1353 causarum
1540 1327 1570 1354 et
1600 1312 1809 1365 negociorum

1051 1373 1284 1414 criminalium,
1308 1374 1403 1406 etiam
1425 1375 1612 1415 mixtorum,
1632 1386 1704 1418 quie
1725 1376 1810 1419 apud

1051 1427 1160 1460 curiae
1174 1438 1250 1460 suae
1264 1427 1427 1460 notarium
1444 1429 1576 1468 suerint,
1593 1429 1766 1472 quotannis
1780 1430 1812 1462 in

1052 1486 1248 1524 [ιρι-1101111111]
1274 1481 1467 1522 conficiant3
1487 1483 1669 1515 confectum
1687 1487 1717 1515 et
1734 1483 1812 1516 dicti

1051 1534 1170 1567 notarii
1185 1545 1282 1566 manu
1300 1534 1534 1578 subscriptum,
1549 1546 1648 1578 penes
1660 1546 1692 1568 se
1707 1541 1813 1569 custo-

1052 1588 1152 1628 diant,
1170 1588 1273 1621 donec
1287 1599 1384 1632 super
1401 1589 1439 1622 iis
1453 1589 1548 1622 fuerit
1570 1589 1761 1623 iudicatum.
1777 1591 1813 1623 Et,

1051 1641 1076 1673 si
1091 1652 1144 1674 eos
1159 1641 1197 1674 de
1212 1642 1274 1674 vita
1294 1642 1452 1675 decedere
1478 1643 1608 1676 interim
1630 1644 1812 1687 contigerit,

1052 1695 1132 1727 illud
1145 1695 1332 1728 universum
1345 1695 1449 1739 sigillo
1464 1707 1522 1730 suo
1536 1697 1754 1740 obsignatum,
1775 1698 1813 1731 fi-

1052 1749 1102 1781 dei
1114 1749 1300 1790 sacerdotis,
1310 1750 1362 1783 cui
1371 1756 1504 1794 peccata
1512 1752 1814 1793 confitentur‚mor-

1052 1808 1081 1835 te
1097 1803 1316 1846 impendente,
1334 1804 1549 1845 committant,
1564 1805 1631 1848 qui,
1646 1816 1680 1838 ea
1693 1812 1813 1846 secuta,

1053 1857 1201 1899 protinus
1231 1857 1339 1901 ipsum
1372 1859 1517 1902 praelato
1547 1870 1584 1891 ac
1615 1859 1726 1892 domui
1757 1871 1814 1894 seu

1053 1911 1225 1944 conventui
1247 1911 1387 1954 digniori
1409 1912 1610 1955 regularium
1632 1913 1720 1946 illius
1736 1914 1814 1947 civi-

1053 1965 1126 1998 tatis
1147 1965 1283 1998 debeant
1309 1966 1485 2009 resignare,
1511 1971 1545 1999 ut
1569 1967 1610 1999 ab
1631 1967 1677 1999 eis
1698 1972 1764 2000 tute
1785 1972 1815 2000 et

1054 2019 1193 2051 fideliter
1205 2025 1400 2060 asservetur,
1418 2020 1521 2053 donec
1536 2021 1665 2053 futurus
1676 2020 1814 2054 advene-

1053 2072 1093 2105 rit
1107 2073 1248 2116 praesul,
1264 2073 1315 2106 cui
1334 2074 1414 2106 illud
1426 2073 1537 2106 itidem
1552 2074 1710 2114 clausum,
1726 2079 1756 2107 et
1768 2074 1816 2107 in-

1054 2132 1181 2168 tegrum
1203 2127 1377 2165 tribuatur‘,
1400 2127 1488 2170 quod
1510 2127 1638 2170 ipsimet
1655 2138 1759 2170 perse
1772 2128 1816 2161 sa-

1054 2180 1150 2220 ciant,
1168 2180 1192 2213 si
1207 2181 1337 2223 quando
1348 2191 1479 2213 necesse
1494 2180 1670 2213 habuerint
1680 2191 1815 2224 peregre

1057 2234 1231 2277 proticisci,
1255 2234 1297 2267 ita
1311 2239 1346 2267 ut
1366 2234 1447 2266 illud
1468 2234 1592 2278 ipsum,
1613 2234 1718 2267 statim
1740 2246 1815 2268 cum

1055 2293 1240 2331 praesentes
1257 2287 1425 2328 redierint,
1446 2287 1605 2330 recipiant
1624 2288 1664 2320 ab
1679 2288 1811 2321 eisdem.

1099 2343 1113 2385 g
1129 2341 1160 2374 ⁹2.
1179 2341 1385 2385 Quicumque
1400 2346 1508 2374 autem
1523 2341 1720 2382 testimonia,
1738 2353 1814 2385 pro·
1844 2354 1961 2375 Poenarum
1981 2354 2017 2374 im-

1055 2406 1174 2436 cessus,
1205 2395 1383 2438 scripturas
1409 2400 1437 2426 et
1465 2394 1679 2428 instrumenta
1704 2386 1907 2428 11111115-Ροςὶιίο
1941 2388 2018 2406 “mm

1835 2417 1987 2438 subtrahentes

1055 2445 1142 2478 modi
1157 2455 1367 2488 quocumque
1382 2444 1479 2476 modo
1500 2443 1679 2485 violaverit,
1699 2455 1814 2477 corru-
1830 2432 2015 2485 ssutfssrrufflrt’b-

1056 2494 1148 2538 perit,
1162 2494 1367 2533 subtraxerit,
1385 2493 1611 2532 combusserit,
1627 2504 1816 2537 suppresse-
1831 2482 2017 2538 Zssssiffiffiaffmm

1055 2543 1097 2575 rit
1117 2554 1154 2576 ac
1174 2543 1304 2575 iusserit
1317 2542 1347 2574 id
1368 2542 1452 2581 fieri,
1472 2552 1528 2575 scu
1545 2542 1715 2582 auxilium,
1739 2553 1816 2575 con-

1056 2592 1164 2625 silium
1178 2593 1227 2625 101
1241 2593 1380 2625 savorem
1396 2591 1602 2634 praestiterit,
1617 2590 1705 2623 omni
1720 2591 1816 2623 sitdi-

1055 2642 1192 2685 gnitate,
1216 2640 1322 2675 officio
1347 2646 1378 2673 et
1402 2639 1813 2685 beneficio‚praesentiurn

1817 251 1866 277 Αη.
1884 250 1912 277 C.
1930 247 1998 278 4571
