2237 3100
484 208 574 244 1004
1084 212 1230 237 BULLARII
1253 212 1373 237 nomm

526 271 699 304 haeresum
729 268 977 311 extirpationem
999 271 1200 310 opportuna,
1230 265 1318 304 ibid,·
1347 265 1435 308 quod
1461 265 1566 297 maior
1597 275 1671 308 pars
1696 275 1810 298 eorum
1839 265 1997 306 decernit,

526 324 567 357 ob
588 323 739 356 omnibus
760 321 864 354 valide
886 324 1042 353 statutum
1072 318 1272 351 censendum
1293 323 1350 357 cst,
1372 317 1435 351 299
1451 329 1483 350 a.
1506 317 1693 351 Haereticos
1717 317 1817 350 libros
1839 319 1888 351 vel
1905 318 2000 352 aliter

528 376 710 420 prohibitos
728 375 847 407 babere
869 378 899 405 et
923 373 1031 414 legere
1052 371 1175 404 eisdem
1196 370 1405 410 conceditur,
1435 369 1499 403 302
1523 382 1563 410 a‚·
1584 369 1701 404 ceteris
1720 375 1867 411 vetatur,
1899 371 1961 404 nisi
1983 382 2005 404 a·

525 423 701 473 praedietis
722 425 943 460 cardinalibus
965 424 1130 457 licentiam
1147 423 1360 464 obtinuerint,
1383 424 1462 456 ibid.
1486 425 1514 456 b.
1538 424 1656 457 Omnes
1670 423 1827 456 officiales
1847 424 2002 457 obediant

528 480 776 525 inquisitoribus
804 478 1024 521 generalibus,
1048 477 1113 510 422
1134 478 1162 510 b.
1186 477 1287 519 Reges
1308 482 1339 509 et
1364 476 1530 520 principes
1551 476 1674 510 eisdem
1700 477 1843 517 faveant,
1870 476 1937 510 423
1966 489 1998 510 a.

526 533 717 569 Carceribus
738 531 912 575 mancipati
933 541 992 574 pro
1014 531 1084 563 aliis
1108 530 1243 570 caussis,
1266 530 1292 562 si
1312 529 1350 562 ad
1372 529 1523 563 Officium
1535 529 1567 563 S.
1590 529 1811 573 inquisitionis
1832 534 2000 573 tamquam

526 585 679 620 haeretici
692 584 833 618 accusati
847 585 922 624 sint,
941 584 980 616 ad
995 583 1075 616 illud
1096 583 1369 622 transmittantur,
1388 583 1468 615 ibid.
1491 582 1618 615 Fratres
1638 583 1677 615 de
1698 581 1824 616 Pucciis
1845 581 2002 626 palatium

528 641 561 672 in
585 638 743 672 suburbio
765 638 796 671 S.
820 638 903 671 Petri
930 647 989 681 pro
1010 636 1234 680 Inquisitionis
1244 635 1357 668 Officio
1370 635 1600 675 vemtu111‚445
1612 636 1640 668 b.
1658 635 1767 668 PiusV
1782 635 2002 669 venditionem

530 692 700 737 approbat,
723 691 802 724 ibid.
814 702 827 730 ,·
844 690 1066 734 palatiumque
1087 689 1200 722 Ostieio
1220 688 1443 731 Inquisitionis
1470 688 1579 729 donat,
1597 687 1660 721 446
1686 699 1731 728 d,·
1755 688 1844 731 quod
1865 687 2002 722 alienari

532 745 695 789 prohibet,
710 744 804 785 il›id.;
816 743 1036 777 cardinalibus
1049 742 1295 785 inquisitoribus
1307 741 1512 784 generalibus
1523 741 1708 774 facultatem
1720 741 2005 775 conceditcaussas

531 797 799 841 recognoscendi,
827 807 892 829 non
913 795 1116 829 obstantibus
1138 794 1303 828 sententiis
1323 805 1341 827 a
1361 794 1443 828 Sede
1463 794 1647 838 Apostolica
1659 793 1870 835 confirmatis,
1897 793 1962 829 500
1972 795 2003 837 b;

530 851 621 884 Pauli
642 850 679 884 IV
701 849 964 883 constitutionem
991 854 1104 881 contra
1120 848 1301 881 haereticos
1322 848 1492 891 approbat,
1516 847 1576 881 501
1601 859 1641 887 a‚·
1661 847 1876 880 cardinalium
1896 847 2005 892 inqui-

529 905 668 938 sitorum
679 904 923 947 deputationem
937 903 975 935 ab
990 902 1059 946 ipso
1072 902 1188 935 saetam
1206 901 1390 941 confirmat,
1405 900 1469 934 502
1485 901 1518 941 b;
1533 901 1620 945 quod
1636 901 1742 934 maior
1752 911 1828 945 pars
1840 901 1889 934 vel
1908 900 2005 935 etiam

531 958 596 991 duo
613 957 759 1002 ipsorum
781 956 929 995 fecerint,
952 956 1093 988 validum
1115 965 1183 988 esse
1204 954 1364 994 decernit,
1390 955 1470 988 ibid.
1983 955 1989 957 “

444 1011 658 1056 Inquisitores
677 1010 860 1043 haereticae
886 1008 1049 1053 pravitatis
1070 1009 1249 1051 procedere
1270 1013 1404 1052 possunt
1427 1007 1460 1040 in
1488 1008 1673 1042 sacerdotes
1698 1008 1753 1051 qui
1779 1013 1853 1042 actu
1878 1008 2006 1041 conses-

532 1064 632 1098 sionis
664 1064 818 1096 mulieres
852 1063 891 1095 ad
926 1067 1015 1095 actus
1049 1061 1238 1094 inhonestos
1261 1066 1449 1105 provocant,
1473 1060 1537 1094 126
1557 1072 1596 1101 d,·
1622 1071 1732 1094 creare
1756 1061 1950 1095 tabelliones
1970 1061 2006 1095 in

535 1116 657 1150 caussis
677 1115 896 1160 inquisitionis
917 1124 1143 1158 quoscumque
1168 1114 1317 1154 clericos,
1331 1114 1428 1147 etiam
1450 1114 1645 1154 saeculares,
1667 1113 1732 1147 ’138
1746 1115 1763 1147 b
1785 1119 1817 1147 et
1835 1124 1916 1157 seq.,·
1944 1125 2007 1158 pu-

530 1171 653 1204 blicare
674 1180 739 1203 non
767 1174 921 1202 tenentur
953 1168 1082 1201 testium
1109 1167 1326 1211 depositiones
1348 1173 1461 1201 contra
1486 1167 1710 1201 schismaticos
1738 1168 1788 1201 vel
1808 1167 2003 1210 haereticos,

531 1224 595 1258 ’146
612 1225 651 1265 b;
675 1223 835 1267 syndicari
852 1228 1018 1265 nequeunt
1039 1221 1101 1254 nisi
1115 1232 1132 1254 a
1152 1221 1297 1255 Romano
1331 1221 1486 1255 Pontifice
1506 1222 1555 1255 vel
1573 1222 1735 1266 supremis
1755 1220 2006 1265 inquisitoribus

534 1277 638 1318 Urbis,
655 1277 718 1310 ’147
741 1288 775 1315 a,¹
788 1276 966 1321 procedere
977 1280 1112 1319 possunt
1124 1275 1155 1307 in
1169 1285 1283 1308 omnes
1300 1275 1478 1318 religiosos,
1492 1275 1587 1309 etiam
1602 1281 1780 1319 exemptos,
1794 1275 1850 1309 Pio
1860 1275 1899 1308 IV
1911 1284 2005 1308 man-

528 1331 644 1371 dante,
666 1330 844 1364 dummodo
869 1339 983 1362 eorum
1015 1328 1201 1372 superiores
1232 1338 1298 1361 non
1333 1328 1569 1371 praevenerint,
1605 1329 1693 1372 quod
1722 1329 1848 1362 statutis
1872 1328 2008 1371 derogat

532 1384 678 1428 plurium
706 1383 843 1416 Roman.
871 1381 1080 1421 Pontificum,
1103 1381 1158 1425 qui
1178 1380 1274 1414 variis
1301 1380 1476 1415 Ordinibus
1495 1382 1703 1415 indulserunt
1726 1392 1768 1415 ne
1796 1381 1945 1415 molestia
1965 1381 2006 1414 ab

530 1438 671 1471 aliorum
692 1436 850 1470 Ordinum
872 1434 1125 1479 inquisitoribus
1147 1434 1367 1474 afficerentur,
1384 1434 1449 1468 ’176
1464 1436 1493 1468 b.
1517 1435 1644 1468 Poenae
1665 1435 1699 1468 in
1714 1446 1769 1469 eos
1789 1436 1845 1479 qui
1865 1433 2006 1479 inquisi-

530 1496 639 1524 torum
662 1499 817 1534 personas
838 1489 1020 1528 oss'endunt,
1043 1489 1128 1521 bona
1149 1487 1318 1531 diripiunt,
1342 1498 1490 1521 carceres
1506 1489 1836 1531 frangunt‚etc.‚745
1845 1500 1876 1522 α.
1893 1484 2003 1522 Delin-

529 1550 667 1589 quentes
687 1544 791 1576 claras
811 1543 1039 1576 tantummodo
1060 1542 1269 1585 probationes
1290 1542 1330 1574 ad
1351 1541 1573 1575 defensionem
1593 1542 1756 1576 adducere
1772 1548 1909 1586 queunt,
1923 1541 2009 1575 ibid.v

528 1599 558 1632 b.
597 1598 629 1631 Si
655 1597 882 1641 delinquentes
916 1596 1037 1630 fuerint
1067 1595 1233 1640 episcopi,
1268 1605 1382 1628 eorum
1411 1595 1639 1629 condemnatio
1676 1597 1822 1630 Romano
1855 1597 2005 1630 Pontifici

530 1655 726 1691 reservatur,
749 1650 828 1683 ibid.
847 1649 1110 1693 Delinquentium
1130 1649 1360 1682 intercessores
1381 1649 1523 1682 haeresis
1544 1659 1664 1694 poenas
1681 1650 1867 1691 incurrunt,
1886 1649 1950 1684 746
1970 1661 2003 1683 a.

529 1705 717 1738 Revelantes
742 1703 931 1737 huiusmodi
962 1702 1081 1736 delicta
1110 1702 1336 1746 impunitatem
1367 1708 1630 1746 consequuntur,
1671 1703 1751 1736 ibid.
1781 1703 2005 1738 Absolutionis

532 1758 649 1798 forma,
672 1757 752 1790 ibid.

441 1810 622 1854 instigator.
651 1810 685 1843 V.
704 1809 902 1842 Tribunalia.

440 1866 567 1900 Ioannis
583 1865 639 1898 Dei
659 1865 795 1897 fratrum
813 1864 1034 1907 congregatio,
1053 1863 1094 1896 ad
1113 1863 1378 1896 nosocomiorum
1394 1863 1541 1906 regimen
1557 1873 1617 1907 pro
1638 1863 1790 1897 curandis
1803 1865 2003 1909 pauperibus

531 1918 670 1952 infirmis
690 1918 849 1957 instituta,
864 1917 1077 1961 approbatur,
1100 1916 1164 1950 959
1185 1928 1216 1949 d.
1235 1917 1363 1950 Fratres
1383 1916 1551 1950 obstacula
1570 1917 1657 1950 nacti
1673 1916 1706 1950 in
1721 1917 2002 1961 eleemosYnarum

532 1971 723 2005 collectione
740 1981 799 2014 pro
816 1970 907 2003 dictis
928 1969 1136 2009 nosocomiis,
1157 1969 1376 2013 provisionem
1397 1969 1572 2003 obtinenta
1589 1969 1724 2003 Summo
1737 1960 1904 2011 Pontifiee,
1920 1972 1999 2006 ibid.

530 2032 562 2058 et
581 2036 644 2069 seq.
657 2036 669 2064 ;
689 2023 934 2057 ordinariorum
955 2023 1172 2056 iurisdietioni
1189 2029 1217 2056 et
1240 2022 1435 2056 correctioni
1456 2022 1691 2063 subiiciuntur,
1715 2023 1779 2057 960
1798 2025 1834 2065 b;
1855 2025 2003 2059 habitum

531 2079 693 2112 dimittere
712 2077 942 2122 prohibentur,
965 2076 1022 2110 961
1049 2087 1088 2116 α;
1116 2076 1289 2110 ordinariis
1313 2082 1439 2110 tantum
1469 2077 1509 2110 de
1543 2077 1810 2111 nosocomiorum
1845 2079 2004 2123 regimine

532 2132 691 2166 rationem
716 2131 852 2164 reddere
872 2135 1036 2169 tenentur,
1058 2131 1137 2163 ibid.

442 2186 642 2225 Ioannottus‚
664 2184 702 2217 M.
722 2183 874 2227 magister
892 2183 1069 2225 Religionis
1085 2183 1245 2216 S.Lazari.
1267 2183 1301 2216 V.
1316 2183 1644 2227 Hierosolymitanum
1667 2185 1907 2220 nosocomium.

444 2237 624 2271 lubilaeum
645 2237 758 2270 indicit
778 2236 853 2269 Pius
874 2236 895 2268 V
920 2246 979 2279 pro
1000 2236 1109 2269 divino
1130 2236 1250 2269 auxilio
1271 2236 1475 2280 impetrando
1491 2236 1524 2269 in
1544 2237 1725 2270 Turearum
1746 2238 1868 2282 copias,
1883 2238 1949 2272 432
1968 2250 2000 2273 α.

533 2291 756 2334 Indulgentiae
787 2289 1038 2333 poenitentibus,
1063 2295 1094 2322 et
1119 2290 1289 2323 facultates
1313 2289 1592 2324 confessariishae
1615 2291 1786 2325 occasione
1810 2302 2000 2334 concessae,

534 2345 614 2377 ibid.
635 2349 665 2377 et
689 2354 752 2387 seq.
1875 2350 1878 2353 ⁴
1920 2351 1924 2356 ·

446 2396 555 2430 Iudaei
577 2397 609 2429 in
630 2397 745 2429 itinere
765 2395 912 2438 galerum
925 2395 1056 2437 nigrum
1068 2395 1193 2428 deferre
1204 2401 1348 2439 possunt,
1364 2395 1427 2429 ’167
1440 2396 1472 2436 b,·
1486 2396 1613 2429 stabilia
1631 2407 1736 2440 usque
1752 2397 1792 2431 ad
1805 2407 1848 2431 MD
1864 2398 2003 2432 ducatos

534 2449 666 2490 habere,
684 2455 714 2482 et
736 2454 952 2481 mercaturam
964 2459 1249 2492 quarumcumque
1274 2459 1384 2481 rerum
1403 2449 1698 2492 exe1·ce1'c‚‘168]d;
1715 2461 1790 2484 eum
1812 2451 1999 2485 christianis

535 2502 668 2535 honeste
686 2502 881 2541 conversari,
899 2502 977 2534 ibid.
994 2503 1026 2542 b;
1041 2502 1190 2546 pignora,
1205 2502 1323 2545 elapsis
1333 2512 1409 2535 xv111
1421 2502 1598 2543 mensibus,
1608 2504 1758 2544 vendere,
1772 2504 1869 2543 ibid.;
1881 2509 2000 2547 statuta

536 2554 630 2588 Urbis
642 2565 769 2587 servare
782 2560 944 2595 tenentur,
959 2555 1021 2588 nisi
1037 2555 1352 2598 obstentprivilegia,
1367 2556 1447 2588 ibid.
1463 2556 1589 2589 Domini
1602 2556 1818 2591 domorumin
1835 2557 1997 2590 hebraicis

535 2607 633 2652 septis
653 2608 803 2649 sitarum,
825 2619 877 2642 eas
898 2609 1007 2643 locare
1027 2608 1154 2643 debent.
1173 2618 1233 2652 pro
1259 2619 1362 2653 aequa
1382 2609 1557 2652 pensione,
1580 2609 1646 2644 169
1667 2620 1700 2644 a.
1723 2610 1782 2650 Qui
1809 2609 1938 2644 stabilia
1958 2609 2000 2643 ab
