2237 3100
71 230 121 256 An.
139 229 168 256 C.
188 227 257 256 ¹565

88 1359 112 1381 Et
124 1360 219 1380 dominos
228 1360 259 1379 si—

75 1394 131 1412 tuum
146 1397 260 1412 vacuorum

74 1422 179 1442 fabricare
195 1424 216 1442 in
229 1423 260 1443 eis

75 1453 258 1480 debere,alioquin

75 1485 188 1511 magistros
212 1485 258 1504 via—

75 1522 119 1537 mm
153 1521 189 1537 eoa

76 1547 148 1568 loturo
165 1548 199 1568 vol
211 1553 261 1568 vou-

77 1580 128 1600 der·
151 1584 222 1606 pone,
239 1582 260 1600 ut.

134 1611 258 1637 tabi-icatur,

75 1643 167 1669 mundun

213 1516 260 1536 aliis

948 227 1016 251 PIUS
1035 225 1065 249 tv
1085 224 1132 248 PP.

269 278 435 323 praefatis,
463 278 519 312 ubi
539 279 654 312 domus
682 290 741 324 per
760 279 907 313 dominos
927 279 1018 312 inha-

270 332 385 365 bitatae
405 343 464 376 pro
488 333 546 366 viis
578 344 633 366 seu
654 334 767 377 plateis
796 333 1021 366 construendis

271 385 390 418 incisae
411 385 547 425 suerint,
576 392 607 419 et
629 387 674 419 sic
699 388 922 420 incommodae
943 387 1020 421 effe-

271 443 339 472 ctae
367 444 398 472 et
421 440 610 480 resarcitae‚
646 441 831 484 ibidemque
862 440 945 473 intra
969 452 1021 473 sex

271 503 398 526 menses
423 493 471 526 vel
492 499 602 537 postea
622 494 814 527 fabricatum
837 495 944 534 suerit,
967 495 1022 527 do-

271 557 341 579 mos
361 546 539 590 contiguas,
564 547 659 580 etiam
680 559 738 591 per
762 548 909 581 dominos
930 548 1021 580 inba-

270 600 403 640 bitatas,
435 601 489 643 qui
514 611 580 633 non
605 601 845 642 fabricaverint,
873 601 1023 645 praefatis

271 653 421 693 dominis,
445 654 500 697 qui
526 653 749 687 fabricaverint
776 655 820 687 sic
845 656 958 687 domos
978 655 1024 687 in-

272 707 370 747 cisas,
403 708 550 740 dominos
575 708 735 751 praefatos
763 708 896 747 vicinos,
929 708 1022 741 etiam

271 761 463 802 habitantes,
486 761 525 794 ad
544 762 747 795 vendendum
763 772 822 806 pro
843 762 945 805 pretio
967 773 1025 806 per

272 814 353 848 duos
384 814 505 858 peritos
525 821 565 856 et,
590 815 622 847 in
651 820 799 848 eventum
825 815 1022 856 discordiae,

272 879 331 912 per
360 868 528 912 magistros
548 869 708 913 praefatos
732 869 954 910 aestimando,
996 875 1026 902 et

272 922 345 966 plus
365 922 490 956 decima
515 923 602 956 illius
626 927 733 967 parte,
765 928 801 955 ut
830 925 1022 967 praefertur,

272 986 331 1020 per
360 977 576 1010 camerarium
601 982 631 1009 et
666 976 835 1019 magistros
868 979 1026 1021 praefatos

272 1041 386 1063 eorum
409 1031 564 1067 arbitrio,
596 1030 690 1063 etiam
712 1042 729 1063 a
749 1029 852 1064 tribus
871 1032 1026 1065 lateribus

272 1084 386 1117 domos
405 1084 587 1118 vicinorum
608 1095 673 1117 non
691 1084 946 1126 circumdantes,
966 1097 1026 1119 nec

273 1138 428 1182 duplum,
450 1149 511 1171 nec
531 1138 665 1182 triplum
688 1137 719 1170 in
739 1138 846 1171 valore
867 1140 1027 1173 exceden-

273 1197 331 1232 tes,
360 1203 458 1225 manu
479 1191 566 1235 regia
592 1191 743 1236 compelli
763 1202 857 1236 posse
878 1193 1028 1227 volumus

274 1250 304 1279 et
320 1245 415 1278 etiam
436 1245 639 1278 mandamus.

317 1300 332 1343 ἓ
351 1299 405 1333 15.
425 1298 581 1342 Cumque,
601 1304 665 1331 tam
681 1299 715 1332 in
730 1299 769 1332 de
788 1300 925 1344 Populo,
944 1307 974 1334 et
990 1302 1027 1335 de

273 1353 468 1396 Portugallo,
494 1364 531 1386 ac
556 1352 780 1386 Sanctissimae
799 1354 974 1395 Trinitatis,
999 1361 1026 1389 et

274 1407 347 1440 Piae
371 1407 578 1451 nuncupatis,
604 1417 701 1450 quam
723 1407 792 1439 aliis
812 1407 915 1442 dictae
936 1410 1029 1443 Urbis

273 1460 342 1501 viis,
365 1460 598 1505 quamplurimi
623 1460 702 1493 situs
734 1471 789 1494 sen
818 1463 948 1505 praedia
977 1474 1028 1496 re-

273 1514 443 1559 periantur
463 1514 566 1547 muris
586 1514 801 1558 domibusque
825 1516 958 1550 omnino
975 1528 1028 1550 va—

275 1569 339 1610 cui,
362 1579 428 1611 quo
448 1568 482 1601 fit
501 1573 537 1601 ut
555 1568 622 1601 viae
640 1568 726 1611 ipsae
748 1569 902 1603 lateribus
931 1571 1028 1604 sterni

274 1633 330 1655 seu
346 1622 557 1666 pavimentari
578 1626 608 1655 et
628 1622 666 1654 ad
682 1628 832 1655 ornatum
846 1624 958 1657 reduci
974 1636 1030 1658 ne-

274 1681 405 1719 queant,
428 1676 559 1720 pariter,
587 1676 646 1708 sub
663 1676 776 1720 poenis
792 1678 956 1721 praefatis,
979 1690 1030 1711 vo-

273 1729 394 1771 lumus,
422 1730 592 1763 statuimus
612 1735 643 1762 et
663 1730 853 1763 ordinamus
878 1732 965 1774 quod
987 1732 1029 1765 si-

274 1787 368 1816 tuum
387 1783 629 1828 praedictorum
654 1783 791 1824 domini,
805 1783 888 1817 infra
900 1786 1029 1819 eosdem

275 1846 328 1870 sex
348 1848 487 1878 menses,
510 1837 543 1870 in
555 1837 647 1870 dictis
668 1837 799 1878 sitibus,
830 1839 878 1871 vel
902 1849 1029 1880 murOS,

274 1895 310 1924 ut
329 1892 522 1935 praefertur,
544 1892 592 1924 vel
608 1890 732 1924 edificia
749 1897 949 1931 construere,
973 1905 1029 1926 seu

275 1945 420 1978 construi
440 1946 546 1978 facere
567 1945 705 1978 debeant
728 1950 759 1978 et
778 1951 961 1980 teneantur.
986 1948 1029 1980 Ita

275 1998 375 2042 quod,
397 1999 487 2041 lapso
508 2009 561 2032 sex
586 1999 746 2031 mensium
759 1999 912 2040 termino,
936 2012 1029 2044 prae-

276 2051 331 2084 fati
359 2052 503 2095 magistri
534 2051 659 2084 viarum
690 2052 769 2085 situs
794 2054 970 2096 praefatos,
998 2055 1029 2087 in

276 2105 411 2148 quibus,
447 2111 481 2138 ut
511 2106 710 2150 praefertur,
743 2107 932 2141 fabricatum
965 2120 1029 2142 non

276 2159 394 2201 fuerit,
429 2160 691 2204 quibuscumque
720 2161 867 2204 personis
901 2174 938 2196 ac
971 2174 1030 2207 pro

276 2213 381 2258 pretio
410 2213 574 2257 reperibili
590 2240 597 2253 ,
633 2215 740 2248 locare
776 2220 806 2247 et
828 2217 1028 2257 concedere;

277 2278 346 2308 seu,
374 2267 399 2301 si
412 2268 590 2301 camerario
603 2272 630 2301 et
644 2268 803 2310 magistris
818 2269 894 2314 ipsis
914 2271 1029 2304 melius

226 2337 228 2340 ·
276 2321 454 2361 videbitur,
474 2322 552 2354 situs
570 2321 656 2365 ipsos
676 2323 935 2367 quibuscumque
956 2337 1029 2369 per-

277 2375 363 2408 sonis
383 2386 442 2419 pro
471 2375 575 2419 pretio
604 2375 804 2418 huiusmodi,
834 2376 865 2410 in
882 2378 1030 2412 manibus

278 2435 392 2458 eorum
423 2425 706 2469 depositariorum,
723 2426 762 2459 ad
778 2427 928 2460 effectum
950 2429 1029 2462 illud

278 2474 485 2517 postmodum
530 2474 670 2507 dominis
710 2475 871 2508 dictorum
911 2477 1028 2511 situum

278 2523 501 2566 consignandi,
541 2525 623 2558 sacta
656 2529 763 2557 tamen
798 2536 856 2568 per
883 2526 1030 2561 dominos

279 2572 438 2616 praefatos
458 2573 669 2607 ratiticatione
690 2574 880 2608 venditionis
903 2578 1028 2620 praefa—

276 2626 328 2656 tae
348 2633 407 2667 per
427 2623 595 2667 magistros
615 2623 727 2664 factae,
754 2628 784 2656 et
802 2623 883 2658 datis
907 2625 1030 2659 idoneis

1706 215 1764 249 391

1063 277 1267 311 cautionibus
1294 278 1326 310 in
1353 278 1472 318 forma,
1500 278 1585 311 iuxta
1599 278 1736 312 formam
1755 285 1816 313 sta-

1063 337 1206 365 tutorum
1218 332 1684 375 Urbis,deponendo,vendere
1701 340 1728 367 et
1742 334 1818 367 alie-

1064 397 1139 418 nare
1161 386 1261 419 libere
1291 392 1321 419 et
1342 386 1426 419 licite
1449 397 1485 419 ac
1509 386 1612 421 valide
1632 387 1726 421 etiam
1744 399 1817 433 pos-

1063 440 1121 472 sint
1144 441 1183 473 ad
1205 440 1355 473 effectum
1380 441 1593 483 praedictum.

1108 494 1123 536 ξ
1142 494 1194 526 16.
1219 494 1252 526 Et
1271 493 1423 537 quoniam
1446 494 1477 527 in
1493 495 1578 529 alma
1597 495 1680 528 Urbe
1701 507 1817 540 quam·
1886 510 2016 537 viculosque

1065 546 1194 589 plurimi
1221 547 1337 579 adsunt
1360 547 1455 580 viculi
1483 548 1657 581 latitudinis
1677 549 1817 583 duorum
1835 544 1890 563 ΜΤ
1907 544 1978 562 ‘¹⁰¹”‘'⁵
1996 549 2019 563 ⁰‘

1835 575 1938 594 xistenten
1981 581 2018 600 ap-

1065 599 1113 631 vel
1132 598 1230 631 trium
1255 601 1449 643 palmorum,
1482 606 1537 634 aut
1558 602 1655 643 circa,
1688 602 1719 636 in
1745 603 1817 647 qui·
1835 606 2019 633 ιποντῑ-πίθῑοε-

1065 652 1124 684 bus
1145 653 1249 686 variae
1277 654 1387 686 sordes
1407 659 1438 686 et
1465 655 1688 690 immunditiae
1715 657 1818 690 conti·
1834 643 1928 702 {iginii-¹⁸
1944 641 2020 701 aiio-'0⁵12

1066 716 1131 738 nuo
1152 706 1354 748 inficiuntur,
1378 715 1405 742 et
1428 709 1513 742 inuri
1525 709 1737 743 circumcirca
1757 710 1821 743 exi·
1833 700 2017 752 ffisfl'fflesiiiissm

1066 764 1194 800 stentes,
1215 762 1449 803 putretactione
1462 763 1633 808 corruptis,
1650 764 1817 805 foetorem,

1068 824 1142 845 cum
1176 814 1319 857 pestiferi
1347 820 1375 848 et
1397 816 1472 849 mali
1497 817 1579 850 aeris
1599 817 1818 861 generatione,

1069 866 1241 907 inducunt,
1269 868 1349 902 adeo
1371 876 1416 911 ut,
1446 876 1592 914 tempore
1610 872 1818 915 procedente,

1068 919 1143 953 dicti
1166 921 1249 954 muri
1266 928 1420 956 corruant
1440 929 1467 957 et
1485 925 1688 958 collabantur
1708 931 1738 959 et
1753 928 1821 960 col-

1069 974 1146 1018 lapsi
1172 975 1359 1017 eiiciantur,
1387 982 1421 1010 ut
1441 977 1593 1022 deinceps
1613 980 1729 1013 unicus
1748 991 1822 1014 mu-

1069 1039 1124 1060 rus
1144 1039 1204 1072 pro
1232 1035 1367 1074 utroque
1388 1031 1488 1064 latere
1518 1032 1690 1066 domorum
1719 1035 1822 1068 conti-

1069 1093 1205 1125 guarum
1241 1084 1406 1125 inserviat,
1441 1086 1500 1118 sul)
1535 1087 1656 1120 eisdem
1688 1089 1820 1132 poenis,

1069 1137 1155 1180 quod
1181 1137 1220 1171 de
1246 1144 1354 1172 cetero
1382 1150 1491 1181 nemo,
1517 1142 1753 1186 cuiuscumque
1774 1143 1823 1176 di-

1069 1190 1207 1232 gnitatis,
1228 1197 1339 1233 status,
1362 1193 1491 1235 gradus,
1509 1194 1631 1228 ordinis
1645 1196 1694 1229 vel
1715 1197 1824 1230 condi-

1070 1243 1165 1277 tionis
1186 1243 1334 1286 existens,
1357 1246 1388 1279 in
1405 1248 1453 1280 vel
1478 1258 1576 1292 super
1592 1248 1693 1282 muris
1712 1249 1824 1283 liuius-

1070 1298 1159 1330 modi
1189 1298 1297 1332 trabes
1334 1305 1387 1332 aut
1417 1301 1504 1344 tigna
1538 1312 1594 1335 seu
1629 1302 1707 1345 quid
1736 1304 1823 1337 aliud

1070 1362 1248 1395 apponere,
1279 1354 1423 1387 caminos
1458 1356 1506 1388 vel
1535 1356 1703 1401 quidpiam
1737 1358 1824 1391 aliud

1071 1411 1273 1447 construere,
1294 1409 1342 1440 vel
1364 1419 1494 1441 murum
1516 1409 1591 1442 dicti
1606 1410 1703 1443 viculi
1724 1412 1826 1445 eleva-

1072 1470 1118 1499 re,
1142 1470 1198 1492 seu
1215 1460 1345 1504 aliquod
1363 1461 1405 1494 ibi
1421 1462 1607 1496 aediticium
1624 1464 1751 1505 fulcire,
1771 1471 1827 1499 aut,

1071 1513 1150 1546 alias
1170 1514 1233 1546 illis
1253 1516 1300 1547 uti
1321 1516 1368 1548 vel
1390 1516 1471 1549 inuti
1492 1523 1600 1560 queat,
1623 1529 1682 1551 nec
1698 1519 1823 1553 debeat.

1072 1568 1289 1601 Muratoribus
1309 1580 1384 1602 vero
1404 1571 1666 1615 quibuscumque
1679 1599 1686 1613 ,
1718 1583 1758 1606 ne
1786 1574 1826 1607 de

1072 1627 1189 1663 cetero,
1208 1623 1268 1656 sub
1283 1623 1366 1656 exilii
1383 1634 1399 1656 a
1417 1629 1484 1657 toto
1500 1625 1589 1658 Statu
1602 1626 1825 1661 Ecclesiastico

1071 1680 1102 1707 et
1117 1675 1278 1708 bonorum
1300 1687 1434 1710 suorum
1451 1678 1691 1713 confiscationis
1708 1691 1824 1724 poena,

1072 1729 1104 1761 in
1129 1729 1221 1762 dictis
1246 1731 1359 1771 muris,
1384 1741 1442 1774 pro
1462 1731 1592 1765 illarum
1622 1735 1827 1778 reparatione

1072 1788 1125 1815 aut
1146 1783 1184 1816 de
1205 1794 1287 1816 novo
1308 1785 1527 1826 extructione,
1550 1797 1684 1820 manum
1701 1793 1731 1821 et
1748 1800 1826 1832 ope-

1072 1847 1140 1868 ram
1162 1848 1326 1881 apponere
1355 1839 1403 1871 vel
1432 1840 1607 1883 quicquam
1634 1842 1741 1885 operis
1769 1843 1828 1876 ibi-

1072 1889 1144 1922 dem
1182 1891 1286 1924 sacere
1321 1902 1376 1925 seu
1411 1893 1568 1927 fabricare
1606 1896 1746 1929 audeant
1778 1897 1827 1930 vel

1072 1950 1290 1987 praesumant.
1320 1946 1357 1979 Et
1376 1947 1525 1988 ulterius,
1545 1948 1584 1981 ad
1597 1949 1755 1983 tollendos
1780 1950 1827 1983 di-

1073 2003 1139 2031 ctos
1159 2009 1271 2032 muros
1291 2005 1321 2033 et
1340 2000 1474 2041 viculos,
1497 2002 1647 2035 volumus
1666 2005 1753 2046 quod
1772 2004 1826 2038 ille

1072 2062 1109 2084 ex
1124 2052 1251 2093 vicinis,
1274 2054 1329 2097 qui
1350 2055 1476 2098 primus
1496 2057 1634 2089 voluerit
1654 2058 1824 2099 fabricare,

1074 2105 1172 2148 possit
1191 2107 1317 2149 (habita
1333 2112 1441 2141 tamen
1462 2120 1478 2141 a
1499 2110 1650 2153 praefatis
1665 2112 1826 2155 magistris

1072 2159 1216 2202 licentia,
1237 2162 1332 2195 etiam
1359 2163 1479 2207 absquo
1499 2163 1637 2198 alicuius
1656 2166 1752 2209 pretii
1773 2176 1826 2200 so-

1072 2214 1194 2248 lutione
1216 2215 1367 2260 cuiquam
1385 2217 1542 2261 Facienda)
1558 2218 1686 2252 eosdem
1703 2219 1826 2253 viculos

1072 2268 1131 2300 sibi
1147 2279 1323 2311 assumere,
1343 2271 1555 2316 appropriare
1567 2277 1597 2305 et
1611 2272 1783 2314 vindicare,
1796 2279 1827 2307 et

1071 2332 1171 2366 super
1190 2334 1284 2357 muro
1303 2324 1458 2357 suivicini
1475 2324 1574 2368 tigna,
1593 2326 1727 2370 lapideS,
1751 2338 1824 2361 cae-

1072 2383 1179 2410 menta
1195 2383 1226 2411 et
1241 2378 1348 2411 trabes
1371 2379 1499 2423 aliaque
1511 2380 1550 2412 ad
1566 2380 1721 2413 fabricam
1733 2392 1825 2414 suam

1071 2427 1250 2460 necessaria
1282 2439 1459 2472 apponere,
1488 2439 1645 2473 suamque
1669 2430 1824 2464 fabricam

1072 2476 1211 2520 desuper
1230 2479 1382 2522 adaptare
1393 2483 1433 2517 et,
1445 2484 1479 2511 ut
1497 2478 1627 2521 dicitur,
1649 2481 1825 2524 appodiare

1071 2531 1101 2558 et
1122 2526 1199 2560 alias
1219 2528 1332 2561 eodem
1349 2539 1443 2561 muro
1460 2528 1679 2562 communiter
1695 2540 1768 2562 cum
1782 2530 1825 2562 vi-

1071 2574 1144 2608 cino
1164 2587 1222 2619 per
1237 2577 1387 2611 eumdem
1407 2578 1566 2611 fabricare
1581 2579 1742 2612 volentem
1757 2590 1824 2613 me-

1071 2624 1188 2659 dietate
1205 2626 1279 2660 dicti
1301 2628 1398 2668 muri,
1414 2628 1453 2661 ad
1464 2628 1719 2662 aestimationem
1739 2629 1821 2663 duo-

1834 226 1883 252 Αῐι.
1901 226 1930 253 C.
1950 227 2015 253 ¹565
