2237 3100
463 283 527 317 452

418 343 654 377 venerabilibus
684 343 836 376 fratribus
862 344 979 375 nostris
1009 343 1040 375 S.
1070 342 1105 375 R.
1135 342 1168 374 E.

418 397 637 430 cardinalibus
657 403 782 430 matura
803 397 1046 436 deliberatione,
1073 407 1109 428 ac
1135 396 1173 429 de

418 461 532 483 corum
545 451 691 483 unanimi
703 450 849 491 consilio,
864 449 966 482 bacin
978 454 1172 493 perpetuum

418 504 555 537 valitura
574 504 815 543 constitutione,
839 502 1047 535 sancimusut
1060 502 1093 534 in
1109 513 1175 535 om-

418 557 514 589 nibus
531 563 558 590 ct
577 557 710 599 singulis
730 556 920 593 civitatibus,
936 555 1028 588 terris
1039 561 1069 588 ct
1081 555 1171 596 locis,

419 616 453 643 ut
469 611 659 653 praefertur,
673 610 765 642 nobis
780 614 810 641 ct
825 608 897 641 Scdi
910 609 1053 652 Apostol.
1071 608 1175 641 subie-

419 664 488 700 ctis,
505 663 536 695 iu
552 663 670 705 quibus
682 672 795 705 poena}
807 661 924 704 aliqum
933 661 1131 705 pccuniariae
1145 667 1176 695 ct

419 718 568 753 mulctae,
582 716 644 748 sive
653 721 759 748 certae
768 726 935 758 expressae
945 726 1100 755 summac,
1113 716 1176 749 sive

419 772 591 807 bonorum,
605 769 667 801 sive
688 768 825 801 alicuius
845 768 944 812 partis
959 769 1090 801 illorum
1103 780 1176 802 con-

418 824 620 863 fiscationes,
644 834 702 867 pro
727 822 894 866 quibusvis
920 821 1130 863 criminibus,
1159 834 1176 855 a

420 877 488 910 iure
510 876 677 909 communi
697 876 744 909 vel
766 876 969 920 municipali,
997 876 1059 909 six-e
1081 876 1175 909 ctiam

419 941 478 974 per
497 930 639 970 decreta,
663 930 779 969 edicta,
802 930 1000 974 proclamata
1030 934 1085 962 aut
1100 930 1177 962 ban-

419 983 562 1016 nimenta
583 994 600 1016 a
620 984 768 1016 locorum
795 983 1026 1022 rectoribus,et
1049 982 1177 1026 provin-

420 1036 543 1069 ciarum
572 1036 774 1080 praesidibus
810 1047 865 1069 scu
886 1036 1174 1079 gubernatoribus,

419 1101 456 1123 ac
481 1089 577 1122 etiam
604 1090 642 1122 de
668 1090 766 1123 latere
788 1090 899 1132 legatis
920 1094 951 1122 et
970 1090 1178 1123 eorumvice-

419 1143 543 1186 legatis,
572 1143 752 1186 ceterisque
772 1142 967 1175 officialibus
986 1148 1014 1175 et
1041 1142 1178 1176 iustitiae

421 1196 577 1229 ministris
597 1196 680 1229 edita
700 1201 727 1228 et
751 1197 843 1236 sacta,
868 1195 1017 1236 inflictae,
1035 1196 1178 1240 ipsarum

422 1249 597 1290 civitatum,
613 1255 771 1283 terrarum
789 1250 977 1282 etlocorum
996 1250 1178 1282 communi-

422 1302 552 1343 tatibus,
567 1313 602 1335 ex
625 1307 742 1335 statuto
762 1303 809 1335 vel
822 1302 1068 1343 consuetudine,
1083 1304 1178 1336 etiam

423 1367 439 1389 a
461 1355 553 1388 nobis
577 1361 604 1388 et
631 1355 712 1389 Sede
737 1355 920 1398 Apostolica
944 1357 1130 1399 approbatis
1150 1362 1177 1389 et

422 1409 635 1449 confirmatis,
645 1414 698 1441 aut
708 1409 874 1452 privilegio
884 1409 1178 1453 apostolico,etia1n

423 1473 458 1494 cx
480 1462 573 1495 titulo
594 1472 731 1495 oneroso
752 1463 798 1495 vel
816 1472 874 1505 pro
895 1463 1098 1505 reparatione
1110 1475 1180 1496 mu-

424 1525 548 1552 rorum,
572 1515 703 1548 sortium
726 1515 758 1556 ¹,
787 1515 935 1560 pontium
958 1520 988 1548 et
998 1516 1123 1550 viarum
1151 1523 1180 1550 ct

424 1569 519 1602 etiam
541 1569 753 1603 ecclesiarum
789 1580 843 1602 seu
865 1568 995 1613 piorum
1016 1570 1177 1611 locorum,

423 1628 479 1656 aut
498 1633 558 1667 pro
579 1623 648 1656 aliis
669 1623 767 1656 rebus
778 1623 918 1667 publicis
934 1624 983 1656 vel
1004 1624 1082 1657 alias
1097 1636 1180 1668 quo-

424 1676 600 1709 modolibet
613 1686 778 1717 concesso,
792 1677 824 1709 in
837 1681 939 1710 totum
951 1678 999 1710 vel
1011 1677 1043 1710 in
1056 1683 1180 1722 partem

425 1730 603 1773 applicatae
625 1729 765 1763 existunt
785 1730 1009 1773 (illistantum,
1027 1742 1111 1774 quae
1122 1742 1181 1775 pro

425 1783 550 1816 damnis
578 1783 611 1816 in
636 1784 908 1828 possessionibus,
936 1784 1055 1825 vineis,
1083 1786 1179 1828 agris,

426 1833 509 1866 silvis
525 1838 555 1866 et,
566 1833 754 1866 nemoribus
765 1833 860 1866 illatis
871 1834 1040 1877 impositae
1052 1835 1182 1875 suerint,

216 292 266 319 An.
284 292 312 320 C.
331 292 398 321 ¹561

425 1882 591 1925 exceptis),
604 1892 669 1916 non
683 1883 856 1927 praedictis
877 1884 1181 1927 communitatibus,
1202 1879 1204 1890 '

426 1932 481 1964 scd
497 1931 650 1965 Gamerae
667 1933 869 1976 Apostolicae
889 1934 1069 1978 applicatae
1082 1934 1143 1968 sint
1154 1941 1181 1968 ct

427 1992 494 2014 esse
516 1987 721 2021 censeantur,
743 1987 773 2014 et
794 1993 852 2025 per
876 1983 1030 2016 officiales
1050 1994 1105 2016 seu
1116 1994 1184 2016 exe-

427 2036 557 2063 catores
576 2031 615 2064 ad
636 2030 667 2064 id
677 2030 794 2074 abipsa
814 2031 949 2065 Camera
969 2032 1183 2076 deputandos,

427 2080 522 2113 etiam
544 2090 626 2124 quae
647 2080 805 2113 hactenus
825 2081 1012 2114 earumdem
1035 2092 1183 2115 commu-

428 2129 563 2161 nitatum
586 2128 779 2172 negligentia
801 2140 857 2163 seu
877 2130 986 2174 potius
1005 2130 1103 2163 nimia
1135 2130 1184 2163 in-

429 2177 592 2221 dulgentia
614 2183 742 2211 exactae
758 2188 823 2211 non
844 2179 988 2219 fuerunt,
1002 2179 1182 2222 exigantur,

430 2237 466 2259 ac
487 2226 568 2270 exigi
589 2226 713 2271 possint
733 2232 763 2260 et
778 2227 926 2261 debeant.

474 2276 489 2318 g
506 2275 537 2308 3.
560 2276 746 2309 inhibentes
766 2277 923 2309 universis
939 2282 969 2310 et
990 2277 1124 2320 singulis
1140 2278 1184 2310 le-

271 2329 352 2350 Mandat
385 2331 411 2350 1οΔ
431 2324 522 2366 gatis,
546 2326 605 2357 sub
626 2324 856 2368 indignationis
867 2331 1009 2365 nostrae,
1022 2336 1058 2358 ac
1079 2331 1185 2359 recto-
1207 2359 1208 2362 ,

227 2366 300 2382 corum
321 2361 415 2381 rectori-
450 2371 455 2376 ·
629 2373 645 2378 ..
810 2375 815 2379 .
854 2375 859 2380 .

228 2392 294 2418 mm,
310 2392 415 2412 Mne-
431 2372 520 2405 ribus
540 2378 571 2406 et
595 2374 665 2406 alus
685 2375 890 2418 supradictis,
918 2375 977 2408 sub
998 2386 1186 2409 excommu-

228 2426 275 2474 :222⁰
300 2423 416 2473 ²:¹²2&
432 2421 601 2454 nicationis
617 2433 672 2455 seu
692 2423 913 2467 suspensionis
933 2424 1086 2464 adivinis,
1100 2425 1186 2457 aliis—

230 2459 416 2507 amemcffierae,
432 2481 494 2513 que
515 2470 638 2503 arbitrii
664 2471 764 2504 nostri
790 2473 904 2516 poenis
928 2483 965 2505 eo
988 2473 1057 2517 ipso
1077 2474 1187 2506 incur-

230 2514 417 2567 ξιῑιξξῐρζῇξξζΐ
433 2518 553 2555 rendis,
572 2529 611 2551 ne
622 2519 660 2551 de
672 2525 792 2560 cetero,
806 2521 972 2564 perpetuis
983 2522 1099 2554 suturis
1110 2527 1189 2555 tem-

232 2576 308 2598 nullst.

1016 290 1195 315 BULLARIUM
1221 290 1371 314 ROMANUM

1985 287 2035 314 An.
2052 285 2081 314 G.
2100 285 2167 314 156¹

1215 341 1379 374 sententiis
1404 340 1543 373 serendis
1567 350 1688 384 poenas
1712 338 1917 384 pecuniarias
1941 343 1973 372 et

1216 395 1353 427 mulctas
1384 398 1439 426 aut
1471 394 1634 426 bonorum
1655 393 1687 425 in
1716 398 1842 437 partem
1862 393 1910 426 vel
1939 392 1972 426 in

1216 453 1318 480 totum
1340 446 1587 480 confiscationes
1611 445 1799 479 huiusmodi
1812 445 1908 479 alicui
1929 445 1974 478 al-

1217 500 1287 540 teri,
1299 505 1526 544 praeterquam
1538 499 1615 532 fisco
1627 504 1737 532 nostro
1763 504 1793 532 et
1820 499 1973 532 Gamerae

1216 553 1419 598 Apostolicae
1446 553 1609 597 applicare
1643 552 1755 596 quovis
1789 553 1885 585 modo
1915 563 1973 585 au-

1217 607 1325 647 ‹lcant;
1354 612 1385 639 et
1406 606 1459 639 ubi
1480 605 1575 639 etiam
1602 616 1659 649 per
1674 616 1729 638 eos
1754 605 1851 638 alicui
1881 605 1974 638 alteri

1217 660 1373 703 applicari
1396 659 1582 702 contigerit,
1610 658 1680 691 illas
1695 658 1908 692 nihilominus
1927 658 1974 692 ei-

1218 713 1290 747 dem
1311 713 1463 746 Gamerae
1489 712 1665 757 applicatas
1688 712 1757 745 sore
1778 718 1809 746 et
1829 711 1972 752 censeri,

1218 780 1254 800 ac
1276 778 1332 811 per
1352 767 1422 800 cius
1447 766 1602 800 officiales
1622 771 1652 799 et
1672 771 1861 799 executores
1885 776 1977 810 prac-

1219 822 1299 854 satos
1320 820 1433 865 excipi.
1463 820 1580 863 Sicque
1601 830 1659 862 per
1679 829 1905 862 quoscumque
1925 818 1975 852 iu-

1218 875 1305 907 dices
1333 879 1363 907 et
1389 872 1638 913 commissarios,
1652 872 1763 916 quavis
1786 872 1977 905 auctoritate

1221 930 1400 970 fungentes,
1427 927 1521 961 etiam
1544 927 1705 970 praefatos
1720 926 1910 966 cardinales,
1923 936 1977 959 su-

1219 982 1304 1015 blata
1331 982 1376 1014 eis
1402 987 1432 1014 et
1457 992 1572 1014 eorum
1594 980 1726 1014 cuilibet
1750 979 1861 1024 quavis
1885 979 1979 1012 aliter

1220 1035 1383 1067 iudicandi
1405 1040 1434 1067 et
1452 1033 1686 1077 interpretandi
1706 1033 1857 1066 facultate
1873 1038 1903 1066 et
1922 1042 1979 1066 au-

1221 1088 1379 1127 ctoritate,
1401 1087 1536 1120 iudicari
1550 1092 1580 1120 et
1590 1086 1718 1120 definiri
1729 1097 1737 1126 ;
1750 1085 1878 1118 irritum
1894 1095 1978 1128 quo·

1220 1152 1283 1185 que
1304 1146 1334 1174 et.
1360 1141 1466 1179 inane,
1495 1140 1519 1173 si
1545 1151 1638 1173 secus
1662 1150 1759 1183 super
1782 1138 1832 1172 his
1856 1149 1873 1172 a
1899 1149 1980 1182 quo-

1220 1205 1329 1239 quam,
1340 1195 1452 1238 quavis
1461 1194 1663 1234 auctoritate,
1676 1192 1816 1226 scienter
1826 1193 1873 1226 vel
1886 1192 1978 1235 igno-

1219 1253 1342 1285 ranter,
1361 1247 1534 1290 contigerit
1554 1246 1719 1286 attentari,
1740 1245 1958 1280 decernimus.

1265 1302 1280 1344 ξ
1299 1300 1331 1334 4.
1354 1301 1398 1333 Ne
1419 1307 1527 1334 autem
1553 1301 1614 1341 his,
1641 1300 1761 1343 quibus
1781 1310 1905 1344 poenae
1926 1309 1980 1343 pe·
2007 1311 2183 1347 neciafanqcir-

1222 1354 1387 1387 cuniariac
1409 1365 1464 1387 seu
1486 1355 1625 1387 mulctae
1651 1353 1836 1398 praedictae
1855 1353 1963 1386 forsan
1995 1342 2182 1370 ⁰¹³⁹⁹¹w³²¹⁰¹¹⁹¹

1969 1379 1977 1394 9
1994 1373 2062 1395 factas
2077 1374 2117 1401 piis
2127 1373 2182 1394 loci·

1223 1419 1259 1440 ex
1285 1407 1379 1440 titulo
1404 1419 1477 1441 vere
1510 1418 1665 1448 oneroso,
1694 1407 1835 1452 pecunia
1859 1405 1981 1440 scilicet
1995 1404 2030 1458 ξ’
2059 1409 2085 1425 ⁶¹
2119 1410 2184 1426 ⁰⁵⁸⁵·

1221 1461 1391 1495 actualiter
1406 1461 1774 1506 numerata,applicatae
1793 1459 1979 1502 extiterunt,
2011 1441 2096 1458 ueros*

1222 1514 1460 1558 praeiudicium
1490 1515 1564 1556 fiat,
1599 1516 1750 1548 volumus
1780 1519 1816 1547 ut
1838 1514 1892 1555 hi,
1925 1513 1982 1558 qui

1222 1568 1293 1601 illas
1313 1579 1368 1601 seu
1384 1568 1514 1601 illarum
1532 1574 1657 1613 partem
1675 1569 1720 1602 sic
1745 1579 1783 1602 ex
1799 1567 1892 1601 titulo
1903 1577 1981 1601 one-

1223 1632 1295 1655 roso
1313 1621 1372 1654 sibi
1393 1622 1569 1665 applicatas
1589 1632 1645 1655 seu
1671 1621 1866 1666 applicatam
1883 1621 1982 1655 fuisse

1224 1676 1405 1715 docuerint,
1424 1680 1595 1719 postquam
1608 1675 1680 1708 illae
1696 1686 1754 1719 per
1763 1675 1917 1709 officiales
1926 1675 1982 1709 Ca-

1224 1740 1332 1763 merae
1353 1729 1556 1773 Apostolicae
1568 1735 1696 1762 exactae
1714 1728 1847 1770 suerint,
1867 1729 1906 1762 de
1926 1739 1981 1762 eo-

1225 1794 1297 1816 rum
1324 1783 1473 1816 manibus
1493 1782 1644 1827 (praeviis
1668 1787 1776 1816 tamen
1803 1782 1907 1815 dictae
1927 1781 1982 1816 Ca-

1225 1847 1334 1870 merae
1344 1836 1593 1880 mandatis)illas
1602 1836 1725 1880 integre
1742 1847 1798 1869 seu
1811 1847 1870 1880 pro
1882 1841 1983 1879 parte,

1225 1896 1322 1934 prout
1347 1890 1392 1923 eis
1416 1890 1595 1934 applicatae
1619 1896 1723 1930 erant,
1749 1889 1920 1934 accipiant.
1948 1890 1984 1923 In

1226 1944 1357 1977 illarum
1377 1954 1453 1977 vero
1479 1943 1645 1977 exactione
1665 1944 1852 1978 nullatenus
1875 1954 1908 1978 se
1931 1943 1984 1977 in·

1226 1997 1417 2031 tromittant.
1440 1998 1478 2030 Et
1499 1998 1584 2031 idem
1605 1997 1637 2031 in
1658 1997 1721 2031 illis
1737 1997 1851 2043 poenis
1862 2003 1893 2031 et
1903 1998 1986 2031 mul-

1227 2051 1286 2084 ctis
1306 2061 1342 2084 ac
1371 2050 1673 2092 confiscationibus‚
1697 2062 1780 2095 quae
1805 2051 1986 2096 applicatae

1228 2115 1296 2137 esse
1317 2104 1541 2144 ostendentur,
1563 2115 1623 2149 pro
1644 2104 1906 2149 reparationibus
1916 2115 1986 2138 mu-

1229 2167 1353 2199 rorum,
1372 2157 1520 2202 pontium
1542 2163 1572 2191 et
1595 2158 1733 2199 viarum,
1760 2163 1791 2192 et
1806 2158 1843 2198 ‚in
1872 2158 1985 2202 primis

1228 2210 1439 2244 ecclesiarum
1469 2217 1500 2244 et
1520 2211 1649 2254 piorum
1669 2212 1830 2252 locorum,
1849 2211 1985 2256 aliisque

1231 2264 1337 2305 rebus,
1355 2264 1493 2308 publicis
1501 2265 1659 2306 videlicet,
1680 2265 1841 2299 observari
1856 2266 1986 2300 manda-

1232 2329 1316 2351 mus.

1273 2371 1288 2414 g
1314 2371 1344 2405 5.
1372 2371 1442 2404 Non
1472 2371 1674 2405 obstantibus
1699 2372 1987 2407 constitutionibus

1230 2430 1260 2457 et
1281 2424 1538 2458 ordinationibus
1575 2425 1758 2468 apostolicis
1788 2436 1825 2458 ac
1856 2427 1986 2469 provin-

1231 2474 1367 2507 cialibus
1386 2479 1417 2507 et
1434 2474 1687 2519 municipalibus
1702 2485 1988 2520 quorumcumque

1233 2523 1392 2562 locorum,
1412 2523 1535 2555 statutis
1547 2533 1688 2567 quoque,
1703 2522 1835 2556 indultis
1846 2529 1876 2556 et
1887 2524 1988 2559 literis

2014 2383 2126 2406 clausula·
2146 2385 2187 2407 ‹1⁸-

2001 2417 2130 2443 rogatoriam

434 2567 579 2611 poribus,
603 2568 635 2600 in
657 2579 769 2601 eorum
782 2569 935 2611 decretis,
963 2570 1090 2610 edictis,
1115 2583 1188 2615 pro-
1232 2571 1417 2614 apostolicis
1449 2571 1736 2605 communitatibus
1760 2572 1932 2615 praedictis
1957 2579 1989 2607 et

435 2616 626 2649 clamatibus
649 2628 705 2650 seu
720 2617 938 2652 bannimentis
958 2619 1122 2661 faciendis,
1136 2625 1192 2654 aut
1234 2619 1304 2652 aliis
1324 2619 1598 2665 quibuscumque,
1621 2620 1717 2653 etiam
1737 2631 1775 2654 ex
1795 2621 1888 2655 titulo
1908 2632 1987 2656 one-

474 2675 485 2701 ¹
507 2675 644 2708 Foutium,
662 2675 777 2703 Cherub.
797 2675 834 2712 (a.
851 2676 901 2713 r),

1209 2698 1217 2733 l

1234 2679 1318 2712 r0s0‚
1339 2670 1510 2713 concessis,
1541 2669 1740 2705 confirmatis
1759 2675 1789 2706 et
1811 2670 1985 2714 innovatis,
