2237 3100
267 258 317 286 An.
335 258 363 285 C.
380 259 448 287 1562

508 249 573 283 ⁶340

464 310 615 344 basilicae
638 310 797 353 Principis
823 310 1050 353 Apostolorum
1072 307 1110 340 de
1134 307 1214 339 Urbe

464 364 623 409 applicata
653 375 721 397 esse
742 368 950 399 censeantur;
983 368 1028 401 ct,
1049 365 1214 393 crescente

463 418 691 457 inobedientia,
703 417 797 449 ctiam
819 415 1005 458 privationis
1025 415 1212 447 eorumdem

463 472 643 505 officiorum
669 471 738 515 ipso
759 471 840 503 sacto
866 468 1071 501 incurrendis
1092 468 1212 512 poenis,

461 522 637 570 apOstolica
652 524 971 563 auctoi·itate,tenore
984 522 1212 566 praesentium,

462 578 680 622 praecipimus
700 583 730 610 ct
755 576 955 617 mandamuS,
984 581 1144 619 quatenus
1166 576 1212 609 vi-

461 632 576 665 delicet
597 632 629 664 in
655 631 789 674 registro
819 630 1115 674 supplicationum,
1145 642 1211 663 ma-

459 685 547 729 gistri
568 690 598 718 et
618 685 792 728 scriptores
810 683 1008 723 huiusmodi,
1030 685 1112 717 ultra
1133 686 1212 718 sala-

460 740 543 773 rium
565 739 642 772 inibi
666 750 725 783 pro
746 739 918 782 signaturis
934 739 1106 771 ordinariis
1131 739 1211 782 exigi

458 793 601 834 solituin3
623 793 676 825 alii
696 803 772 826 vcro
793 792 946 825 officiales
962 792 1070 825 literas
1085 799 1212 836 aposto-

458 847 546 885 licas,
568 853 632 880 tam
654 847 714 879 sub
740 847 892 890 plumbo,
923 858 1020 890 quain
1048 846 1079 879 in
1110 848 1211 880 forma

457 902 581 942 brevis,
611 913 709 946 super
741 901 851 945 gratiis
874 901 1149 943 indulgentiarum
1182 908 1207 934 ct

456 962 663 999 pcccatorum
698 955 898 995 remissione,
928 954 1024 988 ctiam
1045 956 1209 999 plenaria,

457 1015 520 1042 tam
556 1021 615 1053 pro
646 1009 722 1042 vivis
748 1020 845 1053 quam
872 1009 1049 1048 defunctis,
1082 1014 1143 1042 tam
1172 1010 1210 1042 ad

454 1070 583 1108 tempus
616 1075 713 1108 quam
735 1069 910 1107 perpetuo,
935 1063 972 1095 ad
996 1064 1135 1095 tutursun
1154 1075 1209 1096 seu

455 1123 646 1161 perpetuam
668 1117 715 1150 rei
736 1117 942 1157 memoriam,
965 1116 1084 1149 velalia
1107 1117 1208 1149 forma

454 1183 490 1204 ac
516 1182 591 1204 cum
620 1171 731 1215 quavis
762 1171 930 1210 narrativa,
954 1182 1011 1214 pro
1045 1171 1210 1214 quibusvis

453 1224 706 1268 particularibus
722 1224 869 1267 personis
881 1235 936 1257 seu
949 1224 1103 1261 ecclesiis,
1115 1230 1140 1257 et
1149 1225 1208 1257 iam

453 1277 694 1311 cathedralibus
715 1283 746 1310 ct
766 1278 959 1321 collegiatis,
989 1278 1207 1319 monasteriis,

454 1332 668 1376 prioratibus,
691 1331 847 1375 cappellis
872 1332 1050 1375 perpetuis,
1079 1333 1208 1376 cappel-

453 1385 547 1418 laniis
564 1412 572 1425 ,
594 1385 764 1424 oratoriis,
787 1385 1013 1429 hospitalibus,
1037 1386 1207 1429 capitulis,

453 1439 607 1481 collegiis,
629 1439 852 1479 conventibus,
876 1440 1209 1479 confraternitatibus‚

454 1492 661 1527 societatibus
678 1520 685 1534 ‚
718 1493 979 1526 universitatibus
1015 1498 1045 1526 et
1078 1493 1211 1537 quibus-

453 1558 594 1591 cumque
615 1547 686 1579 aliis
706 1547 767 1591 piis
788 1547 868 1580 locis
888 1558 905 1580 a
926 1547 1018 1580 nobis
1039 1554 1069 1581 ct,
1086 1558 1210 1581 succes-

452 1601 580 1634 soribus
618 1601 736 1634 nostris
774 1601 928 1635 Romanis
974 1602 1183 1635 Pontificibus
1201 1628 1208 1642 ‚

453 1655 548 1689 etiam
592 1655 775 1688 facultatem
814 1655 953 1698 eligendi
992 1657 1210 1689 consessorem

453 1721 528 1743 cum
548 1716 697 1743 votorum
719 1709 973 1743 commutatione
1000 1709 1031 1742 in
1053 1721 1085 1743 se
1107 1711 1209 1744 conti-

454 1763 614 1805 nentibus,
631 1775 690 1808 pro
713 1770 868 1807 tempore,
893 1764 971 1797 citra
994 1770 1099 1798 tamen
1121 1766 1209 1798 clau-

453 1819 556 1851 sulam
577 1818 792 1862 porrectionis
818 1829 975 1851 manuum
1001 1818 1208 1859 adiutricum,

453 1871 614 1905 concessis
654 1877 684 1905 et
720 1872 937 1905 concedendis
956 1899 963 1912 ‚
1000 1873 1211 1906 conficiendis

454 1926 550 1969 gratis
573 1937 632 1969 pro
647 1926 711 1959 Deo
733 1926 854 1969 ubique
874 1937 932 1970 per
953 1938 1066 1960 eorum
1093 1928 1209 1968 officia,

454 1980 576 2023 absque
600 1980 709 2023 aliqua
744 1986 813 2013 taxa
847 1980 1004 2023 regalium
1038 1992 1094 2014 scu
1124 1982 1209 2015 ioca-

455 2035 533 2067 lium
568 2039 622 2067 aut
648 2035 789 2067 cuiusvis
813 2034 945 2067 alterius
973 2035 1100 2078 generis
1126 2037 1210 2068 solu-

456 2088 542 2121 tione
558 2088 605 2121 vcl
622 2088 798 2129 exactione,
822 2089 1029 2131 quantumvis
1049 2089 1211 2123 ordinaria

456 2143 504 2175 vel
531 2142 806 2183 extraordinaria,
830 2142 981 2176 omnibus
1008 2143 1210 2177 recusatione

457 2201 487 2230 et
507 2196 761 2229 contradictione
782 2196 993 2237 cessantibus,
1007 2196 1106 2237 illico,
1120 2198 1210 2231 nullo

456 2250 517 2284 alio
538 2262 556 2283 a
576 2250 668 2284 nobis
688 2256 743 2283 aut.
763 2251 863 2283 altero
884 2251 1025 2295 desuper
1045 2257 1210 2295 expectato

457 2305 618 2342 mandato,
638 2304 818 2348 expediant,
840 2310 871 2337 et
881 2305 1152 2349 prosequentibus
1172 2306 1210 2338 il-

456 2360 561 2392 larum
596 2357 831 2402 expeditionem
850 2385 857 2399 ,
894 2357 989 2391 etia‘m
1027 2359 1052 2391 si
1091 2365 1207 2403 partes,

456 2422 597 2456 quorum
614 2411 730 2444 intuitu
753 2411 873 2444 suerint
893 2423 1076 2454 concessae,
1100 2412 1131 2445 in
1152 2413 1211 2446 Ro-

457 2471 551 2493 mana
587 2460 682 2494 Curia
715 2471 779 2493 non
813 2460 876 2494 sint
908 2466 1093 2505 praesentes
1111 2489 1118 2503 ,
1156 2463 1208 2495 sed

457 2510 552 2553 longe
572 2510 611 2542 ab
632 2509 685 2542 illa
706 2510 827 2550 absint,
851 2510 1013 2554 expeditas
1035 2511 1160 2544 tradant
1181 2518 1211 2545 ct,

459 2558 658 2601 consignent.

504 2608 519 2651 ξ
538 2607 569 2640 ⁶2.
596 2608 778 2641 Mandantes
805 2608 929 2641 dilectis
958 2609 1032 2642 filiis
1051 2615 1161 2643 nostro
1181 2615 1211 2643 et

459 2668 519 2703 pro
539 2662 685 2703 ternpore
705 2658 840 2692 Romani
855 2658 1019 2693 Pontificis
1039 2659 1160 2694 datario
1181 2665 1211 2694 et

1060 255 1239 279 Bl'LLARIUM
1263 254 1413 279 ROMANUM

1257 306 1400 339 eiusdem
1439 307 1654 340 Cancellariae
1689 307 1813 350 regenti
1851 312 2012 351 quatenus

1258 359 1316 403 ipsi
1345 361 1393 393 vel
1434 361 1514 393 alter
1547 371 1676 401 eorum,
1702 372 1760 405 per
1784 373 1816 394 se
1841 362 1889 394 vel
1910 361 2010 395 alium

1257 424 1314 445 scu
1343 413 1442 454 alios,
1472 425 1625 457 praesens
1655 415 1841 448 mandatum
1862 421 2010 449 nostrum

1256 478 1314 510 per
1334 478 1446 501 omnes
1466 473 1494 500 et
1517 467 1678 511 singulos,
1701 468 1740 501 ad
1764 479 1846 512 quos
1865 475 2008 513 spectat,

1257 520 1482 554 inviolabiliter
1497 518 1657 555 observari
1676 521 1803 555 saciant,
1821 522 2010 556 Inobedien-

1256 580 1366 618 tcsque
1378 580 1408 607 et
1419 576 1556 608 rebelles
1571 586 1795 619 quoscumque
1811 577 1844 609 in
1857 587 2010 610 censuras

1256 633 1285 661 ct
1305 639 1425 672 poenas
1445 630 1622 662 antedictas
1646 629 1796 664 incidisse
1822 631 2007 672 declarent,

1255 682 1420 726 dictasque
1450 694 1571 726 poenas
1591 683 1630 716 ab
1654 683 1715 716 illis
1744 684 2011 718 irremissibiliter

1257 737 1393 780 persolvi
1426 742 1457 770 ct
1490 738 1522 770 in
1555 748 1663 770 arcam
1695 738 1820 781 collegii
1841 738 1945 772 dictae
1962 739 2009 772 sa-

1254 790 1362 823 bricae
1384 791 1494 823 inferri
1511 797 1541 824 et
1557 790 1683 835 reponi,
1697 797 1724 824 et
1744 792 1769 824 si
1786 797 1898 825 contra
1914 804 2008 837 prae-

1255 849 1384 887 ceptum
1419 846 1481 877 hoc
1519 850 1665 878 nostrum
1705 851 1852 879 exactum
1887 846 2009 890 aliquid

1256 898 1371 937 suerit,
1394 899 1482 931 illico
1503 899 1566 937 eis,
1590 899 1645 942 qui
1667 899 1746 932 illud
1772 901 1939 941 solverint,
1963 901 2010 934 in-

1255 958 1340 994 tegre
1362 952 1486 985 restitui
1499 958 1625 994 curent,
1640 958 1670 985 ct.
1682 964 1740 997 pro
1753 953 1900 987 celeriori
1912 955 2010 989 huius

1255 1006 1394 1038 mandati
1416 1007 1516 1039 nostri
1537 1006 1759 1040 observatione
1783 1007 2010 1054 dictarumque

1254 1070 1432 1102 poenarum
1451 1061 1615 1093 exactione
1633 1067 1663 1094 et
1678 1061 1774 1094 ablati
1793 1062 2007 1105 restitutione,

1255 1113 1442 1146 mandatum
1469 1115 1670 1147 executivum
1686 1141 1693 1155 ,
1716 1114 1740 1146 si
1770 1115 1815 1148 eis
1838 1115 2008 1157 videbitur,

1254 1172 1366 1199 contra
1395 1168 1525 1200 eosdem
1561 1168 1782 1201 inobedientes
1803 1173 1834 1201 et
1852 1168 2006 1211 rebelles,

1253 1220 1379 1263 quoties
1412 1232 1494 1265 opus
1529 1222 1640 1263 suerit,
1663 1223 1840 1256 decernant
1869 1228 1900 1256 et
1924 1224 2008 1257 rela-

1253 1279 1338 1307 xent.

1297 1329 1311 1371 ξ
1345 1328 1376 1362 3.
1414 1330 1483 1362 Non
1521 1330 1723 1363 obstantibus
1758 1330 1944 1374 praemissis
1971 1343 2009 1366 ac

1253 1382 1537 1417 constitutionibus
1557 1390 1587 1417 et
1604 1383 1862 1418 ordinationibus
1883 1391 2010 1429 aposto-

1254 1435 1323 1468 licis
1347 1448 1384 1469 ac
1405 1437 1567 1471 dictorum
1588 1437 1775 1471 officialium
1796 1439 2009 1483 collegiorum

1254 1490 1510 1525 institutionibus
1545 1497 1575 1525 et
1608 1492 1847 1534 erectionibus,
1881 1504 2009 1529 necnon

1253 1544 1377 1578 statutis
1391 1573 1398 1587 ,
1421 1546 1516 1579 ctiam
1539 1547 1721 1581 iuramento
1750 1551 1806 1580 etc.
1830 1548 2006 1592 roboratis,

1254 1598 1427 1643 privilegiis
1447 1612 1588 1645 quoque,
1610 1601 1743 1635 indultis
1763 1607 1793 1635 et
1812 1602 1914 1636 literis
1934 1614 2010 1648 apo—

1254 1652 1375 1686 stolicis
1404 1655 1524 1688 eisdem
1558 1656 1841 1697 vicecancellario,
1873 1658 2009 1691 summi-

1254 1712 1331 1747 stae,
1355 1708 1546 1742 officialibus
1566 1715 1596 1742 et
1617 1710 1764 1754 personis
1784 1721 1821 1743 ac
1844 1711 2006 1755 collegiis,

1254 1761 1347 1794 etiam
1370 1762 1401 1794 in
1422 1773 1535 1796 eorum
1558 1764 1813 1798 institutionibus
1829 1769 1859 1797 et
1875 1766 2009 1800 erectio-

1253 1816 1349 1848 nibus
1368 1816 1578 1858 huiusmodi,
1601 1818 1659 1851 sub
1679 1818 1941 1863 quibuscumque
1962 1825 2008 1854 te-

1254 1870 1387 1903 noribus
1421 1876 1450 1904 et
1486 1871 1598 1905 formis
1639 1883 1676 1905 ac
1711 1883 1785 1905 cum
1819 1873 2004 1917 quibusvis,

1254 1924 1348 1956 etiam
1382 1925 1661 1968 derogatoriarum
1683 1926 1895 1969 derogatoriis
1921 1928 2006 1962 aliis-

1254 1989 1316 2021 que
1337 1978 1574 2012 esficacioribus
1594 1985 1624 2013 ct
1652 1981 1799 2020 insolitis,
1831 1982 2003 2025 clausulis,

1253 2042 1380 2065 necnon
1410 2033 1611 2067 irritantibus
1646 2039 1676 2067 ct
1704 2035 1794 2075 aliis,
1818 2035 1914 2069 etiam
1942 2036 2006 2070 vim

1254 2091 1438 2120 contractus
1454 2087 1693 2129 indue-omilm,
1712 2088 1860 2130 decretis,
1875 2100 2006 2124 conces-

1254 2139 1306 2181 sis,
1325 2141 1523 2174 confirmatis
1540 2146 1570 2174 et
1590 2142 1763 2183 innovatis,
1785 2142 1867 2186 quae
1888 2144 1934 2178 eis
1953 2150 2009 2178 aut

1254 2204 1367 2227 eorum
1389 2194 1498 2235 alicui,
1534 2197 1641 2238 quoad
1662 2196 1838 2241 praemissa
1857 2199 2006 2232 volumus

1254 2249 1439 2282 nullatenus
1464 2250 1632 2293 suffragari
1646 2277 1653 2291 ‚
1676 2250 1856 2295 ceterisque
1876 2258 2005 2286 contra-

1254 2302 1308 2335 riis
1332 2303 1605 2347 quibuscumque.

1297 2357 1311 2399 ξ
1331 2356 1362 2389 lit.
1385 2357 1540 2391 Volumus
1560 2363 1667 2391 autem
1688 2358 1775 2403 quod
1794 2366 2003 2405 praeceptum

1253 2415 1283 2442 ct
1302 2411 1490 2444 mandatum
1511 2413 1865 2453 nostrumhuiusmodi‚
1883 2414 1922 2447 ad
1942 2415 2004 2448 hoc

1254 2468 1288 2495 ut
1321 2464 1360 2497 ad
1393 2466 1522 2509 plenam
1552 2471 1583 2499 et
1611 2466 1822 2499 indubitatam
1856 2467 2003 2501 notitiam

1253 2513 1438 2555 deveniant,
1462 2515 1493 2547 in
1514 2515 1598 2548 dicta
1617 2515 1813 2549 Cancellaria
1833 2516 2003 2560 publicen-

1253 2567 1306 2595 tur
1326 2567 1355 2595 et
1375 2563 1408 2596 in
1428 2563 1515 2597 illius
1534 2564 1616 2598 libro
1636 2564 1860 2598 describantur
1875 2576 1912 2598 ac
1932 2577 2004 2610 per-

1253 2612 1358 2655 petuis
1396 2613 1512 2647 suturis
1545 2614 1745 2658 temporibus
1778 2614 2004 2650 inviolabiliter

1253 2661 1475 2697 observentur.

2027 253 2079 281 An.
2097 253 2126 281 C.
2143 253 2211 283 15⁶2

2069 310 2209 333 Executorum

2026 342 2135 369 deputatio
2151 346 2173 364 et
2182 343 2212 364 ta-

2025 374 2123 396 cultates.

2050 1346 2160 1367 Ctausulae
2175 1346 2211 1367 de-

2023 1379 2151 1404 rogatortae.

2048 2371 2116 2393 Iussio
2137 2371 2207 2399 publi-

2022 2403 2091 2423 candi.
