2237 3100
242 237 293 264 An.
310 237 338 264 C.
360 237 425 266 ¹568

255 1542 371 1563 Contrariis
379 1543 412 1563 de-

231 1578 296 1600 rogat

483 227 547 263 69⁶2

438 292 536 326 dinali
569 292 785 326 Borrhomaeo
805 295 1005 335 nuncupato,
1028 290 1184 323 moderno

437 352 467 379 et
487 356 544 389 pro
578 351 721 388 tempore
755 344 899 378 existenti
929 344 1116 387 protectori,
1147 355 1184 376 ac

437 399 531 431 etiam
553 398 702 441 magistro
723 397 863 440 generali
884 396 959 429 dieti
980 397 1107 430 Ordinis
1127 408 1185 441 per

436 451 611 495 apostolica
626 451 744 494 scripta
764 451 955 483 mandamus
982 456 1016 483 ut
1045 451 1106 495 ipsi
1136 451 1183 484 vel

436 516 548 538 eorum
570 505 661 544 alter,
684 515 742 548 per
761 515 793 537 se
813 504 861 537 vel
889 504 987 537 alimn
1015 515 1072 538 seu
1091 505 1182 545 alios,

436 558 489 590 ubi
510 563 536 590 et
560 557 688 601 quando
707 568 788 601 opus
810 558 917 598 suerit,
944 563 1005 591 tam
1034 559 1184 602 supradi-

434 616 603 653 ctasquam
616 616 799 654 praesentes
812 611 933 644 litteras
954 617 985 645 et
1004 612 1123 646 eisdem
1135 613 1183 645 in-

433 669 532 697 sertas
565 664 807 697 constitutiones
826 675 951 705 omnes,
975 665 1006 698 in
1034 666 1184 699 omnibus

433 722 463 750 et
483 718 616 759 singulis
641 718 827 762 provinciis,
851 718 1015 760 custodiis,
1035 719 1184 753 domibus

433 777 464 804 et
484 771 562 805 loeis
578 772 762 815 praedietis,
780 784 816 806 ae
836 773 875 806 ab
896 772 1047 806 omnibus
1068 778 1099 807 ct
1118 774 1183 807 sin-

432 825 515 868 gulis
536 825 705 868 magistris,
740 826 936 869 guardianis,
972 827 1124 861 fratribus
1154 833 1184 861 et

432 879 578 922 personis
598 880 629 912 in
643 880 687 913 eis
699 880 867 924 expressis,
886 881 973 914 iuxta
983 881 1182 925 singularum

433 933 613 967 litterarum
634 940 665 967 et
698 934 963 968 constitutiomnn
997 935 1183 970 huiusmodi

432 991 588 1027 tenorem,
610 987 758 1021 inviolate
779 988 1183 1022 observari.Contradieto-

432 1051 481 1073 rcs
501 1041 662 1084 quoslibet
683 1047 713 1074 et
735 1042 871 1075 rebelles
895 1053 954 1087 per
974 1053 1127 1076 censuras
1153 1048 1183 1076 et.

432 1104 551 1136 poenas
563 1094 633 1128 aliis
649 1095 767 1128 nostris
782 1095 896 1129 litteris
913 1101 1078 1129 contentas
1092 1107 1183 1140 prac-

431 1147 543 1188 dictas‚
571 1154 742 1192 ceteraque
763 1154 945 1192 opportuna
966 1149 1044 1183 iuris
1065 1156 1095 1183 et
1109 1150 1182 1184 sacti

430 1201 584 1241 remedia,
607 1202 822 1246 appellatione
844 1203 1030 1246 postposita,
1054 1215 1183 1248 compc-

429 1255 559 1293 scendo,
571 1266 787 1300 censurasque
805 1262 835 1289 et
845 1267 957 1300 poenas
974 1258 1069 1301 ipsas,
1086 1259 1181 1292 etiam

430 1308 549 1342 iteratis
569 1309 701 1350 vicibus,
728 1311 941 1353 aggravando,
969 1311 1114 1346 invocato
1142 1313 1181 1346 ad

429 1362 503 1403 hoe,
525 1363 550 1395 si
571 1374 652 1407 opus
672 1364 780 1405 suerit,
811 1364 929 1398 auxilio
960 1365 1083 1399 brachii
1112 1377 1182 1400 sae-

429 1416 560 1450 cularis.

471 1472 486 1513 g
506 1470 537 1503 4.
557 1470 626 1504 Non
651 1471 853 1505 obstantibus
869 1473 1065 1516 praemissis,
1089 1479 1120 1507 ct
1140 1474 1182 1507 se-

428 1522 497 1556 licis
516 1524 748 1558 recordationis
768 1525 922 1559 Bonisaeii
943 1526 1046 1571 Papae
1066 1527 1180 1569 octavi,

428 1577 684 1620 praedecessoris
704 1579 814 1619 nostri,
836 1580 873 1614 de
886 1590 960 1620 una,
981 1585 1012 1613 et
1023 1580 1055 1613 in
1072 1581 1182 1614 conci-⁷

428 1631 470 1663 lio
490 1632 632 1674 generali
653 1633 737 1666 edita
757 1634 795 1667 de
816 1634 941 1668 duabus
952 1634 1075 1675 diaetis,
1095 1635 1181 1667 aliis-

428 1696 490 1727 que
511 1686 694 1729 apostolicis
715 1688 1012 1726 constitutionibus3
1032 1700 1069 1721 ac
1085 1689 1181 1722 etiam

427 1738 503 1771 dicti
524 1739 650 1773 Ordinis
671 1742 796 1774 statutis
816 1748 846 1775 et
876 1743 1179 1784 eonsuetudinilnis,

427 1792 621 1834 iuramento,
650 1794 895 1828 confirmatione
921 1797 1096 1841 apostolica
1134 1798 1181 1831 vel

427 1846 536 1888 quavis
557 1846 708 1880 firmitate
728 1848 790 1881 alia
811 1849 981 1890 roboratis,
1011 1851 1182 1884 contrariis

426 1899 701 1944 quilmseumque.
736 1902 797 1934 Aut
823 1903 847 1935 si
882 1903 1053 1946 magistris,
1083 1915 1180 1947 guar-

426 1952 529 1986 dianis
548 1959 579 1986 et
599 1954 751 1987 fratribus
772 1956 943 1998 praedictis
976 1958 1022 1990 vel
1049 1957 1182 2000 quibus-

426 2006 471 2038 vis
489 2005 571 2047 aliis,
590 2008 805 2041 communiter
824 2010 872 2042 vel
893 2010 1028 2051 divisim,
1042 2012 1081 2043 ab
1096 2012 1180 2054 Apo—

426 2060 538 2093 stolica
559 2061 598 2094 sit
615 2061 695 2094 Sede
713 2061 874 2095 indultum
909 2064 994 2106 quod
1017 2064 1178 2105 interdici,

427 2114 578 2156 suspendi
594 2115 643 2148 vel
659 2116 934 2149 exeomumnicari
959 2128 1023 2150 non
1057 2119 1181 2162 possint

427 2177 484 2209 per
502 2167 622 2201 litteras
642 2169 833 2212 apostolicas
849 2180 913 2202 non
934 2170 1086 2204 facientes
1111 2173 1179 2215 ple-

428 2231 501 2253 nam
522 2227 553 2254 et
569 2233 751 2267 expressam
768 2234 804 2257 ac
820 2223 858 2256 de
874 2224 969 2257 verbo
991 2225 1029 2257 ad
1047 2226 1179 2259 verbum

427 2278 465 2310 de
487 2278 612 2313 indulto
628 2281 813 2314 huiusmodi
825 2282 1034 2323 mentionem,
1052 2294 1179 2317 necnon

428 2335 516 2368 Mare
526 2336 682 2380 Magstzum
696 2344 726 2371 et
738 2339 833 2372 Balla
849 2340 958 2372 Aurea
970 2341 1177 2384 nuneupatis;

427 2405 463 2426 ac
482 2395 680 2437 quibuslibet
699 2397 770 2430 aliis
790 2397 975 2440 privilegiis,
1002 2398 1178 2441 exemptio-

429 2452 532 2492 nibus,
562 2453 767 2497 indulgentiis
788 2461 818 2488 et
838 2455 950 2488 litteris
982 2456 1176 2499 apostolicis,

428 2512 633 2553 generalibus
653 2519 683 2546 et
704 2514 909 2558 specialibus,
941 2525 1177 2557 quorumcum-

427 2580 490 2612 que
512 2575 660 2603 tenorum
678 2571 821 2611 existant,
844 2583 902 2616 per
913 2583 1007 2615 quae,
1026 2583 1176 2616 praesen-

428 2626 512 2659 tibus
546 2638 608 2661 non
639 2640 785 2672 expressa
813 2630 860 2664 vel
882 2630 1021 2664 totaliter
1045 2640 1109 2664 non
1127 2631 1175 2664 in-

1032 234 1211 260 BULLARIUM
1230 234 1380 260 ROMANUM

1988 235 2037 261 An.
2055 234 2085 262 C.
2104 234 2171 262 1568

1225 293 1317 329 serta,
1338 288 1470 322 effectus
1486 298 1596 321 earum
1610 287 1757 332 impediri
1776 289 1878 322 valeat
1896 299 1975 332 quo-

1226 341 1402 375 modolibet
1421 342 1469 374 vel
1489 341 1624 383 differri,
1646 347 1677 375 et
1698 342 1736 375 de
1757 343 1875 385 quibus
1891 353 1974 386 quo-

1225 405 1364 438 rumque
1397 395 1470 428 totis
1495 395 1661 428 tenoribus
1693 396 1840 429 habenda
1872 397 1910 429 sit
1942 396 1975 429 in

1225 448 1342 481 nostris
1353 448 1466 482 litteris
1478 449 1596 482 mentio
1617 449 1775 493 specialis,
1797 460 1879 492 quae
1905 461 1974 483 om-

1225 501 1289 542 nia,
1312 508 1423 536 contra
1444 502 1587 546 ipsarum
1608 504 1826 546 praesentium
1847 509 1878 537 et
1897 514 1974 537 eon-

1225 555 1429 589 stitutionum
1455 557 1641 590 huiusmodi
1669 562 1813 591 tenorem
1841 563 1871 591 et
1898 557 1975 591 effe-

1225 614 1324 649 ctum,
1345 610 1499 643 nolumus
1515 611 1667 654 cuiquam
1688 611 1720 643 in
1741 611 1850 655 aliquo
1864 612 1976 644 suffra-

1224 663 1305 705 gari.
1327 663 1409 703 Quin
1430 663 1525 697 etiam
1544 675 1580 697 ex
1600 675 1687 697 nune
1708 665 1835 698 irritum
1864 665 1975 698 decer-

1225 716 1333 749 nimus
1353 723 1383 750 et
1408 717 1501 751 inane
1521 718 1676 762 quicquid
1691 729 1784 752 secus
1814 718 1976 762 superbis

1226 780 1283 813 per
1295 781 1531 815 quoscumque,
1544 771 1654 815 quavis
1662 771 1863 813 auctoritate,
1876 772 1977 806 scien-

1224 828 1273 856 tcr
1292 825 1339 857 vel
1360 824 1547 868 ignoranter
1562 825 1733 869 eontigerit
1755 826 1915 860 attentari.
1931 827 1976 859 Ita

1225 877 1323 919 igitur
1347 879 1593 913 constitutiones
1624 879 1805 923 praedictae
1837 881 1976 925 scriptae

1224 937 1309 964 sunt.

1268 985 1283 1028 g
1303 985 1334 1018 5.
1352 985 1479 1027 Novitii,
1493 986 1588 1019 etiam
1601 986 1711 1028 oblati,
1729 992 1801 1021 ante
1812 987 1975 1022 decimum

1224 1044 1371 1072 octavum
1405 1040 1517 1073 aetatis
1536 1051 1613 1074 suae
1633 1051 1756 1074 annum
1777 1041 1975 1086 completum

1222 1103 1283 1126 nec
1308 1093 1509 1137 recipiantur
1524 1122 1532 1136 ,
1564 1105 1670 1139 neque
1705 1100 1778 1129 ante
1812 1095 1975 1129 decimum

1223 1157 1346 1180 nonum
1366 1147 1441 1181 item
1464 1148 1662 1192 completum
1682 1148 1721 1181 ad
1742 1150 1976 1193 professionem

1223 1200 1445 1235 admittantur.

1268 1256 1282 1298 ς’
1303 1255 1333 1287 b'.
1357 1255 1417 1293 Qui
1432 1255 1589 1288 hactenus
1600 1256 1735 1300 recepti,
1754 1256 1850 1290 etiam
1867 1257 1975 1299 oblati,

1223 1308 1373 1351 quintum
1388 1309 1552 1342 decimum
1564 1320 1685 1342 annum
1695 1320 1760 1344 non
1770 1311 1976 1355 expleverint,

1224 1361 1366 1395 detracto
1382 1362 1493 1396 habitu
1505 1363 1694 1407 Religionis,
1713 1364 1847 1398 domum
1863 1365 1902 1398 ad
1923 1377 1977 1409 pa-

1223 1421 1330 1449 rentes
1341 1417 1389 1450 vel
1401 1417 1610 1458 necessarios,
1623 1417 1718 1451 etiam
1739 1418 1841 1459 inviti,
1864 1417 1976 1453 remit-

1224 1474 1343 1510 tantur,
1361 1470 1409 1503 vel
1434 1470 1512 1504 alias
1532 1471 1665 1505 omnino
1690 1471 1887 1514 emittantur,
1917 1483 1977 1507 nee

1223 1529 1332 1566 postea
1363 1524 1395 1557 in
1424 1525 1557 1558 aedibus
1587 1526 1673 1560 unde
1701 1526 1836 1560 exierint
1863 1533 1919 1561 aut
1944 1526 1976 1561 in

1223 1576 1294 1609 aliis
1307 1577 1449 1610 eiusdem
1464 1578 1593 1612 Ordinis
1608 1579 1759 1613 domibus
1774 1580 1895 1614 versari
1908 1580 1975 1614 ullo

1224 1630 1320 1663 inodo
1341 1631 1474 1674 possint.

1267 1686 1282 1727 ς’
1304 1684 1333 1717 7.
1357 1685 1452 1726 Laici‚
1473 1685 1528 1728 qui
1544 1685 1730 1728 vigesimum
1751 1686 1904 1731 quintum
1918 1698 1975 1721 an-

1223 1747 1301 1769 num
1330 1748 1396 1771 non
1426 1738 1610 1781 attigerunt,
1631 1740 1670 1772 ad
1704 1740 1907 1774 serviendum
1936 1732 1996 1775 ne‘

1223 1791 1433 1835 recipiantur,
1457 1798 1487 1825 et
1506 1792 1560 1836 qui
1582 1793 1703 1837 recepti
1725 1794 1819 1827 etiam
1835 1805 1923 1829 nune
1939 1807 1975 1830 ea

1223 1850 1324 1879 aetate
1345 1846 1486 1879 minores
1506 1852 1592 1887 sunt,
1611 1847 1793 1882 eiiciantur.

1266 1900 1280 1943 ξ
1301 1899 1331 1933 8.
1354 1900 1467 1933 Novitii
1488 1912 1528 1934 ne
1550 1901 1751 1945 recipiantur
1767 1908 1823 1935 aut
1838 1903 1976 1937 edueen-
2042 1909 2172 1932 Novitiorum

1223 1957 1286 1991 tur,
1315 1953 1374 1986 nisi
1400 1954 1432 1986 in
1452 1954 1662 1988 conventibus
1683 1955 1927 1999 insignioribus,
1942 1957 1974 1990 in
1990 1943 2165 1994 &canendorum

1222 2006 1340 2049 quibus
1366 2008 1592 2041 dormitorium
1618 2015 1649 2042 et
1674 2010 1852 2053 capitulum
1878 2011 1975 2044 habe-

1222 2066 1277 2093 ant
1297 2061 1429 2095 seorsim
1449 2062 1489 2095 ab
1509 2062 1579 2096 aliis
1598 2063 1762 2097 fratribus.

1267 2116 1281 2157 ἓ
1301 2115 1332 2148 9.
1359 2115 1473 2149 Nullus
1493 2116 1646 2161 deinceps
1666 2117 1849 2160 provinciae
1878 2128 1972 2162 prae·
2012 2124 2171 2161 *Prorinchles

1225 2167 1365 2209 liciatur,
1388 2169 1443 2211 qui
1469 2169 1614 2202 eiusdem
1634 2170 1820 2214 provinciae
1840 2170 1891 2212 sit,
1918 2171 1972 2204 sed
1989 2155 2172 2214 filfiinssf'ossssesss

1223 2222 1433 2264 provinciales
1458 2234 1494 2256 ex
1514 2224 1619 2257 aliena
1649 2224 1813 2268 provincia
1845 2236 1973 2270 semper

1221 2286 1437 2322 assumantur,
1458 2282 1513 2325 qui
1535 2287 1642 2316 tamen
1662 2282 1770 2316 idonei
1799 2283 1862 2316 sint
1881 2283 1921 2316 ad
1941 2283 1972 2316 id

1221 2339 1363 2373 ossieium
1374 2345 1403 2372 et
1414 2340 1556 2374 cultores
1567 2341 1725 2384 regularis
1736 2340 1968 2375 observantiae.

1265 2400 1279 2441 ᾗ
1299 2397 1352 2431 10.
1375 2398 1611 2432 Guardianatus
1631 2398 1822 2442 insigniores
1847 2404 1878 2431 et
1904 2397 1971 2442 pri·
2013 2414 2167 2450 etim-‹iianatus

1221 2455 1371 2498 vilegiati,
1396 2461 1429 2488 ut
1450 2456 1585 2489 Romani
1608 2456 1790 2490 assistentes
1810 2462 1840 2489 et
1860 2455 1972 2490 huius-
1987 2445 2076 2466 ⁰¹¹¹⁶¹¹¹¹¹¹
2101 2452 2168 2473 ‘³⁰⁶⁰'

1987 2480 2029 2498 tum
2045 2478 2112 2498 duret

1221 2514 1320 2554 modi,
1344 2514 1494 2555 trienni0;
1517 2515 1723 2558 privilegiati,
1746 2514 1876 2548 biennio
1897 2514 1969 2548 diu-

2030 833 2170 855 Retormatio-

1990 866 2024 887 nis
2039 868 2108 887 tenor.

2003 995 2133 1017 Novitiorum
2143 1001 2174 1017 re-

1990 1028 2133 1055 cipiendorum
2141 1033 2175 1049 ae-

1990 1062 2024 1080 tas

2016 1263 2042 1284 Et
2056 1264 2119 1285 etiam
2135 1263 2172 1286 ob-

1991 1294 2087 1316 latorum,

2019 1696 2128 1719 Lntcorurn
2138 1703 2175 1719 ae-

2002 1735 2031 1750 ns.

1220 2574 1381 2607 turniores
1401 2585 1440 2608 ne
1462 2575 1535 2615 sint,
1559 2575 1590 2608 in
1610 2586 1674 2618 quo
1695 2581 1801 2608 tamen
1822 2575 1969 2609 habenda

1219 2638 1265 2666 est
1285 2632 1364 2666 ratio
1376 2632 1614 2677 provinciarum
1626 2638 1835 2668 externaram.
1854 2634 1888 2668 In
1905 2633 1968 2668 illis
