<?xml version="1.0" encoding="UTF-8"?>
<!DOCTYPE html PUBLIC "-//W3C//DTD XHTML 1.0 Transitional//EN"
    "http://www.w3.org/TR/xhtml1/DTD/xhtml1-transitional.dtd">
<html xmlns="http://www.w3.org/1999/xhtml" xml:lang="en" lang="en">
 <head>
  <title>
</title>
<meta http-equiv="Content-Type" content="text/html;charset=utf-8" />
  <meta name='ocr-system' content='tesseract 3.04.00' />
  <meta name='ocr-capabilities' content='ocr_page ocr_carea ocr_par ocr_line ocrx_word'/>
</head>
<body>
  <div class='ocr_page' id='page_1' title='image "./bullarumdiplomat07cath_0233.png"; bbox 0 0 2237 3100; ppageno 0'>
   <div class='ocr_carea' id='block_1_1' title="bbox 47 294 229 323">
    <p class='ocr_par' dir='ltr' id='par_1_1' title="bbox 47 294 229 323">
     <span class='ocr_line' id='line_1_1' title="bbox 47 294 229 323; baseline -0.011 -1"><span class='ocrx_word' id='word_1_1' title='bbox 47 295 97 322; x_wconf 76' lang='lat' dir='ltr'>An.</span> <span class='ocrx_word' id='word_1_2' title='bbox 114 294 143 322; x_wconf 84' lang='lat' dir='ltr'>C.</span> <span class='ocrx_word' id='word_1_3' title='bbox 164 294 229 323; x_wconf 73' lang='lat'><strong>¹5⁶2</strong></span> 
     </span>
    </p>
   </div>
   <div class='ocr_carea' id='block_1_2' title="bbox 46 569 230 719">
    <p class='ocr_par' dir='ltr' id='par_1_2' title="bbox 46 569 230 719">
     <span class='ocr_line' id='line_1_2' title="bbox 72 569 230 591; baseline -0.006 0"><span class='ocrx_word' id='word_1_4' title='bbox 72 569 230 591; x_wconf 75' lang='lat' dir='ltr'>Commtssiont-</span> 
     </span>
     <span class='ocr_line' id='line_1_3' title="bbox 46 602 229 629; baseline -0.005 -7"><span class='ocrx_word' id='word_1_5' title='bbox 46 602 83 622; x_wconf 79' lang='lat' dir='ltr'>bus</span> <span class='ocrx_word' id='word_1_6' title='bbox 98 602 229 629; x_wconf 70' lang='lat' dir='ltr'>permutandi</span> 
     </span>
     <span class='ocr_line' id='line_1_4' title="bbox 46 631 228 652; baseline 0 0"><span class='ocrx_word' id='word_1_7' title='bbox 46 633 79 652; x_wconf 79' lang='lat' dir='ltr'>vel</span> <span class='ocrx_word' id='word_1_8' title='bbox 124 631 228 652; x_wconf 79' lang='lat' dir='ltr'>alienandi</span> 
     </span>
     <span class='ocr_line' id='line_1_5' title="bbox 46 663 230 684; baseline 0 -1"><span class='ocrx_word' id='word_1_9' title='bbox 46 664 102 684; x_wconf 79' lang='lat' dir='ltr'>bona</span> <span class='ocrx_word' id='word_1_10' title='bbox 125 663 230 684; x_wconf 60' lang='lat' dir='ltr'>ecclesia&lt;</span> 
     </span>
     <span class='ocr_line' id='line_1_6' title="bbox 46 695 106 719; baseline -0.017 -4"><span class='ocrx_word' id='word_1_11' title='bbox 46 695 106 719; x_wconf 78' lang='lat' dir='ltr'>stica,</span> 
     </span>
    </p>
   </div>
   <div class='ocr_carea' id='block_1_3' title="bbox 42 1593 228 1652">
    <p class='ocr_par' dir='ltr' id='par_1_3' title="bbox 42 1593 228 1652">
     <span class='ocr_line' id='line_1_7' title="bbox 68 1593 228 1616; baseline 0 0"><span class='ocrx_word' id='word_1_12' title='bbox 68 1593 206 1616; x_wconf 77' lang='lat' dir='ltr'>Absoiuuone</span> <span class='ocrx_word' id='word_1_13' title='bbox 217 1601 228 1616; x_wconf 75' lang='lat' dir='ltr'>a</span> 
     </span>
     <span class='ocr_line' id='line_1_8' title="bbox 42 1626 172 1652; baseline -0.008 -4"><span class='ocrx_word' id='word_1_14' title='bbox 42 1626 172 1652; x_wconf 72' lang='lat' dir='ltr'>criminibus,</span> 
     </span>
    </p>
   </div>
   <div class='ocr_carea' id='block_1_4' title="bbox 921 296 1110 321">
    <p class='ocr_par' dir='ltr' id='par_1_4' title="bbox 921 296 1110 321">
     <span class='ocr_line' id='line_1_9' title="bbox 921 296 1110 321; baseline -0.005 0"><span class='ocrx_word' id='word_1_15' title='bbox 921 297 989 321; x_wconf 86' lang='lat' dir='ltr'>PIUS</span> <span class='ocrx_word' id='word_1_16' title='bbox 1012 297 1043 321; x_wconf 90' lang='lat' dir='ltr'>IV</span> <span class='ocrx_word' id='word_1_17' title='bbox 1063 296 1110 320; x_wconf 85' lang='lat' dir='ltr'>PP.</span> 
     </span>
    </p>
   </div>
   <div class='ocr_carea' id='block_1_5' title="bbox 238 347 995 2633">
    <p class='ocr_par' dir='ltr' id='par_1_5' title="bbox 243 347 994 500">
     <span class='ocr_line' id='line_1_10' title="bbox 243 347 994 395; baseline 0.004 -14"><span class='ocrx_word' id='word_1_18' title='bbox 243 347 416 389; x_wconf 88' lang='lat' dir='ltr'>deservire,</span> <span class='ocrx_word' id='word_1_19' title='bbox 432 353 487 382; x_wconf 85' lang='lat' dir='ltr'>aut</span> <span class='ocrx_word' id='word_1_20' title='bbox 506 348 592 390; x_wconf 87' lang='lat' dir='ltr'>alias,</span> <span class='ocrx_word' id='word_1_21' title='bbox 614 349 709 383; x_wconf 88' lang='lat' dir='ltr'>etiam</span> <span class='ocrx_word' id='word_1_22' title='bbox 729 350 767 383; x_wconf 89' lang='lat' dir='ltr'>de</span> <span class='ocrx_word' id='word_1_23' title='bbox 788 351 994 395; x_wconf 76' lang='lat' dir='ltr'>superiorum</span> 
     </span>
     <span class='ocr_line' id='line_1_11' title="bbox 243 403 994 450; baseline 0.003 -14"><span class='ocrx_word' id='word_1_24' title='bbox 243 413 377 436; x_wconf 88' lang='lat' dir='ltr'>suorum</span> <span class='ocrx_word' id='word_1_25' title='bbox 397 403 537 445; x_wconf 89' lang='lat' dir='ltr'>licentia,</span> <span class='ocrx_word' id='word_1_26' title='bbox 560 410 647 437; x_wconf 86' lang='lat' dir='ltr'>extra</span> <span class='ocrx_word' id='word_1_27' title='bbox 664 405 842 438; x_wconf 85' lang='lat' dir='ltr'>claustrum</span> <span class='ocrx_word' id='word_1_28' title='bbox 862 415 994 450; x_wconf 89' lang='lat' dir='ltr'>quoquo</span> 
     </span>
     <span class='ocr_line' id='line_1_12' title="bbox 244 457 625 500; baseline 0.003 -10"><span class='ocrx_word' id='word_1_29' title='bbox 244 457 339 490; x_wconf 92' lang='lat' dir='ltr'>modo</span> <span class='ocrx_word' id='word_1_30' title='bbox 356 457 472 500; x_wconf 85' lang='lat' dir='ltr'>degere</span> <span class='ocrx_word' id='word_1_31' title='bbox 491 458 625 491; x_wconf 75' lang='lat' dir='ltr'>valeant.</span> 
     </span>
    </p>

    <p class='ocr_par' dir='ltr' id='par_1_6' title="bbox 240 511 995 1520">
     <span class='ocr_line' id='line_1_13' title="bbox 288 511 993 555; baseline 0.004 -11"><span class='ocrx_word' id='word_1_32' title='bbox 288 512 302 555; x_wconf 64' lang='grc' dir='ltr'><strong>ξ</strong></span> <span class='ocrx_word' id='word_1_33' title='bbox 322 511 374 544; x_wconf 81' lang='lat' dir='ltr'>tt.</span> <span class='ocrx_word' id='word_1_34' title='bbox 404 512 559 545; x_wconf 79' lang='lat' dir='ltr'>Similiter</span> <span class='ocrx_word' id='word_1_35' title='bbox 578 524 642 546; x_wconf 92' lang='lat' dir='ltr'>non</span> <span class='ocrx_word' id='word_1_36' title='bbox 667 513 821 547; x_wconf 90' lang='lat' dir='ltr'>concedat</span> <span class='ocrx_word' id='word_1_37' title='bbox 843 514 993 548; x_wconf 87' lang='lat' dir='ltr'>commis-</span> 
     </span>
     <span class='ocr_line' id='line_1_14' title="bbox 244 565 993 612; baseline 0.004 -14"><span class='ocrx_word' id='word_1_38' title='bbox 244 565 349 599; x_wconf 90' lang='lat' dir='ltr'>siones</span> <span class='ocrx_word' id='word_1_39' title='bbox 378 566 606 600; x_wconf 79' lang='lat' dir='ltr'>alienationum</span> <span class='ocrx_word' id='word_1_40' title='bbox 638 568 685 600; x_wconf 88' lang='lat' dir='ltr'>vel</span> <span class='ocrx_word' id='word_1_41' title='bbox 719 568 993 612; x_wconf 77' lang='lat' dir='ltr'>permutationum</span> 
     </span>
     <span class='ocr_line' id='line_1_15' title="bbox 243 621 995 655; baseline 0.001 -2"><span class='ocrx_word' id='word_1_42' title='bbox 243 626 298 654; x_wconf 87' lang='lat' dir='ltr'>aut</span> <span class='ocrx_word' id='word_1_43' title='bbox 331 621 599 654; x_wconf 76' lang='lat' dir='ltr'>affrancationum</span> <span class='ocrx_word' id='word_1_44' title='bbox 628 626 683 654; x_wconf 87' lang='lat' dir='ltr'>aut</span> <span class='ocrx_word' id='word_1_45' title='bbox 715 622 843 655; x_wconf 86' lang='lat' dir='ltr'>illarum</span> <span class='ocrx_word' id='word_1_46' title='bbox 879 622 995 655; x_wconf 82' lang='lat' dir='ltr'>contir-</span> 
     </span>
     <span class='ocr_line' id='line_1_16' title="bbox 243 674 994 714; baseline 0 -6"><span class='ocrx_word' id='word_1_47' title='bbox 243 674 422 708; x_wconf 85' lang='lat' dir='ltr'>mationum</span> <span class='ocrx_word' id='word_1_48' title='bbox 443 675 482 708; x_wconf 86' lang='lat' dir='ltr'>de</span> <span class='ocrx_word' id='word_1_49' title='bbox 506 674 598 707; x_wconf 87' lang='lat' dir='ltr'>bonis</span> <span class='ocrx_word' id='word_1_50' title='bbox 624 675 846 708; x_wconf 82' lang='lat' dir='ltr'>ecclesiasticis</span> <span class='ocrx_word' id='word_1_51' title='bbox 875 675 907 714; x_wconf 76' lang='lat' dir='ltr'>in</span> <span class='ocrx_word' id='word_1_52' title='bbox 932 676 994 708; x_wconf 90' lang='lat' dir='ltr'>for-</span> 
     </span>
     <span class='ocr_line' id='line_1_17' title="bbox 243 728 993 773; baseline 0 -11"><span class='ocrx_word' id='word_1_53' title='bbox 243 739 313 769; x_wconf 87' lang='lat' dir='ltr'>ma,</span> <span class='ocrx_word' id='word_1_54' title='bbox 350 740 432 772; x_wconf 85' lang='lat' dir='ltr'>quae</span> <span class='ocrx_word' id='word_1_55' title='bbox 461 728 579 762; x_wconf 88' lang='lat' dir='ltr'>dicitur</span> <span class='ocrx_word' id='word_1_56' title='bbox 602 728 640 762; x_wconf 71' lang='lat' dir='ltr'>Si</span> <span class='ocrx_word' id='word_1_57' title='bbox 664 730 697 762; x_wconf 78' lang='lat' dir='ltr'>in</span> <span class='ocrx_word' id='word_1_58' title='bbox 724 731 912 769; x_wconf 68' lang='lat' dir='ltr'>evidentem,</span> <span class='ocrx_word' id='word_1_59' title='bbox 935 740 993 773; x_wconf 86' lang='lat' dir='ltr'>pro</span> 
     </span>
     <span class='ocr_line' id='line_1_18' title="bbox 242 782 992 826; baseline 0.001 -11"><span class='ocrx_word' id='word_1_60' title='bbox 242 782 340 815; x_wconf 88' lang='lat' dir='ltr'>rebus</span> <span class='ocrx_word' id='word_1_61' title='bbox 364 793 503 826; x_wconf 86' lang='lat' dir='ltr'>quarum</span> <span class='ocrx_word' id='word_1_62' title='bbox 525 783 667 816; x_wconf 89' lang='lat' dir='ltr'>redditus</span> <span class='ocrx_word' id='word_1_63' title='bbox 687 794 814 816; x_wconf 88' lang='lat' dir='ltr'>annuus</span> <span class='ocrx_word' id='word_1_64' title='bbox 834 793 992 816; x_wconf 85' lang='lat' dir='ltr'>summam</span> 
     </span>
     <span class='ocr_line' id='line_1_19' title="bbox 241 835 993 878; baseline 0.001 -10"><span class='ocrx_word' id='word_1_65' title='bbox 241 835 351 878; x_wconf 81' lang='lat' dir='ltr'>viginti</span> <span class='ocrx_word' id='word_1_66' title='bbox 372 836 563 869; x_wconf 81' lang='lat' dir='ltr'>ducatorum</span> <span class='ocrx_word' id='word_1_67' title='bbox 593 837 663 869; x_wconf 90' lang='lat' dir='ltr'>auri</span> <span class='ocrx_word' id='word_1_68' title='bbox 688 837 726 870; x_wconf 91' lang='lat' dir='ltr'>de</span> <span class='ocrx_word' id='word_1_69' title='bbox 746 837 880 870; x_wconf 88' lang='lat' dir='ltr'>Camera</span> <span class='ocrx_word' id='word_1_70' title='bbox 904 847 993 869; x_wconf 91' lang='lat' dir='ltr'>exce-</span> 
     </span>
     <span class='ocr_line' id='line_1_20' title="bbox 242 888 994 933; baseline 0.003 -12"><span class='ocrx_word' id='word_1_71' title='bbox 242 888 314 928; x_wconf 88' lang='lat' dir='ltr'>dat;</span> <span class='ocrx_word' id='word_1_72' title='bbox 337 894 366 922; x_wconf 88' lang='lat' dir='ltr'>et</span> <span class='ocrx_word' id='word_1_73' title='bbox 387 889 630 922; x_wconf 76' lang='lat' dir='ltr'>commissiones</span> <span class='ocrx_word' id='word_1_74' title='bbox 655 889 841 922; x_wconf 88' lang='lat' dir='ltr'>huiusmodi</span> <span class='ocrx_word' id='word_1_75' title='bbox 867 901 994 933; x_wconf 77' lang='lat' dir='ltr'>semper</span> 
     </span>
     <span class='ocr_line' id='line_1_21' title="bbox 242 942 994 987; baseline 0.001 -12"><span class='ocrx_word' id='word_1_76' title='bbox 242 942 406 976; x_wconf 87' lang='lat' dir='ltr'>ordinario</span> <span class='ocrx_word' id='word_1_77' title='bbox 422 943 484 976; x_wconf 86' lang='lat' dir='ltr'>loci</span> <span class='ocrx_word' id='word_1_78' title='bbox 501 948 529 976; x_wconf 89' lang='lat' dir='ltr'>et</span> <span class='ocrx_word' id='word_1_79' title='bbox 550 944 642 976; x_wconf 86' lang='lat' dir='ltr'>alteri</span> <span class='ocrx_word' id='word_1_80' title='bbox 663 954 819 987; x_wconf 80' lang='lat' dir='ltr'>personae</span> <span class='ocrx_word' id='word_1_81' title='bbox 839 944 871 976; x_wconf 91' lang='lat' dir='ltr'>in</span> <span class='ocrx_word' id='word_1_82' title='bbox 892 943 994 986; x_wconf 76' lang='lat' dir='ltr'>digni-</span> 
     </span>
     <span class='ocr_line' id='line_1_22' title="bbox 241 997 991 1030; baseline 0.001 -2"><span class='ocrx_word' id='word_1_83' title='bbox 241 1000 303 1029; x_wconf 83' lang='lat' dir='ltr'>tate</span> <span class='ocrx_word' id='word_1_84' title='bbox 335 997 548 1030; x_wconf 87' lang='lat' dir='ltr'>ecclesiastica</span> <span class='ocrx_word' id='word_1_85' title='bbox 577 997 766 1030; x_wconf 80' lang='lat' dir='ltr'>constitutae</span> <span class='ocrx_word' id='word_1_86' title='bbox 796 997 991 1030; x_wconf 85' lang='lat' dir='ltr'>coniunctim</span> 
     </span>
     <span class='ocr_line' id='line_1_23' title="bbox 242 1049 992 1094; baseline 0 -12"><span class='ocrx_word' id='word_1_87' title='bbox 242 1049 495 1083; x_wconf 76' lang='lat' dir='ltr'>committantur.</span> <span class='ocrx_word' id='word_1_88' title='bbox 526 1050 562 1083; x_wconf 92' lang='lat' dir='ltr'>Et</span> <span class='ocrx_word' id='word_1_89' title='bbox 591 1050 614 1083; x_wconf 85' lang='lat' dir='ltr'>si</span> <span class='ocrx_word' id='word_1_90' title='bbox 645 1051 683 1083; x_wconf 89' lang='lat' dir='ltr'>de</span> <span class='ocrx_word' id='word_1_91' title='bbox 712 1050 813 1094; x_wconf 88' lang='lat' dir='ltr'>ipsius</span> <span class='ocrx_word' id='word_1_92' title='bbox 838 1050 992 1083; x_wconf 87' lang='lat' dir='ltr'>ordinarii</span> 
     </span>
     <span class='ocr_line' id='line_1_24' title="bbox 241 1101 992 1147; baseline 0.003 -13"><span class='ocrx_word' id='word_1_93' title='bbox 241 1101 393 1137; x_wconf 77' lang='lat' dir='ltr'>interesse</span> <span class='ocrx_word' id='word_1_94' title='bbox 434 1104 481 1136; x_wconf 84' lang='lat' dir='ltr'>vel</span> <span class='ocrx_word' id='word_1_95' title='bbox 512 1102 710 1147; x_wconf 86' lang='lat' dir='ltr'>praeiudicio</span> <span class='ocrx_word' id='word_1_96' title='bbox 745 1109 876 1145; x_wconf 67' lang='lat' dir='ltr'>agatur,</span> <span class='ocrx_word' id='word_1_97' title='bbox 915 1108 992 1136; x_wconf 91' lang='lat' dir='ltr'>tunc</span> 
     </span>
     <span class='ocr_line' id='line_1_25' title="bbox 240 1156 989 1201; baseline 0.001 -12"><span class='ocrx_word' id='word_1_98' title='bbox 240 1157 313 1190; x_wconf 88' lang='lat' dir='ltr'>loco</span> <span class='ocrx_word' id='word_1_99' title='bbox 334 1157 435 1201; x_wconf 88' lang='lat' dir='ltr'>ipsius</span> <span class='ocrx_word' id='word_1_100' title='bbox 460 1157 701 1190; x_wconf 86' lang='lat' dir='ltr'>committantur</span> <span class='ocrx_word' id='word_1_101' title='bbox 729 1156 989 1200; x_wconf 87' lang='lat' dir='ltr'>metropolitano.</span> 
     </span>
     <span class='ocr_line' id='line_1_26' title="bbox 240 1210 991 1254; baseline 0.003 -12"><span class='ocrx_word' id='word_1_102' title='bbox 240 1210 278 1242; x_wconf 91' lang='lat' dir='ltr'>Et</span> <span class='ocrx_word' id='word_1_103' title='bbox 298 1210 322 1243; x_wconf 92' lang='lat' dir='ltr'>si</span> <span class='ocrx_word' id='word_1_104' title='bbox 344 1220 395 1243; x_wconf 88' lang='lat' dir='ltr'>res</span> <span class='ocrx_word' id='word_1_105' title='bbox 416 1211 454 1243; x_wconf 87' lang='lat' dir='ltr'>ad</span> <span class='ocrx_word' id='word_1_106' title='bbox 476 1210 583 1254; x_wconf 84' lang='lat' dir='ltr'>ipsum</span> <span class='ocrx_word' id='word_1_107' title='bbox 610 1210 894 1254; x_wconf 88' lang='lat' dir='ltr'>metropolitanum</span> <span class='ocrx_word' id='word_1_108' title='bbox 918 1221 991 1254; x_wconf 82' lang='lat' dir='ltr'>per-</span> 
     </span>
     <span class='ocr_line' id='line_1_27' title="bbox 240 1263 990 1307; baseline 0.001 -11"><span class='ocrx_word' id='word_1_109' title='bbox 240 1263 357 1304; x_wconf 88' lang='lat' dir='ltr'>tineat,</span> <span class='ocrx_word' id='word_1_110' title='bbox 389 1263 553 1297; x_wconf 87' lang='lat' dir='ltr'>ordinario</span> <span class='ocrx_word' id='word_1_111' title='bbox 578 1263 736 1305; x_wconf 86' lang='lat' dir='ltr'>viciniori;</span> <span class='ocrx_word' id='word_1_112' title='bbox 763 1269 793 1297; x_wconf 91' lang='lat' dir='ltr'>et</span> <span class='ocrx_word' id='word_1_113' title='bbox 812 1274 990 1307; x_wconf 85' lang='lat' dir='ltr'>numquam</span> 
     </span>
     <span class='ocr_line' id='line_1_28' title="bbox 241 1315 992 1362; baseline 0.003 -13"><span class='ocrx_word' id='word_1_114' title='bbox 241 1315 360 1350; x_wconf 91' lang='lat' dir='ltr'>similes</span> <span class='ocrx_word' id='word_1_115' title='bbox 380 1317 600 1350; x_wconf 86' lang='lat' dir='ltr'>concedantur</span> <span class='ocrx_word' id='word_1_116' title='bbox 619 1316 863 1350; x_wconf 76' lang='lat' dir='ltr'>commissiones</span> <span class='ocrx_word' id='word_1_117' title='bbox 892 1328 992 1362; x_wconf 86' lang='lat' dir='ltr'>quan-</span> 
     </span>
     <span class='ocr_line' id='line_1_29' title="bbox 240 1369 991 1413; baseline 0.003 -11"><span class='ocrx_word' id='word_1_118' title='bbox 240 1369 280 1403; x_wconf 92' lang='lat' dir='ltr'>do</span> <span class='ocrx_word' id='word_1_119' title='bbox 313 1369 419 1413; x_wconf 83' lang='lat' dir='ltr'>agitur</span> <span class='ocrx_word' id='word_1_120' title='bbox 444 1370 482 1403; x_wconf 88' lang='lat' dir='ltr'>de</span> <span class='ocrx_word' id='word_1_121' title='bbox 510 1370 703 1404; x_wconf 86' lang='lat' dir='ltr'>alienatione</span> <span class='ocrx_word' id='word_1_122' title='bbox 732 1370 991 1405; x_wconf 89' lang='lat' dir='ltr'>iurisdictionum</span> 
     </span>
     <span class='ocr_line' id='line_1_30' title="bbox 240 1423 991 1482; baseline 0.003 -26"><span class='ocrx_word' id='word_1_123' title='bbox 240 1423 288 1456; x_wconf 90' lang='lat' dir='ltr'>vel</span> <span class='ocrx_word' id='word_1_124' title='bbox 306 1424 515 1482; x_wconf 64' lang='lat' dir='ltr'>vassalJorum</span> <span class='ocrx_word' id='word_1_125' title='bbox 527 1424 566 1458; x_wconf 87' lang='lat' dir='ltr'>ad</span> <span class='ocrx_word' id='word_1_126' title='bbox 575 1424 749 1458; x_wconf 84' lang='lat' dir='ltr'>Ecclesiam</span> <span class='ocrx_word' id='word_1_127' title='bbox 768 1424 880 1469; x_wconf 88' lang='lat' dir='ltr'>quovis</span> <span class='ocrx_word' id='word_1_128' title='bbox 897 1424 991 1458; x_wconf 90' lang='lat' dir='ltr'>modo</span> 
     </span>
     <span class='ocr_line' id='line_1_31' title="bbox 241 1477 484 1520; baseline 0 -10"><span class='ocrx_word' id='word_1_129' title='bbox 241 1477 484 1520; x_wconf 84' lang='lat' dir='ltr'>pertinentium.</span> 
     </span>
    </p>

    <p class='ocr_par' dir='ltr' id='par_1_7' title="bbox 238 1530 993 2633">
     <span class='ocr_line' id='line_1_32' title="bbox 285 1530 993 1575; baseline 0.001 -11"><span class='ocrx_word' id='word_1_130' title='bbox 285 1531 300 1575; x_wconf 63' lang='lat' dir='ltr'><strong>g</strong></span> <span class='ocrx_word' id='word_1_131' title='bbox 319 1531 373 1564; x_wconf 66' lang='lat' dir='ltr'>te.</span> <span class='ocrx_word' id='word_1_132' title='bbox 396 1531 575 1571; x_wconf 86' lang='lat' dir='ltr'>Praeterea,</span> <span class='ocrx_word' id='word_1_133' title='bbox 594 1541 633 1565; x_wconf 90' lang='lat' dir='ltr'>ne</span> <span class='ocrx_word' id='word_1_134' title='bbox 660 1530 814 1564; x_wconf 88' lang='lat' dir='ltr'>ordinarii</span> <span class='ocrx_word' id='word_1_135' title='bbox 835 1531 867 1564; x_wconf 93' lang='lat' dir='ltr'>in</span> <span class='ocrx_word' id='word_1_136' title='bbox 893 1531 993 1565; x_wconf 87' lang='lat' dir='ltr'>corri-</span> 
     </span>
     <span class='ocr_line' id='line_1_33' title="bbox 240 1584 992 1629; baseline 0 -11"><span class='ocrx_word' id='word_1_137' title='bbox 240 1584 352 1628; x_wconf 85' lang='lat' dir='ltr'>gendis</span> <span class='ocrx_word' id='word_1_138' title='bbox 372 1584 574 1618; x_wconf 88' lang='lat' dir='ltr'>subditorum</span> <span class='ocrx_word' id='word_1_139' title='bbox 603 1584 786 1618; x_wconf 82' lang='lat' dir='ltr'>excessibus</span> <span class='ocrx_word' id='word_1_140' title='bbox 815 1584 992 1629; x_wconf 88' lang='lat' dir='ltr'>impedian—</span> 
     </span>
     <span class='ocr_line' id='line_1_34' title="bbox 240 1637 991 1682; baseline 0 -11"><span class='ocrx_word' id='word_1_141' title='bbox 240 1643 304 1679; x_wconf 87' lang='lat' dir='ltr'>tur,</span> <span class='ocrx_word' id='word_1_142' title='bbox 331 1643 361 1672; x_wconf 90' lang='lat' dir='ltr'>et</span> <span class='ocrx_word' id='word_1_143' title='bbox 383 1637 498 1671; x_wconf 90' lang='lat' dir='ltr'>delicta</span> <span class='ocrx_word' id='word_1_144' title='bbox 522 1638 679 1682; x_wconf 88' lang='lat' dir='ltr'>impunita</span> <span class='ocrx_word' id='word_1_145' title='bbox 701 1645 903 1678; x_wconf 80' lang='lat' dir='ltr'>remaneant,</span> <span class='ocrx_word' id='word_1_146' title='bbox 926 1649 991 1672; x_wconf 91' lang='lat' dir='ltr'>non</span> 
     </span>
     <span class='ocr_line' id='line_1_35' title="bbox 240 1691 992 1725; baseline -0.001 0"><span class='ocrx_word' id='word_1_147' title='bbox 240 1691 394 1725; x_wconf 83' lang='lat' dir='ltr'>concedat</span> <span class='ocrx_word' id='word_1_148' title='bbox 408 1691 627 1724; x_wconf 84' lang='lat' dir='ltr'>absolutiones</span> <span class='ocrx_word' id='word_1_149' title='bbox 648 1691 696 1724; x_wconf 91' lang='lat' dir='ltr'>vel</span> <span class='ocrx_word' id='word_1_150' title='bbox 722 1692 870 1724; x_wconf 86' lang='lat' dir='ltr'>mandata</span> <span class='ocrx_word' id='word_1_151' title='bbox 886 1691 924 1725; x_wconf 91' lang='lat' dir='ltr'>de</span> <span class='ocrx_word' id='word_1_152' title='bbox 940 1692 992 1724; x_wconf 89' lang='lat' dir='ltr'>ab·</span> 
     </span>
     <span class='ocr_line' id='line_1_36' title="bbox 240 1744 991 1788; baseline 0.003 -11"><span class='ocrx_word' id='word_1_153' title='bbox 240 1745 390 1779; x_wconf 90' lang='lat' dir='ltr'>solvendo</span> <span class='ocrx_word' id='word_1_154' title='bbox 416 1745 455 1778; x_wconf 84' lang='lat' dir='ltr'>ab</span> <span class='ocrx_word' id='word_1_155' title='bbox 484 1745 666 1778; x_wconf 81' lang='lat' dir='ltr'>homicidiis</span> <span class='ocrx_word' id='word_1_156' title='bbox 686 1745 733 1778; x_wconf 77' lang='lat' dir='ltr'>vel</span> <span class='ocrx_word' id='word_1_157' title='bbox 754 1744 824 1778; x_wconf 88' lang='lat' dir='ltr'>aliis</span> <span class='ocrx_word' id='word_1_158' title='bbox 844 1746 991 1788; x_wconf 80' lang='lat' dir='ltr'>gravibus</span> 
     </span>
     <span class='ocr_line' id='line_1_37' title="bbox 239 1798 990 1843; baseline 0 -11"><span class='ocrx_word' id='word_1_159' title='bbox 239 1798 376 1840; x_wconf 87' lang='lat' dir='ltr'>delictis,</span> <span class='ocrx_word' id='word_1_160' title='bbox 394 1799 488 1832; x_wconf 88' lang='lat' dir='ltr'>etiam</span> <span class='ocrx_word' id='word_1_161' title='bbox 506 1799 653 1840; x_wconf 86' lang='lat' dir='ltr'>occultis,</span> <span class='ocrx_word' id='word_1_162' title='bbox 669 1809 727 1843; x_wconf 92' lang='lat' dir='ltr'>pro</span> <span class='ocrx_word' id='word_1_163' title='bbox 738 1799 855 1842; x_wconf 87' lang='lat' dir='ltr'>quibus</span> <span class='ocrx_word' id='word_1_164' title='bbox 871 1799 909 1832; x_wconf 91' lang='lat' dir='ltr'>de</span> <span class='ocrx_word' id='word_1_165' title='bbox 922 1800 990 1832; x_wconf 89' lang='lat' dir='ltr'>iure</span> 
     </span>
     <span class='ocr_line' id='line_1_38' title="bbox 241 1852 990 1897; baseline 0.001 -12"><span class='ocrx_word' id='word_1_166' title='bbox 241 1852 324 1885; x_wconf 84' lang='lat' dir='ltr'>civili</span> <span class='ocrx_word' id='word_1_167' title='bbox 344 1863 447 1897; x_wconf 89' lang='lat' dir='ltr'>poena</span> <span class='ocrx_word' id='word_1_168' title='bbox 467 1852 610 1897; x_wconf 82' lang='lat' dir='ltr'>capitalis</span> <span class='ocrx_word' id='word_1_169' title='bbox 637 1853 787 1896; x_wconf 84' lang='lat' dir='ltr'>imposita</span> <span class='ocrx_word' id='word_1_170' title='bbox 815 1852 865 1892; x_wconf 89' lang='lat' dir='ltr'>sit,</span> <span class='ocrx_word' id='word_1_171' title='bbox 898 1864 990 1897; x_wconf 86' lang='lat' dir='ltr'>prae-</span> 
     </span>
     <span class='ocr_line' id='line_1_39' title="bbox 239 1906 987 1950; baseline 0.001 -11"><span class='ocrx_word' id='word_1_172' title='bbox 239 1910 386 1950; x_wconf 85' lang='lat' dir='ltr'>terquam</span> <span class='ocrx_word' id='word_1_173' title='bbox 415 1906 446 1939; x_wconf 94' lang='lat' dir='ltr'>in</span> <span class='ocrx_word' id='word_1_174' title='bbox 475 1908 543 1940; x_wconf 84' lang='lat' dir='ltr'>foro</span> <span class='ocrx_word' id='word_1_175' title='bbox 572 1906 787 1940; x_wconf 87' lang='lat' dir='ltr'>conscientiae</span> <span class='ocrx_word' id='word_1_176' title='bbox 814 1906 987 1940; x_wconf 79' lang='lat' dir='ltr'>dumtaxat.</span> 
     </span>
     <span class='ocr_line' id='line_1_40' title="bbox 239 1959 991 2004; baseline 0.001 -11"><span class='ocrx_word' id='word_1_177' title='bbox 239 1959 274 1993; x_wconf 91' lang='lat' dir='ltr'>In</span> <span class='ocrx_word' id='word_1_178' title='bbox 298 1960 433 2004; x_wconf 87' lang='lat' dir='ltr'>reliquis</span> <span class='ocrx_word' id='word_1_179' title='bbox 459 1971 534 1993; x_wconf 84' lang='lat' dir='ltr'>vero</span> <span class='ocrx_word' id='word_1_180' title='bbox 563 1960 743 1993; x_wconf 90' lang='lat' dir='ltr'>minoribus</span> <span class='ocrx_word' id='word_1_181' title='bbox 769 1965 799 1993; x_wconf 91' lang='lat' dir='ltr'>et</span> <span class='ocrx_word' id='word_1_182' title='bbox 819 1960 991 1994; x_wconf 79' lang='lat' dir='ltr'>levioribus</span> 
     </span>
     <span class='ocr_line' id='line_1_41' title="bbox 239 2013 991 2057; baseline 0.001 -11"><span class='ocrx_word' id='word_1_183' title='bbox 239 2013 437 2054; x_wconf 84' lang='lat' dir='ltr'>excessibus,</span> <span class='ocrx_word' id='word_1_184' title='bbox 470 2014 507 2047; x_wconf 91' lang='lat' dir='ltr'>de</span> <span class='ocrx_word' id='word_1_185' title='bbox 535 2014 653 2057; x_wconf 89' lang='lat' dir='ltr'>quibus</span> <span class='ocrx_word' id='word_1_186' title='bbox 673 2019 779 2046; x_wconf 88' lang='lat' dir='ltr'>tamen</span> <span class='ocrx_word' id='word_1_187' title='bbox 801 2013 991 2057; x_wconf 88' lang='lat' dir='ltr'>delinquens</span> 
     </span>
     <span class='ocr_line' id='line_1_42' title="bbox 239 2066 990 2109; baseline 0.001 -11"><span class='ocrx_word' id='word_1_188' title='bbox 239 2076 303 2098; x_wconf 92' lang='lat' dir='ltr'>non</span> <span class='ocrx_word' id='word_1_189' title='bbox 330 2067 427 2100; x_wconf 83' lang='lat' dir='ltr'>suerit</span> <span class='ocrx_word' id='word_1_190' title='bbox 460 2066 574 2100; x_wconf 84' lang='lat' dir='ltr'>citatus</span> <span class='ocrx_word' id='word_1_191' title='bbox 607 2067 653 2100; x_wconf 82' lang='lat' dir='ltr'>vel</span> <span class='ocrx_word' id='word_1_192' title='bbox 682 2066 864 2109; x_wconf 83' lang='lat' dir='ltr'>inquisitus,</span> <span class='ocrx_word' id='word_1_193' title='bbox 901 2077 990 2100; x_wconf 81' lang='lat' dir='ltr'>coin-</span> 
     </span>
     <span class='ocr_line' id='line_1_43' title="bbox 240 2119 990 2163; baseline 0.001 -12"><span class='ocrx_word' id='word_1_194' title='bbox 240 2119 365 2152; x_wconf 86' lang='lat' dir='ltr'>mittere</span> <span class='ocrx_word' id='word_1_195' title='bbox 385 2120 485 2163; x_wconf 89' lang='lat' dir='ltr'>possit</span> <span class='ocrx_word' id='word_1_196' title='bbox 507 2120 669 2153; x_wconf 89' lang='lat' dir='ltr'>ordinario</span> <span class='ocrx_word' id='word_1_197' title='bbox 699 2125 745 2159; x_wconf 86' lang='lat' dir='ltr'>ut,</span> <span class='ocrx_word' id='word_1_198' title='bbox 777 2119 925 2163; x_wconf 86' lang='lat' dir='ltr'>imposita</span> <span class='ocrx_word' id='word_1_199' title='bbox 946 2120 990 2152; x_wconf 92' lang='lat' dir='ltr'>illi</span> 
     </span>
     <span class='ocr_line' id='line_1_44' title="bbox 240 2172 990 2216; baseline 0.001 -11"><span class='ocrx_word' id='word_1_200' title='bbox 240 2182 343 2216; x_wconf 88' lang='lat' dir='ltr'>poena</span> <span class='ocrx_word' id='word_1_201' title='bbox 363 2173 431 2206; x_wconf 88' lang='lat' dir='ltr'>eius</span> <span class='ocrx_word' id='word_1_202' title='bbox 442 2172 586 2212; x_wconf 88' lang='lat' dir='ltr'>arbitrio,</span> <span class='ocrx_word' id='word_1_203' title='bbox 609 2183 682 2206; x_wconf 91' lang='lat' dir='ltr'>eum</span> <span class='ocrx_word' id='word_1_204' title='bbox 699 2173 794 2205; x_wconf 89' lang='lat' dir='ltr'>etiam</span> <span class='ocrx_word' id='word_1_205' title='bbox 807 2172 837 2204; x_wconf 90' lang='lat' dir='ltr'>in</span> <span class='ocrx_word' id='word_1_206' title='bbox 850 2173 919 2206; x_wconf 89' lang='lat' dir='ltr'>foro</span> <span class='ocrx_word' id='word_1_207' title='bbox 930 2173 990 2206; x_wconf 87' lang='lat' dir='ltr'>sori</span> 
     </span>
     <span class='ocr_line' id='line_1_45' title="bbox 239 2226 991 2271; baseline 0.001 -12"><span class='ocrx_word' id='word_1_208' title='bbox 239 2226 396 2267; x_wconf 87' lang='lat' dir='ltr'>absolvat,</span> <span class='ocrx_word' id='word_1_209' title='bbox 433 2226 604 2271; x_wconf 79' lang='lat' dir='ltr'>ipsumque</span> <span class='ocrx_word' id='word_1_210' title='bbox 633 2226 672 2259; x_wconf 86' lang='lat' dir='ltr'>ab</span> <span class='ocrx_word' id='word_1_211' title='bbox 701 2226 888 2259; x_wconf 77' lang='lat' dir='ltr'>executione</span> <span class='ocrx_word' id='word_1_212' title='bbox 909 2227 991 2260; x_wconf 89' lang='lat' dir='ltr'>ordi-</span> 
     </span>
     <span class='ocr_line' id='line_1_46' title="bbox 239 2280 990 2325; baseline 0.003 -13"><span class='ocrx_word' id='word_1_213' title='bbox 239 2290 330 2321; x_wconf 88' lang='lat' dir='ltr'>num,</span> <span class='ocrx_word' id='word_1_214' title='bbox 353 2280 378 2314; x_wconf 92' lang='lat' dir='ltr'>si</span> <span class='ocrx_word' id='word_1_215' title='bbox 403 2290 513 2314; x_wconf 87' lang='lat' dir='ltr'>secum</span> <span class='ocrx_word' id='word_1_216' title='bbox 542 2291 640 2325; x_wconf 89' lang='lat' dir='ltr'>super</span> <span class='ocrx_word' id='word_1_217' title='bbox 665 2280 900 2323; x_wconf 76' lang='lat' dir='ltr'>irregularitate</span> <span class='ocrx_word' id='word_1_218' title='bbox 929 2281 990 2314; x_wconf 91' lang='lat' dir='ltr'>dis-</span> 
     </span>
     <span class='ocr_line' id='line_1_47' title="bbox 238 2328 990 2378; baseline 0.001 -12"><span class='ocrx_word' id='word_1_219' title='bbox 238 2328 408 2378; x_wconf 76' lang='lat' dir='ltr'>pensatum</span> <span class='ocrx_word' id='word_1_220' title='bbox 436 2331 550 2375; x_wconf 82' lang='lat' dir='ltr'>suerit,</span> <span class='ocrx_word' id='word_1_221' title='bbox 582 2333 729 2367; x_wconf 89' lang='lat' dir='ltr'>similiter</span> <span class='ocrx_word' id='word_1_222' title='bbox 760 2334 829 2366; x_wconf 91' lang='lat' dir='ltr'>eius</span> <span class='ocrx_word' id='word_1_223' title='bbox 857 2334 990 2368; x_wconf 90' lang='lat' dir='ltr'>arbitrio</span> 
     </span>
     <span class='ocr_line' id='line_1_48' title="bbox 239 2387 988 2432; baseline 0.001 -12"><span class='ocrx_word' id='word_1_224' title='bbox 239 2387 423 2431; x_wconf 87' lang='lat' dir='ltr'>suspendat.</span> <span class='ocrx_word' id='word_1_225' title='bbox 467 2387 632 2432; x_wconf 86' lang='lat' dir='ltr'>Episcopis</span> <span class='ocrx_word' id='word_1_226' title='bbox 660 2393 767 2420; x_wconf 88' lang='lat' dir='ltr'>tamen</span> <span class='ocrx_word' id='word_1_227' title='bbox 800 2388 848 2420; x_wconf 71' lang='lat' dir='ltr'>vel</span> <span class='ocrx_word' id='word_1_228' title='bbox 876 2399 988 2421; x_wconf 89' lang='lat' dir='ltr'>eorum</span> 
     </span>
     <span class='ocr_line' id='line_1_49' title="bbox 239 2440 990 2487; baseline 0.003 -13"><span class='ocrx_word' id='word_1_229' title='bbox 239 2440 460 2485; x_wconf 87' lang='lat' dir='ltr'>superioribus</span> <span class='ocrx_word' id='word_1_230' title='bbox 477 2447 530 2475; x_wconf 87' lang='lat' dir='ltr'>aut</span> <span class='ocrx_word' id='word_1_231' title='bbox 548 2441 619 2475; x_wconf 87' lang='lat' dir='ltr'>aliis</span> <span class='ocrx_word' id='word_1_232' title='bbox 644 2442 793 2486; x_wconf 90' lang='lat' dir='ltr'>praelatis</span> <span class='ocrx_word' id='word_1_233' title='bbox 813 2442 885 2476; x_wconf 86' lang='lat' dir='ltr'>Sedi</span> <span class='ocrx_word' id='word_1_234' title='bbox 909 2443 990 2487; x_wconf 85' lang='lat' dir='ltr'>Apo-</span> 
     </span>
     <span class='ocr_line' id='line_1_50' title="bbox 240 2490 989 2535; baseline 0.004 -13"><span class='ocrx_word' id='word_1_235' title='bbox 240 2490 368 2524; x_wconf 84' lang='lat' dir='ltr'>stolicae</span> <span class='ocrx_word' id='word_1_236' title='bbox 395 2490 579 2524; x_wconf 87' lang='lat' dir='ltr'>immediate</span> <span class='ocrx_word' id='word_1_237' title='bbox 600 2491 750 2524; x_wconf 85' lang='lat' dir='ltr'>subiectis</span> <span class='ocrx_word' id='word_1_238' title='bbox 777 2496 807 2524; x_wconf 88' lang='lat' dir='ltr'>et</span> <span class='ocrx_word' id='word_1_239' title='bbox 826 2491 989 2535; x_wconf 81' lang='lat' dir='ltr'>quibusvis</span> 
     </span>
     <span class='ocr_line' id='line_1_51' title="bbox 240 2540 989 2584; baseline 0.003 -12"><span class='ocrx_word' id='word_1_240' title='bbox 240 2540 385 2584; x_wconf 88' lang='lat' dir='ltr'>personis</span> <span class='ocrx_word' id='word_1_241' title='bbox 418 2541 450 2573; x_wconf 92' lang='lat' dir='ltr'>in</span> <span class='ocrx_word' id='word_1_242' title='bbox 483 2541 577 2575; x_wconf 91' lang='lat' dir='ltr'>terris</span> <span class='ocrx_word' id='word_1_243' title='bbox 606 2540 787 2581; x_wconf 83' lang='lat' dir='ltr'>Ecclesiae,</span> <span class='ocrx_word' id='word_1_244' title='bbox 823 2546 854 2574; x_wconf 93' lang='lat' dir='ltr'>et</span> <span class='ocrx_word' id='word_1_245' title='bbox 887 2542 989 2574; x_wconf 90' lang='lat' dir='ltr'>multo</span> 
     </span>
     <span class='ocr_line' id='line_1_52' title="bbox 239 2588 991 2633; baseline 0.001 -12"><span class='ocrx_word' id='word_1_246' title='bbox 239 2589 347 2622; x_wconf 89' lang='lat' dir='ltr'>minus</span> <span class='ocrx_word' id='word_1_247' title='bbox 375 2589 407 2622; x_wconf 92' lang='lat' dir='ltr'>in</span> <span class='ocrx_word' id='word_1_248' title='bbox 438 2589 522 2622; x_wconf 86' lang='lat' dir='ltr'>Urbe</span> <span class='ocrx_word' id='word_1_249' title='bbox 556 2588 835 2633; x_wconf 88' lang='lat' dir='ltr'>delinquentibus,</span> <span class='ocrx_word' id='word_1_250' title='bbox 867 2590 906 2623; x_wconf 89' lang='lat' dir='ltr'>ab</span> <span class='ocrx_word' id='word_1_251' title='bbox 935 2591 991 2623; x_wconf 86' lang='lat' dir='ltr'>ali-</span> 
     </span>
    </p>
   </div>
   <div class='ocr_carea' id='block_1_6' title="bbox 239 2638 1005 2683">
    <p class='ocr_par' dir='ltr' id='par_1_8' title="bbox 239 2638 1005 2683">
     <span class='ocr_line' id='line_1_53' title="bbox 239 2638 1005 2683; baseline 0.003 -12"><span class='ocrx_word' id='word_1_252' title='bbox 239 2638 357 2683; x_wconf 87' lang='lat' dir='ltr'>quibus</span> <span class='ocrx_word' id='word_1_253' title='bbox 382 2638 505 2672; x_wconf 89' lang='lat' dir='ltr'>delictis</span> <span class='ocrx_word' id='word_1_254' title='bbox 530 2644 616 2672; x_wconf 83' lang='lat' dir='ltr'>extra</span> <span class='ocrx_word' id='word_1_255' title='bbox 642 2639 748 2671; x_wconf 83' lang='lat' dir='ltr'>sorum</span> <span class='ocrx_word' id='word_1_256' title='bbox 776 2639 1005 2673; x_wconf 76' lang='lat' dir='ltr'>conscientiae</span> 
     </span>
    </p>
   </div>
   <div class='ocr_carea' id='block_1_7' title="bbox 240 2687 963 2733">
    <p class='ocr_par' dir='ltr' id='par_1_9' title="bbox 240 2687 963 2733">
     <span class='ocr_line' id='line_1_54' title="bbox 240 2687 963 2733; baseline -0.001 -10"><span class='ocrx_word' id='word_1_257' title='bbox 240 2687 476 2723; x_wconf 86' lang='lat' dir='ltr'>absolutionem</span> <span class='ocrx_word' id='word_1_258' title='bbox 497 2688 629 2722; x_wconf 87' lang='lat' dir='ltr'>minime</span> <span class='ocrx_word' id='word_1_259' title='bbox 653 2689 830 2723; x_wconf 84' lang='lat' dir='ltr'>concedere</span> <span class='ocrx_word' id='word_1_260' title='bbox 855 2689 963 2733; x_wconf 88' lang='lat' dir='ltr'>possit.</span> 
     </span>
    </p>
   </div>
   <div class='ocr_carea' id='block_1_8' title="bbox 1080 286 1985 414">
    <p class='ocr_par' dir='ltr' id='par_1_10' title="bbox 1080 286 1985 414">
     <span class='ocr_line' id='line_1_55' title="bbox 1677 286 1983 321; baseline 0.003 -1"><span class='ocrx_word' id='word_1_261' title='bbox 1677 286 1741 320; x_wconf 51' lang='lat'>‘195</span> <span class='ocrx_word' id='word_1_262' title='bbox 1801 295 1847 320; x_wconf 68' lang='lat' dir='ltr'>An.</span> <span class='ocrx_word' id='word_1_263' title='bbox 1867 294 1894 320; x_wconf 82' lang='lat' dir='ltr'>c.</span> <span class='ocrx_word' id='word_1_264' title='bbox 1914 292 1983 321; x_wconf 66' lang='lat'>1562</span> 
     </span>
     <span class='ocr_line' id='line_1_56' title="bbox 1080 348 1985 414; baseline 0.003 -33"><span class='ocrx_word' id='word_1_265' title='bbox 1080 350 1094 393; x_wconf 61' lang='grc' dir='ltr'><strong>ξ</strong></span> <span class='ocrx_word' id='word_1_266' title='bbox 1114 348 1167 382; x_wconf 75' lang='grc'>13.</span> <span class='ocrx_word' id='word_1_267' title='bbox 1198 348 1307 382; x_wconf 83' lang='lat' dir='ltr'>Caveat</span> <span class='ocrx_word' id='word_1_268' title='bbox 1338 348 1431 382; x_wconf 89' lang='lat' dir='ltr'>ctiam</span> <span class='ocrx_word' id='word_1_269' title='bbox 1460 349 1725 393; x_wconf 81' lang='lat' dir='ltr'>poenitentiarius</span> <span class='ocrx_word' id='word_1_270' title='bbox 1746 361 1784 384; x_wconf 87' lang='lat' dir='ltr'>ne</span> <span class='ocrx_word' id='word_1_271' title='bbox 1801 356 1985 414; x_wconf 58' lang='lat' dir='ltr'>,u„„{{ss&#39;⁰&#39;¹⁵&#39;¹⁰⁰‘</span> 
     </span>
    </p>
   </div>
   <div class='ocr_carea' id='block_1_9' title="bbox 1034 402 1788 1351">
    <p class='ocr_par' dir='ltr' id='par_1_11' title="bbox 1035 402 1788 987">
     <span class='ocr_line' id='line_1_57' title="bbox 1037 402 1787 437; baseline 0.001 -1"><span class='ocrx_word' id='word_1_272' title='bbox 1037 404 1068 436; x_wconf 90' lang='lat' dir='ltr'>in</span> <span class='ocrx_word' id='word_1_273' title='bbox 1089 402 1343 436; x_wconf 85' lang='lat' dir='ltr'>absolutionibus</span> <span class='ocrx_word' id='word_1_274' title='bbox 1362 414 1379 435; x_wconf 92' lang='lat' dir='ltr'>a</span> <span class='ocrx_word' id='word_1_275' title='bbox 1399 403 1535 436; x_wconf 88' lang='lat' dir='ltr'>simonia</span> <span class='ocrx_word' id='word_1_276' title='bbox 1555 404 1632 436; x_wconf 87' lang='lat' dir='ltr'>reali</span> <span class='ocrx_word' id='word_1_277' title='bbox 1649 405 1696 437; x_wconf 77' lang='lat' dir='ltr'>vel</span> <span class='ocrx_word' id='word_1_278' title='bbox 1713 415 1787 437; x_wconf 86' lang='lat' dir='ltr'>con-</span> 
     </span>
     <span class='ocr_line' id='line_1_58' title="bbox 1036 457 1785 502; baseline 0.001 -11"><span class='ocrx_word' id='word_1_279' title='bbox 1036 457 1220 499; x_wconf 87' lang='lat' dir='ltr'>ventionali,</span> <span class='ocrx_word' id='word_1_280' title='bbox 1248 457 1342 491; x_wconf 90' lang='lat' dir='ltr'>etiam</span> <span class='ocrx_word' id='word_1_281' title='bbox 1364 458 1501 497; x_wconf 83' lang='lat' dir='ltr'>occulta,</span> <span class='ocrx_word' id='word_1_282' title='bbox 1531 468 1686 502; x_wconf 87' lang='lat' dir='ltr'>umquam</span> <span class='ocrx_word' id='word_1_283' title='bbox 1708 469 1785 492; x_wconf 86' lang='lat' dir='ltr'>con-</span> 
     </span>
     <span class='ocr_line' id='line_1_59' title="bbox 1038 511 1787 556; baseline 0 -11"><span class='ocrx_word' id='word_1_284' title='bbox 1038 513 1128 545; x_wconf 83' lang='lat' dir='ltr'>cedat</span> <span class='ocrx_word' id='word_1_285' title='bbox 1160 518 1195 545; x_wconf 89' lang='lat' dir='ltr'>ut</span> <span class='ocrx_word' id='word_1_286' title='bbox 1215 512 1275 555; x_wconf 89' lang='lat' dir='ltr'>ipsi</span> <span class='ocrx_word' id='word_1_287' title='bbox 1302 511 1469 545; x_wconf 88' lang='lat' dir='ltr'>simoniaci</span> <span class='ocrx_word' id='word_1_288' title='bbox 1492 513 1666 553; x_wconf 85' lang='lat' dir='ltr'>beneficia,</span> <span class='ocrx_word' id='word_1_289' title='bbox 1689 524 1787 556; x_wconf 87' lang='lat' dir='ltr'>super</span> 
     </span>
     <span class='ocr_line' id='line_1_60' title="bbox 1036 566 1788 612; baseline 0.001 -13"><span class='ocrx_word' id='word_1_290' title='bbox 1036 566 1152 610; x_wconf 86' lang='lat' dir='ltr'>quibus</span> <span class='ocrx_word' id='word_1_291' title='bbox 1176 566 1344 599; x_wconf 89' lang='lat' dir='ltr'>simoniam</span> <span class='ocrx_word' id='word_1_292' title='bbox 1376 566 1626 607; x_wconf 86' lang='lat' dir='ltr'>commiserunt,</span> <span class='ocrx_word' id='word_1_293' title='bbox 1657 578 1713 600; x_wconf 88' lang='lat' dir='ltr'>seu</span> <span class='ocrx_word' id='word_1_294' title='bbox 1734 579 1788 612; x_wconf 78' lang='lat' dir='ltr'>pe-</span> 
     </span>
     <span class='ocr_line' id='line_1_61' title="bbox 1037 620 1788 665; baseline 0.001 -13"><span class='ocrx_word' id='word_1_295' title='bbox 1037 620 1147 653; x_wconf 85' lang='lat' dir='ltr'>cunias</span> <span class='ocrx_word' id='word_1_296' title='bbox 1166 621 1214 653; x_wconf 78' lang='lat' dir='ltr'>vel</span> <span class='ocrx_word' id='word_1_297' title='bbox 1234 620 1295 653; x_wconf 88' lang='lat' dir='ltr'>alia</span> <span class='ocrx_word' id='word_1_298' title='bbox 1312 631 1371 665; x_wconf 88' lang='lat' dir='ltr'>pro</span> <span class='ocrx_word' id='word_1_299' title='bbox 1392 620 1454 653; x_wconf 89' lang='lat' dir='ltr'>illis</span> <span class='ocrx_word' id='word_1_300' title='bbox 1476 626 1621 665; x_wconf 84' lang='lat' dir='ltr'>accepta,</span> <span class='ocrx_word' id='word_1_301' title='bbox 1648 627 1703 654; x_wconf 57' lang='lat' dir='ltr'>aut,</span> <span class='ocrx_word' id='word_1_302' title='bbox 1723 621 1788 653; x_wconf 84' lang='lat' dir='ltr'>fru-</span> 
     </span>
     <span class='ocr_line' id='line_1_62' title="bbox 1037 675 1786 719; baseline 0.001 -12"><span class='ocrx_word' id='word_1_303' title='bbox 1037 679 1106 708; x_wconf 91' lang='lat' dir='ltr'>ctus</span> <span class='ocrx_word' id='word_1_304' title='bbox 1133 675 1246 708; x_wconf 85' lang='lat' dir='ltr'>exinde</span> <span class='ocrx_word' id='word_1_305' title='bbox 1280 681 1350 719; x_wconf 91' lang='lat' dir='ltr'>post</span> <span class='ocrx_word' id='word_1_306' title='bbox 1382 675 1586 708; x_wconf 87' lang='lat' dir='ltr'>commissam</span> <span class='ocrx_word' id='word_1_307' title='bbox 1616 676 1786 708; x_wconf 85' lang='lat' dir='ltr'>simoniam</span> 
     </span>
     <span class='ocr_line' id='line_1_63' title="bbox 1036 729 1787 774; baseline 0.003 -13"><span class='ocrx_word' id='word_1_308' title='bbox 1036 734 1222 772; x_wconf 87' lang='lat' dir='ltr'>perceptos,</span> <span class='ocrx_word' id='word_1_309' title='bbox 1254 729 1285 761; x_wconf 95' lang='lat' dir='ltr'>in</span> <span class='ocrx_word' id='word_1_310' title='bbox 1311 734 1376 762; x_wconf 91' lang='lat' dir='ltr'>toto</span> <span class='ocrx_word' id='word_1_311' title='bbox 1405 729 1453 762; x_wconf 88' lang='lat' dir='ltr'>vel</span> <span class='ocrx_word' id='word_1_312' title='bbox 1481 729 1513 762; x_wconf 91' lang='lat' dir='ltr'>in</span> <span class='ocrx_word' id='word_1_313' title='bbox 1538 734 1628 774; x_wconf 87' lang='lat' dir='ltr'>parte</span> <span class='ocrx_word' id='word_1_314' title='bbox 1648 729 1787 763; x_wconf 86' lang='lat' dir='ltr'>retinere</span> 
     </span>
     <span class='ocr_line' id='line_1_64' title="bbox 1036 782 1786 826; baseline 0.004 -12"><span class='ocrx_word' id='word_1_315' title='bbox 1036 782 1174 825; x_wconf 75' lang='lat' dir='ltr'>possint3</span> <span class='ocrx_word' id='word_1_316' title='bbox 1196 782 1376 826; x_wconf 88' lang='lat' dir='ltr'>quinimmo</span> <span class='ocrx_word' id='word_1_317' title='bbox 1397 783 1429 816; x_wconf 93' lang='lat' dir='ltr'>in</span> <span class='ocrx_word' id='word_1_318' title='bbox 1448 783 1705 817; x_wconf 88' lang='lat' dir='ltr'>absolutionibus</span> <span class='ocrx_word' id='word_1_319' title='bbox 1724 785 1786 817; x_wconf 90' lang='lat' dir='ltr'>hu-</span> 
     </span>
     <span class='ocr_line' id='line_1_65' title="bbox 1036 835 1787 881; baseline 0.005 -13"><span class='ocrx_word' id='word_1_320' title='bbox 1036 835 1172 869; x_wconf 89' lang='lat' dir='ltr'>iusmodi</span> <span class='ocrx_word' id='word_1_321' title='bbox 1208 842 1391 880; x_wconf 89' lang='lat' dir='ltr'>apponatur</span> <span class='ocrx_word' id='word_1_322' title='bbox 1415 837 1558 871; x_wconf 85' lang='lat' dir='ltr'>clausula</span> <span class='ocrx_word' id='word_1_323' title='bbox 1594 838 1680 881; x_wconf 84' lang='lat' dir='ltr'>quod</span> <span class='ocrx_word' id='word_1_324' title='bbox 1701 844 1787 872; x_wconf 88' lang='lat' dir='ltr'>uter-</span> 
     </span>
     <span class='ocr_line' id='line_1_66' title="bbox 1035 889 1788 934; baseline 0.004 -13"><span class='ocrx_word' id='word_1_325' title='bbox 1035 900 1098 932; x_wconf 89' lang='lat' dir='ltr'>que</span> <span class='ocrx_word' id='word_1_326' title='bbox 1124 889 1162 922; x_wconf 86' lang='lat' dir='ltr'>ad</span> <span class='ocrx_word' id='word_1_327' title='bbox 1182 889 1390 929; x_wconf 83' lang='lat' dir='ltr'>beneficium,</span> <span class='ocrx_word' id='word_1_328' title='bbox 1419 901 1516 934; x_wconf 88' lang='lat' dir='ltr'>super</span> <span class='ocrx_word' id='word_1_329' title='bbox 1536 901 1600 933; x_wconf 92' lang='lat' dir='ltr'>quo</span> <span class='ocrx_word' id='word_1_330' title='bbox 1622 890 1681 924; x_wconf 86' lang='lat' dir='ltr'>suit</span> <span class='ocrx_word' id='word_1_331' title='bbox 1701 901 1788 924; x_wconf 83' lang='lat' dir='ltr'>com-</span> 
     </span>
     <span class='ocr_line' id='line_1_67' title="bbox 1036 942 1784 987; baseline 0.005 -13"><span class='ocrx_word' id='word_1_332' title='bbox 1036 942 1131 975; x_wconf 85' lang='lat' dir='ltr'>missa</span> <span class='ocrx_word' id='word_1_333' title='bbox 1151 942 1298 983; x_wconf 87' lang='lat' dir='ltr'>simonia,</span> <span class='ocrx_word' id='word_1_334' title='bbox 1322 949 1479 987; x_wconf 85' lang='lat' dir='ltr'>perpetuo</span> <span class='ocrx_word' id='word_1_335' title='bbox 1495 943 1646 977; x_wconf 87' lang='lat' dir='ltr'>inhabilis</span> <span class='ocrx_word' id='word_1_336' title='bbox 1662 945 1784 978; x_wconf 85' lang='lat' dir='ltr'>existat.</span> 
     </span>
    </p>

    <p class='ocr_par' dir='ltr' id='par_1_12' title="bbox 1034 995 1788 1351">
     <span class='ocr_line' id='line_1_68' title="bbox 1079 995 1786 1041; baseline 0.004 -13"><span class='ocrx_word' id='word_1_337' title='bbox 1079 995 1093 1039; x_wconf 63' lang='grc' dir='ltr'>ξ</span> <span class='ocrx_word' id='word_1_338' title='bbox 1113 995 1167 1029; x_wconf 55' lang='lat' dir='ltr'>tlt.</span> <span class='ocrx_word' id='word_1_339' title='bbox 1195 996 1231 1029; x_wconf 88' lang='lat' dir='ltr'>Et</span> <span class='ocrx_word' id='word_1_340' title='bbox 1251 996 1384 1041; x_wconf 82' lang='lat' dir='ltr'>insuper</span> <span class='ocrx_word' id='word_1_341' title='bbox 1399 997 1579 1031; x_wconf 81' lang='lat' dir='ltr'>homicidae</span> <span class='ocrx_word' id='word_1_342' title='bbox 1595 998 1786 1039; x_wconf 83' lang='lat' dir='ltr'>voluntario,</span> 
     </span>
     <span class='ocr_line' id='line_1_69' title="bbox 1035 1048 1788 1091; baseline 0.007 -11"><span class='ocrx_word' id='word_1_343' title='bbox 1035 1048 1128 1081; x_wconf 85' lang='lat' dir='ltr'>etiam</span> <span class='ocrx_word' id='word_1_344' title='bbox 1165 1049 1242 1083; x_wconf 87' lang='lat' dir='ltr'>alias</span> <span class='ocrx_word' id='word_1_345' title='bbox 1282 1050 1435 1084; x_wconf 85' lang='lat' dir='ltr'>canonice</span> <span class='ocrx_word' id='word_1_346' title='bbox 1470 1051 1637 1091; x_wconf 87' lang='lat' dir='ltr'>absoluto,</span> <span class='ocrx_word' id='word_1_347' title='bbox 1678 1052 1788 1086; x_wconf 85' lang='lat' dir='ltr'>altaris</span> 
     </span>
     <span class='ocr_line' id='line_1_70' title="bbox 1035 1101 1786 1148; baseline 0.008 -15"><span class='ocrx_word' id='word_1_348' title='bbox 1035 1101 1269 1142; x_wconf 86' lang='lat' dir='ltr'>ministerium,</span> <span class='ocrx_word' id='word_1_349' title='bbox 1304 1109 1360 1136; x_wconf 86' lang='lat' dir='ltr'>aut</span> <span class='ocrx_word' id='word_1_350' title='bbox 1383 1115 1551 1137; x_wconf 75' lang='lat' dir='ltr'>ascensum</span> <span class='ocrx_word' id='word_1_351' title='bbox 1579 1104 1618 1138; x_wconf 86' lang='lat' dir='ltr'>ad</span> <span class='ocrx_word' id='word_1_352' title='bbox 1639 1105 1786 1148; x_wconf 88' lang='lat' dir='ltr'>superio-</span> 
     </span>
     <span class='ocr_line' id='line_1_71' title="bbox 1035 1156 1787 1193; baseline 0.007 -6"><span class='ocrx_word' id='word_1_353' title='bbox 1035 1165 1085 1188; x_wconf 88' lang='lat' dir='ltr'>res</span> <span class='ocrx_word' id='word_1_354' title='bbox 1106 1156 1235 1190; x_wconf 88' lang='lat' dir='ltr'>ordines</span> <span class='ocrx_word' id='word_1_355' title='bbox 1262 1162 1293 1190; x_wconf 90' lang='lat' dir='ltr'>et</span> <span class='ocrx_word' id='word_1_356' title='bbox 1320 1158 1554 1192; x_wconf 85' lang='lat' dir='ltr'>restitutionem</span> <span class='ocrx_word' id='word_1_357' title='bbox 1594 1164 1649 1191; x_wconf 86' lang='lat' dir='ltr'>aut</span> <span class='ocrx_word' id='word_1_358' title='bbox 1681 1165 1787 1193; x_wconf 87' lang='lat' dir='ltr'>reten-</span> 
     </span>
     <span class='ocr_line' id='line_1_72' title="bbox 1036 1208 1786 1256; baseline 0.008 -16"><span class='ocrx_word' id='word_1_359' title='bbox 1036 1208 1154 1242; x_wconf 86' lang='lat' dir='ltr'>tionem</span> <span class='ocrx_word' id='word_1_360' title='bbox 1184 1209 1431 1251; x_wconf 80' lang='lat' dir='ltr'>beneficiorum,</span> <span class='ocrx_word' id='word_1_361' title='bbox 1467 1211 1584 1255; x_wconf 83' lang='lat' dir='ltr'>quibus</span> <span class='ocrx_word' id='word_1_362' title='bbox 1613 1212 1682 1256; x_wconf 91' lang='lat' dir='ltr'>ipso</span> <span class='ocrx_word' id='word_1_363' title='bbox 1716 1212 1786 1246; x_wconf 84' lang='lat' dir='ltr'>iure</span> 
     </span>
     <span class='ocr_line' id='line_1_73' title="bbox 1034 1262 1787 1308; baseline 0.009 -15"><span class='ocrx_word' id='word_1_364' title='bbox 1034 1262 1106 1304; x_wconf 80' lang='lat' dir='ltr'>quis</span> <span class='ocrx_word' id='word_1_365' title='bbox 1123 1263 1263 1306; x_wconf 80' lang='lat' dir='ltr'>privatus</span> <span class='ocrx_word' id='word_1_366' title='bbox 1279 1264 1325 1297; x_wconf 90' lang='lat' dir='ltr'>vel</span> <span class='ocrx_word' id='word_1_367' title='bbox 1343 1264 1516 1308; x_wconf 84' lang='lat' dir='ltr'>privandus</span> <span class='ocrx_word' id='word_1_368' title='bbox 1535 1264 1585 1306; x_wconf 89' lang='lat' dir='ltr'>sit,</span> <span class='ocrx_word' id='word_1_369' title='bbox 1609 1266 1787 1300; x_wconf 85' lang='lat' dir='ltr'>concedere</span> 
     </span>
     <span class='ocr_line' id='line_1_74' title="bbox 1035 1316 1296 1351; baseline 0.008 -3"><span class='ocrx_word' id='word_1_370' title='bbox 1035 1316 1167 1350; x_wconf 86' lang='lat' dir='ltr'>minime</span> <span class='ocrx_word' id='word_1_371' title='bbox 1184 1318 1296 1351; x_wconf 82' lang='lat' dir='ltr'>valeat.</span> 
     </span>
    </p>
   </div>
   <div class='ocr_carea' id='block_1_10' title="bbox 1815 1009 1984 1036">
    <p class='ocr_par' dir='ltr' id='par_1_13' title="bbox 1815 1009 1984 1036">
     <span class='ocr_line' id='line_1_75' title="bbox 1815 1009 1984 1036; baseline -0.006 -6"><span class='ocrx_word' id='word_1_372' title='bbox 1815 1009 1837 1030; x_wconf 83' lang='lat' dir='ltr'>Et</span> <span class='ocrx_word' id='word_1_373' title='bbox 1851 1010 1984 1036; x_wconf 55' lang='lat' dir='ltr'>homicidam,</span> 
     </span>
    </p>
   </div>
   <div class='ocr_carea' id='block_1_11' title="bbox 1034 1369 1987 1470">
    <p class='ocr_par' dir='ltr' id='par_1_14' title="bbox 1034 1369 1987 1470">
     <span class='ocr_line' id='line_1_76' title="bbox 1077 1369 1986 1419; baseline 0 -16"><span class='ocrx_word' id='word_1_374' title='bbox 1077 1369 1092 1414; x_wconf 64' lang='grc' dir='ltr'><strong>ἓ</strong></span> <span class='ocrx_word' id='word_1_375' title='bbox 1113 1370 1165 1405; x_wconf 81' lang='grc'>15.</span> <span class='ocrx_word' id='word_1_376' title='bbox 1188 1370 1251 1404; x_wconf 87' lang='lat' dir='ltr'>Nec</span> <span class='ocrx_word' id='word_1_377' title='bbox 1267 1370 1373 1405; x_wconf 88' lang='lat' dir='ltr'>minus</span> <span class='ocrx_word' id='word_1_378' title='bbox 1388 1371 1496 1405; x_wconf 89' lang='lat' dir='ltr'>literas</span> <span class='ocrx_word' id='word_1_379' title='bbox 1512 1372 1550 1406; x_wconf 87' lang='lat' dir='ltr'>de</span> <span class='ocrx_word' id='word_1_380' title='bbox 1566 1373 1786 1417; x_wconf 75' lang='lat' dir='ltr'>promovendo</span> <span class='ocrx_word' id='word_1_381' title='bbox 1827 1381 1903 1419; x_wconf 59' lang='lat' dir='ltr'>tima</span> <span class='ocrx_word' id='word_1_382' title='bbox 1935 1388 1986 1409; x_wconf 56' lang='lat' dir='ltr'>pro&lt;</span> 
     </span>
     <span class='ocr_line' id='line_1_77' title="bbox 1034 1415 1987 1470; baseline 0.003 -14"><span class='ocrx_word' id='word_1_383' title='bbox 1034 1423 1073 1456; x_wconf 83' lang='lat' dir='ltr'>ad</span> <span class='ocrx_word' id='word_1_384' title='bbox 1098 1434 1204 1457; x_wconf 87' lang='lat' dir='ltr'>sacros</span> <span class='ocrx_word' id='word_1_385' title='bbox 1233 1424 1379 1465; x_wconf 82' lang='lat' dir='ltr'>ordines,</span> <span class='ocrx_word' id='word_1_386' title='bbox 1410 1436 1447 1458; x_wconf 87' lang='lat' dir='ltr'>ac</span> <span class='ocrx_word' id='word_1_387' title='bbox 1467 1425 1561 1458; x_wconf 85' lang='lat' dir='ltr'>etiam</span> <span class='ocrx_word' id='word_1_388' title='bbox 1588 1426 1626 1459; x_wconf 89' lang='lat' dir='ltr'>ad</span> <span class='ocrx_word' id='word_1_389' title='bbox 1648 1426 1784 1470; x_wconf 85' lang='lat' dir='ltr'>primam</span> <span class='ocrx_word' id='word_1_390' title='bbox 1801 1415 1987 1469; x_wconf 48' lang='lat' dir='ltr'>ffi‘ssssessffijfgdeff‘</span> 
     </span>
    </p>
   </div>
   <div class='ocr_carea' id='block_1_12' title="bbox 1032 1479 1985 2733">
    <p class='ocr_par' dir='ltr' id='par_1_15' title="bbox 1032 1479 1789 2057">
     <span class='ocr_line' id='line_1_78' title="bbox 1034 1479 1786 1522; baseline 0.008 -14"><span class='ocrx_word' id='word_1_391' title='bbox 1034 1482 1199 1510; x_wconf 84' lang='lat' dir='ltr'>tonsuram</span> <span class='ocrx_word' id='word_1_392' title='bbox 1227 1488 1244 1511; x_wconf 87' lang='lat' dir='ltr'>a</span> <span class='ocrx_word' id='word_1_393' title='bbox 1273 1488 1482 1522; x_wconf 88' lang='lat' dir='ltr'>quocumque</span> <span class='ocrx_word' id='word_1_394' title='bbox 1516 1479 1674 1513; x_wconf 86' lang='lat' dir='ltr'>catholico</span> <span class='ocrx_word' id='word_1_395' title='bbox 1704 1480 1786 1513; x_wconf 88' lang='lat' dir='ltr'>anti-</span> 
     </span>
     <span class='ocr_line' id='line_1_79' title="bbox 1034 1529 1788 1577; baseline 0.007 -15"><span class='ocrx_word' id='word_1_396' title='bbox 1034 1529 1117 1569; x_wconf 88' lang='lat' dir='ltr'>stite,</span> <span class='ocrx_word' id='word_1_397' title='bbox 1142 1530 1201 1563; x_wconf 87' lang='lat' dir='ltr'>nisi</span> <span class='ocrx_word' id='word_1_398' title='bbox 1222 1531 1380 1573; x_wconf 70' lang='lat' dir='ltr'>allegetur</span> <span class='ocrx_word' id='word_1_399' title='bbox 1399 1531 1480 1564; x_wconf 85' lang='lat' dir='ltr'>iusta</span> <span class='ocrx_word' id='word_1_400' title='bbox 1509 1542 1621 1574; x_wconf 86' lang='lat' dir='ltr'>causa,</span> <span class='ocrx_word' id='word_1_401' title='bbox 1654 1538 1788 1577; x_wconf 87' lang='lat' dir='ltr'>propter</span> 
     </span>
     <span class='ocr_line' id='line_1_80' title="bbox 1034 1583 1788 1629; baseline 0.007 -13"><span class='ocrx_word' id='word_1_402' title='bbox 1034 1594 1130 1627; x_wconf 89' lang='lat' dir='ltr'>quam</span> <span class='ocrx_word' id='word_1_403' title='bbox 1151 1583 1190 1617; x_wconf 87' lang='lat' dir='ltr'>ab</span> <span class='ocrx_word' id='word_1_404' title='bbox 1212 1584 1383 1618; x_wconf 87' lang='lat' dir='ltr'>ordinariis</span> <span class='ocrx_word' id='word_1_405' title='bbox 1402 1585 1468 1618; x_wconf 85' lang='lat' dir='ltr'>suis</span> <span class='ocrx_word' id='word_1_406' title='bbox 1494 1586 1697 1629; x_wconf 85' lang='lat' dir='ltr'>promoveri,</span> <span class='ocrx_word' id='word_1_407' title='bbox 1728 1598 1788 1621; x_wconf 90' lang='lat' dir='ltr'>nec</span> 
     </span>
     <span class='ocr_line' id='line_1_81' title="bbox 1034 1636 1788 1674; baseline 0.007 -5"><span class='ocrx_word' id='word_1_408' title='bbox 1034 1637 1072 1669; x_wconf 91' lang='lat' dir='ltr'>ab</span> <span class='ocrx_word' id='word_1_409' title='bbox 1104 1636 1148 1670; x_wconf 90' lang='lat' dir='ltr'>eis</span> <span class='ocrx_word' id='word_1_410' title='bbox 1180 1643 1235 1670; x_wconf 88' lang='lat' dir='ltr'>aut</span> <span class='ocrx_word' id='word_1_411' title='bbox 1264 1648 1377 1671; x_wconf 85' lang='lat' dir='ltr'>eorum</span> <span class='ocrx_word' id='word_1_412' title='bbox 1404 1638 1595 1673; x_wconf 82' lang='lat' dir='ltr'>officialibus</span> <span class='ocrx_word' id='word_1_413' title='bbox 1615 1640 1723 1673; x_wconf 86' lang='lat' dir='ltr'>literas</span> <span class='ocrx_word' id='word_1_414' title='bbox 1743 1641 1788 1674; x_wconf 85' lang='lat' dir='ltr'>di-</span> 
     </span>
     <span class='ocr_line' id='line_1_82' title="bbox 1035 1691 1789 1732; baseline 0.007 -9"><span class='ocrx_word' id='word_1_415' title='bbox 1035 1691 1196 1724; x_wconf 87' lang='lat' dir='ltr'>missorias</span> <span class='ocrx_word' id='word_1_416' title='bbox 1211 1691 1356 1725; x_wconf 87' lang='lat' dir='ltr'>obtinere</span> <span class='ocrx_word' id='word_1_417' title='bbox 1371 1692 1483 1732; x_wconf 84' lang='lat' dir='ltr'>valeat,</span> <span class='ocrx_word' id='word_1_418' title='bbox 1506 1698 1536 1726; x_wconf 89' lang='lat' dir='ltr'>et</span> <span class='ocrx_word' id='word_1_419' title='bbox 1556 1699 1633 1727; x_wconf 86' lang='lat' dir='ltr'>tunc</span> <span class='ocrx_word' id='word_1_420' title='bbox 1654 1694 1789 1728; x_wconf 88' lang='lat' dir='ltr'>concedi</span> 
     </span>
     <span class='ocr_line' id='line_1_83' title="bbox 1034 1745 1788 1792; baseline 0.007 -15"><span class='ocrx_word' id='word_1_421' title='bbox 1034 1745 1154 1788; x_wconf 88' lang='lat' dir='ltr'>possint</span> <span class='ocrx_word' id='word_1_422' title='bbox 1174 1756 1191 1778; x_wconf 89' lang='lat' dir='ltr'>a</span> <span class='ocrx_word' id='word_1_423' title='bbox 1207 1756 1414 1790; x_wconf 82' lang='lat' dir='ltr'>quocumque</span> <span class='ocrx_word' id='word_1_424' title='bbox 1431 1746 1595 1780; x_wconf 86' lang='lat' dir='ltr'>ordinario</span> <span class='ocrx_word' id='word_1_425' title='bbox 1611 1748 1658 1781; x_wconf 83' lang='lat' dir='ltr'>vel</span> <span class='ocrx_word' id='word_1_426' title='bbox 1675 1759 1734 1792; x_wconf 88' lang='lat' dir='ltr'>pro</span> <span class='ocrx_word' id='word_1_427' title='bbox 1751 1759 1788 1783; x_wconf 91' lang='lat' dir='ltr'>eo</span> 
     </span>
     <span class='ocr_line' id='line_1_84' title="bbox 1036 1798 1789 1846; baseline 0.008 -16"><span class='ocrx_word' id='word_1_428' title='bbox 1036 1798 1229 1841; x_wconf 79' lang='lat' dir='ltr'>pontificalia</span> <span class='ocrx_word' id='word_1_429' title='bbox 1249 1806 1428 1840; x_wconf 70' lang='lat' dir='ltr'>exercente,</span> <span class='ocrx_word' id='word_1_430' title='bbox 1451 1806 1481 1833; x_wconf 91' lang='lat' dir='ltr'>et</span> <span class='ocrx_word' id='word_1_431' title='bbox 1497 1801 1521 1833; x_wconf 83' lang='lat' dir='ltr'>si</span> <span class='ocrx_word' id='word_1_432' title='bbox 1538 1811 1634 1834; x_wconf 87' lang='lat' dir='ltr'>causa</span> <span class='ocrx_word' id='word_1_433' title='bbox 1655 1803 1789 1846; x_wconf 73' lang='lat' dir='ltr'>allegata</span> 
     </span>
     <span class='ocr_line' id='line_1_85' title="bbox 1035 1852 1786 1900; baseline 0.007 -16"><span class='ocrx_word' id='word_1_434' title='bbox 1035 1852 1109 1885; x_wconf 83' lang='lat' dir='ltr'>salsa</span> <span class='ocrx_word' id='word_1_435' title='bbox 1141 1853 1236 1886; x_wconf 86' lang='lat' dir='ltr'>fuisse</span> <span class='ocrx_word' id='word_1_436' title='bbox 1266 1853 1543 1898; x_wconf 85' lang='lat' dir='ltr'>deprehendatur,</span> <span class='ocrx_word' id='word_1_437' title='bbox 1571 1855 1615 1888; x_wconf 86' lang='lat' dir='ltr'>sic</span> <span class='ocrx_word' id='word_1_438' title='bbox 1647 1857 1786 1900; x_wconf 86' lang='lat' dir='ltr'>promoti</span> 
     </span>
     <span class='ocr_line' id='line_1_86' title="bbox 1033 1905 1787 1952; baseline 0.005 -13"><span class='ocrx_word' id='word_1_439' title='bbox 1033 1905 1072 1938; x_wconf 84' lang='lat' dir='ltr'>ab</span> <span class='ocrx_word' id='word_1_440' title='bbox 1093 1907 1280 1940; x_wconf 86' lang='lat' dir='ltr'>executione</span> <span class='ocrx_word' id='word_1_441' title='bbox 1301 1907 1452 1941; x_wconf 86' lang='lat' dir='ltr'>ordinum</span> <span class='ocrx_word' id='word_1_442' title='bbox 1474 1919 1531 1952; x_wconf 88' lang='lat' dir='ltr'>per</span> <span class='ocrx_word' id='word_1_443' title='bbox 1559 1920 1633 1942; x_wconf 89' lang='lat' dir='ltr'>suos</span> <span class='ocrx_word' id='word_1_444' title='bbox 1661 1909 1787 1943; x_wconf 86' lang='lat' dir='ltr'>ordina-</span> 
     </span>
     <span class='ocr_line' id='line_1_87' title="bbox 1034 1959 1786 2007; baseline 0.007 -16"><span class='ocrx_word' id='word_1_445' title='bbox 1034 1959 1098 1993; x_wconf 91' lang='lat' dir='ltr'>rios</span> <span class='ocrx_word' id='word_1_446' title='bbox 1115 1961 1278 2004; x_wconf 85' lang='lat' dir='ltr'>suspendi,</span> <span class='ocrx_word' id='word_1_447' title='bbox 1301 1961 1347 1994; x_wconf 89' lang='lat' dir='ltr'>vel</span> <span class='ocrx_word' id='word_1_448' title='bbox 1366 1961 1418 1994; x_wconf 89' lang='lat' dir='ltr'>illa</span> <span class='ocrx_word' id='word_1_449' title='bbox 1439 1967 1535 1994; x_wconf 84' lang='lat' dir='ltr'>etiam</span> <span class='ocrx_word' id='word_1_450' title='bbox 1548 1968 1704 2007; x_wconf 87' lang='lat' dir='ltr'>perpetuo</span> <span class='ocrx_word' id='word_1_451' title='bbox 1722 1964 1786 2007; x_wconf 90' lang='lat' dir='ltr'>pri-</span> 
     </span>
     <span class='ocr_line' id='line_1_88' title="bbox 1032 2013 1251 2057; baseline 0.014 -13"><span class='ocrx_word' id='word_1_452' title='bbox 1032 2013 1097 2045; x_wconf 82' lang='lat' dir='ltr'>vari</span> <span class='ocrx_word' id='word_1_453' title='bbox 1118 2013 1251 2057; x_wconf 88' lang='lat' dir='ltr'>possint.</span> 
     </span>
    </p>

    <p class='ocr_par' dir='ltr' id='par_1_16' title="bbox 1033 2067 1985 2218">
     <span class='ocr_line' id='line_1_89' title="bbox 1077 2067 1985 2113; baseline 0.006 -14"><span class='ocrx_word' id='word_1_454' title='bbox 1077 2067 1091 2110; x_wconf 63' lang='lat' dir='ltr'>g</span> <span class='ocrx_word' id='word_1_455' title='bbox 1124 2067 1176 2100; x_wconf 55' lang='lat'>116.</span> <span class='ocrx_word' id='word_1_456' title='bbox 1214 2067 1367 2101; x_wconf 87' lang='lat' dir='ltr'>Similiter</span> <span class='ocrx_word' id='word_1_457' title='bbox 1400 2068 1484 2101; x_wconf 91' lang='lat' dir='ltr'>idem</span> <span class='ocrx_word' id='word_1_458' title='bbox 1519 2069 1785 2113; x_wconf 90' lang='lat' dir='ltr'>poenitentiarius</span> <span class='ocrx_word' id='word_1_459' title='bbox 1826 2082 1985 2104; x_wconf 59' lang='lat' dir='ltr'>assummum</span> 
     </span>
     <span class='ocr_line' id='line_1_90' title="bbox 1033 2113 1930 2164; baseline 0.006 -11"><span class='ocrx_word' id='word_1_460' title='bbox 1033 2130 1097 2153; x_wconf 89' lang='lat' dir='ltr'>non</span> <span class='ocrx_word' id='word_1_461' title='bbox 1117 2122 1272 2154; x_wconf 86' lang='lat' dir='ltr'>concedat</span> <span class='ocrx_word' id='word_1_462' title='bbox 1297 2122 1515 2155; x_wconf 88' lang='lat' dir='ltr'>absolutiones</span> <span class='ocrx_word' id='word_1_463' title='bbox 1538 2133 1555 2155; x_wconf 89' lang='lat' dir='ltr'>a</span> <span class='ocrx_word' id='word_1_464' title='bbox 1581 2123 1781 2164; x_wconf 88' lang='lat' dir='ltr'>iuramento,</span> <span class='ocrx_word' id='word_1_465' title='bbox 1799 2113 1930 2135; x_wconf 44' lang='lat'>¹³¹⁵⁸¹¹²¹¹²³⁸</span> 
     </span>
     <span class='ocr_line' id='line_1_91' title="bbox 1033 2173 1652 2218; baseline 0.005 -12"><span class='ocrx_word' id='word_1_466' title='bbox 1033 2173 1092 2207; x_wconf 90' lang='lat' dir='ltr'>nisi</span> <span class='ocrx_word' id='word_1_467' title='bbox 1117 2174 1156 2207; x_wconf 89' lang='lat' dir='ltr'>ad</span> <span class='ocrx_word' id='word_1_468' title='bbox 1172 2175 1320 2208; x_wconf 81' lang='lat' dir='ltr'>effectum</span> <span class='ocrx_word' id='word_1_469' title='bbox 1343 2175 1457 2218; x_wconf 76' lang='lat' dir='ltr'>agendi</span> <span class='ocrx_word' id='word_1_470' title='bbox 1479 2175 1652 2209; x_wconf 86' lang='lat' dir='ltr'>dumtaxat.</span> 
     </span>
    </p>

    <p class='ocr_par' dir='ltr' id='par_1_17' title="bbox 1032 2227 1982 2423">
     <span class='ocr_line' id='line_1_92' title="bbox 1076 2227 1982 2273; baseline 0.002 -12"><span class='ocrx_word' id='word_1_471' title='bbox 1076 2227 1090 2271; x_wconf 64' lang='grc' dir='ltr'>ἓ</span> <span class='ocrx_word' id='word_1_472' title='bbox 1112 2228 1163 2261; x_wconf 79' lang='grc'>17.</span> <span class='ocrx_word' id='word_1_473' title='bbox 1186 2229 1248 2262; x_wconf 81' lang='lat' dir='ltr'>Nec</span> <span class='ocrx_word' id='word_1_474' title='bbox 1265 2229 1519 2273; x_wconf 87' lang='lat' dir='ltr'>dispensationes</span> <span class='ocrx_word' id='word_1_475' title='bbox 1532 2230 1784 2270; x_wconf 79' lang='lat' dir='ltr'>matrimoniales</span> <span class='ocrx_word' id='word_1_476' title='bbox 1811 2246 1982 2273; x_wconf 40' lang='lat' dir='ltr'>namneum-</span> 
     </span>
     <span class='ocr_line' id='line_1_93' title="bbox 1033 2280 1979 2328; baseline 0.005 -15"><span class='ocrx_word' id='word_1_477' title='bbox 1033 2280 1064 2313; x_wconf 89' lang='lat' dir='ltr'>in</span> <span class='ocrx_word' id='word_1_478' title='bbox 1085 2281 1187 2315; x_wconf 85' lang='lat' dir='ltr'>forma</span> <span class='ocrx_word' id='word_1_479' title='bbox 1216 2283 1366 2325; x_wconf 78' lang='lat' dir='ltr'>gratiosa,</span> <span class='ocrx_word' id='word_1_480' title='bbox 1403 2283 1457 2316; x_wconf 90' lang='lat' dir='ltr'>sed</span> <span class='ocrx_word' id='word_1_481' title='bbox 1487 2294 1614 2328; x_wconf 87' lang='lat' dir='ltr'>semper</span> <span class='ocrx_word' id='word_1_482' title='bbox 1635 2284 1783 2317; x_wconf 90' lang='lat' dir='ltr'>commit-</span> <span class='ocrx_word' id='word_1_483' title='bbox 1800 2283 1836 2303; x_wconf 64' lang='lat'>”¹¹⁵</span> <span class='ocrx_word' id='word_1_484' title='bbox 1852 2284 1979 2311; x_wconf 59' lang='lat'>¹¹¹*⁴¹¹‘³¹¹¹⁰¹¹·1</span> 
     </span>
     <span class='ocr_line' id='line_1_94' title="bbox 1033 2336 1782 2380; baseline 0.005 -12"><span class='ocrx_word' id='word_1_485' title='bbox 1033 2340 1140 2368; x_wconf 89' lang='lat' dir='ltr'>tantur</span> <span class='ocrx_word' id='word_1_486' title='bbox 1164 2336 1350 2376; x_wconf 82' lang='lat' dir='ltr'>ordinariis,</span> <span class='ocrx_word' id='word_1_487' title='bbox 1387 2342 1484 2380; x_wconf 91' lang='lat' dir='ltr'>prout</span> <span class='ocrx_word' id='word_1_488' title='bbox 1508 2337 1585 2370; x_wconf 86' lang='lat' dir='ltr'>alias</span> <span class='ocrx_word' id='word_1_489' title='bbox 1614 2337 1683 2371; x_wconf 85' lang='lat' dir='ltr'>sieri</span> <span class='ocrx_word' id='word_1_490' title='bbox 1706 2349 1782 2372; x_wconf 91' lang='lat' dir='ltr'>con-</span> 
     </span>
     <span class='ocr_line' id='line_1_95' title="bbox 1032 2389 1143 2423; baseline 0.018 -2"><span class='ocrx_word' id='word_1_491' title='bbox 1032 2389 1143 2423; x_wconf 77' lang='lat' dir='ltr'>suevit.</span> 
     </span>
    </p>

    <p class='ocr_par' dir='ltr' id='par_1_18' title="bbox 1032 2441 1983 2685">
     <span class='ocr_line' id='line_1_96' title="bbox 1075 2441 1983 2489; baseline 0.004 -13"><span class='ocrx_word' id='word_1_492' title='bbox 1075 2444 1089 2487; x_wconf 64' lang='lat' dir='ltr'>g</span> <span class='ocrx_word' id='word_1_493' title='bbox 1110 2443 1162 2478; x_wconf 32' lang='lat'>(18.</span> <span class='ocrx_word' id='word_1_494' title='bbox 1190 2441 1299 2488; x_wconf 86' lang='lat' dir='ltr'>Neque</span> <span class='ocrx_word' id='word_1_495' title='bbox 1329 2445 1483 2478; x_wconf 85' lang='lat' dir='ltr'>concedat</span> <span class='ocrx_word' id='word_1_496' title='bbox 1509 2445 1664 2489; x_wconf 80' lang='lat' dir='ltr'>religiosis</span> <span class='ocrx_word' id='word_1_497' title='bbox 1686 2447 1783 2481; x_wconf 86' lang='lat' dir='ltr'>licen·</span> <span class='ocrx_word' id='word_1_498' title='bbox 1826 2459 1924 2482; x_wconf 60' lang='lat' dir='ltr'>taenias</span> <span class='ocrx_word' id='word_1_499' title='bbox 1944 2462 1983 2481; x_wconf 60' lang='lat' dir='ltr'>ao-</span> 
     </span>
     <span class='ocr_line' id='line_1_97' title="bbox 1033 2492 1900 2537; baseline 0.005 -11"><span class='ocrx_word' id='word_1_500' title='bbox 1033 2492 1106 2526; x_wconf 89' lang='lat' dir='ltr'>tiam</span> <span class='ocrx_word' id='word_1_501' title='bbox 1128 2494 1322 2537; x_wconf 81' lang='lat' dir='ltr'>suscipiendi</span> <span class='ocrx_word' id='word_1_502' title='bbox 1350 2494 1485 2537; x_wconf 72' lang='lat' dir='ltr'>gradum</span> <span class='ocrx_word' id='word_1_503' title='bbox 1521 2494 1706 2529; x_wconf 86' lang='lat' dir='ltr'>doctoratus</span> <span class='ocrx_word' id='word_1_504' title='bbox 1734 2494 1900 2530; x_wconf 62' lang='lat' dir='ltr'>vel⁰¹⁰¹²¹¹¹div</span> 
     </span>
     <span class='ocr_line' id='line_1_98' title="bbox 1032 2542 1783 2587; baseline 0.005 -13"><span class='ocrx_word' id='word_1_505' title='bbox 1032 2542 1204 2585; x_wconf 78' lang='lat' dir='ltr'>magisterii</span> <span class='ocrx_word' id='word_1_506' title='bbox 1226 2549 1337 2576; x_wconf 86' lang='lat' dir='ltr'>contra</span> <span class='ocrx_word' id='word_1_507' title='bbox 1360 2549 1474 2577; x_wconf 82' lang='lat' dir='ltr'>statuta</span> <span class='ocrx_word' id='word_1_508' title='bbox 1501 2543 1639 2587; x_wconf 86' lang='lat' dir='ltr'>Ordinis,</span> <span class='ocrx_word' id='word_1_509' title='bbox 1666 2545 1726 2578; x_wconf 91' lang='lat' dir='ltr'>nisi</span> <span class='ocrx_word' id='word_1_510' title='bbox 1747 2557 1783 2579; x_wconf 82' lang='lat' dir='ltr'>ex</span> 
     </span>
     <span class='ocr_line' id='line_1_99' title="bbox 1032 2590 1782 2636; baseline 0.005 -13"><span class='ocrx_word' id='word_1_511' title='bbox 1032 2590 1137 2634; x_wconf 85' lang='lat' dir='ltr'>aliqua</span> <span class='ocrx_word' id='word_1_512' title='bbox 1159 2592 1317 2636; x_wconf 85' lang='lat' dir='ltr'>probabili</span> <span class='ocrx_word' id='word_1_513' title='bbox 1338 2604 1433 2626; x_wconf 88' lang='lat' dir='ltr'>causa</span> <span class='ocrx_word' id='word_1_514' title='bbox 1454 2599 1483 2626; x_wconf 82' lang='lat' dir='ltr'>et</span> <span class='ocrx_word' id='word_1_515' title='bbox 1504 2593 1565 2626; x_wconf 81' lang='lat' dir='ltr'>nisi</span> <span class='ocrx_word' id='word_1_516' title='bbox 1590 2594 1628 2627; x_wconf 89' lang='lat' dir='ltr'>de</span> <span class='ocrx_word' id='word_1_517' title='bbox 1654 2593 1782 2627; x_wconf 87' lang='lat' dir='ltr'>licentia</span> 
     </span>
     <span class='ocr_line' id='line_1_100' title="bbox 1032 2651 1409 2685; baseline 0.005 -12"><span class='ocrx_word' id='word_1_518' title='bbox 1032 2651 1166 2674; x_wconf 89' lang='lat' dir='ltr'>suorum</span> <span class='ocrx_word' id='word_1_519' title='bbox 1191 2652 1409 2685; x_wconf 86' lang='lat' dir='ltr'>superiorum.</span> 
     </span>
    </p>

    <p class='ocr_par' dir='ltr' id='par_1_19' title="bbox 1074 2690 1781 2733">
     <span class='ocr_line' id='line_1_101' title="bbox 1074 2690 1781 2733; baseline 0.001 -9"><span class='ocrx_word' id='word_1_520' title='bbox 1074 2690 1158 2733; x_wconf 71' lang='lat' dir='ltr'>§ia</span> <span class='ocrx_word' id='word_1_521' title='bbox 1187 2691 1249 2725; x_wconf 86' lang='lat' dir='ltr'>Nec</span> <span class='ocrx_word' id='word_1_522' title='bbox 1273 2691 1490 2725; x_wconf 89' lang='lat' dir='ltr'>absolutiones</span> <span class='ocrx_word' id='word_1_523' title='bbox 1510 2702 1528 2724; x_wconf 88' lang='lat' dir='ltr'>a</span> <span class='ocrx_word' id='word_1_524' title='bbox 1548 2691 1705 2725; x_wconf 86' lang='lat' dir='ltr'>fructibus</span> <span class='ocrx_word' id='word_1_525' title='bbox 1732 2691 1781 2725; x_wconf 91' lang='lat' dir='ltr'>in-</span> 
     </span>
    </p>
   </div>
  </div>
 </body>
</html>
