2237 3100
196 228 247 258 flu.
262 225 294 258 C.
310 225 380 259 ¹8⁷0

253 990 337 1011 sancito
354 989 379 1010 do

197 1029 238 1051 qua
253 1023 273 1044 ln
289 1021 378 1043 rubrica.

437 219 506 259 846

393 296 430 320 eo
453 292 560 319 tamen
577 285 626 318 vel
646 284 723 318 huic
743 285 790 318 vel
811 284 856 317 illi
877 286 1052 318 sententiae
1086 286 1142 319 ad-

392 339 468 373 dicti
502 343 586 378 sunt,
613 343 803 382 tantumque
830 337 937 372 sensui
968 344 998 372 et
1022 339 1143 373 iudicio

393 403 453 427 suo
473 393 620 426 tribuunt
643 397 690 431 ut,
712 391 809 424 huius
834 391 968 425 Sanctae
998 392 1090 427 Sedis
1113 399 1143 426 et

393 446 494 491 ipsius
526 444 654 479 concilii
685 444 875 478 auctoritate
894 446 1052 488 neglecta,
1078 457 1143 479 non

393 500 498 532 solum
523 498 555 530 in
588 497 719 541 privatis
752 498 956 532 sermonibus
970 526 977 540 ,
1017 499 1072 532 sed
1111 500 1143 533 in

392 551 532 596 publicis
550 551 645 584 ctiam
667 550 938 595 disputationibus
958 558 989 586 et
1013 554 1142 587 concio-

394 605 500 645 nibus,
522 615 634 638 omnes
648 604 728 638 alios
752 605 783 638 in
800 616 890 638 suam
909 606 1053 650 ipsorum
1070 618 1143 640 sen-

392 658 524 692 tentiam
544 658 705 692 adducere
729 663 826 702 atque
846 660 1006 694 attrahere
1027 671 1145 694 conen-

393 717 461 753 tur,
487 722 563 756 prae
590 712 691 746 nimio
708 713 847 746 tuendae
866 714 1042 747 sententiae
1067 725 1144 748 suae

391 764 508 806 studio,
519 776 559 799 ne
574 765 686 810 iurgiis
696 766 825 810 quidem
841 773 872 800 et
882 767 1058 801 maledictis
1071 768 1143 802 abs-

393 818 548 861 tinentes,
582 830 647 853 non
680 820 748 854 sine
784 821 871 864 gravi
908 822 1053 856 omnium
1089 822 1144 867 qui

392 872 497 906 adsint
520 873 709 907 offensione.

438 926 453 970 g
472 926 503 960 02.
526 926 605 961 Cum
625 927 724 971 igitur
743 927 820 962 huic
839 928 886 962 rei
906 929 1086 973 providere,
1114 935 1145 963 et

394 990 477 1023 quae
500 991 537 1014 ex
568 980 630 1014 hac
663 991 777 1015 eorum
803 982 982 1026 pervicacia
1008 983 1086 1016 oriri
1111 983 1144 1016 in

394 1033 536 1067 Ecclesia
566 1033 622 1068 Dei
655 1035 759 1068 solent
792 1036 943 1069 scandala
964 1047 1141 1078 removere,

394 1097 453 1131 pro
482 1087 654 1122 commisso
686 1088 778 1122 nobis
811 1089 929 1129 officio,
960 1090 1141 1135 cupiamus,

394 1140 496 1185 ipsius
515 1141 591 1175 Sixti
610 1142 716 1186 quarti
741 1143 986 1177 constitutiones
1016 1145 1055 1178 de
1083 1145 1144 1178 hac

394 1205 441 1236 re,
472 1195 555 1229 sicut
573 1206 591 1229 a
624 1196 762 1230 concilio
796 1208 927 1241 quoque
956 1198 1143 1232 Tridentino

394 1254 563 1282 renovatae
603 1250 755 1290 fuerunt,
795 1250 929 1294 perinde
955 1262 992 1285 ac
1020 1252 1045 1285 si
1067 1252 1143 1285 huic

393 1302 614 1336 constitutioni
634 1308 762 1337 nostrae
781 1303 821 1337 ad
846 1304 980 1337 verbum
1006 1304 1143 1340 insertae

393 1360 514 1396 essent,
533 1356 727 1390 confirmare
746 1362 777 1390 et
796 1357 959 1397 innovare,
984 1358 1145 1392 interdici-

393 1420 466 1443 mus
485 1415 516 1443 et
534 1410 744 1454 prohibemus
764 1421 803 1444 ne
828 1411 899 1455 quis
926 1412 1071 1455 posthac,
1096 1413 1144 1446 vel

392 1462 425 1495 in
439 1463 651 1497 concionibus
666 1464 704 1497 ad
723 1465 881 1508 populum
896 1465 944 1498 vel
958 1465 990 1497 in
1006 1465 1144 1509 publicis

391 1521 446 1550 aut
461 1517 591 1560 privatis
606 1517 876 1561 disputationibus
890 1518 939 1551 vel
958 1519 1069 1563 quovis
1082 1520 1143 1553 alio

391 1569 488 1603 modo
520 1571 742 1615 quaestionem
764 1572 847 1605 hanc
868 1573 1047 1613 tractando,
1072 1584 1142 1606 ver-

390 1623 469 1657 bum
500 1624 603 1657 ullum
637 1625 788 1659 adversus
821 1637 873 1659 cas
899 1626 1144 1660 constitutiones

391 1678 509 1718 facere,
531 1688 592 1712 nec
611 1679 763 1720 rationes,
786 1686 977 1723 argumenta
1005 1681 1145 1714 auctori-

391 1735 508 1765 tatesve
534 1742 643 1765 sacrae
667 1732 854 1776 Scripturae
883 1739 938 1766 aut
957 1739 1143 1767 sanctorum

389 1784 519 1819 Patrum
542 1796 578 1819 ex
598 1791 735 1829 utraque
756 1787 803 1819 vel
823 1788 924 1820 altera
950 1793 1040 1831 parte
1065 1798 1142 1821 con-

390 1838 542 1872 firmandi
557 1839 762 1873 refellendive
778 1851 874 1873 causa
890 1842 1047 1884 proferre,
1065 1852 1143 1875 neve

388 1891 530 1935 aliquem
551 1892 591 1926 de
602 1892 703 1936 ipsius
718 1893 920 1927 beatissimae
936 1894 1052 1928 Mariae
1068 1906 1144 1928 con-

389 1945 539 1989 ceptione
558 1957 578 1979 a
597 1957 629 1979 se
650 1945 890 1980 dissentientem
906 1948 1012 1991 palam
1029 1949 1075 1982 vel
1089 1959 1142 1982 oc-

390 1999 475 2033 culte
502 1999 751 2044 reprehendere,
773 2000 907 2034 irridere
941 2007 997 2034 aut
1015 2002 1143 2035 laedere.

390 2053 519 2093 audeat,
536 2053 592 2086 sed
607 2053 655 2086 vel
675 2054 735 2087 hac
755 2053 794 2087 de
814 2065 849 2087 re
869 2055 1001 2087 omnino
1037 2055 1138 2097 sileat,

392 2106 423 2139 id
444 2106 531 2150 quod
550 2117 626 2140 sane
647 2107 766 2140 rectius
785 2112 815 2140 et
834 2108 934 2141 tutius
960 2108 1066 2149 fuerit,
1088 2115 1144 2143 aut

391 2166 479 2193 certe
495 2160 581 2204 quod
602 2160 661 2193 sibi
681 2160 881 2204 probabilius
909 2162 1081 2203 videbitur,
1106 2174 1142 2196 ea

391 2224 455 2258 qua
475 2214 566 2248 decet
589 2214 758 2255 modestia,
780 2220 929 2259 exponat,
948 2217 1142 2249 contrariam

391 2278 457 2301 non
490 2267 703 2312 improbando
737 2269 943 2310 sententiam,
985 2275 1015 2303 et
1039 2270 1143 2313 dignis

990 232 1167 258 BULLARIUM
1190 233 1342 259 ROMANUM

1184 286 1364 319 tutionibus
1384 291 1550 319 contentas
1563 313 1570 327 ,
1605 287 1794 321 mandamus
1826 298 1864 322 ac
1883 287 1933 321 di-

1185 339 1294 372 stricte
1309 339 1518 384 praecipimus
1537 339 1688 373 omnibus
1711 341 1859 374 locorum
1880 352 1933 375 or-

1185 392 1328 433 dinariis,
1342 393 1400 426 sub
1421 403 1525 437 poena
1544 393 1764 437 suspensionis
1778 405 1796 428 a
1809 394 1933 435 divinis,

1185 447 1217 479 in
1248 458 1345 491 quam
1376 446 1444 480 sine
1479 446 1541 479 alia
1565 446 1784 481 declaratione
1828 448 1932 482 statim

1186 500 1340 541 incidant,
1367 505 1403 533 ut
1437 510 1512 533 cum
1545 499 1627 533 haec
1662 500 1823 541 sciverint,
1845 511 1932 542 eum,

1185 553 1304 597 quisvis
1324 552 1431 593 fuerit,
1453 552 1485 585 in
1506 563 1670 586 carcerem
1696 553 1935 588 coniiciendum

1185 612 1216 640 et
1246 606 1494 640 custodiendum
1514 612 1651 648 curent,
1679 607 1795 640 deinde
1819 607 1934 642 Sedem

1184 661 1401 705 Apostolicarn
1421 661 1461 693 de
1477 660 1546 694 eius
1565 661 1663 705 culpa
1682 661 1800 694 faciant
1819 661 1936 696 certio-

1185 725 1254 748 rem
1273 741 1280 755 ,
1316 725 1508 758 responsum
1533 714 1573 747 ab
1598 725 1654 755 ea,
1677 715 1771 748 etiam
1804 714 1843 749 de
1875 715 1938 750 alia

1186 779 1291 812 poena
1309 779 1407 812 quam
1440 768 1466 801 is
1494 767 1685 801 afficiendus
1704 768 1812 810 fuerit,
1840 779 1936 814 expe-

1186 827 1320 855 etantes.

1229 876 1243 919 ἓ
1263 875 1295 908 4.
1318 875 1388 908 Non
1417 875 1620 908 obstantibus
1653 875 1939 911 constitutionibus

1186 935 1216 962 et
1244 928 1503 962 ordinationibus
1537 928 1721 973 apostolicis
1758 929 1939 974 ceterisque

1186 984 1217 1016 in
1239 983 1438 1016 contrarium
1455 983 1646 1016 facientibus
1662 983 1937 1028 quibuscumque,

1185 1036 1280 1070 etiam
1292 1036 1317 1070 si
1329 1037 1491 1080 aliquibus
1502 1036 1541 1069 ab
1553 1036 1736 1080 Apostolica
1745 1037 1785 1070 sit
1797 1037 1878 1071 Sede
1888 1037 1938 1072 in-

1185 1090 1312 1123 dultum
1332 1090 1420 1134 quod
1453 1089 1616 1131 interdici,
1642 1090 1797 1134 suspendi
1816 1091 1865 1124 vel
1884 1101 1938 1125 ex-

1186 1143 1422 1177 communicari
1436 1154 1501 1177 non
1517 1143 1641 1187 possint
1655 1153 1712 1187 per
1730 1143 1853 1178 litteras
1863 1155 1940 1189 apo-

1185 1197 1315 1231 stolicas
1334 1208 1399 1230 non
1420 1196 1573 1230 facientes
1604 1197 1733 1240 plenam
1758 1202 1789 1230 et
1808 1208 1939 1242 expres-

1185 1262 1252 1284 sam
1273 1261 1309 1284 ac
1330 1251 1368 1284 de
1388 1250 1485 1284 verbo
1519 1250 1559 1283 ad
1592 1250 1726 1284 verbum
1750 1251 1790 1284 de
1814 1249 1940 1286 indulto

1186 1304 1374 1337 huiusmodi
1409 1304 1621 1344 mentionem,
1657 1309 1687 1337 et
1715 1304 1860 1348 qualibet
1878 1304 1940 1338 alia

1185 1358 1290 1391 dictae
1311 1357 1401 1391 Sedis
1421 1357 1634 1400 indulgentia,
1652 1357 1794 1400 generali
1806 1359 1854 1391 vel
1866 1369 1940 1402 spe-

1186 1412 1271 1453 ciali,
1293 1411 1529 1455 cuiuscumque
1563 1411 1685 1445 tenoris
1718 1411 1850 1453 existat,
1881 1423 1941 1457 per

1185 1477 1295 1510 quam,
1318 1465 1542 1510 praesentibus
1575 1476 1642 1498 non
1675 1476 1859 1508 expressam
1891 1467 1940 1500 vel

1185 1520 1325 1554 totaliter
1358 1530 1425 1553 non
1458 1519 1624 1560 insertam,
1660 1519 1795 1553 effectus
1827 1530 1939 1553 earum

1185 1574 1337 1618 impediri
1374 1574 1477 1607 valeat
1514 1573 1759 1617 quomodolibet
1795 1574 1844 1606 vel
1879 1573 1940 1607 dif-

1185 1627 1272 1668 ferri,
1293 1633 1324 1661 et
1343 1627 1382 1661 de
1402 1638 1466 1672 qua
1485 1626 1645 1670 cuiusque
1665 1631 1732 1660 toto
1753 1631 1864 1660 tenore
1884 1627 1940 1661 ha-

1185 1681 1291 1715 benda
1315 1681 1354 1715 sit
1373 1681 1407 1714 in
1427 1681 1545 1715 nostris
1577 1680 1693 1714 litteris
1712 1680 1834 1714 mentio
1863 1691 1937 1724 spe-

1186 1735 1289 1769 cialis.

1229 1789 1243 1832 g
1263 1788 1294 1822 5.
1325 1789 1481 1822 Volumus
1500 1792 1607 1821 autem
1641 1787 1729 1831 quod
1753 1792 1938 1832 praesentes

1184 1842 1308 1875 litterae
1326 1842 1358 1875 in
1375 1842 1471 1875 valvis
1487 1841 1696 1875 basilicarum
1716 1840 1825 1875 Sanc-ti
1843 1841 1937 1875 Ioan-

1183 1896 1234 1929 nis
1266 1895 1489 1930 Latcranensis
1522 1901 1552 1929 et
1590 1894 1749 1938 Principis
1775 1895 1937 1939 apostolo-

1184 1961 1257 1983 rum
1278 1950 1316 1983 de
1337 1950 1421 1983 Urbe
1442 1949 1660 1993 publicentur.

1229 2004 1244 2047 ἓ
1268 2003 1299 2037 6.
1340 2003 1377 2037 Et
1413 2003 1489 2047 quia
1523 2003 1654 2036 difficile
1692 2003 1775 2036 foret
1807 2002 1937 2036 easdem

1184 2062 1370 2100 praesentes
1390 2057 1428 2090 ad
1450 2056 1577 2100 singula
1598 2066 1747 2100 quaeque
1777 2057 1848 2090 loca
1880 2056 1936 2090 de-

1184 2111 1260 2144 ferri
1281 2116 1338 2144 etc.

1229 2165 1243 2208 ξ
1264 2164 1294 2197 7.
1317 2163 1403 2198 Nulli
1423 2174 1499 2207 ergo
1529 2162 1662 2197 omnino
1695 2162 1868 2197 hominum
1896 2161 1936 2195 li-

1163 2250 1165 2262 ,
1186 2223 1256 2251 ceat
1276 2223 1333 2251 etc.

1228 2272 1342 2305 Datum
1363 2272 1482 2305 Romae
1501 2271 1588 2315 apud
1613 2271 1766 2305 Sanctum
1785 2270 1934 2310 Petrum,

392 2320 494 2365 ipsam
536 2322 768 2355 sanctissimam
796 2322 957 2367 Virginem
996 2324 1144 2357 laudibus
1185 2337 1270 2359 anno
1298 2325 1530 2359 Incarnationis
1556 2324 1737 2358 dominicae
1766 2323 1936 2357 millesimo

394 2376 631 2419 prosequendo,
651 2387 849 2420 quamquam
874 2376 943 2410 eius
969 2377 1089 2410 meritis
1114 2383 1143 2410 et
1163 2397 1166 2432 1
1185 2379 1442 2424 quingentesimo
1455 2378 1703 2423 septuagesimo,
1717 2377 1852 2421 septimo
1863 2376 1938 2410 idus

393 2423 544 2457 laudibus
563 2426 652 2458 nulla
673 2436 730 2469 par
749 2425 859 2458 haberi
886 2430 989 2469 potest
1004 2426 1118 2458 oratio.

439 2471 454 2514 ἓ
485 2471 517 2506 3.
548 2473 698 2516 Quisquis
729 2479 838 2507 autern
871 2474 1023 2507 adversus
1060 2474 1143 2507 lianc

211 2535 381 2556 roenaecomu
395 2526 538 2553 nostram
571 2528 601 2555 et
632 2522 732 2566 ipsius
756 2522 1013 2567 praedecessoris
1043 2523 1143 2555 nostri

186 2566 354 2593 Βιοῦοῠῐθιιοιι.

395 2580 433 2603 ac
453 2571 608 2614 praedicti
628 2572 710 2604 sacri
740 2572 869 2605 concilii
898 2571 1144 2605 constitutiones

396 2619 520 2662 fecerit,
541 2620 625 2657 ultra
646 2631 765 2668 poenas
785 2621 817 2655 in
837 2620 1008 2667 praedictis
1027 2620 1145 2654 consti-

1185 2433 1325 2477 augusti,
1348 2432 1553 2477 pontificatus
1578 2431 1679 2465 nostri
1707 2441 1790 2464 anno
1815 2439 1845 2463 v.

1225 2492 1286 2522 Dat.
1306 2492 1352 2522 die
1370 2492 1384 2521 7
1404 2491 1524 2530 augusti
1541 2490 1628 2528 1570,
1645 2489 1750 2530 pontif.
1769 2498 1846 2519 anno
1860 2496 1888 2519 v.

1948 233 1999 262 An.
2015 232 2046 262 C.
2064 231 2134 261 ¹3⁷0

2017 897 2134 923 Derogatio

1953 929 2113 950 contrariorum.

1987 1797 2134 1817 Praeseniium

1951 1828 2070 1849 tincturum
2095 1834 2135 1855 pn-

1952 1860 2046 1881 tinentia.

1983 2011 2135 2040 'transumpto-

1951 2049 1996 2064 rum
2012 2043 2072 2064 fides.

1976 2166 2095 2188 Clausala«.

2230 2703 2237 2755 t

2232 2756 2237 2846 Ξ

2231 2847 2237 2956 Ξ
