2237 3100
67 255 116 282 An.
134 254 164 281 C.
181 253 248 283 ¹569

83 1640 163 1662 Causae
179 1641 240 1662 linias

57 1671 222 1692 reformationis.

949 253 1017 277 PIUS
1036 253 1055 277 V
1073 253 1122 276 PP.

1705 242 1767 275 747

261 304 487 348 ctionibnsque
512 310 576 338 tam
607 305 782 348 diligenter
815 305 936 338 muniri
956 316 1015 350 po-
1058 305 1172 350 primis
1212 305 1335 345 conari,
1371 309 1406 337 ut
1439 304 1526 348 quod
1559 303 1678 347 cuique
1706 305 1813 338 officio

261 363 333 398 test,
351 357 430 401 quin
446 358 477 390 id
494 359 619 392 lubrica
635 363 664 392 et
676 360 1016 403 lirraecepsmalorum-
1058 358 1208 401 congruit
1228 359 1266 392 ad
1282 358 1362 391 illud
1379 358 1464 390 idem
1482 363 1662 398 revocetur,
1681 357 1813 390 demum

260 422 324 455 que
362 411 509 444 omnium
548 412 692 445 effectrix
731 412 890 455 cupiditas
926 413 1016 446 novis
1057 413 1221 456 sapienter
1252 412 1420 456 providere
1454 417 1485 444 et
1515 410 1722 454 providenter
1749 416 1813 444 sta—

260 465 404 508 quotidie
417 465 539 498 artibus
556 471 740 509 pervertere
757 471 852 509 atque
869 477 1016 498 corrum-

259 529 336 562 pere
358 518 520 551 moliatur.
543 518 702 557 Quocirca
721 529 833 551 omnes
854 519 893 551 ad
918 519 1015 552 huius

261 572 443 614 praecelsae
459 572 620 614 dignitatis
640 572 801 615 fastigium
823 573 922 605 erecti
943 583 1015 616 per-

261 630 357 667 petua
385 625 524 667 quadam
545 625 734 658 necessitate
755 630 917 667 coguntur
936 636 1013 658 nus-

260 688 357 720 quam
378 677 490 710 oculos
508 688 525 710 a
541 677 713 710 commisso
734 677 794 710 sibi
811 688 907 720 grege
923 689 1013 711 arer-

260 735 339 770 tere,
362 730 416 763 sed
438 730 642 763 continenter
660 730 771 773 vigiles
791 730 1012 770 circumferre,

260 789 295 816 ut
305 783 580 827 quandocumque
596 794 674 816 usus
687 784 800 827 poscit,
814 784 903 817 novis
917 785 1013 818 modo

259 837 385 879 legibus
411 836 563 877 serendis,
601 836 698 869 modo
723 836 884 869 veteribus
909 838 1012 869 corri-

257 890 370 933 gendis
389 890 438 922 vel
458 890 498 922 ad
519 901 615 923 usum
636 890 837 929 revocandis,
874 901 911 922 ea
930 901 1013 933 quae

257 943 426 987 paullatim
447 943 618 986 depravata
638 948 722 983 sunt,
737 943 769 975 iu
783 943 898 976 melius
914 944 1014 976 refor-

256 1002 399 1030 mentur.
427 996 518 1035 Quod
537 997 668 1040 quidem
690 1007 748 1029 nos
769 996 832 1028 iam
866 996 940 1029 inde
973 996 1012 1029 ab

256 1050 326 1094 ipso
347 1050 555 1094 pontificatus
576 1050 676 1083 nostri
697 1050 859 1094 principio
880 1055 911 1083 et
930 1049 1011 1083 libe-

255 1103 368 1136 raliter
387 1103 534 1143 fecimus,
557 1109 587 1136 et
607 1109 765 1147 quantum
786 1103 818 1135 in
839 1103 932 1135 nobis
952 1109 1010 1143 est,

255 1156 337 1189 illud
366 1156 450 1189 idem
473 1161 627 1189 statutum
648 1167 766 1198 urgere
787 1161 815 1188 et
846 1156 1010 1199 persequi,

256 1213 420 1242 annuente
435 1209 513 1249 Deo,
527 1219 685 1242 conamur
697 1221 704 1249 3
718 1219 823 1252 neque
836 1208 1011 1253 quicquam

256 1262 349 1295 nobis
382 1268 430 1295 est
462 1263 511 1295 vel
532 1262 733 1306 praeclarius
753 1263 801 1295 vel
823 1262 1009 1305 optabilius,

255 1326 353 1359 quam
374 1321 410 1348 ut
431 1316 589 1359 collapsos
605 1326 623 1347 a
637 1321 742 1348 vetere
759 1315 930 1359 disciplina
946 1326 1012 1348 mo-

255 1379 306 1402 res
325 1369 364 1402 ad
385 1368 552 1413 pristinam
568 1379 659 1402 suam
672 1368 887 1411 integritatem
903 1369 1011 1401 denuo

254 1427 392 1462 erectos,
415 1429 444 1455 et
474 1423 506 1454 in
535 1432 612 1465 agro
646 1421 773 1455 Domini
793 1432 811 1454 a
838 1433 1010 1465 pravarum

256 1475 529 1509 consuetudinum
551 1475 695 1508 sentibus
715 1474 822 1508 omnia
842 1475 1012 1518 diligenter

256 1535 453 1573 perpurgata
472 1529 648 1562 rideamus.

301 1583 315 1626 ξ
335 1583 366 1616 ’1.
390 1583 451 1616 Sed
471 1594 523 1624 ne,
546 1583 621 1616 dum
644 1593 681 1615 ea
700 1592 783 1625 quae
802 1582 842 1614 ad
862 1592 1010 1615 commu-

255 1647 330 1670 nem
366 1637 462 1670 totius
496 1637 641 1680 corporis
681 1637 817 1669 salutem
850 1636 1011 1679 pertinent

256 1695 424 1734 tantopere
444 1695 676 1733 procurantur,
699 1690 872 1733 quisquam
887 1699 945 1722 uos
959 1700 1011 1722 ac—

255 1748 346 1776 cuset
365 1744 451 1786 quod
469 1754 539 1775 eam
564 1748 689 1786 partem
711 1753 794 1785 quae
814 1742 907 1775 nohis
932 1753 1009 1785 pro-

253 1796 339 1829 xima
355 1801 401 1829 est.
420 1796 635 1839 negligamus,
661 1806 768 1838 neque
803 1795 889 1827 illius
922 1796 1009 1828 ulee-

254 1850 344 1883 ribus
371 1849 591 1883 necessarium
612 1849 723 1882 salutis
744 1849 924 1881 remedium
956 1860 1009 1892 ap-

253 1898 424 1947 plicemus,
447 1903 554 1937 divino
574 1903 692 1936 auxilio
715 1903 799 1942 freti,
822 1902 931 1935 euriae
953 1913 1008 1934 no-

253 1961 337 1990 strae
353 1957 520 1990 universae
536 1956 800 1989 reformationem
819 1955 1007 1988 iamdudum

254 2010 358 2043 oculis
372 2010 490 2043 nostris
506 2010 727 2043 obversantem
749 2008 878 2051 aggredi
900 2009 1009 2041 decre-

253 2063 377 2103 vimus;
402 2074 461 2107 pro
486 2074 562 2106 qua,
598 2063 656 2095 etsi
690 2063 825 2095 antehac
859 2062 1007 2094 nonnulli

254 2117 519 2160 praedecessores
537 2116 637 2150 nostri
658 2117 759 2148 multa
779 2120 887 2149 sancte
912 2121 938 2148 ct
961 2127 1009 2148 sa-

253 2170 390 2203 lubriter
433 2170 624 2203 ordinarunt
641 2181 648 2209 '‚
697 2169 866 2202 hominum
900 2174 1007 2201 tamen

254 2223 436 2266 fragilitate,
459 2234 522 2256 non
544 2223 586 2256 ita
607 2223 709 2255 multo
727 2227 797 2266 post
818 2228 874 2254 aut
898 2223 1007 2265 negle-

254 2282 305 2310 eta
323 2282 377 2309 aut
403 2282 557 2320 corrupta
592 2282 676 2316 sunt,
700 2276 771 2308 aliis
809 2280 905 2318 atque
938 2276 1009 2309 aliis

253 2329 356 2363 aliena
377 2340 436 2363 suo
456 2330 515 2363 sibi
536 2330 642 2363 officio
660 2329 893 2372 usurpantibus
914 2335 941 2362 et
963 2330 1008 2362 di-

253 2389 322 2416 ctae
343 2383 453 2416 curiae
473 2383 694 2427 expeditiones
714 2382 848 2415 invicem
870 2384 1007 2416 consun-

253 2432 415 2472 dentibus,
447 2443 586 2476 quarum
603 2432 738 2473 singulis
767 2442 860 2473 sagax
881 2431 935 2464 illa
955 2442 1007 2464 ve-

252 2485 353 2513 tustas
368 2481 538 2525 proprium
559 2486 588 2513 et
609 2481 807 2517 distinctum,
826 2491 884 2523 pro
902 2481 1007 2513 cuius-

253 2540 316 2573 que
345 2530 526 2563 diversitate
556 2536 586 2563 et
606 2529 758 2562 materiae
779 2540 909 2572 geiiere,
942 2530 1008 2562 ossi-

253 2578 339 2611 cium
366 2584 455 2612 tanto
480 2579 586 2612 studio
611 2578 790 2621 assignavit.
815 2578 905 2611 Unde
930 2589 1005 2618 nos,

253 2636 370 2670 operae
408 2628 548 2673 pretium
584 2629 652 2661 sore
685 2627 830 2661 arbitrati
860 2627 940 2661 illud
975 2629 1007 2661 in

1058 472 1149 499 tuere
1184 477 1242 510 per
1270 476 1352 509 quos
1371 466 1457 498 viros
1490 465 1675 508 quibusque
1709 465 1814 498 modis

1058 519 1168 552 euriae
1199 519 1382 563 praedictae
1416 519 1557 562 negotia,
1594 529 1654 562 pro
1687 528 1811 557 rerum,

1058 578 1241 615 temporum
1262 579 1293 605 et
1312 573 1460 605 locorum
1481 572 1635 615 qualitate
1660 571 1814 614 deinceps

1057 624 1248 667 dirigantur.
1271 626 1309 657 At
1339 625 1415 668 quia
1451 624 1566 657 ceteris
1586 622 1736 656 omnibus
1759 623 1814 656 illa

1056 682 1253 721 anteponere
1287 689 1418 711 neeesse
1443 682 1500 717 est,
1523 687 1561 710 ex
1585 676 1704 720 quibus
1731 687 1812 720 pen-

1057 731 1132 763 dere
1152 730 1353 773 dignoscitur
1373 730 1555 774 perieulum
1576 730 1772 762 animarum.

1100 785 1114 827 ἓ
1134 784 1164 816 2.
1201 784 1276 823 Nos,
1298 784 1435 816 huiusce
1466 782 1705 816 reformationis
1721 793 1811 816 exor-

1057 837 1147 870 dium
1168 848 1185 869 a
1200 837 1471 870 Poeniteutiariae
1492 842 1620 869 nostrae
1636 835 1744 869 officio
1760 847 1810 870 ca-

1056 901 1132 933 pere
1167 890 1377 929 instituiu‘ius,
1400 890 1535 933 eiusque
1556 888 1601 921 rei
1622 900 1720 921 causa
1740 900 1810 922 om-

1055 953 1128 975 nem
1150 942 1374 976 auctoritatem
1396 941 1592 974 ordinariam
1618 947 1649 974 et
1681 942 1810 985 delega-

1056 1002 1132 1034 tam,
1174 996 1348 1039 omniaque
1369 994 1548 1039 privilegia,
1584 995 1751 1028 facultates
1781 1000 1812 1028 et

1055 1049 1180 1081 indulta
1196 1049 1268 1081 ideo
1277 1048 1427 1081 duximus
1439 1048 1630 1088 revocanda,
1642 1053 1689 1088 ut,
1702 1047 1811 1081 habita

1055 1103 1094 1135 de
1126 1102 1346 1135 ministrorum
1369 1101 1534 1145 qualitate,
1565 1111 1714 1142 numero,
1736 1101 1810 1134 fun-

1055 1155 1218 1189 ctionibus
1233 1155 1389 1188 etossieiis
1415 1155 1538 1187 ratione
1564 1154 1726 1198 explicita,
1750 1165 1810 1188 no-

1054 1219 1124 1241 vam
1145 1208 1262 1241 futuris
1282 1209 1418 1241 sormam
1440 1208 1478 1241 de
1504 1207 1629 1250 integro
1650 1207 1809 1250 praescri-

1054 1261 1130 1294 bere
1150 1263 1325 1301 valeamus,
1343 1272 1406 1304 qua
1418 1261 1525 1304 ipsum
1541 1260 1810 1293 Poenitentiariae

1054 1315 1196 1348 officium
1232 1315 1328 1347 certis
1366 1314 1560 1357 quibusdam
1589 1313 1807 1353 facultatibus,

1054 1379 1136 1411 quae
1157 1368 1227 1401 aliis
1247 1368 1362 1401 officiis
1382 1367 1484 1410 magis
1505 1367 1713 1406 conveniunt,
1736 1377 1809 1399 exo—

1054 1426 1203 1454 neratum
1237 1428 1333 1464 atque
1367 1421 1569 1464 expeditum,
1613 1419 1731 1452 deliine
1771 1430 1809 1452 ea

1054 1486 1136 1518 quae
1156 1475 1339 1508 animarum
1361 1475 1496 1507 salutem
1523 1473 1699 1517 praecipue
1729 1484 1808 1506 con-

1054 1534 1204 1568 cernunt,
1227 1529 1397 1561 attentiore
1418 1527 1524 1560 studio
1554 1532 1784 1570 prosequatur.

1097 1581 1111 1625 ξ
1131 1582 1162 1615 3.
1185 1582 1330 1614 Primum
1352 1581 1450 1623 igitur
1469 1580 1617 1613 omnium
1634 1579 1672 1613 de
1692 1580 1806 1613 huius-

1054 1635 1140 1667 modi
1175 1634 1293 1673 officio,
1330 1633 1485 1666 ministris
1523 1638 1553 1666 et
1586 1633 1807 1666 functionibus

1052 1688 1210 1720 rationem
1227 1688 1366 1732 prodere
1386 1687 1540 1726 volentes,
1555 1686 1594 1719 de
1609 1687 1807 1730 apostolieae

1053 1741 1217 1785 potestatis
1237 1740 1451 1786 plenitudine,
1484 1740 1593 1773 onmia
1623 1745 1653 1773 et
1680 1739 1806 1783 singula

1052 1795 1123 1826 loca
1150 1805 1207 1827 seu
1227 1794 1332 1827 officia
1365 1793 1673 1832 referendariorum,
1696 1803 1806 1826 corre-

1051 1853 1178 1880 ctorum
1208 1852 1239 1880 et
1258 1846 1418 1886 revisoris,
1441 1856 1500 1879 nec
1524 1856 1590 1878 non
1624 1845 1807 1878 functiones

1051 1906 1082 1934 et
1102 1900 1253 1933 exercitia
1273 1900 1482 1943 scriptorum,
1512 1899 1567 1942 qui
1593 1898 1702 1940 viginti
1733 1910 1805 1942 sep-

1050 1960 1126 1994 tem,
1147 1960 1177 1988 et
1197 1960 1449 1998 procuratorum
1469 1953 1525 1996 qui
1543 1952 1807 1995 vigintiquatuor

1050 2013 1123 2041 sunt
1142 2034 1149 2048 ,
1190 2018 1396 2051 quorumque
1441 2012 1690 2051 procuratorum
1734 2011 1805 2039 octo

1050 2061 1156 2094 officia
1189 2062 1227 2093 ad
1262 2061 1533 2105 dispensationem
1572 2069 1631 2103 pro
1660 2064 1807 2102 tempore

1050 2114 1212 2147 existentis
1232 2114 1364 2147 maioris
1380 2112 1618 2157 poenitentiarii
1643 2112 1807 2156 pertinere

1049 2173 1241 2208 noscuntur,
1271 2168 1303 2200 in
1323 2167 1437 2200 eodem
1467 2165 1712 2199 Penitentiariae
1733 2165 1805 2198 offi-

1051 2221 1100 2254 cio
1120 2227 1279 2265 perpetuo
1300 2220 1535 2264 supprimimus
1555 2224 1586 2251 ct
1618 2218 1804 2257 abolemus;

1050 2285 1231 2318 eorumque
1261 2275 1458 2319 scriptorum
1493 2278 1521 2306 et
1555 2277 1805 2316 procuratorum

1051 2328 1209 2361 rationem
1243 2328 1398 2361 aliorsum
1427 2326 1581 2367 habituri,
1601 2325 1674 2358 illos
1694 2335 1806 2358 omnes

1051 2382 1114 2414 iam
1148 2393 1236 2416 nunc
1256 2383 1295 2415 ab
1316 2382 1384 2425 ipso
1410 2380 1678 2414 Poenitentiariae
1698 2379 1805 2413 officio

1049 2441 1247 2464 amovemus.

1095 2480 1109 2522 ἓ
1129 2480 1160 2513 4,
1185 2481 1228 2513 Ac
1245 2480 1366 2513 dictum
1387 2479 1531 2512 osticium
1549 2478 1665 2511 dehinc
1681 2479 1804 2511 maiore

1050 2528 1310 2570 poenitentiario,
1333 2534 1474 2570 regente,
1498 2527 1631 2567 datari0‚
1648 2537 1713 2559 uno
1730 2536 1803 2559 cor-

1050 2581 1189 2617 rectore,
1225 2587 1290 2609 uno
1311 2577 1463 2619 magistro
1484 2576 1517 2608 in
1536 2575 1710 2619 theologia,
1737 2585 1803 2608 uno

1049 2626 1181 2660 doctore
1202 2626 1233 2659 in
1254 2625 1403 2666 decretis,
1425 2625 1553 2658 duobus
1581 2624 1802 2669 procuratori-

1828 252 1880 279 An.
1898 254 1927 280 C.
1945 253 2012 281 ¹569

1853 805 1968 827 novom-uo
1983 806 2011 827 fa-

1825 837 1925 857 cultatum
1936 836 2011 858 Poeni-

1826 869 1949 889 tenuatum.

1857 1594 1940 1614 Ληιοιῑο
1956 1601 2007 1622 quo-

1822 1625 1915 1645 rumdam
1927 1625 2005 1646 officia-

1822 1656 1880 1676 lium.

1892 2490 2002 2517 Depuiuuo

1817 2522 1906 2542 aliorum
1922 2522 2003 2543 offici.-

1818 2553 1876 2574 lium.
