2237 3100
36 297 87 329 ΑΙ.
102 299 133 327 C.
150 300 215 329 ¹⁸6¹

68 685 187 708 Exordium.

58 1332 125 1355 Rom
158 1338 219 1355 com-

31 1365 152 1391 mendatio,
197 1368 218 1387 οι

32 1401 95 1416 cuim
107 1396 168 1417 liuius
183 1402 218 1417 re-

31 1425 172 1448 formatiouiu.

913 298 980 323 PIUS
1004 298 1035 324 lv
1059 299 1107 323 ΡΡ.

575 350 644 384 LlV.

343 418 543 462 Reformatio
564 419 664 453 Rotae
674 419 840 454 Romanae
851 419 878 453 1.

320 505 382 536 rius
404 506 546 543 episcopus
564 514 659 536 servus
682 514 822 537 servorum
840 506 897 541 Dei,

370 561 405 589 ad
432 561 595 597 perpetuam
624 562 666 590 rei
683 562 852 590 memoriam.

278 632 313 666 In
333 633 450 667 throno
470 631 622 673 iustitiae,
642 644 741 677 super
755 643 867 666 omnes
878 637 988 675 gentes

234 691 265 720 et
284 691 395 730 regna,
418 686 541 720 meritis
559 687 835 731 licetimparibus,
849 697 988 730 superna

234 739 443 784 dispositione
469 741 644 781 constituti,
667 741 707 773 ad
726 751 775 781 ea,
802 751 884 784 quae
908 739 988 773 iuris

234 799 265 827 et
284 793 424 827 iustitiae
454 795 578 828 cultum
598 806 635 828 ac
656 794 888 828 observantiam
909 787 987 827 αδη-

235 852 382 889 cernunt,
404 847 573 891 dirigimus
593 848 795 892 potissimum
811 848 913 881 aciem
929 858 987 881 no-

233 905 318 934 strae
338 900 473 942 mentis,
500 907 536 934 ut
560 901 717 934 universis
745 900 929 933 nationibus
949 900 988 933 ad

234 953 349 988 Sedem
365 954 748 998 Apostolicam,omnium
761 954 906 987 fidelium
920 965 988 987 ma-

233 1012 314 1041 trem
332 1013 362 1042 et
378 1008 575 1051 magistram,
598 1019 657 1052 pro
677 1008 781 1041 litium
803 1014 833 1041 et
858 1013 987 1041 contro-

232 1060 409 1095 versiarum
435 1061 518 1095 inter
544 1072 599 1095 eos
621 1060 794 1105 vigentium
815 1061 987 1101 decisione,

232 1116 485 1156 recurrentibus,
497 1115 600 1159 longis
612 1114 806 1148 iudiciorum
817 1115 989 1148 curriculis

232 1168 377 1209 sublatis,
395 1180 432 1202 ac
452 1168 641 1208 minoribus,
662 1179 759 1212 quam
780 1167 850 1200 fieri
860 1168 987 1212 poterit,

233 1221 419 1267 dispendiis,
444 1227 625 1267 opportune
647 1222 846 1255 consulatur.

277 1276 292 1320 ἓ
316 1276 348 1309 1.
376 1276 458 1310 Sane
484 1281 652 1320 postquam
678 1286 749 1316 nos,
763 1276 847 1309 circa
871 1276 987 1310 Curiae

231 1334 361 1363 nostrae
372 1329 635 1363 reformationem
648 1329 754 1362 solerti
766 1329 871 1363 studio
882 1329 987 1363 inten-

233 1383 356 1424 dentes,
378 1383 579 1427 reliquorum
592 1382 735 1416 eiusdem
753 1382 867 1416 Curiae
886 1383 988 1417 tribu-

231 1437 354 1470 nalium
366 1442 397 1471 et
408 1437 591 1471 officiorum
604 1436 862 1471 emendationem
875 1443 905 1470 et
921 1448 988 1471 cor-

232 1490 408 1524 rectionem
423 1502 496 1525 cum
509 1490 564 1524 Dei
584 1491 703 1524 auxilio
716 1491 986 1525 etvenerabilium

232 1544 367 1578 fratrum
393 1550 578 1579 nostrorum
600 1544 631 1578 S.
655 1544 691 1578 R.
715 1544 750 1578 E.
774 1545 986 1579 cardinalium

232 1598 368 1632 consilio
408 1598 543 1632 feliciter
568 1598 769 1643 peregimus,
792 1599 923 1632 demum
949 1599 987 1633 ad

230 1651 342 1686 Palatii
359 1652 459 1686 nostri
480 1651 688 1693 auditorium,
716 1652 748 1685 in
769 1663 833 1697 quo
858 1653 987 1686 univer-

232 1716 342 1740 sorum
364 1705 620 1740 christifidelium
631 1706 793 1749 graviores
803 1717 918 1741 causae
931 1718 988 1752 per

232 1759 403 1794 duodecim
433 1771 578 1794 summae
609 1760 733 1793 virtutis
763 1766 793 1793 et
821 1760 987 1794 doctrinae

231 1813 328 1855 viros,
351 1825 388 1848 ex
408 1814 560 1847 omnibus
581 1814 693 1847 mundi
711 1814 855 1858 partibus
872 1825 987 1858 magna

233 1878 306 1901 cum
323 1867 487 1911 diligentia
499 1867 709 1911 conquisitos,
725 1873 850 1902 mature
871 1879 989 1912 cogno—

232 1927 377 1962 scuntur,
388 1928 540 1966 etmagna
548 1932 621 1955 cum
636 1921 815 1964 integritate
828 1927 857 1955 et
870 1922 987 1955 iustitia

232 1974 460 2015 terminantur,
483 1975 628 2008 animum
649 1974 838 2008 adiecimus.
862 1975 898 2008 Et
915 1976 988 2009 licet

231 2027 264 2062 in
280 2028 391 2062 eodem
414 2028 567 2062 tribunali
593 2039 695 2072 pauca
715 2029 888 2061 admodum
915 2040 986 2062 cor-

232 2082 374 2116 rectione
395 2082 490 2126 digna
511 2082 984 2123 offenderimus,nihilominus,

232 2141 268 2170 ut
281 2135 361 2169 nihil
373 2134 527 2168 intactum
546 2135 816 2180 relinqueremus,
831 2137 986 2169 nonnulla

232 2189 340 2234 potius
351 2199 408 2234 pro
418 2188 528 2222 litibus
538 2189 772 2228 abbreviandis,
794 2200 830 2222 ac
847 2190 985 2233 partium

270 2256 487 2284 iordinattones
510 2259 535 2282 et
562 2255 762 2281 reformationes
790 2257 866 2282 tuitus
893 2255 985 2288 Rutu,

232 2302 294 2329 vide
311 2303 335 2328 in
357 2304 547 2328 constitutione
571 2307 626 2326 xm
655 2301 757 2326 luamus
784 2301 873 2331 xxti,
902 2304 985 2334 Its-110,

232 2351 297 2374 torn.
314 2355 350 2378 ιν,
364 2354 421 2382 pag.
435 2345 495 2372 5¹7.
509 2346 669 2372 Auditorum
685 2353 747 2371 vero
761 2354 900 2372 numer-uu
915 2356 987 2380 fuat·-

233 2392 319 2419 finivit
337 2391 428 2419 Sonus
450 2390 482 2417 tv
510 2391 534 2416 iu
560 2394 665 2417 constit.
680 2397 718 2418 ιιι,
744 2391 862 2422 Romam,
883 2396 934 2417 totu
957 2400 984 2420 v„

233 2445 291 2473 pag.
309 2436 371 2464 207.
391 2436 548 2471 ludultaque
575 2440 598 2462 et
629 2436 725 2470 gratias
741 2440 766 2461 vt
784 2435 920 2463 facultates
936 2438 986 2464 cis-

233 2482 292 2509 dem
318 2485 508 2509 concesserunt
535 2481 704 2507 luunt-vultus
726 2480 783 2508 Vlll
811 2481 835 2507 in
856 2485 985 2508 con-tuu-

234 2526 304 2555 tione
320 2535 367 2554 xvi
382 2548 388 2559 ‚
409 2529 521 2559 Finem,
548 2526 656 2558 ibidum,
679 2534 734 2561 pag.
758 2527 819 2559 55v;
846 2527 895 2553 Leo
915 2527 941 2554 X
962 2528 984 2553 iu

232 2572 478 2604 constitutionem,
504 2572 584 2601 Sedis.
606 2570 721 2601 ibidem,
744 2579 801 2606 pag.
828 2572 896 2604 566;
924 2572 981 2598 Cle-

233 2625 308 2644 mens
323 2615 368 2644 Vll
386 2618 410 2643 in
427 2609 696 2647 constitutione‘xiu,
720 2616 933 2647 C‹1m·enit,10m.
949 2623 985 2647 vt,

234 2670 292 2698 pag.
310 2662 355 2695 8t,·
372 2665 398 2689 et
423 2661 520 2690 Paulus
540 2661 574 2687 ΙΙΙ
595 2661 621 2687 in
640 2661 828 2688 constitutione
840 2667 920 2694 xviii,
933 2662 985 2687 Ru-

233 2710 316 2740 mam',
338 2706 448 2740 ibidem,
467 2714 526 2742 pag.
547 2707 608 2733 2511.

1675 292 1738 327 155

1031 351 1206 397 dispendiis
1225 352 1378 386 evitandis
1396 353 1444 386 vel
1465 353 1576 386 saltem
1589 354 1782 396 minuendis,

1030 407 1148 441 vocatis
1158 407 1260 453 ipsius
1271 407 1484 448 auditoribus,
1503 419 1540 441 ac
1561 409 1700 452 pluries,
1718 415 1782 443 tam

1030 461 1063 495 in
1078 473 1155 496 voce
1179 473 1276 506 quam
1305 462 1337 496 in
1365 462 1492 507 scriptis
1522 462 1655 504 auditis,
1682 464 1785 508 provi-

1030 515 1134 549 denda
1151 516 1347 550 censuimus.

1075 570 1090 612 ἓ
1115 569 1146 603 ⁶2.
1169 570 1205 603 Et
1225 570 1356 611 idcirco,
1378 570 1417 604 de
1436 570 1626 604 eorumdem
1648 572 1783 605 fratrum
1813 580 1932 616 ricuinu-
1942 587 1982 615 v«211.

1030 628 1215 657 nostrorum
1237 624 1382 665 consilio,
1405 625 1574 659 statuimus
1599 630 1629 659 et
1654 626 1784 659 ordina·
1799 613 1916 664 {253}ssOE
1927 617 1985 664 {2¹1}ss
2023 643 2025 645 ·

1031 688 1103 710 mus
1114 678 1201 721 quod
1213 679 1251 712 de
1264 684 1384 721 cetero,
1398 679 1562 724 perpetuis
1574 672 1691 713 futuris
1701 685 1784 714 tem·
1799 676 1880 696 'mm‘

1031 731 1182 773 poribus,
1212 733 1251 765 ad
1274 733 1454 766 tollendum
1480 733 1784 777 multiplicationem

1031 784 1296 819 commissionum
1318 791 1348 820 et
1369 787 1569 830 parcendum
1579 787 1744 822 laboribus
1756 793 1787 822 et

1031 838 1177 881 expensis
1198 838 1404 882 litigantium,
1432 840 1528 874 unica
1549 841 1732 875 commissio
1753 841 1785 876 in

1030 891 1173 933 qualibet
1193 892 1341 926 instantia
1362 894 1511 935 sufficiat,
1527 899 1558 927 et
1573 894 1659 928 illius
1678 895 1786 939 vigore

1030 944 1158 978 auditor
1178 956 1306 979 causam
1319 947 1378 980 sibi
1395 946 1599 980 commissam
1615 959 1787 992 cognosce-

1030 1009 1064 1031 re
1080 1004 1111 1031 et
1130 1010 1204 1032 cum
1226 1000 1376 1033 omnibus
1396 1006 1427 1033 et
1451 1000 1584 1043 singulis
1605 1001 1787 1046 dependen-

1030 1051 1115 1085 tibus
1135 1057 1165 1085 et
1190 1053 1430 1096 emergentibus
1451 1065 1486 1086 ac
1508 1054 1586 1087 alias
1607 1055 1786 1099 quomodo-

1029 1104 1107 1138 libet
1131 1106 1348 1140 incidentibus
1373 1107 1521 1140 decidere
1545 1108 1657 1141 valeat.
1685 1108 1787 1143 Possit

1030 1158 1125 1192 etiam
1137 1160 1266 1194 auditor
1280 1161 1347 1194 sine
1359 1171 1439 1194 nova
1451 1161 1679 1195 commissione
1691 1173 1785 1206 prae-

1030 1212 1128 1256 figere
1155 1215 1328 1247 terminum
1354 1215 1393 1248 ad
1414 1215 1595 1248 docendum
1621 1215 1659 1249 de
1680 1221 1783 1250 atten—

1029 1267 1101 1300 tatis
1112 1278 1148 1300 ac
1164 1268 1367 1301 nullitatibus
1393 1274 1422 1301 et
1433 1269 1549 1309 causis,
1562 1274 1694 1313 propter
1705 1281 1785 1314 quas

1029 1320 1102 1364 quis
1126 1321 1158 1354 in
1179 1322 1340 1366 integrum
1366 1322 1490 1356 restitui
1516 1322 1640 1362 debeat,
1667 1335 1704 1357 ac
1730 1324 1784 1358 illo

1030 1374 1139 1419 elapso
1159 1381 1190 1409 et
1210 1386 1274 1409 non
1295 1376 1419 1416 doctus,
1452 1376 1491 1409 ad
1520 1387 1634 1410 causae
1656 1377 1785 1421 expedi·

1030 1426 1149 1462 tionem
1166 1429 1354 1473 procedere,
1376 1440 1502 1463 necnon
1519 1429 1718 1464 remissorias
1729 1431 1784 1465 de-

1031 1492 1174 1522 cernere,
1185 1483 1354 1517 dilationes
1364 1483 1551 1524 concedere,
1561 1483 1786 1528 liquidationes

1030 1535 1194 1570 fructuum
1217 1536 1248 1569 in
1265 1537 1411 1581 partibus
1436 1537 1596 1580 delegare,
1619 1549 1656 1571 ac
1677 1537 1785 1572 omnia

1030 1595 1060 1622 et
1081 1589 1206 1632 singula
1222 1590 1294 1630 alia,
1323 1601 1423 1635 usque
1444 1590 1483 1624 ad
1510 1591 1637 1624 finalem
1660 1597 1786 1626 senten-

1030 1642 1147 1676 tiarum
1169 1654 1299 1677 suarum
1317 1644 1538 1678 executionem
1557 1645 1724 1685 inclusive,
1739 1647 1785 1680 sa-

1030 1707 1115 1737 cere,
1139 1709 1220 1741 quae
1241 1698 1279 1732 de
1305 1698 1375 1732 iure
1400 1698 1553 1732 ordinarii
1580 1700 1685 1734 facere
1710 1711 1785 1745 pos-

1030 1757 1115 1784 sunt.

1074 1805 1088 1848 ἓ
1108 1806 1138 1838 3.
1160 1805 1406 1847 Prorogationes
1421 1812 1527 1840 autem
1549 1806 1692 1840 fatalium
1714 1818 1782 1840 sae·
1817 1817 1982 1843 rrarogauoue.

1030 1858 1103 1902 pius
1123 1864 1152 1891 et
1171 1859 1286 1902 passim
1314 1871 1379 1893 non
1396 1861 1563 1901 concedat,
1587 1861 1640 1894 sed
1658 1867 1779 1894 tantum
1798 1849 1984 1901 [iffssssiijif'ssssfiiissfj

1030 1922 1066 1944 ex
1086 1912 1192 1956 aliqua
1213 1913 1346 1946 honesta
1367 1925 1461 1947 causa
1478 1925 1526 1954 ac,
1550 1915 1676 1959 praevia
1698 1916 1783 1949 illius
1797 1911 1869 1932 Bm*

1030 1966 1224 2009 cognitione,
1248 1967 1380 2000 arbitrio
1403 1968 1509 2002 Rotae.

1074 2019 1137 2063 §la
1167 2021 1303 2053 Auditor
1333 2028 1438 2054 tamen
1461 2022 1491 2055 in
1517 2021 1624 2066 aliqua
1648 2023 1782 2056 honesta
1804 2031 1981 2068 Seuwuuaenw

1030 2084 1149 2113 causa,
1181 2073 1242 2107 sive
1274 2075 1379 2117 magui
1418 2076 1480 2108 sive
1509 2076 1592 2119 parvi
1628 2063 1983 2115 momenti2¹2''‘.}f.‘..'‘;¹,.'¹.f,ff'ft„”1'i

1030 2127 1159 2167 existat,
1191 2127 1286 2161 etiam
1314 2129 1337 2161 si
1375 2129 1444 2162 eius
1464 2129 1583 2167 decisio
1605 2130 1682 2163 clari
1704 2130 1782 2164 iuris
1797 2127 1982 2178 Εἶίἳζῡζᾎῦζῑιω·

1030 2192 1097 2214 esse
1120 2181 1275 2219 videatur,
1299 2182 1491 2215 definitivam
1519 2183 1708 2216 seutentiam
1734 2184 1782 2217 vel

1030 2235 1305 2269 interlocutoriam
1332 2237 1392 2270 vim
1415 2237 1595 2271 definitivae
1612 2238 1782 2272 habentem

1031 2290 1112 2322 serre
1139 2300 1202 2323 non
1223 2291 1340 2329 valeat,
1363 2290 1423 2323 nisi
1444 2302 1539 2324 causa
1561 2291 1591 2323 in
1612 2291 1688 2324 Rota
1713 2302 1784 2336 pro-

1032 2343 1130 2387 posita
1156 2349 1186 2376 et
1210 2344 1325 2377 habitis
1349 2345 1428 2377 votis
1453 2345 1697 2385 coatiditoruni,
1724 2345 1783 2379 nisi

1032 2402 1136 2440 partes
1151 2398 1181 2430 in
1194 2399 1272 2431 actis
1287 2409 1434 2442 expresse
1459 2399 1680 2432 consenserint
1697 2399 1783 2443 quod

1030 2461 1124 2483 causa
1146 2451 1212 2484 sine
1232 2457 1304 2485 voto
1317 2453 1541 2485 coauditorum
1554 2454 1694 2496 expediri
1708 2464 1782 2498 pos-

1030 2500 1079 2533 sit.
1107 2501 1257 2546 Idemque
1287 2502 1317 2535 in
1339 2502 1410 2535 aliis
1436 2503 1599 2546 quibusvis
1621 2503 1782 2547 praeiudi·

1030 2549 1165 2583 cialibus
1185 2551 1321 2584 decretis
1341 2552 1457 2585 servari
1478 2553 1638 2591 volumus,
1657 2553 1680 2586 si
1693 2559 1783 2586 actor

1029 2600 1076 2632 vel
1108 2610 1182 2633 reus
1216 2601 1301 2644 quod
1336 2601 1500 2644 negotium
1525 2601 1557 2634 in
1583 2602 1678 2646 plena
1704 2602 1783 2635 Rota

1030 2655 1254 2690 cognoscatur,
1286 2650 1443 2683 institerit.

1073 2697 1089 2741 ἓ
1108 2698 1139 2732 5.
1162 2698 1240 2732 Item
1257 2699 1431 2733 sententiae
1443 2700 1524 2733 latae
1536 2710 1594 2743 per
1604 2700 1781 2740 auditores,

1798 298 1847 326 An.
1865 298 1892 325 C.
1912 295 1978 326 1501
