2237 3100
31 245 85 274 An.
102 245 132 272 C.
145 243 214 271 1362

898 239 966 263 PIUS
989 241 1021 264 lv
1044 242 1091 265 PP.

1671 233 1736 267 233
1797 242 1847 270 An.
1867 243 1894 270 c.
1913 243 1981 270 ¹592

231 302 259 330 et
289 300 326 329 ut
358 295 507 328 conclave
534 294 617 327 hene
643 293 787 337 undique
817 293 986 326 claudatur
1026 299 1152 337 gentur.
1173 293 1209 327 Et
1225 293 1437 327 nihilominus
1457 305 1570 328 eorum
1592 305 1740 329 excessus
1752 302 1782 330 et

232 349 380 391 curandi,
403 349 453 382 ius
473 348 622 381 habeant.

275 405 290 447 ἓ
310 403 340 438 8.
364 404 513 447 Ipsorum
529 407 636 436 autem
657 401 802 435 officium
823 401 913 434 tertia
934 401 984 433 die
1006 416 1007 423 1

59 467 216 503 ingresqicon-
231 463 301 502 post
319 456 480 491 conclavis
496 456 675 500 ingressum
697 455 829 488 omnino
847 455 982 498 expiret,

33 499 216 558 ζξζῖῗῇρῗωωῗξῇ
231 522 412 554 eorumque
427 511 499 544 loco
520 516 584 543 tres
599 510 651 543 alii
668 514 839 552 sequentes
854 508 886 541 in
902 508 985 541 ordi-

33 558 216 616 ffiiflffgssssf¹⁰⁰⁰
231 577 284 606 ne,
306 564 452 609 quolibet
470 563 564 597 tertio
584 574 714 607 quoque
735 562 785 595 die
798 589 805 603 ,
833 573 906 595 cum
933 573 985 595 eo-

156 609 160 614 *
231 620 304 653 dem
325 618 505 653 camerario
526 617 558 650 in
579 617 690 650 eadem
708 620 863 660 potestate
875 626 985 649 succe-

231 673 319 706 dant.

275 727 290 771 g
314 727 346 760 9.
373 725 693 769 Camerariiquoque
712 729 743 757 et
763 724 894 757 maioris
906 734 983 767 poe-

84 791 216 812 Camerarius
231 779 404 813 nitentiarii
416 779 535 819 officia,
549 790 632 823 quae
644 778 751 814 etiam,
762 778 841 811 Sede
852 783 984 811 vacante

30 823 215 874 Jssgqssibussnwiss}
231 834 381 873 durante,
399 833 441 866 ita
462 833 579 865 durare
600 831 807 865 decernimus
832 836 863 863 et
877 831 984 864 decla-

29 886 216 938 ζζῖθὲζζξξςῑῐὸἰξ]
231 898 353 929 ramus,
381 892 412 920 ut
435 886 499 919 nod
526 887 631 919 solum
648 897 696 925 ea,
719 896 802 930 quae
824 886 984 929 praesenti

30 947 134 969 cumbam-
227 941 461 975 ‘constitutione
478 940 705 984 prohibentur,
728 945 758 972 et
778 950 860 983 quae
876 939 984 972 Ponti-

231 996 290 1028 fice
315 995 436 1028 vivente
463 1005 613 1028 exercere
642 1004 708 1027 non
734 999 982 1033 consueverunt,

230 1060 287 1082 seu
302 1049 460 1094 aquibus,
479 1060 538 1093 pro
559 1048 703 1081 eiusdem
720 1047 884 1080 Pontificis
899 1059 986 1081 rere-

230 1102 332 1136 rentia
341 1108 397 1136 aut
407 1103 497 1143 alias,
511 1101 756 1147 quomodolibet
767 1101 982 1141 abstinebant,

228 1157 361 1190 minime
374 1156 544 1201 usurpent,
556 1157 610 1190 sed
623 1155 822 1191 camerarius
838 1166 874 1188 ac
896 1167 984 1198 prae-

227 1210 366 1244 sidentes
378 1216 408 1244 et
420 1210 529 1244 clerici
540 1209 659 1254 aliique
672 1209 812 1242 ministri
824 1215 854 1242 et
865 1209 984 1243 officia-

227 1265 272 1298 les
292 1265 434 1298 Camerae
444 1264 638 1308 Apostolicae
659 1263 817 1297 exactioni
834 1263 984 1307 pecunia-

226 1329 299 1352 rum
315 1319 420 1352 eidem
435 1318 588 1352 Gamerae
610 1317 805 1357 debitarum,
820 1328 856 1350 ao
876 1317 983 1361 provi-

226 1372 372 1406 sionibus
393 1372 517 1406 ratione
535 1372 625 1405 Sedis
643 1371 783 1405 vacantis
798 1371 883 1404 iuxta
893 1382 984 1416 prae-

226 1427 322 1461 missa
332 1427 516 1460 necessario
524 1425 678 1459 faciendis
685 1426 847 1459 dumtaxat
859 1425 984 1459 incum-

225 1482 316 1521 bere;
338 1487 367 1514 et
388 1486 559 1525 propterea
580 1492 597 1513 a
623 1480 783 1514 solutione
800 1480 982 1513 debitorum

224 1540 297 1568 ante
313 1535 478 1569 Pontificis
498 1534 622 1568 obitum
646 1539 905 1577 contractorum,
930 1540 981 1568 aut

225 1588 356 1622 illorum
364 1589 595 1629 declaratione,
606 1588 768 1621 rationum
779 1589 980 1631 solidatione,

225 1643 478 1677 extractionibus
501 1643 759 1683 frumentorum,
783 1643 983 1677 remissioni-

222 1697 283 1731 bus
303 1697 510 1737 delictorum,
534 1696 779 1731 executionibus
795 1697 984 1741 delinquen-

222 1751 303 1785 tium
316 1757 345 1785 et
355 1752 617 1796 quibuscumque
636 1751 706 1784 aliis
716 1751 982 1794 expeditionibus,

223 1812 288 1839 tam
316 1806 451 1849 gratiam
470 1816 568 1850 quam
593 1805 746 1838 iustitiam
767 1811 823 1838 aut
853 1805 982 1839 illarum

223 1860 446 1894 executionem
482 1860 727 1904 quomodolibet
761 1861 983 1894 concernenti-

224 1914 284 1948 bus
299 1914 432 1947 omnino
452 1914 624 1947 abstinere.

269 1969 283 2013 ᾗ
300 1969 353 2003 10.
377 1968 647 2002 Poenitentiarius
665 1978 741 2001 vero
762 1973 793 2001 et
813 1968 882 2001 eius
911 1969 982 2002 osti-

63 2031 210 2068 roentienua-
225 2023 322 2056 ciales
338 2027 509 2056 eatantum
526 2022 631 2054 facere
642 2027 670 2055 et
682 2022 832 2066 expedire
844 2023 979 2061 valeant,

23 2062 211 2121 ἷῑὶοῗιὲξῘιἙροῘα
225 2087 308 2121 quae
329 2076 368 2109 ad
386 2076 494 2109 sorum
516 2075 731 2108 conscientiae
753 2076 932 2118 pertine1113
952 2077 982 2109 in

23 2126 212 2184 ξζζζωξξζεῆᾞ
225 2130 359 2175 reliquis
375 2129 520 2163 officium
542 2140 656 2162 eorum
678 2129 897 2172 conquiescat.
920 2131 982 2164 Ita-

23 2190 211 2225 ¹³³¹,11ffim0‘1001-
226 2195 289 2228 que
313 2196 331 2217 a
352 2183 615 2227 quibuscumque
635 2183 929 2217 matrimonialibus
954 2191 983 2218 et

22 2222 118 2250 ‘emm'
225 2238 294 2271 aliis
305 2236 600 2282 dispensationibus
615 2248 651 2270 ac
671 2237 929 2271 absolutionibus
953 2244 983 2272 et.

225 2290 498 2325 declarationibus
511 2317 518 2329 ,
550 2301 676 2324 necnon
712 2291 879 2335 quibusvis
913 2293 982 2326 aliis

224 2345 493 2390 expeditionibus,
516 2345 639 2385 forum,
663 2345 749 2388 quod
777 2345 884 2388 aiunt,
902 2346 979 2389 fori,

225 2399 347 2433 mixtim
368 2399 415 2432 vel
428 2398 600 2442 separatim
617 2399 858 2442 quomodolibet
883 2402 983 2445 respi-

225 2448 395 2489 cientibus,
421 2448 553 2481 omnino
575 2448 764 2481 abstineant.
786 2449 938 2493 Alioquin
949 2451 981 2484 in

224 2498 355 2543 quibus,
383 2503 447 2530 tam
476 2497 673 2531 camerarius
693 2509 790 2541 quam
812 2499 981 2543 poeniten-

222 2547 337 2581 tiarius
353 2552 384 2580 et
403 2546 457 2579 alii
478 2547 646 2590 praedicti,
678 2547 773 2579 etiam
794 2548 832 2581 de
853 2548 982 2582 licentia

221 2602 277 2630 aut
288 2595 438 2629 mandato
449 2596 548 2630 totius
559 2596 701 2641 collegii,
715 2598 978 2641 contrafecerint,

224 2656 260 2680 ea
275 2645 365 2679 nulla
385 2650 425 2678 et·
443 2645 533 2678 irrita
561 2645 635 2688 sint,
658 2658 695 2680 ac
721 2647 842 2681 nemini
863 2648 980 2682 suffra-

302 2698 378 2731 Bun.
402 2697 481 2732 Rom.
503 2699 558 2730 Vol.
581 2699 637 2732 VII.
862 2700 900 2733 30

1027 347 1263 381 inobedientiae
1286 348 1443 381 rationem
1468 348 1631 382 pontificis
1648 349 1781 383 arbitrio

1026 401 1299 445 quandocumque
1320 402 1455 435 reddere
1471 408 1653 435 teneantur.
1669 403 1781 437 Literis

1027 454 1122 497 ctiam
1143 455 1261 489 nostris
1278 467 1376 500 super
1387 456 1616 489 reformatione
1628 457 1781 490 Camerae

1027 514 1057 540 et
1077 509 1346 542 Poenitentiariae
1359 510 1546 543 huiusmodi
1568 510 1660 543 editis
1672 511 1704 544 in
1721 522 1780 544 suo

1027 562 1142 595 robore
1169 563 1400 606 permansuris.

1071 617 1086 659 ξ
1110 617 1159 649 lt.
1178 617 1381 651 Datariirero
1394 618 1610 652 ministerium
1629 631 1687 663 per
1698 620 1782 653 eius-

1027 671 1099 703 dem
1109 671 1272 705 Pontificis
1288 672 1411 705 obitum
1434 673 1566 706 omnino
1587 674 1721 718 expiret,
1740 675 1781 707 ita

1028 730 1058 757 ut
1079 735 1143 757 nou
1165 726 1270 758 solum
1292 726 1380 759 datas
1405 737 1463 770 per
1483 738 1557 760 eum
1579 733 1669 761 antea
1692 734 1781 762 nota-

1027 783 1073 811 tas
1089 779 1279 811 extendendi
1301 784 1489 823 potestatem
1507 781 1639 814 minime
1652 782 1779 822 babeat,

1027 832 1082 865 sed
1096 844 1319 877 quascumque
1336 834 1588 878 supplicationes
1604 837 1781 879 gratiarum

1839 632 1915 653 [latonii
1937 632 1983 652 nm-

1797 666 1851 685 cium
1859 664 1984 684 moi-tel'on-

1797 697 1858 716 {ilicis
1875 696 1964 721 expirat.

1014 884 1057 918 'et
1073 886 1210 919 iustitiae
1231 898 1329 931 penes
1354 899 1428 920 cum
1446 895 1497 921 aut
1521 890 1590 922 eius
1620 891 1782 925 ministros

1027 939 1132 972 adhuc
1154 941 1341 981 existentes,
1369 942 1464 974 etiam
1486 943 1510 975 si
1537 944 1627 977 datae
1648 945 1779 985 fuerint,

1027 993 1164 1036 collegio
1194 994 1407 1027 cardinalium
1441 996 1558 1035 statim,
1591 998 1650 1031 sub
1678 999 1782 1042 sigillo

1027 1047 1162 1087 clausas,
1175 1053 1370 1092 praesentare
1383 1054 1565 1091 teneantur,
1577 1051 1685 1085 futuro
1701 1053 1783 1085 Pon-

1028 1100 1105 1133 tifici
1135 1102 1353 1136 reservandas.
1385 1103 1476 1142 Quod
1496 1104 1520 1136 si
1547 1112 1658 1138 contra
1687 1118 1781 1150 prae-

1028 1155 1123 1188 missa
1145 1156 1377 1200 quisquam‚ad
1394 1157 1545 1199 cuiusvis,
1569 1160 1663 1192 etiam
1681 1161 1782 1194 cardi-

1027 1209 1120 1249 nalis,
1133 1209 1326 1252 instantiam,
1344 1216 1499 1245 attentare
1515 1214 1779 1258 praesumpserit,

1027 1262 1155 1296 irritum
1182 1270 1212 1297 et
1238 1265 1334 1298 inane
1355 1266 1486 1305 existat,
1509 1272 1539 1299 et
1568 1267 1782 1301 nibilominus

1027 1318 1096 1352 salsi
1117 1318 1241 1364 crimen
1262 1319 1419 1360 incurrat,
1446 1320 1532 1354 illius
1552 1322 1710 1355 rationem
1731 1322 1781 1354 su-

1027 1378 1099 1405 turo
1120 1373 1265 1406 Pontifici
1284 1374 1480 1407 redditurus.

1070 1428 1085 1471 g
1105 1427 1157 1460 102.
1171 1428 1382 1461 Prohibentes
1398 1428 1532 1472 insuper
1547 1441 1586 1462 ne
1603 1430 1782 1464 cardinales
1796 1448 1936 1469 cirin-„imm
1961 1453 1981 1469 [¹1

1027 1488 1057 1515 et
1077 1483 1210 1527 praelati
1232 1482 1414 1525 sig-naturae
1435 1484 1612 1526 gratiarum
1634 1490 1664 1518 et
1688 1485 1779 1519 iusti-
1796 1480 1939 1506 ¹'‘“²³¹'¹¹''¹‘'¹¹¹¹
1956 1481 1982 1500 ’ψ

1796 1518 1834 1532 ΞΠἎ
1863 1520 1882 1531 tn
1910 1519 1945 1532 :A

1025 1537 1087 1569 tiae
1104 1536 1268 1580 praefecti,
1282 1536 1361 1569 Sede
1371 1543 1513 1577 vacante,
1528 1538 1781 1583 supplicationes
1796 1514 1982 1595 quffilhc'zowrssllffl

1027 1596 1057 1624 et
1072 1591 1317 1624 commissiones
1337 1592 1473 1635 aliquas,
1496 1592 1591 1626 etiam
1611 1593 1635 1626 si
1656 1594 1781 1638 suppli-
1798 1607 1845 1626 sen.
1929 1582 1982 1601 ¹⁸³

1027 1651 1146 1686 cantes,
1170 1656 1281 1689 parvas
1301 1646 1401 1686 datas,
1433 1651 1468 1679 ut
1488 1647 1587 1680 moris
1610 1654 1666 1689 est,
1690 1653 1783 1682 antea

1027 1699 1242 1741 obtinuerint,
1271 1700 1398 1744 signare
1428 1701 1571 1741 valeant,
1602 1702 1657 1735 ¹sed
1677 1703 1782 1736 officia

1026 1766 1139 1788 eorum
1153 1755 1285 1788 omnino
1302 1765 1426 1788 cessare
1443 1755 1674 1798 intelligantur.
1689 1757 1780 1796 Quod

1026 1809 1050 1842 si
1062 1809 1155 1842 aliter
1163 1809 1309 1850 fecerint,
1322 1821 1381 1853 pro
1389 1810 1572 1843 excessibus
1581 1811 1780 1851 huiusmodi,

1026 1863 1125 1896 suturi
1146 1863 1310 1897 Pontificis
1331 1864 1463 1897 arbitrio
1486 1864 1673 1908 puniantur.

1070 1912 1158 1956 3213.
1187 1913 1374 1946 Mandamus
1401 1925 1530 1958 quoque
1559 1916 1647 1958 quod
1681 1916 1780 1948 cellae

1026 1962 1186 1995 conclavis
1198 1963 1416 1996 cardinalibus
1431 1970 1516 1997 sorte
1532 1964 1780 2002 distribuantur,

1815 1932 1925 1953 Conci-aris
1942 1933 1982 1953 cel·

1799 1964 1830 1984 lae
1841 1969 1899 1985 stitit}
1916 1966 1985 1985 distri-

1026 2022 1083 2044 nec
1101 2012 1192 2045 liceat
1207 2023 1271 2053 eas,
1286 2013 1382 2045 etiam
1395 2013 1589 2046 infirmitatis
1602 2021 1780 2058 praetextu,
1798 1996 1895 2016 ‘mmm'

1025 2066 1150 2095 mutare
1165 2089 1172 2098 ,
1203 2067 1255 2095 aut
1278 2062 1418 2107 desuper
1438 2063 1629 2103 aedificare,
1652 2065 1700 2097 vcl
1714 2064 1782 2097 illas

1025 2110 1171 2151 dilatare,
1199 2112 1254 2144 sed
1275 2112 1422 2156 quilibet,
1446 2113 1542 2145 etiam
1566 2114 1720 2154 decanus,
1744 2114 1780 2149 sit

1025 2171 1082 2193 sua
1098 2166 1183 2194 sorte
1199 2166 1380 2195 contentus.

1068 2211 1160 2254 gili.
1193 2211 1267 2245 Post
1300 2211 1459 2244 conclavis
1492 2223 1567 2246 vero
1600 2213 1781 2256 ingressum
1838 2235 1895 2261 ,md
1928 2241 1981 2255 00„-

1024 2261 1198 2294 indicimus
1223 2262 1235 2289 r1
1259 2266 1289 2294 et
1304 2272 1452 2305 expresse
1475 2262 1702 2305 prohibemus,
1722 2265 1781 2297 sub
1797 2265 1855 2316 ⁰¹³J⁰
1887 2265 1981 2307 ΡῆΜ-Ἶῦ

1025 2310 1206 2344 officiorum
1219 2316 1249 2344 et
1260 2312 1494 2345 beneficiorum
1509 2312 1694 2356 privationis
1707 2326 1780 2358 poe-
1796 2303 1923 2350 iiheiiiii‘u'
1936 2304 1981 2324 ¹³¹⁰-

1024 2371 1082 2400 na‚
1108 2366 1203 2405 atquc
1226 2361 1321 2394 etiam
1343 2361 1402 2394 sub
1423 2361 1484 2394 alia
1504 2362 1638 2395 arbitrio
1659 2364 1778 2406 guber-

1024 2410 1155 2451 natoris,
1179 2411 1216 2443 ad
1239 2411 1417 2444 custodiam
1444 2412 1603 2445 conclavis
1631 2413 1779 2456 deputari

1025 2459 1120 2499 soliti,
1135 2460 1320 2503 infligenda,
1335 2471 1374 2493 ne
1387 2460 1459 2504 quis
1478 2460 1661 2495 immediate
1682 2474 1777 2506 supra

1023 2513 1079 2542 aut
1098 2509 1180 2542 infra
1215 2510 1365 2543 conclave
1391 2521 1447 2542 seu
1468 2521 1485 2543 a
1510 2511 1665 2545 lateribus
1685 2513 1776 2545 liabi-

1023 2564 1090 2592 tare
1110 2560 1157 2592 vel
1185 2559 1305 2593 morari
1336 2559 1443 2603 possit.
1472 2560 1559 2600 Quae
1584 2561 1655 2595 loca
1676 2563 1776 2596 muris

1023 2608 1130 2642 claudi
1150 2614 1181 2642 et
1199 2620 1216 2642 a
1238 2609 1496 2654 praesidentibus
1516 2611 1680 2644 custodiae
1702 2622 1777 2645 con-

1059 2664 1071 2690 1
1092 2664 1289 2694 Inter-dicimus,
1311 2662 1427 2691 Cherub.
1451 2663 1490 2700 (n.
1511 2663 1560 2700 T.).
