<?xml version="1.0" encoding="UTF-8"?>
<!DOCTYPE html PUBLIC "-//W3C//DTD XHTML 1.0 Transitional//EN"
    "http://www.w3.org/TR/xhtml1/DTD/xhtml1-transitional.dtd">
<html xmlns="http://www.w3.org/1999/xhtml" xml:lang="en" lang="en">
 <head>
  <title>
</title>
<meta http-equiv="Content-Type" content="text/html;charset=utf-8" />
  <meta name='ocr-system' content='tesseract 3.04.00' />
  <meta name='ocr-capabilities' content='ocr_page ocr_carea ocr_par ocr_line ocrx_word'/>
</head>
<body>
  <div class='ocr_page' id='page_1' title='image "./bullarumdiplomat07cath_0472.png"; bbox 0 0 2237 3100; ppageno 0'>
   <div class='ocr_carea' id='block_1_1' title="bbox 188 272 372 300">
    <p class='ocr_par' dir='ltr' id='par_1_1' title="bbox 188 272 372 300">
     <span class='ocr_line' id='line_1_1' title="bbox 188 272 372 300; baseline 0.005 -1"><span class='ocrx_word' id='word_1_1' title='bbox 188 272 237 299; x_wconf 85' lang='lat' dir='ltr'>An.</span> <span class='ocrx_word' id='word_1_2' title='bbox 256 272 283 299; x_wconf 91' lang='lat' dir='ltr'>C.</span> <span class='ocrx_word' id='word_1_3' title='bbox 305 272 372 300; x_wconf 74' lang='lat'>1565</span> 
     </span>
    </p>
   </div>
   <div class='ocr_carea' id='block_1_2' title="bbox 213 331 372 358">
    <p class='ocr_par' dir='ltr' id='par_1_2' title="bbox 213 331 372 358">
     <span class='ocr_line' id='line_1_2' title="bbox 213 331 372 358; baseline 0.006 -7"><span class='ocrx_word' id='word_1_4' title='bbox 213 331 324 358; x_wconf 77' lang='lat' dir='ltr'>Deputatio</span> <span class='ocrx_word' id='word_1_5' title='bbox 339 338 372 353; x_wconf 78' lang='lat' dir='ltr'>ca-</span> 
     </span>
    </p>
   </div>
   <div class='ocr_carea' id='block_1_3' title="bbox 186 364 401 387">
    <p class='ocr_par' dir='ltr' id='par_1_3' title="bbox 186 364 401 387">
     <span class='ocr_line' id='line_1_3' title="bbox 186 364 401 387; baseline 0.005 -4"><span class='ocrx_word' id='word_1_6' title='bbox 186 364 269 383; x_wconf 75' lang='lat' dir='ltr'>merarii</span> <span class='ocrx_word' id='word_1_7' title='bbox 290 369 372 384; x_wconf 67' lang='lat' dir='ltr'>exet-u&lt;</span> <span class='ocrx_word' id='word_1_8' title='bbox 394 381 401 387; x_wconf 66' lang='grc'>,</span> 
     </span>
    </p>
   </div>
   <div class='ocr_carea' id='block_1_4' title="bbox 186 395 371 445">
    <p class='ocr_par' dir='ltr' id='par_1_4' title="bbox 186 395 371 445">
     <span class='ocr_line' id='line_1_4' title="bbox 186 395 371 415; baseline 0.005 -2"><span class='ocrx_word' id='word_1_9' title='bbox 186 395 238 414; x_wconf 80' lang='lat' dir='ltr'>toris</span> <span class='ocrx_word' id='word_1_10' title='bbox 303 395 371 415; x_wconf 67' lang='lat' dir='ltr'>dictae</span> 
     </span>
     <span class='ocr_line' id='line_1_5' title="bbox 187 426 352 445; baseline 0 0"><span class='ocrx_word' id='word_1_11' title='bbox 187 426 352 445; x_wconf 65' lang='lat' dir='ltr'>constitutionis.</span> 
     </span>
    </p>
   </div>
   <div class='ocr_carea' id='block_1_5' title="bbox 189 1825 371 1876">
    <p class='ocr_par' dir='ltr' id='par_1_5' title="bbox 189 1825 371 1876">
     <span class='ocr_line' id='line_1_6' title="bbox 189 1825 371 1850; baseline 0.005 -6"><span class='ocrx_word' id='word_1_12' title='bbox 189 1825 300 1850; x_wconf 66' lang='lat' dir='ltr'>tlerogatio</span> <span class='ocrx_word' id='word_1_13' title='bbox 317 1830 371 1845; x_wconf 74' lang='lat' dir='ltr'>cou-</span> 
     </span>
     <span class='ocr_line' id='line_1_7' title="bbox 189 1859 306 1876; baseline -0.009 -1"><span class='ocrx_word' id='word_1_14' title='bbox 189 1859 306 1876; x_wconf 71' lang='lat' dir='ltr'>[lariorum.</span> 
     </span>
    </p>
   </div>
   <div class='ocr_carea' id='block_1_6' title="bbox 189 2027 372 2088">
    <p class='ocr_par' dir='ltr' id='par_1_6' title="bbox 189 2027 372 2088">
     <span class='ocr_line' id='line_1_8' title="bbox 201 2027 372 2060; baseline 0 -5"><span class='ocrx_word' id='word_1_15' title='bbox 201 2035 249 2055; x_wconf 63' lang='lat' dir='ltr'>Sota</span> <span class='ocrx_word' id='word_1_16' title='bbox 265 2027 372 2060; x_wconf 64' lang='lat' dir='ltr'>&lt;ignauum</span> 
     </span>
     <span class='ocr_line' id='line_1_9' title="bbox 189 2067 272 2088; baseline 0.012 -3"><span class='ocrx_word' id='word_1_17' title='bbox 189 2067 272 2088; x_wconf 63' lang='lat' dir='ltr'>sums-it.</span> 
     </span>
    </p>
   </div>
   <div class='ocr_carea' id='block_1_7' title="bbox 429 263 495 297">
    <p class='ocr_par' dir='ltr' id='par_1_7' title="bbox 429 263 495 297">
     <span class='ocr_line' id='line_1_10' title="bbox 429 263 495 297; baseline 0 0"><span class='ocrx_word' id='word_1_18' title='bbox 429 263 495 297; x_wconf 72' lang='lat'>422</span> 
     </span>
    </p>
   </div>
   <div class='ocr_carea' id='block_1_8' title="bbox 388 325 1140 422">
    <p class='ocr_par' dir='ltr' id='par_1_8' title="bbox 388 325 1140 422">
     <span class='ocr_line' id='line_1_11' title="bbox 388 325 1140 370; baseline 0 -13"><span class='ocrx_word' id='word_1_19' title='bbox 388 336 615 370; x_wconf 52' lang='lat' dir='ltr'>(Flaccumque</span> <span class='ocrx_word' id='word_1_20' title='bbox 631 335 706 359; x_wconf 81' lang='lat' dir='ltr'>suos</span> <span class='ocrx_word' id='word_1_21' title='bbox 722 325 885 370; x_wconf 82' lang='lat' dir='ltr'>plenarios</span> <span class='ocrx_word' id='word_1_22' title='bbox 899 335 935 358; x_wconf 87' lang='lat' dir='ltr'>ae</span> <span class='ocrx_word' id='word_1_23' title='bbox 955 325 1079 369; x_wconf 83' lang='lat' dir='ltr'>debitos</span> <span class='ocrx_word' id='word_1_24' title='bbox 1099 326 1140 357; x_wconf 85' lang='lat' dir='ltr'>el&#39;-</span> 
     </span>
     <span class='ocr_line' id='line_1_12' title="bbox 388 378 1139 422; baseline -0.004 -9"><span class='ocrx_word' id='word_1_25' title='bbox 388 383 490 413; x_wconf 84' lang='lat' dir='ltr'>lectus</span> <span class='ocrx_word' id='word_1_26' title='bbox 500 380 605 414; x_wconf 88' lang='lat' dir='ltr'>sortiri</span> <span class='ocrx_word' id='word_1_27' title='bbox 618 379 796 422; x_wconf 76' lang='lat' dir='ltr'>cupientes,</span> <span class='ocrx_word' id='word_1_28' title='bbox 810 378 926 411; x_wconf 85' lang='lat' dir='ltr'>dilecto</span> <span class='ocrx_word' id='word_1_29' title='bbox 947 378 1013 410; x_wconf 82' lang='lat' dir='ltr'>tilio</span> <span class='ocrx_word' id='word_1_30' title='bbox 1029 384 1139 411; x_wconf 87' lang='lat' dir='ltr'>nostro</span> 
     </span>
    </p>
   </div>
   <div class='ocr_carea' id='block_1_9' title="bbox 387 431 1173 473">
    <p class='ocr_par' dir='ltr' id='par_1_9' title="bbox 387 431 1173 473">
     <span class='ocr_line' id='line_1_13' title="bbox 387 431 1173 473; baseline -0.001 -9"><span class='ocrx_word' id='word_1_31' title='bbox 387 432 558 473; x_wconf 66' lang='lat' dir='ltr'>Vitellotio,</span> <span class='ocrx_word' id='word_1_32' title='bbox 581 433 613 466; x_wconf 89' lang='lat' dir='ltr'>S.</span> <span class='ocrx_word' id='word_1_33' title='bbox 642 432 758 464; x_wconf 83' lang='lat' dir='ltr'>Mariae</span> <span class='ocrx_word' id='word_1_34' title='bbox 778 431 811 463; x_wconf 88' lang='lat' dir='ltr'>in</span> <span class='ocrx_word' id='word_1_35' title='bbox 832 431 976 463; x_wconf 65' lang='lat' dir='ltr'>Via-Lata</span> <span class='ocrx_word' id='word_1_36' title='bbox 1003 431 1139 464; x_wconf 85' lang='lat' dir='ltr'>diacono</span> <span class='ocrx_word' id='word_1_37' title='bbox 1170 442 1173 445; x_wconf 84' lang='lat'><strong>·</strong></span> 
     </span>
    </p>
   </div>
   <div class='ocr_carea' id='block_1_10' title="bbox 383 485 1142 2395">
    <p class='ocr_par' dir='ltr' id='par_1_10' title="bbox 383 485 1142 1755">
     <span class='ocr_line' id='line_1_14' title="bbox 387 485 1139 526; baseline -0.005 -7"><span class='ocrx_word' id='word_1_38' title='bbox 387 486 541 519; x_wconf 76' lang='lat' dir='ltr'>cardinali</span> <span class='ocrx_word' id='word_1_39' title='bbox 572 485 695 518; x_wconf 62' lang='lat' dir='ltr'>Vitellio</span> <span class='ocrx_word' id='word_1_40' title='bbox 729 489 938 526; x_wconf 80' lang='lat' dir='ltr'>nuncupato,</span> <span class='ocrx_word' id='word_1_41' title='bbox 966 490 1076 517; x_wconf 86' lang='lat' dir='ltr'>nostro</span> <span class='ocrx_word' id='word_1_42' title='bbox 1103 494 1139 516; x_wconf 86' lang='lat' dir='ltr'>ae</span> 
     </span>
     <span class='ocr_line' id='line_1_15' title="bbox 386 537 1138 572; baseline -0.003 -1"><span class='ocrx_word' id='word_1_43' title='bbox 386 539 530 572; x_wconf 83' lang='lat' dir='ltr'>eiusdem</span> <span class='ocrx_word' id='word_1_44' title='bbox 552 544 679 571; x_wconf 83' lang='lat' dir='ltr'>sanetae</span> <span class='ocrx_word' id='word_1_45' title='bbox 710 537 872 570; x_wconf 76' lang='lat' dir='ltr'>Romanae</span> <span class='ocrx_word' id='word_1_46' title='bbox 900 537 1061 570; x_wconf 74' lang='lat' dir='ltr'>Ecclesiae</span> <span class='ocrx_word' id='word_1_47' title='bbox 1086 548 1138 570; x_wconf 82' lang='lat' dir='ltr'>cu-</span> 
     </span>
     <span class='ocr_line' id='line_1_16' title="bbox 388 589 1141 635; baseline -0.004 -11"><span class='ocrx_word' id='word_1_48' title='bbox 388 592 539 631; x_wconf 85' lang='lat' dir='ltr'>merario,</span> <span class='ocrx_word' id='word_1_49' title='bbox 562 602 620 635; x_wconf 84' lang='lat' dir='ltr'>per</span> <span class='ocrx_word' id='word_1_50' title='bbox 630 590 807 633; x_wconf 76' lang='lat' dir='ltr'>apostoliea</span> <span class='ocrx_word' id='word_1_51' title='bbox 822 589 941 633; x_wconf 79' lang='lat' dir='ltr'>scripta</span> <span class='ocrx_word' id='word_1_52' title='bbox 950 590 1141 623; x_wconf 83' lang='lat' dir='ltr'>mandamus</span> 
     </span>
     <span class='ocr_line' id='line_1_17' title="bbox 386 643 1138 687; baseline -0.001 -11"><span class='ocrx_word' id='word_1_53' title='bbox 386 650 556 687; x_wconf 75' lang='lat' dir='ltr'>quatenus,</span> <span class='ocrx_word' id='word_1_54' title='bbox 579 644 610 676; x_wconf 90' lang='lat' dir='ltr'>in</span> <span class='ocrx_word' id='word_1_55' title='bbox 639 645 756 677; x_wconf 67' lang='lat' dir='ltr'>virtute</span> <span class='ocrx_word' id='word_1_56' title='bbox 776 648 904 676; x_wconf 82' lang='lat' dir='ltr'>sanctae</span> <span class='ocrx_word' id='word_1_57' title='bbox 925 643 1138 683; x_wconf 85' lang='lat' dir='ltr'>obedientiae,</span> 
     </span>
     <span class='ocr_line' id='line_1_18' title="bbox 387 696 1139 740; baseline -0.001 -10"><span class='ocrx_word' id='word_1_58' title='bbox 387 699 465 740; x_wconf 76' lang='lat' dir='ltr'>ipse,</span> <span class='ocrx_word' id='word_1_59' title='bbox 484 697 580 730; x_wconf 87' lang='lat' dir='ltr'>etiam</span> <span class='ocrx_word' id='word_1_60' title='bbox 602 698 686 730; x_wconf 90' lang='lat' dir='ltr'>ultra</span> <span class='ocrx_word' id='word_1_61' title='bbox 706 696 903 730; x_wconf 77' lang='lat' dir='ltr'>ordinariam</span> <span class='ocrx_word' id='word_1_62' title='bbox 925 697 974 729; x_wconf 86' lang='lat' dir='ltr'>sui</span> <span class='ocrx_word' id='word_1_63' title='bbox 995 707 1139 729; x_wconf 82' lang='lat' dir='ltr'>eamera-</span> 
     </span>
     <span class='ocr_line' id='line_1_19' title="bbox 386 749 1139 794; baseline -0.001 -12"><span class='ocrx_word' id='word_1_64' title='bbox 386 750 589 794; x_wconf 65' lang='lat' dir='ltr'>i·iatus[officii</span> <span class='ocrx_word' id='word_1_65' title='bbox 602 750 798 791; x_wconf 84' lang='lat' dir='ltr'>facultatem,</span> <span class='ocrx_word' id='word_1_66' title='bbox 811 760 908 793; x_wconf 81' lang='lat' dir='ltr'>perse</span> <span class='ocrx_word' id='word_1_67' title='bbox 917 750 965 783; x_wconf 80' lang='lat' dir='ltr'>vel</span> <span class='ocrx_word' id='word_1_68' title='bbox 975 749 1074 783; x_wconf 87' lang='lat' dir='ltr'>alium</span> <span class='ocrx_word' id='word_1_69' title='bbox 1084 760 1139 782; x_wconf 87' lang='lat' dir='ltr'>seu</span> 
     </span>
     <span class='ocr_line' id='line_1_20' title="bbox 384 803 1140 848; baseline 0 -13"><span class='ocrx_word' id='word_1_70' title='bbox 384 803 476 843; x_wconf 82' lang='lat' dir='ltr'>alios,</span> <span class='ocrx_word' id='word_1_71' title='bbox 502 803 610 837; x_wconf 82' lang='lat' dir='ltr'>literas</span> <span class='ocrx_word' id='word_1_72' title='bbox 621 803 801 848; x_wconf 84' lang='lat' dir='ltr'>praedictas</span> <span class='ocrx_word' id='word_1_73' title='bbox 820 814 857 835; x_wconf 85' lang='lat' dir='ltr'>ac</span> <span class='ocrx_word' id='word_1_74' title='bbox 878 803 909 835; x_wconf 88' lang='lat' dir='ltr'>in</span> <span class='ocrx_word' id='word_1_75' title='bbox 926 803 971 836; x_wconf 90' lang='lat' dir='ltr'>eis</span> <span class='ocrx_word' id='word_1_76' title='bbox 991 808 1140 836; x_wconf 87' lang='lat' dir='ltr'>contenta</span> 
     </span>
     <span class='ocr_line' id='line_1_21' title="bbox 384 856 1138 908; baseline -0.001 -19"><span class='ocrx_word' id='word_1_77' title='bbox 384 867 622 900; x_wconf 84' lang='lat' dir='ltr'>quaecumque,</span> <span class='ocrx_word' id='word_1_78' title='bbox 650 856 711 908; x_wconf 48' lang='lat' dir='ltr'>ubi⁵</span> <span class='ocrx_word' id='word_1_79' title='bbox 725 862 756 889; x_wconf 91' lang='lat' dir='ltr'>et</span> <span class='ocrx_word' id='word_1_80' title='bbox 775 856 905 899; x_wconf 85' lang='lat' dir='ltr'>quando</span> <span class='ocrx_word' id='word_1_81' title='bbox 934 867 1015 900; x_wconf 85' lang='lat' dir='ltr'>opus</span> <span class='ocrx_word' id='word_1_82' title='bbox 1033 856 1138 896; x_wconf 79' lang='lat' dir='ltr'>fuerit,</span> 
     </span>
     <span class='ocr_line' id='line_1_22' title="bbox 383 909 1140 953; baseline 0.001 -12"><span class='ocrx_word' id='word_1_83' title='bbox 383 909 761 953; x_wconf 85' lang='lat' dir='ltr'>soleinniterpublicans,</span> <span class='ocrx_word' id='word_1_84' title='bbox 773 909 1064 942; x_wconf 85' lang='lat' dir='ltr'>saciatauctoritate</span> <span class='ocrx_word' id='word_1_85' title='bbox 1085 920 1140 942; x_wconf 90' lang='lat' dir='ltr'>no-</span> 
     </span>
     <span class='ocr_line' id='line_1_23' title="bbox 384 962 1140 1006; baseline 0 -11"><span class='ocrx_word' id='word_1_86' title='bbox 384 969 449 995; x_wconf 78' lang='lat' dir='ltr'>stra</span> <span class='ocrx_word' id='word_1_87' title='bbox 469 962 648 996; x_wconf 75' lang='lat' dir='ltr'>executioni</span> <span class='ocrx_word' id='word_1_88' title='bbox 669 962 794 996; x_wconf 82' lang='lat' dir='ltr'>debitae</span> <span class='ocrx_word' id='word_1_89' title='bbox 804 962 1004 1003; x_wconf 85' lang='lat' dir='ltr'>demandari,</span> <span class='ocrx_word' id='word_1_90' title='bbox 1023 963 1140 1006; x_wconf 82' lang='lat' dir='ltr'>illaque</span> 
     </span>
     <span class='ocr_line' id='line_1_24' title="bbox 386 1015 1140 1059; baseline 0.001 -12"><span class='ocrx_word' id='word_1_91' title='bbox 386 1015 522 1048; x_wconf 85' lang='lat' dir='ltr'>tirmiter</span> <span class='ocrx_word' id='word_1_92' title='bbox 542 1022 572 1049; x_wconf 88' lang='lat' dir='ltr'>et</span> <span class='ocrx_word' id='word_1_93' title='bbox 587 1016 778 1049; x_wconf 79' lang='lat' dir='ltr'>inconcusse</span> <span class='ocrx_word' id='word_1_94' title='bbox 799 1016 1049 1049; x_wconf 73' lang='lat' dir='ltr'>observm·i.N0n</span> <span class='ocrx_word' id='word_1_95' title='bbox 1066 1027 1140 1059; x_wconf 86' lang='lat' dir='ltr'>per-</span> 
     </span>
     <span class='ocr_line' id='line_1_25' title="bbox 387 1069 1140 1112; baseline 0 -11"><span class='ocrx_word' id='word_1_96' title='bbox 387 1069 514 1102; x_wconf 87' lang='lat' dir='ltr'>mittens</span> <span class='ocrx_word' id='word_1_97' title='bbox 534 1070 648 1103; x_wconf 82' lang='lat' dir='ltr'>Sedem</span> <span class='ocrx_word' id='word_1_98' title='bbox 675 1076 704 1103; x_wconf 90' lang='lat' dir='ltr'>et</span> <span class='ocrx_word' id='word_1_99' title='bbox 729 1070 896 1103; x_wconf 86' lang='lat' dir='ltr'>Cameram</span> <span class='ocrx_word' id='word_1_100' title='bbox 917 1070 1076 1112; x_wconf 76' lang='lat' dir='ltr'>praefatas</span> <span class='ocrx_word' id='word_1_101' title='bbox 1105 1080 1140 1102; x_wconf 87' lang='lat' dir='ltr'>ae</span> 
     </span>
     <span class='ocr_line' id='line_1_26' title="bbox 385 1122 1141 1167; baseline 0 -12"><span class='ocrx_word' id='word_1_102' title='bbox 385 1133 444 1166; x_wconf 88' lang='lat' dir='ltr'>pro</span> <span class='ocrx_word' id='word_1_103' title='bbox 462 1123 507 1156; x_wconf 87' lang='lat' dir='ltr'>eis</span> <span class='ocrx_word' id='word_1_104' title='bbox 523 1130 653 1166; x_wconf 71' lang='lat' dir='ltr'>agentes</span> <span class='ocrx_word' id='word_1_105' title='bbox 668 1134 903 1167; x_wconf 84' lang='lat' dir='ltr'>quoscumque,</span> <span class='ocrx_word' id='word_1_106' title='bbox 916 1122 1141 1156; x_wconf 80' lang='lat' dir='ltr'>eontralitera-</span> 
     </span>
     <span class='ocr_line' id='line_1_27' title="bbox 386 1176 1140 1217; baseline 0.001 -9"><span class='ocrx_word' id='word_1_107' title='bbox 386 1187 458 1208; x_wconf 88' lang='lat' dir='ltr'>rum</span> <span class='ocrx_word' id='word_1_108' title='bbox 485 1178 673 1210; x_wconf 83' lang='lat' dir='ltr'>earumdem</span> <span class='ocrx_word' id='word_1_109' title='bbox 694 1183 852 1217; x_wconf 86' lang='lat' dir='ltr'>tenorem,</span> <span class='ocrx_word' id='word_1_110' title='bbox 875 1176 1014 1209; x_wconf 77' lang='lat' dir='ltr'>indebite</span> <span class='ocrx_word' id='word_1_111' title='bbox 1040 1176 1140 1209; x_wconf 84' lang='lat' dir='ltr'>inole-</span> 
     </span>
     <span class='ocr_line' id='line_1_28' title="bbox 387 1229 1139 1274; baseline -0.001 -12"><span class='ocrx_word' id='word_1_112' title='bbox 387 1230 474 1263; x_wconf 87' lang='lat' dir='ltr'>stari.</span> <span class='ocrx_word' id='word_1_113' title='bbox 497 1229 755 1264; x_wconf 87' lang='lat' dir='ltr'>Contradietores</span> <span class='ocrx_word' id='word_1_114' title='bbox 767 1229 927 1274; x_wconf 86' lang='lat' dir='ltr'>quoslihet</span> <span class='ocrx_word' id='word_1_115' title='bbox 941 1235 969 1263; x_wconf 88' lang='lat' dir='ltr'>et</span> <span class='ocrx_word' id='word_1_116' title='bbox 990 1230 1139 1270; x_wconf 76' lang='lat' dir='ltr'>rebelles,</span> 
     </span>
     <span class='ocr_line' id='line_1_29' title="bbox 386 1282 1140 1327; baseline -0.001 -12"><span class='ocrx_word' id='word_1_117' title='bbox 386 1283 552 1327; x_wconf 83' lang='lat' dir='ltr'>literisque</span> <span class='ocrx_word' id='word_1_118' title='bbox 563 1284 735 1327; x_wconf 82' lang='lat' dir='ltr'>praedictis</span> <span class='ocrx_word' id='word_1_119' title='bbox 746 1282 1033 1322; x_wconf 73' lang='lat' dir='ltr'>contravenientes,</span> <span class='ocrx_word' id='word_1_120' title='bbox 1045 1282 1140 1315; x_wconf 86' lang='lat' dir='ltr'>etiam</span> 
     </span>
     <span class='ocr_line' id='line_1_30' title="bbox 386 1336 1142 1380; baseline 0.001 -12"><span class='ocrx_word' id='word_1_121' title='bbox 386 1342 497 1369; x_wconf 84' lang='lat' dir='ltr'>eontra</span> <span class='ocrx_word' id='word_1_122' title='bbox 517 1347 572 1370; x_wconf 83' lang='lat' dir='ltr'>eos</span> <span class='ocrx_word' id='word_1_123' title='bbox 600 1348 697 1370; x_wconf 90' lang='lat' dir='ltr'>manu</span> <span class='ocrx_word' id='word_1_124' title='bbox 733 1337 818 1380; x_wconf 76' lang='lat' dir='ltr'>regia</span> <span class='ocrx_word' id='word_1_125' title='bbox 846 1347 882 1369; x_wconf 87' lang='lat' dir='ltr'>ac</span> <span class='ocrx_word' id='word_1_126' title='bbox 902 1336 1092 1380; x_wconf 76' lang='lat' dir='ltr'>simpliciter</span> <span class='ocrx_word' id='word_1_127' title='bbox 1112 1342 1142 1369; x_wconf 87' lang='lat' dir='ltr'>et</span> 
     </span>
     <span class='ocr_line' id='line_1_31' title="bbox 387 1389 1140 1434; baseline -0.001 -12"><span class='ocrx_word' id='word_1_128' title='bbox 387 1390 426 1423; x_wconf 88' lang='lat' dir='ltr'>de</span> <span class='ocrx_word' id='word_1_129' title='bbox 447 1390 556 1432; x_wconf 84' lang='lat' dir='ltr'>plano,</span> <span class='ocrx_word' id='word_1_130' title='bbox 578 1401 615 1423; x_wconf 84' lang='lat' dir='ltr'>ac</span> <span class='ocrx_word' id='word_1_131' title='bbox 640 1391 708 1424; x_wconf 88' lang='lat' dir='ltr'>sine</span> <span class='ocrx_word' id='word_1_132' title='bbox 729 1389 866 1434; x_wconf 85' lang='lat' dir='ltr'>strepitu</span> <span class='ocrx_word' id='word_1_133' title='bbox 886 1396 916 1422; x_wconf 88' lang='lat' dir='ltr'>et</span> <span class='ocrx_word' id='word_1_134' title='bbox 936 1390 1039 1433; x_wconf 67' lang='lat' dir='ltr'>figura</span> <span class='ocrx_word' id='word_1_135' title='bbox 1056 1389 1140 1422; x_wconf 86' lang='lat' dir='ltr'>iudi-</span> 
     </span>
     <span class='ocr_line' id='line_1_32' title="bbox 386 1443 1139 1487; baseline 0.003 -13"><span class='ocrx_word' id='word_1_136' title='bbox 386 1443 439 1482; x_wconf 84' lang='lat' dir='ltr'>cii,</span> <span class='ocrx_word' id='word_1_137' title='bbox 449 1443 581 1486; x_wconf 82' lang='lat' dir='ltr'>solaque</span> <span class='ocrx_word' id='word_1_138' title='bbox 593 1444 775 1477; x_wconf 77' lang='lat' dir='ltr'>reiveritate</span> <span class='ocrx_word' id='word_1_139' title='bbox 788 1444 1139 1487; x_wconf 81' lang='lat' dir='ltr'>inspecta,procedens,</span> 
     </span>
     <span class='ocr_line' id='line_1_33' title="bbox 386 1497 1141 1541; baseline 0.001 -12"><span class='ocrx_word' id='word_1_140' title='bbox 386 1507 444 1541; x_wconf 86' lang='lat' dir='ltr'>per</span> <span class='ocrx_word' id='word_1_141' title='bbox 464 1506 615 1530; x_wconf 83' lang='lat' dir='ltr'>censuras</span> <span class='ocrx_word' id='word_1_142' title='bbox 643 1503 673 1530; x_wconf 88' lang='lat' dir='ltr'>et</span> <span class='ocrx_word' id='word_1_143' title='bbox 693 1508 813 1541; x_wconf 81' lang='lat' dir='ltr'>poenas</span> <span class='ocrx_word' id='word_1_144' title='bbox 837 1497 1082 1534; x_wconf 80' lang='lat' dir='ltr'>ecclesiasticas,</span> <span class='ocrx_word' id='word_1_145' title='bbox 1104 1508 1141 1530; x_wconf 86' lang='lat' dir='ltr'>ac</span> 
     </span>
     <span class='ocr_line' id='line_1_34' title="bbox 385 1550 1140 1594; baseline 0 -11"><span class='ocrx_word' id='word_1_146' title='bbox 385 1550 480 1583; x_wconf 86' lang='lat' dir='ltr'>etiam</span> <span class='ocrx_word' id='word_1_147' title='bbox 491 1550 706 1594; x_wconf 80' lang='lat' dir='ltr'>pecuniarias,</span> <span class='ocrx_word' id='word_1_148' title='bbox 717 1551 786 1583; x_wconf 86' lang='lat' dir='ltr'>eius</span> <span class='ocrx_word' id='word_1_149' title='bbox 799 1550 932 1584; x_wconf 86' lang='lat' dir='ltr'>arbitrio</span> <span class='ocrx_word' id='word_1_150' title='bbox 941 1551 1140 1593; x_wconf 81' lang='lat' dir='ltr'>infligendas,</span> 
     </span>
     <span class='ocr_line' id='line_1_35' title="bbox 385 1604 1141 1648; baseline 0.003 -12"><span class='ocrx_word' id='word_1_151' title='bbox 385 1605 596 1637; x_wconf 82' lang='lat' dir='ltr'>moderandas</span> <span class='ocrx_word' id='word_1_152' title='bbox 617 1610 647 1638; x_wconf 88' lang='lat' dir='ltr'>et</span> <span class='ocrx_word' id='word_1_153' title='bbox 669 1604 889 1648; x_wconf 74' lang='lat' dir='ltr'>applicandaS,</span> <span class='ocrx_word' id='word_1_154' title='bbox 910 1604 997 1638; x_wconf 91' lang='lat' dir='ltr'>omni</span> <span class='ocrx_word' id='word_1_155' title='bbox 1014 1610 1043 1637; x_wconf 82' lang='lat' dir='ltr'>et</span> <span class='ocrx_word' id='word_1_156' title='bbox 1064 1615 1141 1648; x_wconf 82' lang='lat' dir='ltr'>qua-</span> 
     </span>
     <span class='ocr_line' id='line_1_36' title="bbox 385 1657 1141 1702; baseline 0.001 -11"><span class='ocrx_word' id='word_1_157' title='bbox 385 1668 525 1701; x_wconf 80' lang='lat' dir='ltr'>cumque</span> <span class='ocrx_word' id='word_1_158' title='bbox 546 1657 762 1702; x_wconf 74' lang='lat' dir='ltr'>appellatione</span> <span class='ocrx_word' id='word_1_159' title='bbox 783 1663 813 1691; x_wconf 89' lang='lat' dir='ltr'>et</span> <span class='ocrx_word' id='word_1_160' title='bbox 834 1658 1071 1691; x_wconf 85' lang='lat' dir='ltr'>reclamatione</span> <span class='ocrx_word' id='word_1_161' title='bbox 1093 1669 1141 1692; x_wconf 91' lang='lat' dir='ltr'>re-</span> 
     </span>
     <span class='ocr_line' id='line_1_37' title="bbox 386 1712 754 1755; baseline 0 -12"><span class='ocrx_word' id='word_1_162' title='bbox 386 1716 483 1752; x_wconf 86' lang='lat' dir='ltr'>mota,</span> <span class='ocrx_word' id='word_1_163' title='bbox 507 1712 754 1755; x_wconf 85' lang='lat' dir='ltr'>compescendo.</span> 
     </span>
    </p>

    <p class='ocr_par' dir='ltr' id='par_1_11' title="bbox 386 1764 1141 1968">
     <span class='ocr_line' id='line_1_38' title="bbox 429 1764 1138 1807; baseline 0.003 -11"><span class='ocrx_word' id='word_1_164' title='bbox 429 1765 444 1807; x_wconf 60' lang='grc' dir='ltr'><strong>ξ</strong></span> <span class='ocrx_word' id='word_1_165' title='bbox 464 1764 494 1797; x_wconf 71' lang='lat'>2.</span> <span class='ocrx_word' id='word_1_166' title='bbox 517 1764 587 1798; x_wconf 88' lang='lat' dir='ltr'>Non</span> <span class='ocrx_word' id='word_1_167' title='bbox 608 1764 807 1798; x_wconf 74' lang='lat' dir='ltr'>obstantibus</span> <span class='ocrx_word' id='word_1_168' title='bbox 822 1764 861 1797; x_wconf 90' lang='lat' dir='ltr'>de</span> <span class='ocrx_word' id='word_1_169' title='bbox 878 1775 941 1797; x_wconf 88' lang='lat' dir='ltr'>una</span> <span class='ocrx_word' id='word_1_170' title='bbox 962 1765 1138 1805; x_wconf 85' lang='lat' dir='ltr'>etduabus,</span> 
     </span>
     <span class='ocr_line' id='line_1_39' title="bbox 386 1817 1141 1861; baseline 0.001 -11"><span class='ocrx_word' id='word_1_171' title='bbox 386 1822 569 1851; x_wconf 83' lang='lat' dir='ltr'>nontamen</span> <span class='ocrx_word' id='word_1_172' title='bbox 582 1818 683 1850; x_wconf 87' lang='lat' dir='ltr'>tribus</span> <span class='ocrx_word' id='word_1_173' title='bbox 694 1817 817 1857; x_wconf 86' lang='lat' dir='ltr'>diaetis,</span> <span class='ocrx_word' id='word_1_174' title='bbox 835 1817 970 1861; x_wconf 83' lang='lat' dir='ltr'>aliisque</span> <span class='ocrx_word' id='word_1_175' title='bbox 986 1818 1141 1852; x_wconf 85' lang='lat' dir='ltr'>constitu-</span> 
     </span>
     <span class='ocr_line' id='line_1_40' title="bbox 387 1870 1139 1915; baseline 0.004 -12"><span class='ocrx_word' id='word_1_176' title='bbox 387 1870 527 1903; x_wconf 87' lang='lat' dir='ltr'>tionibus</span> <span class='ocrx_word' id='word_1_177' title='bbox 547 1877 577 1904; x_wconf 89' lang='lat' dir='ltr'>et</span> <span class='ocrx_word' id='word_1_178' title='bbox 601 1871 858 1904; x_wconf 79' lang='lat' dir='ltr'>ordinationibus</span> <span class='ocrx_word' id='word_1_179' title='bbox 882 1872 1068 1915; x_wconf 84' lang='lat' dir='ltr'>apostolicis</span> <span class='ocrx_word' id='word_1_180' title='bbox 1087 1883 1139 1906; x_wconf 88' lang='lat' dir='ltr'>ce-</span> 
     </span>
     <span class='ocr_line' id='line_1_41' title="bbox 387 1924 1004 1968; baseline 0.002 -12"><span class='ocrx_word' id='word_1_181' title='bbox 387 1924 526 1967; x_wconf 83' lang='lat' dir='ltr'>terisque</span> <span class='ocrx_word' id='word_1_182' title='bbox 547 1924 717 1957; x_wconf 75' lang='lat' dir='ltr'>contrariis</span> <span class='ocrx_word' id='word_1_183' title='bbox 732 1924 1004 1968; x_wconf 79' lang='lat' dir='ltr'>quibuscumque.</span> 
     </span>
    </p>

    <p class='ocr_par' dir='ltr' id='par_1_12' title="bbox 386 1976 1141 2329">
     <span class='ocr_line' id='line_1_42' title="bbox 430 1976 1140 2022; baseline 0.003 -13"><span class='ocrx_word' id='word_1_184' title='bbox 430 1976 494 2019; x_wconf 60' lang='lat'>§3</span> <span class='ocrx_word' id='word_1_185' title='bbox 526 1977 679 2010; x_wconf 74' lang='lat' dir='ltr'>Volumus</span> <span class='ocrx_word' id='word_1_186' title='bbox 703 1984 809 2010; x_wconf 83' lang='lat' dir='ltr'>autem</span> <span class='ocrx_word' id='word_1_187' title='bbox 839 1979 926 2021; x_wconf 78' lang='lat' dir='ltr'>quod</span> <span class='ocrx_word' id='word_1_188' title='bbox 965 1979 1140 2022; x_wconf 79' lang='lat' dir='ltr'>praesentis</span> 
     </span>
     <span class='ocr_line' id='line_1_43' title="bbox 386 2030 1138 2074; baseline 0.004 -12"><span class='ocrx_word' id='word_1_189' title='bbox 386 2031 486 2062; x_wconf 88' lang='lat' dir='ltr'>nostri</span> <span class='ocrx_word' id='word_1_190' title='bbox 498 2035 605 2064; x_wconf 83' lang='lat' dir='ltr'>motus</span> <span class='ocrx_word' id='word_1_191' title='bbox 616 2030 739 2074; x_wconf 77' lang='lat' dir='ltr'>proprii</span> <span class='ocrx_word' id='word_1_192' title='bbox 749 2031 816 2064; x_wconf 85' lang='lat' dir='ltr'>sola</span> <span class='ocrx_word' id='word_1_193' title='bbox 836 2031 1011 2074; x_wconf 73' lang='lat' dir='ltr'>signatura,</span> <span class='ocrx_word' id='word_1_194' title='bbox 1031 2033 1138 2073; x_wconf 86' lang='lat' dir='ltr'>etiam,</span> 
     </span>
     <span class='ocr_line' id='line_1_44' title="bbox 386 2083 1141 2128; baseline 0.004 -13"><span class='ocrx_word' id='word_1_195' title='bbox 386 2083 411 2115; x_wconf 91' lang='lat' dir='ltr'>si</span> <span class='ocrx_word' id='word_1_196' title='bbox 430 2083 600 2124; x_wconf 72' lang='lat' dir='ltr'>videbitur,</span> <span class='ocrx_word' id='word_1_197' title='bbox 620 2084 741 2127; x_wconf 85' lang='lat' dir='ltr'>absque</span> <span class='ocrx_word' id='word_1_198' title='bbox 761 2084 868 2128; x_wconf 83' lang='lat' dir='ltr'>aliqua</span> <span class='ocrx_word' id='word_1_199' title='bbox 889 2084 974 2117; x_wconf 85' lang='lat' dir='ltr'>illius</span> <span class='ocrx_word' id='word_1_200' title='bbox 994 2086 1141 2127; x_wconf 60' lang='lat' dir='ltr'>registra-</span> 
     </span>
     <span class='ocr_line' id='line_1_45' title="bbox 387 2136 1140 2180; baseline 0.005 -12"><span class='ocrx_word' id='word_1_201' title='bbox 387 2142 471 2177; x_wconf 90' lang='lat' dir='ltr'>tura,</span> <span class='ocrx_word' id='word_1_202' title='bbox 493 2136 645 2177; x_wconf 79' lang='lat' dir='ltr'>sufficiat,</span> <span class='ocrx_word' id='word_1_203' title='bbox 671 2142 701 2170; x_wconf 83' lang='lat' dir='ltr'>et</span> <span class='ocrx_word' id='word_1_204' title='bbox 718 2137 838 2180; x_wconf 77' lang='lat' dir='ltr'>ubique</span> <span class='ocrx_word' id='word_1_205' title='bbox 859 2138 955 2170; x_wconf 87' lang='lat' dir='ltr'>fidem</span> <span class='ocrx_word' id='word_1_206' title='bbox 982 2138 1086 2179; x_wconf 81' lang='lat' dir='ltr'>faeiat,</span> <span class='ocrx_word' id='word_1_207' title='bbox 1109 2139 1140 2172; x_wconf 90' lang='lat' dir='ltr'>in</span> 
     </span>
     <span class='ocr_line' id='line_1_46' title="bbox 387 2189 1140 2234; baseline 0.004 -12"><span class='ocrx_word' id='word_1_208' title='bbox 387 2189 508 2223; x_wconf 86' lang='lat' dir='ltr'>iudicio</span> <span class='ocrx_word' id='word_1_209' title='bbox 528 2197 558 2223; x_wconf 86' lang='lat' dir='ltr'>et</span> <span class='ocrx_word' id='word_1_210' title='bbox 579 2196 665 2223; x_wconf 82' lang='lat' dir='ltr'>extra</span> <span class='ocrx_word' id='word_1_211' title='bbox 679 2217 686 2231; x_wconf 89' lang='lat'>‚</span> <span class='ocrx_word' id='word_1_212' title='bbox 710 2201 918 2234; x_wconf 85' lang='lat' dir='ltr'>quacumque</span> <span class='ocrx_word' id='word_1_213' title='bbox 948 2193 1059 2234; x_wconf 69' lang='lat' dir='ltr'>regula</span> <span class='ocrx_word' id='word_1_214' title='bbox 1084 2203 1140 2225; x_wconf 89' lang='lat' dir='ltr'>seu</span> 
     </span>
     <span class='ocr_line' id='line_1_47' title="bbox 387 2242 1140 2287; baseline 0.005 -12"><span class='ocrx_word' id='word_1_215' title='bbox 387 2242 616 2277; x_wconf 86' lang='lat' dir='ltr'>constitutione</span> <span class='ocrx_word' id='word_1_216' title='bbox 636 2244 813 2287; x_wconf 82' lang='lat' dir='ltr'>apostolica</span> <span class='ocrx_word' id='word_1_217' title='bbox 827 2245 988 2278; x_wconf 87' lang='lat' dir='ltr'>contraria</span> <span class='ocrx_word' id='word_1_218' title='bbox 1003 2255 1067 2278; x_wconf 85' lang='lat' dir='ltr'>non</span> <span class='ocrx_word' id='word_1_219' title='bbox 1083 2246 1140 2279; x_wconf 91' lang='lat' dir='ltr'>ob-</span> 
     </span>
     <span class='ocr_line' id='line_1_48' title="bbox 388 2301 502 2329; baseline 0.018 -2"><span class='ocrx_word' id='word_1_220' title='bbox 388 2301 502 2329; x_wconf 88' lang='lat' dir='ltr'>stante.</span> 
     </span>
    </p>

    <p class='ocr_par' dir='ltr' id='par_1_13' title="bbox 544 2349 985 2395">
     <span class='ocr_line' id='line_1_49' title="bbox 544 2349 985 2395; baseline 0.002 -13"><span class='ocrx_word' id='word_1_221' title='bbox 544 2349 662 2389; x_wconf 78' lang='lat' dir='ltr'>Placet,</span> <span class='ocrx_word' id='word_1_222' title='bbox 685 2356 775 2383; x_wconf 89' lang='lat' dir='ltr'>motu</span> <span class='ocrx_word' id='word_1_223' title='bbox 795 2350 939 2395; x_wconf 85' lang='lat' dir='ltr'>proprio.</span> <span class='ocrx_word' id='word_1_224' title='bbox 963 2352 985 2383; x_wconf 91' lang='grc' dir='ltr'>Ι.</span> 
     </span>
    </p>
   </div>
   <div class='ocr_carea' id='block_1_11' title="bbox 982 272 1334 298">
    <p class='ocr_par' dir='ltr' id='par_1_14' title="bbox 982 272 1334 298">
     <span class='ocr_line' id='line_1_50' title="bbox 982 272 1334 298; baseline 0.006 -2"><span class='ocrx_word' id='word_1_225' title='bbox 982 272 1162 296; x_wconf 74' lang='lat' dir='ltr'>BULLARIUM</span> <span class='ocrx_word' id='word_1_226' title='bbox 1182 272 1334 298; x_wconf 74' lang='lat' dir='ltr'>ROMANUM</span> 
     </span>
    </p>
   </div>
   <div class='ocr_carea' id='block_1_12' title="bbox 1471 326 1650 376">
    <p class='ocr_par' dir='ltr' id='par_1_15' title="bbox 1471 326 1650 376">
     <span class='ocr_line' id='line_1_51' title="bbox 1471 326 1650 376; baseline 0.006 -1"><span class='ocrx_word' id='word_1_227' title='bbox 1471 326 1582 376; x_wconf 78' lang='lat' dir='ltr'>PIUS</span> <span class='ocrx_word' id='word_1_228' title='bbox 1623 327 1650 375; x_wconf 91' lang='lat' dir='ltr'>V</span> 
     </span>
    </p>
   </div>
   <div class='ocr_carea' id='block_1_13' title="bbox 1328 417 1781 519">
    <p class='ocr_par' dir='ltr' id='par_1_16' title="bbox 1328 417 1781 519">
     <span class='ocr_line' id='line_1_52' title="bbox 1434 417 1686 448; baseline 0.004 -1"><span class='ocrx_word' id='word_1_229' title='bbox 1434 417 1528 447; x_wconf 68' lang='lat' dir='ltr'>PAPA</span> <span class='ocrx_word' id='word_1_230' title='bbox 1546 417 1686 448; x_wconf 72' lang='lat' dir='ltr'>ccxxvii</span> 
     </span>
     <span class='ocr_line' id='line_1_53' title="bbox 1328 484 1781 519; baseline 0.004 -2"><span class='ocrx_word' id='word_1_231' title='bbox 1328 485 1425 518; x_wconf 77' lang='lat' dir='ltr'>Anno</span> <span class='ocrx_word' id='word_1_232' title='bbox 1445 484 1581 518; x_wconf 71' lang='lat' dir='ltr'>Domini</span> <span class='ocrx_word' id='word_1_233' title='bbox 1600 485 1781 519; x_wconf 86' lang='lat' dir='ltr'><em>MDLXVI.</em></span> 
     </span>
    </p>
   </div>
   <div class='ocr_carea' id='block_1_14' title="bbox 1182 536 1937 1191">
    <p class='ocr_par' dir='ltr' id='par_1_17' title="bbox 1182 536 1937 1191">
     <span class='ocr_line' id='line_1_54' title="bbox 1183 536 1932 616; baseline 0.001 -10"><span class='ocrx_word' id='word_1_234' title='bbox 1183 536 1279 609; x_wconf 81' lang='lat' dir='ltr'>Pius</span> <span class='ocrx_word' id='word_1_235' title='bbox 1287 572 1430 616; x_wconf 84' lang='lat' dir='ltr'>quintus,</span> <span class='ocrx_word' id='word_1_236' title='bbox 1441 572 1686 613; x_wconf 77' lang='lat' dir='ltr'>Alexandrinus,</span> <span class='ocrx_word' id='word_1_237' title='bbox 1695 573 1734 606; x_wconf 88' lang='lat' dir='ltr'>de</span> <span class='ocrx_word' id='word_1_238' title='bbox 1744 573 1932 615; x_wconf 86' lang='lat' dir='ltr'>Ghisileriis‚</span> 
     </span>
     <span class='ocr_line' id='line_1_55' title="bbox 1182 624 1934 666; baseline 0.001 -7"><span class='ocrx_word' id='word_1_239' title='bbox 1182 626 1280 659; x_wconf 81' lang='lat' dir='ltr'>frater</span> <span class='ocrx_word' id='word_1_240' title='bbox 1300 626 1435 659; x_wconf 86' lang='lat' dir='ltr'>Michael</span> <span class='ocrx_word' id='word_1_241' title='bbox 1455 631 1547 659; x_wconf 89' lang='lat' dir='ltr'>antea</span> <span class='ocrx_word' id='word_1_242' title='bbox 1568 625 1684 666; x_wconf 85' lang='lat' dir='ltr'>dietus,</span> <span class='ocrx_word' id='word_1_243' title='bbox 1707 624 1835 660; x_wconf 82' lang='lat' dir='ltr'>Ordinis</span> <span class='ocrx_word' id='word_1_244' title='bbox 1854 626 1934 660; x_wconf 89' lang='lat' dir='ltr'>San-</span> 
     </span>
     <span class='ocr_line' id='line_1_56' title="bbox 1182 670 1935 722; baseline 0 -10"><span class='ocrx_word' id='word_1_245' title='bbox 1182 670 1223 712; x_wconf 73' lang='lat' dir='ltr'>cti</span> <span class='ocrx_word' id='word_1_246' title='bbox 1251 678 1427 718; x_wconf 86' lang='lat' dir='ltr'>Dominici,</span> <span class='ocrx_word' id='word_1_247' title='bbox 1458 678 1624 722; x_wconf 60' lang='lat' dir='ltr'>presbyter</span> <span class='ocrx_word' id='word_1_248' title='bbox 1652 677 1824 712; x_wconf 86' lang='lat' dir='ltr'>cardinalis</span> <span class='ocrx_word' id='word_1_249' title='bbox 1852 679 1935 712; x_wconf 88' lang='lat' dir='ltr'>tituli</span> 
     </span>
     <span class='ocr_line' id='line_1_57' title="bbox 1182 731 1935 775; baseline 0.001 -9"><span class='ocrx_word' id='word_1_250' title='bbox 1182 733 1212 766; x_wconf 83' lang='lat' dir='ltr'>S.</span> <span class='ocrx_word' id='word_1_251' title='bbox 1238 731 1354 765; x_wconf 85' lang='lat' dir='ltr'>Mariae</span> <span class='ocrx_word' id='word_1_252' title='bbox 1381 742 1479 775; x_wconf 83' lang='lat' dir='ltr'>supra</span> <span class='ocrx_word' id='word_1_253' title='bbox 1508 732 1698 772; x_wconf 83' lang='lat' dir='ltr'>Minervam,</span> <span class='ocrx_word' id='word_1_254' title='bbox 1730 738 1858 766; x_wconf 86' lang='lat' dir='ltr'>creatus</span> <span class='ocrx_word' id='word_1_255' title='bbox 1885 744 1935 767; x_wconf 85' lang='lat' dir='ltr'>se—</span> 
     </span>
     <span class='ocr_line' id='line_1_58' title="bbox 1182 784 1935 829; baseline 0.004 -12"><span class='ocrx_word' id='word_1_256' title='bbox 1182 785 1282 829; x_wconf 87' lang='lat' dir='ltr'>ptimo</span> <span class='ocrx_word' id='word_1_257' title='bbox 1304 785 1375 818; x_wconf 87' lang='lat' dir='ltr'>idus</span> <span class='ocrx_word' id='word_1_258' title='bbox 1394 784 1544 826; x_wconf 89' lang='lat' dir='ltr'>ianuarii,</span> <span class='ocrx_word' id='word_1_259' title='bbox 1567 790 1739 818; x_wconf 81' lang='lat' dir='ltr'>coronatus</span> <span class='ocrx_word' id='word_1_260' title='bbox 1759 795 1809 818; x_wconf 76' lang='lat' dir='ltr'>xvi</span> <span class='ocrx_word' id='word_1_261' title='bbox 1825 786 1935 820; x_wconf 85' lang='lat' dir='ltr'>kalen-</span> 
     </span>
     <span class='ocr_line' id='line_1_59' title="bbox 1182 837 1935 880; baseline 0.001 -9"><span class='ocrx_word' id='word_1_262' title='bbox 1182 838 1238 871; x_wconf 87' lang='lat' dir='ltr'>das</span> <span class='ocrx_word' id='word_1_263' title='bbox 1248 837 1402 871; x_wconf 84' lang='lat' dir='ltr'>februarii</span> <span class='ocrx_word' id='word_1_264' title='bbox 1414 848 1543 879; x_wconf 75' lang='lat' dir='ltr'>MDwa,</span> <span class='ocrx_word' id='word_1_265' title='bbox 1553 839 1667 872; x_wconf 76' lang='lat' dir='ltr'>creavit</span> <span class='ocrx_word' id='word_1_266' title='bbox 1681 838 1860 872; x_wconf 84' lang='lat' dir='ltr'>cardinales</span> <span class='ocrx_word' id='word_1_267' title='bbox 1869 849 1935 880; x_wconf 79' lang='lat' dir='ltr'>xx1;</span> 
     </span>
     <span class='ocr_line' id='line_1_60' title="bbox 1182 891 1935 933; baseline 0.004 -10"><span class='ocrx_word' id='word_1_268' title='bbox 1182 891 1257 923; x_wconf 73' lang='lat' dir='ltr'>vixit</span> <span class='ocrx_word' id='word_1_269' title='bbox 1290 901 1391 924; x_wconf 86' lang='lat' dir='ltr'>annos</span> <span class='ocrx_word' id='word_1_270' title='bbox 1424 901 1472 931; x_wconf 79' lang='lat' dir='ltr'>vi,</span> <span class='ocrx_word' id='word_1_271' title='bbox 1513 902 1638 926; x_wconf 83' lang='lat' dir='ltr'>menses</span> <span class='ocrx_word' id='word_1_272' title='bbox 1672 903 1718 933; x_wconf 86' lang='lat'>111,</span> <span class='ocrx_word' id='word_1_273' title='bbox 1751 892 1819 926; x_wconf 85' lang='lat' dir='ltr'>dies</span> <span class='ocrx_word' id='word_1_274' title='bbox 1846 903 1935 933; x_wconf 82' lang='lat' dir='ltr'>xx111;</span> 
     </span>
     <span class='ocr_line' id='line_1_61' title="bbox 1183 944 1936 990; baseline 0.003 -13"><span class='ocrx_word' id='word_1_275' title='bbox 1183 944 1258 977; x_wconf 82' lang='lat' dir='ltr'>obiit</span> <span class='ocrx_word' id='word_1_276' title='bbox 1281 945 1424 977; x_wconf 81' lang='lat' dir='ltr'>kalendis</span> <span class='ocrx_word' id='word_1_277' title='bbox 1446 944 1537 985; x_wconf 86' lang='lat' dir='ltr'>maii,</span> <span class='ocrx_word' id='word_1_278' title='bbox 1560 955 1645 978; x_wconf 87' lang='lat' dir='ltr'>anno</span> <span class='ocrx_word' id='word_1_279' title='bbox 1662 955 1804 985; x_wconf 77' lang='lat' dir='ltr'>MDLxx113</span> <span class='ocrx_word' id='word_1_280' title='bbox 1826 946 1936 990; x_wconf 84' lang='lat' dir='ltr'>sepul-</span> 
     </span>
     <span class='ocr_line' id='line_1_62' title="bbox 1184 997 1937 1041; baseline 0.004 -12"><span class='ocrx_word' id='word_1_281' title='bbox 1184 1002 1234 1029; x_wconf 75' lang='lat' dir='ltr'>tus</span> <span class='ocrx_word' id='word_1_282' title='bbox 1245 997 1303 1029; x_wconf 85' lang='lat' dir='ltr'>suit</span> <span class='ocrx_word' id='word_1_283' title='bbox 1323 997 1355 1029; x_wconf 90' lang='lat' dir='ltr'>in</span> <span class='ocrx_word' id='word_1_284' title='bbox 1374 997 1506 1030; x_wconf 80' lang='lat' dir='ltr'>basilica</span> <span class='ocrx_word' id='word_1_285' title='bbox 1522 998 1554 1030; x_wconf 89' lang='lat' dir='ltr'>S.</span> <span class='ocrx_word' id='word_1_286' title='bbox 1570 998 1667 1037; x_wconf 86' lang='lat' dir='ltr'>Petri;</span> <span class='ocrx_word' id='word_1_287' title='bbox 1690 1003 1799 1041; x_wconf 82' lang='lat' dir='ltr'>postea</span> <span class='ocrx_word' id='word_1_288' title='bbox 1815 1009 1833 1031; x_wconf 83' lang='lat' dir='ltr'>a</span> <span class='ocrx_word' id='word_1_289' title='bbox 1849 999 1937 1032; x_wconf 82' lang='lat' dir='ltr'>Sixto</span> 
     </span>
     <span class='ocr_line' id='line_1_63' title="bbox 1183 1050 1936 1093; baseline 0.004 -11"><span class='ocrx_word' id='word_1_290' title='bbox 1183 1050 1295 1093; x_wconf 81' lang='lat' dir='ltr'>quinto</span> <span class='ocrx_word' id='word_1_291' title='bbox 1311 1050 1350 1083; x_wconf 84' lang='lat' dir='ltr'>ad</span> <span class='ocrx_word' id='word_1_292' title='bbox 1369 1061 1491 1083; x_wconf 86' lang='lat' dir='ltr'>sacram</span> <span class='ocrx_word' id='word_1_293' title='bbox 1509 1051 1610 1084; x_wconf 69' lang='lat' dir='ltr'>{edem</span> <span class='ocrx_word' id='word_1_294' title='bbox 1623 1051 1654 1084; x_wconf 88' lang='lat' dir='ltr'>S.</span> <span class='ocrx_word' id='word_1_295' title='bbox 1670 1051 1784 1084; x_wconf 84' lang='lat' dir='ltr'>Mariae</span> <span class='ocrx_word' id='word_1_296' title='bbox 1799 1051 1936 1092; x_wconf 86' lang='lat' dir='ltr'>Maioris,</span> 
     </span>
     <span class='ocr_line' id='line_1_64' title="bbox 1184 1103 1936 1148; baseline 0.004 -14"><span class='ocrx_word' id='word_1_297' title='bbox 1184 1103 1215 1135; x_wconf 89' lang='lat' dir='ltr'>in</span> <span class='ocrx_word' id='word_1_298' title='bbox 1243 1103 1397 1136; x_wconf 85' lang='lat' dir='ltr'>sacellum</span> <span class='ocrx_word' id='word_1_299' title='bbox 1433 1103 1472 1136; x_wconf 85' lang='lat' dir='ltr'>ad</span> <span class='ocrx_word' id='word_1_300' title='bbox 1505 1103 1662 1148; x_wconf 82' lang='lat' dir='ltr'>Praesepe</span> <span class='ocrx_word' id='word_1_301' title='bbox 1701 1110 1936 1145; x_wconf 82' lang='lat' dir='ltr'>constructum,</span> 
     </span>
     <span class='ocr_line' id='line_1_65' title="bbox 1184 1155 1863 1191; baseline 0.004 -4"><span class='ocrx_word' id='word_1_302' title='bbox 1184 1155 1355 1188; x_wconf 82' lang='lat' dir='ltr'>translatus</span> <span class='ocrx_word' id='word_1_303' title='bbox 1376 1155 1446 1188; x_wconf 85' lang='lat' dir='ltr'>suit.</span> <span class='ocrx_word' id='word_1_304' title='bbox 1474 1155 1600 1189; x_wconf 80' lang='lat' dir='ltr'>Vaeavit</span> <span class='ocrx_word' id='word_1_305' title='bbox 1620 1156 1711 1190; x_wconf 85' lang='lat' dir='ltr'>sedes</span> <span class='ocrx_word' id='word_1_306' title='bbox 1731 1157 1798 1191; x_wconf 85' lang='lat' dir='ltr'>dies</span> <span class='ocrx_word' id='word_1_307' title='bbox 1821 1167 1863 1190; x_wconf 72' lang='lat' dir='ltr'>in.</span> 
     </span>
    </p>
   </div>
   <div class='ocr_carea' id='block_1_15' title="bbox 1471 1224 1588 1230">
    <p class='ocr_par' dir='ltr' id='par_1_18' title="bbox 1471 1224 1588 1230">
     <span class='ocr_line' id='line_1_66' title="bbox 1471 1224 1588 1230; baseline 0 0"><span class='ocrx_word' id='word_1_308' title='bbox 1471 1224 1588 1230; x_wconf 95' lang='lat' dir='ltr'> </span> 
     </span>
    </p>
   </div>
   <div class='ocr_carea' id='block_1_16' title="bbox 1545 1302 1567 1334">
    <p class='ocr_par' dir='ltr' id='par_1_19' title="bbox 1545 1302 1567 1334">
     <span class='ocr_line' id='line_1_67' title="bbox 1545 1302 1567 1334; baseline 0 0"><span class='ocrx_word' id='word_1_309' title='bbox 1545 1302 1567 1334; x_wconf 89' lang='grc' dir='ltr'>Ι.</span> 
     </span>
    </p>
   </div>
   <div class='ocr_carea' id='block_1_17' title="bbox 1184 1376 1938 1738">
    <p class='ocr_par' dir='ltr' id='par_1_20' title="bbox 1184 1376 1938 1738">
     <span class='ocr_line' id='line_1_68' title="bbox 1184 1376 1935 1420; baseline 0.007 -12"><span class='ocrx_word' id='word_1_310' title='bbox 1184 1376 1273 1415; x_wconf 68' lang='lat' dir='ltr'>Quod</span> <span class='ocrx_word' id='word_1_311' title='bbox 1288 1376 1509 1409; x_wconf 73' lang='lat' dir='ltr'>cardinalibus</span> <span class='ocrx_word' id='word_1_312' title='bbox 1524 1378 1783 1420; x_wconf 55' lang='lat' dir='ltr'>confirmationis</span> <span class='ocrx_word' id='word_1_313' title='bbox 1800 1381 1935 1413; x_wconf 74' lang='lat' dir='ltr'>sanctis-</span> 
     </span>
     <span class='ocr_line' id='line_1_69' title="bbox 1226 1429 1935 1476; baseline 0.01 -17"><span class='ocrx_word' id='word_1_314' title='bbox 1226 1429 1327 1461; x_wconf 68' lang='lat' dir='ltr'>simae</span> <span class='ocrx_word' id='word_1_315' title='bbox 1345 1429 1363 1461; x_wconf 85' lang='lat' dir='ltr'><em>I</em></span> <span class='ocrx_word' id='word_1_316' title='bbox 1364 1429 1470 1472; x_wconf 70' lang='lat' dir='ltr'>mstu&#39;se&#39;</span> <span class='ocrx_word' id='word_1_317' title='bbox 1475 1429 1573 1462; x_wconf 75' lang='lat' dir='ltr'>lionis</span> <span class='ocrx_word' id='word_1_318' title='bbox 1588 1430 1736 1473; x_wconf 77' lang='lat' dir='ltr'>officiales</span> <span class='ocrx_word' id='word_1_319' title='bbox 1750 1442 1859 1465; x_wconf 80' lang='lat' dir='ltr'>omnes</span> <span class='ocrx_word' id='word_1_320' title='bbox 1873 1443 1935 1476; x_wconf 78' lang='lat' dir='ltr'>pa—</span> 
     </span>
     <span class='ocr_line' id='line_1_70' title="bbox 1227 1484 1937 1526; baseline 0.008 -13"><span class='ocrx_word' id='word_1_321' title='bbox 1227 1485 1341 1522; x_wconf 77' lang='lat' dir='ltr'>)·e«nt,·</span> <span class='ocrx_word' id='word_1_322' title='bbox 1361 1486 1390 1514; x_wconf 78' lang='lat' dir='ltr'>et</span> <span class='ocrx_word' id='word_1_323' title='bbox 1411 1492 1621 1526; x_wconf 71' lang='lat' dir='ltr'>quoscumque</span> <span class='ocrx_word' id='word_1_324' title='bbox 1637 1494 1697 1526; x_wconf 69' lang='lat' dir='ltr'>pro</span> <span class='ocrx_word' id='word_1_325' title='bbox 1717 1484 1794 1517; x_wconf 67' lang='lat' dir='ltr'>altis</span> <span class='ocrx_word' id='word_1_326' title='bbox 1812 1485 1937 1519; x_wconf 73' lang='lat' dir='ltr'>delictis</span> 
     </span>
     <span class='ocr_line' id='line_1_71' title="bbox 1226 1536 1937 1582; baseline 0.007 -15"><span class='ocrx_word' id='word_1_327' title='bbox 1226 1539 1404 1568; x_wconf 68' lang='lat' dir='ltr'>carceratos</span> <span class='ocrx_word' id='word_1_328' title='bbox 1414 1539 1443 1568; x_wconf 73' lang='lat' dir='ltr'>ec</span> <span class='ocrx_word' id='word_1_329' title='bbox 1459 1536 1502 1567; x_wconf 78' lang='lat' dir='ltr'>ad</span> <span class='ocrx_word' id='word_1_330' title='bbox 1512 1536 1634 1568; x_wconf 69' lang='lat' dir='ltr'>‹lit-{eim</span> <span class='ocrx_word' id='word_1_331' title='bbox 1645 1537 1783 1580; x_wconf 76' lang='lat' dir='ltr'>officium</span> <span class='ocrx_word' id='word_1_332' title='bbox 1793 1537 1815 1571; x_wconf 95' lang='lat' dir='ltr'><em>I</em></span> <span class='ocrx_word' id='word_1_333' title='bbox 1814 1539 1937 1582; x_wconf 68' lang='lat' dir='ltr'>aquisi-</span> 
     </span>
     <span class='ocr_line' id='line_1_72' title="bbox 1228 1589 1935 1629; baseline 0.007 -8"><span class='ocrx_word' id='word_1_334' title='bbox 1228 1589 1325 1621; x_wconf 75' lang='lat' dir='ltr'>te&#39;enz&#39;s</span> <span class='ocrx_word' id='word_1_335' title='bbox 1344 1589 1476 1629; x_wconf 73' lang='lat' dir='ltr'>delatos,</span> <span class='ocrx_word' id='word_1_336' title='bbox 1495 1589 1538 1622; x_wconf 75' lang='lat' dir='ltr'>cccl</span> <span class='ocrx_word' id='word_1_337' title='bbox 1552 1591 1673 1622; x_wconf 71' lang='lat' dir='ltr'>eosdem</span> <span class='ocrx_word' id='word_1_338' title='bbox 1689 1591 1871 1625; x_wconf 74' lang='lat' dir='ltr'>cardinales</span> <span class='ocrx_word' id='word_1_339' title='bbox 1885 1603 1935 1626; x_wconf 76' lang='lat' dir='ltr'>re-</span> 
     </span>
     <span class='ocr_line' id='line_1_73' title="bbox 1226 1643 1938 1689; baseline 0.007 -15"><span class='ocrx_word' id='word_1_340' title='bbox 1226 1643 1374 1682; x_wconf 70' lang='lat' dir='ltr'>mittant,</span> <span class='ocrx_word' id='word_1_341' title='bbox 1397 1643 1536 1676; x_wconf 66' lang='lat' dir='ltr'>aliorum</span> <span class='ocrx_word' id='word_1_342' title='bbox 1556 1645 1734 1678; x_wconf 49' lang='lat' dir='ltr'>(rabuinum</span> <span class='ocrx_word' id='word_1_343' title='bbox 1755 1646 1938 1689; x_wconf 70' lang='lat' dir='ltr'>coqnilione</span> 
     </span>
     <span class='ocr_line' id='line_1_74' title="bbox 1225 1706 1389 1738; baseline 0 -10"><span class='ocrx_word' id='word_1_344' title='bbox 1225 1706 1389 1738; x_wconf 74' lang='lat' dir='ltr'>suspensa.</span> 
     </span>
    </p>
   </div>
   <div class='ocr_carea' id='block_1_18' title="bbox 1199 1776 1925 1863">
    <p class='ocr_par' dir='ltr' id='par_1_21' title="bbox 1199 1776 1925 1863">
     <span class='ocr_line' id='line_1_75' title="bbox 1199 1776 1925 1814; baseline 0.007 -10"><span class='ocrx_word' id='word_1_345' title='bbox 1199 1776 1394 1805; x_wconf 80' lang='lat' dir='ltr'>sanctissimus</span> <span class='ocrx_word' id='word_1_346' title='bbox 1412 1776 1442 1804; x_wconf 87' lang='lat' dir='ltr'>D.</span> <span class='ocrx_word' id='word_1_347' title='bbox 1462 1776 1492 1805; x_wconf 72' lang='lat' dir='ltr'>N.</span> <span class='ocrx_word' id='word_1_348' title='bbox 1511 1776 1540 1804; x_wconf 89' lang='lat' dir='ltr'>D.</span> <span class='ocrx_word' id='word_1_349' title='bbox 1560 1776 1623 1805; x_wconf 77' lang='lat' dir='ltr'>Pius</span> <span class='ocrx_word' id='word_1_350' title='bbox 1641 1777 1734 1806; x_wconf 79' lang='lat' dir='ltr'>divina</span> <span class='ocrx_word' id='word_1_351' title='bbox 1751 1778 1925 1814; x_wconf 80' lang='lat' dir='ltr'>providentia</span> 
     </span>
     <span class='ocr_line' id='line_1_76' title="bbox 1454 1826 1664 1863; baseline 0 -8"><span class='ocrx_word' id='word_1_352' title='bbox 1454 1826 1524 1862; x_wconf 76' lang='lat' dir='ltr'>Papa</span> <span class='ocrx_word' id='word_1_353' title='bbox 1543 1826 1664 1863; x_wconf 84' lang='lat' dir='ltr'>quintus.</span> 
     </span>
    </p>
   </div>
   <div class='ocr_carea' id='block_1_19' title="bbox 1182 1902 1937 2695">
    <p class='ocr_par' dir='ltr' id='par_1_22' title="bbox 1182 1902 1937 2637">
     <span class='ocr_line' id='line_1_77' title="bbox 1226 1902 1937 1946; baseline 0.006 -12"><span class='ocrx_word' id='word_1_354' title='bbox 1226 1902 1241 1945; x_wconf 66' lang='grc' dir='ltr'><strong>ξ</strong></span> <span class='ocrx_word' id='word_1_355' title='bbox 1259 1902 1290 1934; x_wconf 80' lang='grc'>1.</span> <span class='ocrx_word' id='word_1_356' title='bbox 1315 1902 1441 1943; x_wconf 86' lang='lat' dir='ltr'>Statuit,</span> <span class='ocrx_word' id='word_1_357' title='bbox 1469 1902 1608 1936; x_wconf 84' lang='lat' dir='ltr'>decrevit</span> <span class='ocrx_word' id='word_1_358' title='bbox 1624 1903 1636 1925; x_wconf 89' lang='lat'><strong>¹</strong></span> <span class='ocrx_word' id='word_1_359' title='bbox 1658 1913 1695 1936; x_wconf 85' lang='lat' dir='ltr'>ae</span> <span class='ocrx_word' id='word_1_360' title='bbox 1713 1903 1886 1946; x_wconf 80' lang='lat' dir='ltr'>mandavit,</span> <span class='ocrx_word' id='word_1_361' title='bbox 1900 1909 1937 1938; x_wconf 86' lang='lat' dir='ltr'>ut</span> 
     </span>
     <span class='ocr_line' id='line_1_78' title="bbox 1190 1955 1936 2001; baseline 0.004 -13"><span class='ocrx_word' id='word_1_362' title='bbox 1190 1955 1322 1999; x_wconf 74' lang='lat' dir='ltr'>negocia</span> <span class='ocrx_word' id='word_1_363' title='bbox 1362 1956 1435 1989; x_wconf 80' lang='lat' dir='ltr'>fidei</span> <span class='ocrx_word' id='word_1_364' title='bbox 1462 1956 1613 1989; x_wconf 86' lang='lat' dir='ltr'>omnibus</span> <span class='ocrx_word' id='word_1_365' title='bbox 1643 1962 1672 1990; x_wconf 86' lang='lat' dir='ltr'>et</span> <span class='ocrx_word' id='word_1_366' title='bbox 1707 1957 1842 2001; x_wconf 81' lang='lat' dir='ltr'>singulis</span> <span class='ocrx_word' id='word_1_367' title='bbox 1865 1958 1936 1992; x_wconf 87' lang='lat' dir='ltr'>aliis</span> 
     </span>
     <span class='ocr_line' id='line_1_79' title="bbox 1183 2008 1937 2052; baseline 0.003 -11"><span class='ocrx_word' id='word_1_368' title='bbox 1183 2008 1420 2052; x_wconf 80' lang='lat' dir='ltr'>praeferantur,</span> <span class='ocrx_word' id='word_1_369' title='bbox 1451 2019 1525 2041; x_wconf 90' lang='lat' dir='ltr'>eum</span> <span class='ocrx_word' id='word_1_370' title='bbox 1547 2009 1626 2042; x_wconf 86' lang='lat' dir='ltr'>fides</span> <span class='ocrx_word' id='word_1_371' title='bbox 1652 2009 1689 2042; x_wconf 86' lang='lat' dir='ltr'>sit</span> <span class='ocrx_word' id='word_1_372' title='bbox 1711 2010 1886 2044; x_wconf 82' lang='lat' dir='ltr'>substantia</span> <span class='ocrx_word' id='word_1_373' title='bbox 1905 2016 1937 2044; x_wconf 82' lang='lat' dir='ltr'>et</span> 
     </span>
     <span class='ocr_line' id='line_1_80' title="bbox 1183 2061 1936 2106; baseline 0.005 -13"><span class='ocrx_word' id='word_1_374' title='bbox 1183 2061 1429 2095; x_wconf 83' lang='lat' dir='ltr'>fundamentum</span> <span class='ocrx_word' id='word_1_375' title='bbox 1455 2062 1647 2096; x_wconf 78' lang='lat' dir='ltr'>christianae</span> <span class='ocrx_word' id='word_1_376' title='bbox 1668 2062 1846 2106; x_wconf 78' lang='lat' dir='ltr'>religionis,</span> <span class='ocrx_word' id='word_1_377' title='bbox 1868 2075 1936 2097; x_wconf 88' lang='lat' dir='ltr'>om-</span> 
     </span>
     <span class='ocr_line' id='line_1_81' title="bbox 1182 2114 1935 2161; baseline 0.007 -14"><span class='ocrx_word' id='word_1_378' title='bbox 1182 2114 1278 2147; x_wconf 86' lang='lat' dir='ltr'>nibus</span> <span class='ocrx_word' id='word_1_379' title='bbox 1311 2120 1342 2147; x_wconf 85' lang='lat' dir='ltr'>et.</span> <span class='ocrx_word' id='word_1_380' title='bbox 1374 2115 1510 2158; x_wconf 79' lang='lat' dir='ltr'>singulis</span> <span class='ocrx_word' id='word_1_381' title='bbox 1540 2116 1643 2149; x_wconf 87' lang='lat' dir='ltr'>almae</span> <span class='ocrx_word' id='word_1_382' title='bbox 1673 2116 1767 2150; x_wconf 86' lang='lat' dir='ltr'>Urbis</span> <span class='ocrx_word' id='word_1_383' title='bbox 1800 2117 1935 2161; x_wconf 84' lang='lat' dir='ltr'>eiusque</span> 
     </span>
     <span class='ocr_line' id='line_1_82' title="bbox 1183 2167 1936 2211; baseline 0.004 -11"><span class='ocrx_word' id='word_1_384' title='bbox 1183 2167 1346 2201; x_wconf 83' lang='lat' dir='ltr'>districtus</span> <span class='ocrx_word' id='word_1_385' title='bbox 1384 2168 1614 2211; x_wconf 80' lang='lat' dir='ltr'>gubernatori,</span> <span class='ocrx_word' id='word_1_386' title='bbox 1652 2169 1814 2210; x_wconf 82' lang='lat' dir='ltr'>senatori,</span> <span class='ocrx_word' id='word_1_387' title='bbox 1852 2170 1936 2204; x_wconf 88' lang='lat' dir='ltr'>vica-</span> 
     </span>
     <span class='ocr_line' id='line_1_83' title="bbox 1184 2220 1934 2267; baseline 0.005 -15"><span class='ocrx_word' id='word_1_388' title='bbox 1184 2220 1243 2261; x_wconf 81' lang='lat' dir='ltr'>rio,</span> <span class='ocrx_word' id='word_1_389' title='bbox 1262 2221 1415 2255; x_wconf 82' lang='lat' dir='ltr'>Gamerae</span> <span class='ocrx_word' id='word_1_390' title='bbox 1430 2222 1633 2265; x_wconf 74' lang='lat' dir='ltr'>Apostolicae</span> <span class='ocrx_word' id='word_1_391' title='bbox 1658 2222 1850 2256; x_wconf 86' lang='lat' dir='ltr'>auditori-et</span> <span class='ocrx_word' id='word_1_392' title='bbox 1864 2223 1934 2267; x_wconf 91' lang='lat' dir='ltr'>qui-</span> 
     </span>
     <span class='ocr_line' id='line_1_84' title="bbox 1183 2274 1934 2319; baseline 0.003 -12"><span class='ocrx_word' id='word_1_393' title='bbox 1183 2275 1386 2318; x_wconf 82' lang='lat' dir='ltr'>buscumque</span> <span class='ocrx_word' id='word_1_394' title='bbox 1410 2274 1480 2308; x_wconf 83' lang='lat' dir='ltr'>aliis</span> <span class='ocrx_word' id='word_1_395' title='bbox 1499 2275 1622 2319; x_wconf 78' lang='lat' dir='ltr'>legatis,</span> <span class='ocrx_word' id='word_1_396' title='bbox 1644 2275 1852 2319; x_wconf 77' lang='lat' dir='ltr'>viee-legatis,</span> <span class='ocrx_word' id='word_1_397' title='bbox 1874 2286 1934 2319; x_wconf 80' lang='lat' dir='ltr'>gu-</span> 
     </span>
     <span class='ocr_line' id='line_1_85' title="bbox 1183 2328 1933 2372; baseline 0.001 -11"><span class='ocrx_word' id='word_1_398' title='bbox 1183 2328 1409 2362; x_wconf 85' lang='lat' dir='ltr'>bernatoribus</span> <span class='ocrx_word' id='word_1_399' title='bbox 1437 2328 1677 2372; x_wconf 73' lang='lat' dir='ltr'>provinciarum</span> <span class='ocrx_word' id='word_1_400' title='bbox 1714 2335 1745 2363; x_wconf 85' lang='lat' dir='ltr'>et</span> <span class='ocrx_word' id='word_1_401' title='bbox 1773 2334 1933 2363; x_wconf 83' lang='lat' dir='ltr'>terrarum</span> 
     </span>
     <span class='ocr_line' id='line_1_86' title="bbox 1192 2381 1933 2416; baseline 0.001 -2"><span class='ocrx_word' id='word_1_402' title='bbox 1192 2381 1275 2415; x_wconf 84' lang='lat' dir='ltr'>Suae</span> <span class='ocrx_word' id='word_1_403' title='bbox 1299 2382 1463 2415; x_wconf 84' lang='lat' dir='ltr'>Sanctitati</span> <span class='ocrx_word' id='word_1_404' title='bbox 1491 2387 1522 2415; x_wconf 89' lang='lat' dir='ltr'>et</span> <span class='ocrx_word' id='word_1_405' title='bbox 1545 2388 1672 2416; x_wconf 86' lang='lat' dir='ltr'>sanctae</span> <span class='ocrx_word' id='word_1_406' title='bbox 1690 2382 1853 2416; x_wconf 83' lang='lat' dir='ltr'>Romanae</span> <span class='ocrx_word' id='word_1_407' title='bbox 1872 2382 1933 2416; x_wconf 88' lang='lat' dir='ltr'>Ec-</span> 
     </span>
     <span class='ocr_line' id='line_1_87' title="bbox 1184 2433 1934 2468; baseline 0 -1"><span class='ocrx_word' id='word_1_408' title='bbox 1184 2434 1299 2467; x_wconf 85' lang='lat' dir='ltr'>clesiae</span> <span class='ocrx_word' id='word_1_409' title='bbox 1330 2434 1466 2468; x_wconf 82' lang='lat' dir='ltr'>mediate</span> <span class='ocrx_word' id='word_1_410' title='bbox 1500 2440 1530 2468; x_wconf 91' lang='lat' dir='ltr'>et</span> <span class='ocrx_word' id='word_1_411' title='bbox 1556 2434 1739 2468; x_wconf 84' lang='lat' dir='ltr'>immediate</span> <span class='ocrx_word' id='word_1_412' title='bbox 1772 2433 1934 2468; x_wconf 86' lang='lat' dir='ltr'>subiecta-</span> 
     </span>
     <span class='ocr_line' id='line_1_88' title="bbox 1184 2487 1935 2528; baseline 0.001 -9"><span class='ocrx_word' id='word_1_413' title='bbox 1184 2498 1269 2527; x_wconf 88' lang='lat' dir='ltr'>rum,</span> <span class='ocrx_word' id='word_1_414' title='bbox 1297 2498 1334 2520; x_wconf 85' lang='lat' dir='ltr'>ac</span> <span class='ocrx_word' id='word_1_415' title='bbox 1368 2498 1481 2528; x_wconf 82' lang='lat' dir='ltr'>eorum</span> <span class='ocrx_word' id='word_1_416' title='bbox 1512 2487 1785 2528; x_wconf 87' lang='lat' dir='ltr'>locatenentibus,</span> <span class='ocrx_word' id='word_1_417' title='bbox 1813 2487 1935 2521; x_wconf 83' lang='lat' dir='ltr'>officia-</span> 
     </span>
     <span class='ocr_line' id='line_1_89' title="bbox 1184 2540 1934 2581; baseline 0.003 -9"><span class='ocrx_word' id='word_1_418' title='bbox 1184 2540 1278 2581; x_wconf 87' lang='lat' dir='ltr'>libus,</span> <span class='ocrx_word' id='word_1_419' title='bbox 1302 2541 1460 2574; x_wconf 86' lang='lat' dir='ltr'>barisellis</span> <span class='ocrx_word' id='word_1_420' title='bbox 1483 2547 1513 2574; x_wconf 83' lang='lat' dir='ltr'>et</span> <span class='ocrx_word' id='word_1_421' title='bbox 1533 2541 1603 2574; x_wconf 87' lang='lat' dir='ltr'>aliis</span> <span class='ocrx_word' id='word_1_422' title='bbox 1623 2540 1785 2581; x_wconf 82' lang='lat' dir='ltr'>ministris,</span> <span class='ocrx_word' id='word_1_423' title='bbox 1806 2551 1934 2574; x_wconf 84' lang='lat' dir='ltr'>necnon</span> 
     </span>
     <span class='ocr_line' id='line_1_90' title="bbox 1184 2593 1932 2637; baseline 0.001 -12"><span class='ocrx_word' id='word_1_424' title='bbox 1184 2593 1252 2626; x_wconf 83' lang='lat' dir='ltr'>aliis</span> <span class='ocrx_word' id='word_1_425' title='bbox 1271 2593 1421 2627; x_wconf 88' lang='lat' dir='ltr'>locorum</span> <span class='ocrx_word' id='word_1_426' title='bbox 1450 2593 1634 2634; x_wconf 85' lang='lat' dir='ltr'>ordinariis,</span> <span class='ocrx_word' id='word_1_427' title='bbox 1664 2593 1844 2637; x_wconf 84' lang='lat' dir='ltr'>ceterisque</span> <span class='ocrx_word' id='word_1_428' title='bbox 1864 2604 1932 2627; x_wconf 86' lang='lat' dir='ltr'>ma-</span> 
     </span>
    </p>

    <p class='ocr_par' dir='ltr' id='par_1_23' title="bbox 1220 2659 1727 2695">
     <span class='ocr_line' id='line_1_91' title="bbox 1220 2659 1727 2695; baseline 0 -9"><span class='ocrx_word' id='word_1_429' title='bbox 1220 2661 1231 2686; x_wconf 85' lang='lat'>1</span> <span class='ocrx_word' id='word_1_430' title='bbox 1250 2660 1365 2688; x_wconf 83' lang='lat' dir='ltr'>Cherub.</span> <span class='ocrx_word' id='word_1_431' title='bbox 1383 2660 1456 2688; x_wconf 84' lang='lat' dir='ltr'>addit</span> <span class='ocrx_word' id='word_1_432' title='bbox 1473 2662 1608 2688; x_wconf 76' lang='lat' dir='ltr'>ordinavit</span> <span class='ocrx_word' id='word_1_433' title='bbox 1625 2659 1661 2695; x_wconf 82' lang='lat' dir='ltr'>(a.</span> <span class='ocrx_word' id='word_1_434' title='bbox 1679 2660 1727 2695; x_wconf 82' lang='lat' dir='ltr'>T.).</span> 
     </span>
    </p>
   </div>
   <div class='ocr_carea' id='block_1_20' title="bbox 1949 271 2135 300">
    <p class='ocr_par' dir='ltr' id='par_1_24' title="bbox 1949 271 2135 300">
     <span class='ocr_line' id='line_1_92' title="bbox 1949 271 2135 300; baseline 0.005 -1"><span class='ocrx_word' id='word_1_435' title='bbox 1949 272 1999 300; x_wconf 78' lang='lat' dir='ltr'>An.</span> <span class='ocrx_word' id='word_1_436' title='bbox 2017 271 2045 299; x_wconf 92' lang='lat' dir='ltr'>C.</span> <span class='ocrx_word' id='word_1_437' title='bbox 2066 271 2135 300; x_wconf 68' lang='lat'>¹566</span> 
     </span>
    </p>
   </div>
   <div class='ocr_carea' id='block_1_21' title="bbox 1982 1766 2028 1804">
    <p class='ocr_par' dir='ltr' id='par_1_25' title="bbox 1982 1766 2028 1804">
     <span class='ocr_line' id='line_1_93' title="bbox 1982 1766 2028 1804; baseline 0 -34"><span class='ocrx_word' id='word_1_438' title='bbox 1982 1766 2028 1804; x_wconf 45' lang='lat'>3,</span> 
     </span>
    </p>
   </div>
   <div class='ocr_carea' id='block_1_22' title="bbox 1949 1921 2135 2034">
    <p class='ocr_par' dir='ltr' id='par_1_26' title="bbox 1949 1921 2135 2034">
     <span class='ocr_line' id='line_1_94' title="bbox 1993 1921 2135 1942; baseline -0.007 0"><span class='ocrx_word' id='word_1_439' title='bbox 1993 1922 2072 1942; x_wconf 75' lang='lat' dir='ltr'>Omnes</span> <span class='ocrx_word' id='word_1_440' title='bbox 2088 1921 2135 1942; x_wconf 83' lang='lat' dir='ltr'>offi-</span> 
     </span>
     <span class='ocr_line' id='line_1_95' title="bbox 1950 1951 2134 1974; baseline 0 -2"><span class='ocrx_word' id='word_1_441' title='bbox 1950 1951 2016 1974; x_wconf 69' lang='lat' dir='ltr'>etates</span> <span class='ocrx_word' id='word_1_442' title='bbox 2035 1953 2134 1974; x_wconf 79' lang='lat' dir='ltr'>obediant</span> 
     </span>
     <span class='ocr_line' id='line_1_96' title="bbox 1950 1983 2134 2010; baseline 0.005 -7"><span class='ocrx_word' id='word_1_443' title='bbox 1950 1983 2070 2010; x_wconf 75' lang='lat' dir='ltr'>inquisitor.</span> <span class='ocrx_word' id='word_1_444' title='bbox 2097 1989 2134 2009; x_wconf 73' lang='lat' dir='ltr'>ge—</span> 
     </span>
     <span class='ocr_line' id='line_1_97' title="bbox 1949 2013 2065 2034; baseline 0 0"><span class='ocrx_word' id='word_1_445' title='bbox 1949 2013 2065 2034; x_wconf 73' lang='lat' dir='ltr'>nei-atibus.</span> 
     </span>
    </p>
   </div>
   <div class='ocr_carea' id='block_1_23' title="bbox 2206 1183 2237 3100">
    <p class='ocr_par' dir='ltr' id='par_1_27' title="bbox 2206 1183 2237 3100">
     <span class='ocr_line' id='line_1_98' title="bbox 2206 1183 2237 3100; baseline 0 0"><span class='ocrx_word' id='word_1_446' title='bbox 2206 1183 2237 3100; x_wconf 95' lang='lat' dir='ltr'> </span> 
     </span>
    </p>
   </div>
  </div>
 </body>
</html>
