2237 3100
237 279 286 308 An.
303 279 332 309 C.
352 278 420 309 ¹566

265 870 305 891 Leo
330 870 344 890 X
361 870 420 890 aliam

237 901 301 921 edidit
318 902 350 921 ltir
371 903 388 921 ri
402 918 405 921 .

264 1084 362 1104 Clemens
386 1083 420 1104 Vll

238 1115 325 1135 alteram
342 1115 374 1134 hir
386 1116 421 1135 rit.

239 1145 310 1165 edidit.

279 1242 325 1262 Pius
341 1241 368 1262 lV
400 1249 422 1261 :i-

241 1274 286 1293 lidni
303 1274 366 1293 edidit
390 1273 422 1293 nic

254 1406 290 1426 Hie
303 1406 422 1426 'unilopssn-

241 1438 290 1458 tifex
325 1438 372 1457 Pius
407 1437 421 1457 V

241 1469 358 1488 antedictas

241 1501 363 1519 amulium-s
387 1508 397 1520 a
417 1512 423 1514 -

242 1531 330 1556 prohat;

437 334 600 375 officiales,
631 334 670 367 ad
698 344 780 377 quos
808 333 933 377 punitio
962 338 992 366 ct
1019 332 1180 376 castigatio

435 389 608 421 criminum
634 394 664 421 et
693 398 879 421 excessuum
904 397 962 431 per
989 397 1043 420 eos
1065 397 1180 431 perpe.-

435 447 603 484 tratorum,
626 447 660 475 ut
682 442 872 485 praefertur,
895 442 932 474 dc
956 441 1024 474 iure.
1040 441 1087 473 vel
1103 452 1180 474 con-

434 496 602 529 suetudine
630 495 829 539 pertinebant
851 500 877 527 et
906 495 1103 537 spectabant,
1127 495 1181 527 de-

433 549 563 589 stinare,
593 554 648 581 aut
668 548 693 581 si
718 548 862 592 partibus
891 547 983 581 laesis
1003 553 1030 581 ct
1053 547 1183 581 offensis

434 602 543 635 utilius
565 602 658 641 soret,
677 602 758 642 illos,
779 601 864 634 iuxta
885 601 1058 635 crimininn
1079 607 1110 634 et
1133 612 1183 635 ex-

435 666 582 688 cessuum
604 666 662 699 per
682 665 736 688 eos
762 660 1021 699 perpetratorum
1046 655 1183 698 qualita-

434 714 508 749 tem,
527 709 565 742 ad
582 719 701 753 poenas
721 720 737 741 a
754 709 823 741 iure
839 714 955 741 statuta
974 710 1006 742 in
1022 709 1112 750 locris,
1130 709 1183 742 ubi

435 762 625 806 deprehensi
642 763 756 803 forent,
775 763 948 806 procedere
958 768 1181 806 procurarent.

479 816 493 857 ,ξ
514 815 544 848 6.
568 816 735 849 Praeterea
757 816 1046 849 felicismemoriao
1058 817 1186 850 LeoPa-

437 879 476 913 pa
487 869 525 909 X,
548 869 642 902 etiam
661 869 888 913 praedecessor
903 876 1022 911 noster,
1041 870 1186 904 similiter

436 932 493 966 per
531 933 604 955 eum
635 928 766 966 accepto
799 923 886 966 quod
922 923 1107 966 nequissimi
1143 924 1185 957 si-

438 976 515 1008 carii
536 981 592 1009 ele.
622 977 646 1009 l.

481 1030 496 1073 ἓ
517 1029 546 1062 7.
562 1030 662 1063 Porro
673 1030 712 1062 ad
724 1030 868 1063 notitiam
887 1031 1000 1064 similis
1013 1031 1186 1065 memoriae

437 1083 608 1117 Clementis
628 1084 731 1127 Papae
752 1085 811 1124 Vll,
828 1084 948 1129 pariter
964 1086 1187 1129 praedecesso-

438 1137 481 1170 ris
501 1138 612 1177 nostri,
633 1144 784 1182 pervento
803 1139 911 1181 plures
923 1138 1017 1172 l'rbis
1036 1144 1093 1172 ele.
1115 1140 1142 1172 2.

481 1191 496 1234 ἓ
517 1191 570 1225 58.
593 1192 665 1225 Piae
687 1192 860 1225 memoriae
881 1193 956 1225 Pius
975 1193 1059 1236 Papa
1079 1194 1127 1233 IV,
1150 1193 1187 1226 si-

439 1244 556 1278 militer
573 1246 799 1288 praedeeessor
810 1251 928 1287 noster,
946 1246 1140 1289 singulasPii
1152 1248 1186 1284 ΙΙ

439 1298 538 1339 Pauli,
550 1299 638 1340 Sixti,
650 1299 732 1341 Iulii,
745 1299 858 1333 Leonis
874 1306 904 1333 et
915 1300 1056 1340 Clemen,
1069 1306 1125 1334 ete.
1145 1301 1170 1333 3.

483 1353 497 1393 ,ξ
517 1353 547 1386 9.
571 1353 649 1386 Cum
670 1359 777 1387 autem
795 1354 897 1387 statim
910 1354 964 1386 ubi
981 1365 1038 1387 nos
1054 1355 1091 1387 ad
1103 1366 1188 1388 sum-

440 1405 482 1438 mi
504 1407 700 1450 apostolatus
720 1407 855 1451 apicem,
876 1407 979 1440 divina
995 1414 1187 1451 cooperanu

375 1476 398 1488 r.»
417 1481 423 1483 -
440 1460 648 1503 providentia,
672 1461 826 1505 assumpti
852 1461 982 1499 suimus,
1005 1462 1046 1495 ob
1063 1472 1189 1495 carum-

441 1514 512 1547 dem
534 1514 699 1547 literarum
712 1525 776 1547 non
789 1515 1056 1551 observationem,
1080 1515 1110 1547 in
1132 1516 1189 1549 eis»

441 1568 514 1601 dem
535 1568 725 1607 civitatibus,
758 1569 850 1601 terris
871 1574 900 1601 ct
920 1569 1010 1610 loeis,
1037 1580 1073 1601 ac
1094 1570 1188 1602 etiam

441 1621 473 1653 in
495 1622 578 1654 alma
601 1622 684 1654 Urbe
704 1628 811 1655 nostra
832 1622 932 1655 varias
961 1623 1186 1660 dissensiones,

442 1674 617 1708 discordias
637 1681 664 1708 et
704 1675 776 1708 odia
810 1675 925 1718 vigere,
963 1676 1130 1709 latrocinia
1161 1683 1190 1709 et

442 1729 616 1762 homicidia
649 1729 775 1773 aliaque
800 1730 1025 1763 nefandissima
1056 1731 1189 1764 crimina

443 1784 632 1826 perpetrari,
654 1795 689 1816 ae
703 1785 861 1827 praelatos
872 1784 963 1817 Pium
980 1785 1017 1821 11,
1040 1784 1187 1823 Paulum,

443 1836 577 1877 Sixtum,
599 1837 729 1877 lulium,
752 1839 901 1878 Leonem,
932 1838 1125 1871 Clementem
1155 1850 1189 1872 ac

443 1890 533 1923 Pium
543 1891 578 1923 lv
590 1892 863 1935 praedecessores,
883 1902 940 1935 pro
958 1892 1040 1925 t'elici
1057 1898 1189 1925 actran—

445 1945 546 1987 quillo
567 1950 648 1978 statu
670 1951 696 1978 et
716 1946 886 1978 commodo
903 1956 1114 1989 personarum
1127 1952 1189 1979 tam

444 1998 545 2031 dictae
566 1999 659 2031 Urbis
678 2010 775 2042 quam
788 1999 924 2032 aliarum
946 1999 1118 2037 civitatum,
1131 2005 1191 2033 ter-

444 2063 551 2085 rarum
577 2059 607 2086 et
636 2054 781 2087 locorum
811 2054 1066 2096 praedictorum,
1098 2066 1189 2098 prae-

445 2106 539 2140 missa
548 2107 704 2147 statuisse,
728 2107 890 2140 ordinasse
908 2114 935 2140 et
955 2108 1112 2151 peregisse
1122 2121 1192 2152 per—

444 2161 653 2204 spexerimus.
685 2161 806 2194 Idcirco
827 2172 885 2194 nos
910 2172 1051 2205 quoque,
1080 2163 1190 2195 eadem

443 2215 582 2255 ratione,
614 2215 730 2258 quietis
756 2215 899 2248 videlieet
923 2226 959 2247 ac
980 2215 1079 2259 paris,
1101 2217 1188 2255 moti,

446 2267 551 2300 habita
577 2279 674 2312 super
696 2269 744 2301 his
774 2279 847 2301 cum
868 2269 1102 2302 venerabilibus
1129 2271 1190 2302 sra-

446 2321 547 2354 tribus
567 2322 683 2355 nostris
712 2322 854 2355 eiusdem
880 2328 1006 2355 sanetae
1030 2323 1191 2357 Romanae

447 2374 607 2408 Ecclesiae
627 2375 843 2409 cardinalibus
870 2375 1099 2409 deliberatione
1124 2388 1191 2409 ma-

482 2451 492 2476 1
512 2449 651 2477 Praetereo
668 2452 838 2478 insertionem
856 2451 940 2478 bullae
961 2452 1053 2478 Leonis
1074 2453 1109 2483 X,
1131 2455 1192 2479 Om-

446 2503 499 2526 nes,
522 2497 581 2529 quia
602 2496 656 2530 ipsa
675 2499 715 2522 est
735 2496 759 2522 in
780 2500 844 2522 tom.
863 2504 891 2528 v,
913 2504 971 2531 pag.
999 2496 1057 2523 757<
1097 2498 1113 2524 2
1134 2498 1190 2524 Non

451 2547 519 2573 pono
539 2539 578 2565 hie
596 2540 670 2566 istam
688 2540 785 2567 bullam
805 2541 946 2567 Clementis
966 2541 1021 2568 Vll,
1041 2543 1069 2567 ln
1085 2544 1191 2570 Semela,

445 2584 506 2619 quia
529 2585 606 2612 habes
631 2594 688 2612 eam
710 2592 773 2613 tom.
792 2593 817 2613 vt
831 2607 837 2618 ,
859 2595 917 2621 pag.
941 2587 982 2613 69.
1023 2589 1036 2613 5
1056 2588 1192 2615 Praetereo

451 2629 516 2656 bane
536 2630 632 2656 bullam
650 2631 686 2656 Pii
708 2631 751 2663 tv,
768 2633 797 2657 lu
814 2633 950 2663 eminenti,
966 2631 1096 2665 siapndem
1114 2633 1192 2659 babes

447 2675 529 2709 ipsam
547 2677 680 2710 superius,
698 2684 746 2710 pagv
776 2676 824 2702 102

1030 278 1209 304 BULLARIUM
1228 278 1380 303 ROMANUM

1222 337 1306 373 tina,
1338 343 1387 365 ac
1399 332 1438 365 de
1457 332 1600 366 illor.um
1617 332 1761 365 unanimi
1787 332 1921 381 consilio
1941 337 1972 365 et

1222 396 1365 425 assensu,
1389 376 1531 433 sinoulas
1550 385 1642 429 Piill,
1663 391 1693 419 et
1707 385 1810 427 Pauli
1828 398 1864 420 ac
1882 385 1968 425 Sixti,
1998 406 2002 412 ·
2041 391 2046 396 '

1222 412 1457 480 110011011111111,ὖ
1454 438 1621 478 etLeon'is,
1634 438 1815 480 Clementis,
1827 444 1857 473 et
1867 439 1971 479 PiilV,
2005 477 2009 483 ι

1224 492 1520 534 praedeeessorum,
1550 492 1658 525 literas
1682 492 1876 541 huiusmodi,
1897 504 1971 540 cum
2018 495 2019 498 ’

1224 551 1429 587 statutorum,
1452 546 1710 587 ordinationum,
1730 544 1970 588 extensionum,

1224 599 1489 643 ampliationum,
1524 599 1779 640 revocationum,
1823 601 1972 634 cassatio-

1225 662 1316 693 num,
1356 653 1590 693 irritationum,
1616 653 1887 698 annullationum,
1918 653 1973 693 de-

1226 711 1400 750 cretorum,
1421 706 1705 746 confiscationum,
1738 706 1974 750 incorporatio-

1226 770 1326 805 num,
1339 760 1603 804 applicationum,
1624 761 1840 800 voluntatum,
1865 760 1974 793 horta-

1212 813 1366 855 tionum,
1399 813 1648 858 requisitionum
1675 810 1982 854 otinandatorum,

1227 868 1440 911 omnibusque
1470 873 1499 901 et
1529 868 1662 911 singulis
1689 867 1759 901 aliis
1781 867 1813 901 in
1834 867 1880 901 eis
1903 879 1975 906 res-

1229 921 1348 964 pective
1364 921 1521 955 contentis
1541 921 1703 962 clausulis,
1724 921 1898 965 apostolica
1918 932 1976 954 au-

1229 974 1374 1008 ctoritate
1401 975 1576 1019 praedicta,
1602 980 1716 1008 tenore
1743 975 1974 1018 praesentium,

1228 1029 1457 1072 approbamus,
1481 1029 1712 1075 confirmamus
1731 1034 1764 1062 et
1777 1029 1976 1069 innovamus,

1230 1082 1354 1126 illisque
1366 1089 1540 1128 perpetuae
1561 1088 1591 1116 et
1611 1083 1800 1116 inviolabilis
1819 1076 1978 1118 firmitatis

1230 1136 1330 1169 robur
1349 1136 1533 1177 adiicimus‚
1564 1148 1600 1170 ac
1627 1137 1666 1170 ab
1696 1137 1847 1170 omnibus
1866 1142 1896 1171 et
1915 1137 1978 1171 siu-

1229 1190 1321 1232 gulis,
1351 1201 1432 1234 quos
1454 1191 1527 1223 illae
1555 1196 1755 1224 concernunt
1775 1191 1914 1235 penitus,
1941 1187 1978 1224 ac

1229 1243 1288 1276 sub
1309 1244 1478 1286 praedictis
1494 1255 1552 1288 pei
1563 1244 1979 1279 eontiafacientesiriemis-

1230 1296 1363 1330 sibiliter
1383 1298 1587 1331 ineuriendis
1607 1296 1719 1341 poenis
1738 1298 1900 1332 observari
1923 1309 1995 1363 vo-‚

1231 1351 1338 1384 lnmus
1357 1357 1452 1395 atque
1474 1352 1690 1386 decemimus.

1274 1405 1365 1444 ξ’,ΙΟ
1385 1406 1583 1464 Easdeinque
1606 1405 1726 1448 literas,
1755 1406 1792 1439 ad
1817 1406 1878 1439 hoc
1899 1384 1934 1440 ut
1953 1406 1977 1440 si

1231 1422 1422 1499 homicidae,
1446 1459 1564 1500 simii,
1587 1459 1719 1500 banniti,
1740 1459 1771 1492 in
1788 1459 1977 1500 civitatibus,

1232 1512 1334 1551 terris,
1351 1513 1460 1545 castris
1476 1519 1505 1546 et
1526 1486 1603 1546 lo⁷eis
1624 1486 1805 1557 praedictis,
1826 1513 1977 1558 cuiquam

1231 1566 1345 1599 damna
1367 1567 1472 1610 aliqua
1502 1566 1679 1608 intulerint,
1699 1567 1834 1611 ipsique,
1855 1567 1979 1601 damnis

1232 1620 1336 1653 taliter
1351 1621 1457 1662 illatis,
1471 1631 1488 1653 a
1505 1621 1666 1654 civitatum
1684 1621 1978 1663 communitatibus,

1231 1684 1267 1705 ae
1286 1679 1459 1714 terrarum,
1484 1680 1663 1708 castrorum
1685 1680 1715 1708 et
1740 1676 1887 1708 locorum
1917 1675 1979 1708 hu-

1232 1726 1367 1759 iusmodi
1398 1727 1657 1761 universitatibus
1689 1728 1773 1772 capti
1804 1734 1835 1762 et
1865 1729 1979 1772 depre-

1233 1779 1321 1812 hensi
1343 1791 1406 1813 non
1420 1781 1549 1821 suerint,
1572 1781 1743 1814 sedtaliter
1758 1781 1981 1825 delinquentes

1234 1833 1364 1877 impune
1385 1834 1552 1876 evaserint,
1583 1835 1830 1868 communitates
1849 1846 1885 1869 ac
1905 1836 1978 1869 uni-

1233 1887 1394 1920 versitates
1425 1888 1607 1921 huiusmodi
1642 1889 1782 1932 (praeter
1805 1889 1867 1922 hoc
1893 1889 1978 1933 quod

1232 1941 1270 1973 ad
1291 1941 1483 1974 damnorum
1510 1953 1793 1986 quorumcumque
1813 1941 1858 1975 sic
1878 1942 1980 1981 illato-¹

1233 2006 1304 2027 rum
1331 1995 1410 2039 parti
1436 1996 1557 2036 laesae,
1589 1996 1770 2040 damnaque
1795 1996 1978 2040 huiusmodi

1233 2048 1376 2092 patienti,
1400 2060 1578 2095 eorumque
1594 2050 1786 2083 haeredibus
1802 2050 1976 2094 plenariam

1233 2102 1465 2136 restitutionem
1500 2110 1530 2136 et
1564 2104 1812 2137 satisfactionem
1846 2104 1978 2137 omnino

1234 2157 1416 2199 teneantur)
1431 2157 1469 2189 ad
1487 2159 1866 2201 tantumdem,quantum
1887 2158 1975 2191 dam-

1234 2220 1272 2242 na
1290 2209 1375 2243 illata
1392 2210 1577 2243 huiusmodi
1593 2212 1758 2244 aestimata
1776 2211 1903 2251 suerint,
1919 2210 1976 2244 Ca-

1235 2274 1340 2296 merae
1353 2264 1554 2307 Apostolieae
1575 2265 1703 2298 realiter
1724 2270 1754 2298 et
1774 2275 1846 2297 eum
1862 2264 1976 2298 effectu

1234 2318 1479 2359 persolvendum
1501 2318 1631 2351 omnino
1652 2319 1714 2351 sint
1733 2317 1891 2359 adstricti,
1921 2316 1979 2351 au-v

1234 2371 1377 2404 ctoritate
1403 2376 1433 2404 et
1457 2377 1568 2405 tenore
1588 2372 1750 2416 praefatis,
1783 2370 1981 2405 extendimus

1234 2430 1260 2457 et
1282 2425 1487 2468 ampliamus.

1276 2475 1291 2517 ξ
1316 2475 1363 2507 11.
1387 2475 1569 2507 Mandantes

1235 2522 1293 2555 lius
1313 2529 1342 2555 et.
1370 2523 1629 2556 unirersitatilnns
1653 2529 1810 2567 quatenus
1826 2524 1925 2568 ipsae,
1948 2525 1978 2558 in

1235 2571 1347 2604 virtute
1363 2578 1490 2605 sanstae
1507 2573 1717 2612 obedientiae,
1732 2578 1758 2605 et
1777 2573 1835 2605 sub
1851 2573 1981 2607 maioris

1234 2621 1575 2654 excommunientionis
1599 2633 1635 2654 ac
1655 2622 1726 2654 aliis
1752 2621 1844 2655 nobis
1869 2628 1896 2655 et
1923 2633 1981 2666 pro

1235 2674 1379 2712 tempore
1409 2670 1550 2703 existenti
1584 2670 1726 2703 Romano
1752 2670 1897 2704 Pontifici
1926 2672 1980 2704 be-

1987 277 2034 305 An.
2052 277 2083 305 C.
2100 275 2169 305 ¹366

2035 1418 2175 1440 Communiu-

1993 1453 2068 1477 {esque
2098 1449 2174 1475 obligat

1993 1481 2016 1501 ad
2036 1481 2175 1501 relectionem

1992 1513 2113 1533 damnorum

1598 2476 1714 2508 eisdem
1741 2475 1980 2508 communitati·
2018 2488 2181 2509 communitates

1998 2517 2095 2539 bannitus
2102 2525 2179 2546 rapere

1998 2550 2104 2570 §uideant
