2237 3100
62 261 112 289 An.
131 261 160 288 C.
177 261 243 288 ¹567

258 321 329 343 rum
366 310 572 354 deputatione
605 310 653 343 vel
686 310 864 350 amotione,
902 320 1007 353 neque

257 364 395 397 alicuius
432 364 532 409 partis
565 364 729 397 fruetuum
766 363 1006 406 consignatione

257 428 315 461 pro
331 418 483 462 praefatis
503 418 702 462 cappellanis
725 429 780 451 seu
800 417 925 450 vicariis
941 428 1007 450 sae-

256 471 433 513 cularibus,
470 473 494 505 si
527 483 584 517 per
611 473 690 505 tales
715 482 828 505 curam
865 471 1007 505 exerceri

256 526 438 570 contigerit,
461 526 604 571 episcopi
632 527 699 559 ullo
728 532 822 570 pacto
851 536 883 558 se
909 525 1007 559 intro-

257 580 394 613 mittant.

300 634 353 667 22.
376 634 590 668 Prohibemus
614 634 748 678 insuper
777 633 895 667 eisdem
923 633 1006 667 ordi-

82 688 354 730 aeciaraiio‘vi-nffl·ij5
379 699 416 722 ac
445 688 515 722 aliis
543 687 806 732 quibuscumque
839 687 1003 731 personis,

55 731 295 778 532¹m2121335122.ne
319 742 497 787 impediant
530 741 616 786 ipsos
645 742 771 781 fratres,
803 742 932 785 quaudo
962 741 1007 774 eis

255 797 424 840 placuerit,
452 803 515 830 tam
540 796 572 828 in
602 795 716 829 diebus
750 795 920 829 dominicis
950 806 1005 829 seu

255 851 371 886 festivis
397 856 452 884 aut
471 850 541 884 aliis
562 850 659 883 totius
687 851 762 883 anni
783 849 1003 894 temporibus,

253 916 426 949 campanas
441 906 570 949 pulsare
590 910 631 945 et,
656 905 751 937 etiam
776 910 921 948 tempore
941 915 1006 948 quo

252 959 313 1004 ipsi
334 959 576 999 celebraverint,
598 958 709 992 missas
735 959 911 999 celebrare,
929 969 1005 992 nec-

252 1025 318 1048 non
333 1019 537 1047 mortuorum
560 1024 696 1057 corpora
713 1013 883 1054 associare,
908 1020 938 1047 et
953 1014 1004 1046 illa

253 1079 311 1112 per
329 1068 444 1101 fratres
465 1067 563 1112 ipsos,
585 1067 715 1110 quando
732 1067 764 1099 in
776 1067 920 1101 ecclesiis
940 1067 1006 1100 suis

253 1122 402 1166 praefatis
422 1121 527 1155 delata
542 1120 671 1161 suerint,
692 1120 1006 1165 absquepraesentia

253 1181 418 1210 rectorum
438 1175 651 1209 ecclesiarum
668 1175 854 1209 huiusmodi
877 1175 1005 1219 sepeliri

255 1230 371 1271 faeere,
398 1241 435 1263 ae
454 1229 560 1263 officia
584 1234 789 1262 mortuorum
819 1229 1005 1263 huiusmodi

254 1284 365 1329 peragi
393 1294 505 1329 posse;
540 1283 820 1328 necessariamque
856 1295 1007 1328 praesen-

255 1339 329 1372 tiam
350 1344 514 1371 rectorum
545 1342 600 1370 ant
629 1337 767 1371 aliorum
795 1338 1004 1379 clericorum,

252 1392 332 1436 quin
360 1392 481 1425 infirmi
509 1392 609 1425 libere
638 1403 696 1425 sua
724 1392 846 1436 possint
867 1393 1006 1426 condere

253 1452 450 1486 testamenta,
471 1446 603 1480 minime
623 1457 705 1487 essc;
722 1457 759 1479 ac
776 1447 861 1490 ipsos
881 1448 1007 1490 regula-

254 1511 303 1534 res
327 1501 430 1544 legata
461 1507 516 1534 aut
535 1500 665 1544 quaevis
684 1501 746 1533 alia
771 1501 831 1534 sibi
858 1501 888 1534 in
911 1507 1006 1535 testa-

252 1555 367 1588 mentis
387 1554 499 1588 relicta
520 1555 646 1598 exigere
668 1560 698 1588 et
722 1554 868 1588 obtinere
890 1566 1003 1599 posse,

251 1619 357 1652 neque
377 1609 509 1652 aliquod
528 1609 578 1642 ius
598 1609 631 1642 in
650 1609 849 1642 contrarium
871 1620 938 1643 esse
955 1611 1007 1643 dc-

252 1663 416 1697 cernimus
436 1669 467 1697 et
486 1664 701 1698 declaramus.

295 1716 348 1751 23.
385 1718 543 1752 Licentias
575 1729 651 1752 vero
685 1729 744 1762 pro
781 1719 1005 1752 construendis

250 1771 400 1806 domibus
420 1772 636 1816 regularibus,
659 1783 742 1816 quae
762 1783 795 1806 111
814 1773 917 1817 capite
947 1783 1006 1806 xxv

250 1826 417 1867 sessionis,
444 1826 504 1860 nisi
523 1827 562 1860 de
578 1826 735 1861 ordinarii
761 1826 904 1867 licentia,
927 1838 1005 1860 con-

250 1880 331 1914 strui
352 1880 576 1925 prohibentur,
596 1881 693 1924 gratis
713 1881 847 1914 omnino
872 1880 953 1921 dari,
976 1887 1004 1914 et

250 1935 378 1968 nonnisi
408 1935 550 1979 legitima
579 1935 771 1969 subsistente
801 1946 913 1975 causa,
950 1947 1004 1968 su-

251 1989 433 2033 perioribus
445 1989 645 2034 explicanda,
659 1989 730 2022 illas
740 1990 884 2023 recusari
897 2000 1001 2032 posse.

293 2042 346 2076 ⁹24.
369 2043 502 2077 Necnon
521 2044 635 2077 fratres
651 2044 824 2088 praefatos,
843 2043 938 2076 etiam
956 2054 1005 2077 so-

76 2104 232 2140 uectarnnovi-
250 2098 314 2139 los,
345 2104 551 2131 mortuorum
581 2109 719 2142 corpora
752 2098 932 2139 associare,
967 2110 1004 2131 ac

49 2140 232 2194 ᾗῗξιᾞῖηἳᾘίω
250 2151 436 2185 mandatum
463 2152 495 2184 in
517 2152 567 2185 die
587 2152 702 2186 Coena}
717 2152 844 2185 Domini
865 2152 935 2185 fieri
956 2163 1005 2185 so-

248 2206 340 2239 litum
372 2206 404 2239 in
432 2206 578 2240 ecclesiis
602 2217 658 2239 seu
689 2206 838 2239 domibus
867 2206 1001 2239 fratrmn

249 2260 422 2294 cuiuslibet
447 2259 574 2294 Ordinis
599 2260 858 2304 praedictorum,
888 2261 1003 2293 solem—

247 2315 331 2348 niter
357 2314 476 2355 facere,
507 2321 537 2348 et
554 2314 716 2358 praedicta
741 2314 792 2347 die
815 2315 1002 2358 praedicare

247 2368 326 2402 hora
351 2380 414 2412 qua
435 2369 480 2401 eis
500 2368 668 2409 videbitur,
690 2380 748 2401 necv
776 2380 832 2412 per
854 2370 1001 2402 locorum

247 2423 429 2457 ordinarios
459 2429 512 2456 aut
544 2428 686 2456 rectores
712 2423 923 2456 ecelesiarum
946 2434 1001 2456 seu

246 2473 326 2507 alios
341 2484 566 2517 quoscumque
592 2472 758 2516 prohiberi
786 2484 879 2517 posse
905 2473 999 2506 etiam

247 2522 455 2556 decernimus
475 2528 505 2555 et
520 2522 736 2555 declaramus.

291 2573 345 2607 ⁶25.
369 2573 553 2606 Mandantes
568 2572 662 2605 etiam
678 2572 833 2605 universis
853 2572 999 2605 locorum

76 2636 232 2658 Deetarattovs-
248 2622 431 2663 ordinariis,
467 2633 506 2655 ne
539 2627 743 2656 mortuorum
773 2621 876 2655 officia
906 2632 1000 2664 agere

49 2669 232 2722 ffjfgffioe‘tuffiffle
248 2677 388 2707 rectores
416 2672 653 2717 parochialium
681 2671 711 2704 in
742 2670 886 2705 ecclesiis
915 2671 998 2715 ipso-

76 1782 195 1806 Deetmuo
204 1785 230 1805 vi·

50 1817 144 1842 gesimae
165 1817 235 1838 tertia

51 1847 170 1869 molestiae.

934 257 1001 281 PIUS
1025 257 1042 280 V
1067 257 1114 280 ΓΡ.

1695 248 1753 282 581

1053 319 1125 341 rum
1146 309 1294 350 fratrum,
1317 314 1429 343 contra
1445 310 1576 344 illorum
1594 311 1802 351 voluntatem,

1051 362 1245 405 permittant.
1278 363 1321 396 Ac
1347 363 1504 397 moniales
1530 363 1623 397 dictis
1652 365 1804 398 fratribus

1050 417 1204 457 subditas,
1231 417 1280 450 vel
1303 428 1457 462 personas
1477 418 1677 463 sepulturam
1694 418 1726 451 in
1748 430 1803 452 eo-

1050 481 1122 503 rum
1144 471 1288 505 ecclesiis
1309 471 1479 516 eligentes,
1503 473 1593 505 nulla
1622 473 1727 506 soluta
1746 484 1803 518 pa-

1050 523 1149 557 rocho
1177 525 1335 568 portione,
1356 526 1504 570 sepelire;
1526 527 1574 560 vel
1591 526 1615 560 si
1635 527 1749 560 fratres
1765 527 1804 560 ad

1049 577 1089 609 ad
1109 584 1314 612 mortuorum
1336 590 1473 624 corpora
1493 580 1681 614 associanda
1703 581 1803 614 vocati

1050 631 1181 671 suerint,
1204 632 1270 674 illa,
1301 634 1422 678 absque
1455 635 1591 668 fratrum
1613 634 1802 668 huiusmodi

1050 686 1241 727 praesentia,
1280 688 1411 731 sepeliri
1438 688 1541 722 facere
1583 681 1722 723 audeant
1754 690 1802 722 vel

1049 747 1269 783 praesumant.

1093 794 1146 827 226.
1177 794 1322 840 Cumque
1348 798 1485 831 maxime
1519 798 1631 831 deceat
1666 798 1802 831 liberam
1842 810 1999 832 Decennovi-

1049 858 1117 881 esse
1148 849 1288 883 cuiusvis
1315 852 1458 884 testantis
1485 853 1694 893 voluntatem,
1730 864 1802 896 pra-
1816 843 1999 895 {folie'ssfssfffl'st

1049 912 1123 934 xum
1147 902 1238 936 illum
1263 915 1373 944 usum,
1396 916 1494 949 parvo
1514 906 1620 940 adbuc
1646 913 1801 951 tempore,

1050 960 1081 987 ut
1112 958 1307 999 praefertur,
1339 958 1579 998 introductum,
1614 971 1672 1004 per
1704 972 1800 1004 quern

1050 1014 1238 1044 testamenta
1267 1012 1388 1057 absque
1421 1014 1683 1059 presbyterorum
1711 1026 1801 1059 prae-

1049 1064 1150 1097 sentia
1170 1065 1241 1099 fieri
1269 1066 1518 1109 interdicuntur,
1549 1069 1681 1103 omnino
1707 1069 1801 1104 abro-

1048 1128 1172 1160 gamus.

1093 1173 1108 1216 ἓ
1128 1173 1159 1206 3.
1187 1174 1365 1216 Postremo,
1389 1176 1475 1220 quod
1496 1177 1599 1221 eapite
1619 1188 1673 1211 xm
1689 1179 1801 1213 sessio·
1815 1192 1934 1213 neem-ano
1951 1198 2000 1219 quo-

1048 1227 1098 1261 nis
1114 1238 1172 1261 xxv
1189 1234 1320 1262 cautum
1346 1229 1405 1262 suit
1430 1231 1517 1274 quod
1536 1241 1659 1273 omnes,
1682 1232 1804 1267 scilieet
1817 1225 2000 1282 {ssossssssssfsssss'ss‘ffi

1050 1287 1113 1315 tam
1148 1282 1256 1316 elerici
1281 1294 1379 1327 quam
1405 1285 1570 1327 regulares
1590 1286 1801 1331 quicumque,

1048 1336 1087 1368 ad
1108 1336 1254 1380 publicas
1274 1337 1497 1382 processiones
1514 1339 1626 1380 vocati,
1649 1341 1803 1374 accedere

1049 1392 1299 1435 compellantur,
1313 1392 1356 1434 id,
1370 1393 1477 1436 quoad
1497 1394 1611 1427 fratres
1630 1395 1801 1438 praefatos,

1048 1445 1087 1477 de
1120 1445 1182 1478 illis
1216 1451 1340 1479 tantuin
1376 1447 1638 1490 processionibus
1669 1448 1802 1492 intelligi

1049 1499 1209 1541 volumus,
1232 1499 1271 1532 ad
1296 1511 1377 1543 quas
1395 1501 1576 1534 secundum
1593 1502 1802 1536 consuetudi-

1049 1563 1123 1585 nem
1144 1554 1311 1598 antiquam
1340 1555 1488 1589 locorum
1516 1555 1600 1589 soliti
1621 1561 1695 1589 sunt
1714 1568 1803 1591 acce-

1048 1607 1135 1647 dere,
1157 1609 1203 1641 vel
1224 1619 1307 1652 quae
1328 1620 1386 1653 pro
1411 1609 1497 1643 bono
1525 1610 1611 1654 pacis
1640 1611 1802 1645 Ecclesiae

1048 1662 1095 1695 vel
1116 1674 1175 1706 pro
1196 1662 1329 1697 victoria
1349 1670 1462 1697 contra
1482 1664 1629 1699 infideles
1654 1665 1803 1699 indicun-

1049 1723 1111 1756 tur,
1136 1717 1222 1761 quod
1242 1717 1337 1751 etiam
1358 1718 1396 1751 de
1414 1718 1477 1752 illis
1497 1719 1725 1762 conventibus,
1747 1720 1801 1764 qui

1049 1770 1184 1814 collegia
1217 1778 1469 1817 nuncupantur,
1501 1773 1635 1807 minime
1668 1774 1803 1818 intelligi

1048 1824 1215 1867 volumus,
1248 1826 1280 1859 in
1304 1826 1423 1871 quibus
1449 1828 1564 1861 fratres
1588 1828 1648 1861 sub
1672 1827 1802 1862 arctiori

1049 1879 1200 1912 clausura
1219 1879 1352 1924 degunt,
1370 1881 1413 1914 ita
1432 1886 1468 1914 ut
1483 1891 1542 1915 nec
1558 1882 1591 1914 in
1607 1882 1707 1916 choro
1729 1893 1802 1916 ean-

1048 1938 1126 1974 tent,
1148 1944 1208 1967 nee
1236 1934 1275 1967 ad
1300 1940 1447 1968 mortuos
1464 1936 1635 1977 accedant,
1657 1936 1712 1970 sed
1736 1942 1802 1970 tan-

1047 1992 1116 2020 tum
1141 1987 1254 2021 studiis
1279 1993 1309 2021 et
1328 1989 1523 2023 lectionibus
1543 1996 1666 2023 vacent.

1091 2042 1106 2085 ἓ
1126 2041 1157 2075 4.
1180 2043 1361 2085 Praeterea,
1381 2044 1406 2077 si
1432 2044 1513 2077 sorte
1533 2043 1618 2077 inter
1633 2044 1801 2089 episcopos
1843 2056 1947 2076 aninmo
1972 2056 1999 2076 n-

1047 2096 1094 2129 vel
1115 2096 1250 2140 collegia
1271 2102 1327 2130 aut
1347 2097 1487 2142 capitula
1527 2099 1575 2131 vel
1607 2098 1685 2131 alias
1707 2109 1801 2142 quas·
1815 2088 1995 2145 :fgssshem‘fffissss'pffl

1048 2151 1091 2183 vis
1112 2162 1266 2194 personas
1286 2158 1317 2184 et
1337 2152 1497 2196 praefatos
1523 2153 1636 2186 fratres
1656 2163 1712 2186 seu
1733 2163 1801 2186 mo-

1047 2204 1147 2238 niales
1168 2212 1223 2239 aut
1246 2217 1361 2240 eorum
1375 2207 1513 2250 aliquos,
1536 2217 1634 2250 super
1648 2207 1800 2250 praemis-

1046 2259 1088 2293 sis
1107 2261 1155 2293 vel
1176 2260 1284 2304 aliquo
1301 2272 1428 2301 eorum,
1451 2271 1560 2294 coram
1589 2271 1800 2305 quocumque

1046 2325 1102 2347 seu
1123 2314 1386 2359 (piibuscumquc
1408 2315 1582 2355 iudicibus,
1605 2314 1701 2347 etiam
1725 2325 1801 2347 eau-

1045 2379 1154 2401 sarum
1184 2369 1295 2402 Palatii
1323 2368 1498 2413 Apostoliei
1519 2368 1739 2409 auditoribus,
1762 2380 1799 2402 ac

1045 2428 1174 2455 sanctae
1191 2423 1353 2457 Romanae
1374 2423 1534 2456 Ecclesiae
1561 2422 1797 2462 cardinalibus,

1045 2476 1109 2504 tam
1130 2472 1161 2504 in
1178 2472 1323 2505 Romana
1347 2472 1444 2505 Curia
1467 2483 1565 2516 quain
1586 2477 1674 2505 extra
1708 2482 1796 2512 eam,

1045 2520 1181 2554 ubilibet
1195 2521 1235 2554 lis
1264 2532 1321 2555 seu
1338 2521 1409 2554 lites
1430 2521 1604 2565 respective
1625 2522 1798 2566 pendeant,

1044 2582 1102 2604 nos
1124 2571 1213 2605 litem
1234 2582 1290 2604 seu
1319 2571 1389 2604 lites
1409 2577 1440 2604 et,
1464 2582 1593 2605 causam
1619 2572 1667 2605 vel
1686 2582 1799 2605 causas

1043 2620 1227 2654 huiusmodi
1244 2621 1282 2653 ad
1301 2631 1359 2653 nos
1375 2621 1582 2662 advocamus,
1604 2632 1642 2655 ae
1663 2621 1751 2654 illam
1768 2626 1798 2653 et.

1044 2671 1126 2711 illas,
1151 2681 1290 2715 quarum
1316 2677 1433 2705 statum
1463 2683 1499 2705 ac
1529 2671 1660 2706 nomina
1686 2676 1716 2705 et
1743 2680 1798 2703 co-

1818 254 1868 280 An.
1885 252 1914 280 C.
1933 253 2000 281 ¹567
