2237 3100
173 284 221 314 An.
241 287 268 313 C.
289 286 356 314 ⁴566

225 1953 311 1975 Veritas
336 1958 371 1973 221-

185 1989 285 2014 puniatur

186 2022 256 2044 poena
270 2016 317 2036 tals·

374 432 418 464 De
437 432 572 464 veritate
591 429 802 473 exluimemla
827 439 846 459 a
865 426 1127 469 procuratoribus

418 484 451 516 S.
475 483 765 519 Poem'lentz'are'ae,
785 482 819 511 sn.
834 479 1127 522 (Uspensationibus

418 535 716 569 malrimousalibus
731 534 902 576 celerisque
917 532 1035 575 qratiis
1051 542 1127 574 apo-

416 590 548 625 stolicis,
570 589 626 621 snb
640 598 743 631 poena
760 586 837 629 salsi
854 586 878 617 ¹.

506 687 567 715 Pius
583 687 653 721 Papa
667 686 697 718 V.
712 686 791 713 motu
805 684 927 720 proprio,
942 685 997 712 etc.

418 776 510 815 Cum,
532 775 616 808 sicut
640 774 839 818 accepimus,
859 773 1020 811 nonnulli,
1053 782 1130 805 suae

201 839 280 860 causae
310 842 358 858 con·
375 829 592 863 conscientiae
613 827 739 872 prodigi
756 854 763 864 ,
784 838 819 859 ae
842 826 992 870 propriae
1021 826 1131 859 salutis

177 871 291 890 stitutionis

377 884 597 921 immemores,
622 887 655 914 ut
676 881 801 914 facilius
822 892 839 913 a
860 880 954 913 nobis
987 887 1017 913 et
1051 879 1131 913 Sede

376 936 560 980 Apostolica
594 934 850 978 dispensationes
879 933 1132 966 matrimoniales

376 995 405 1022 et
421 990 499 1022 alias
519 990 636 1031 gratias
655 994 685 1021 et
706 988 932 1021 concessiones
952 987 1130 1025 obtineant,

376 1044 494 1085 gradus
518 1042 804 1085 consanguinitatis
824 1042 871 1074 vel
897 1040 1059 1073 affinitatis
1079 1045 1130 1073 aut

377 1096 578 1139 cognationis
598 1095 786 1139 spiritualis,
810 1105 846 1127 ac
874 1094 1039 1127 scientiam
1061 1094 1131 1126 illo-

378 1160 450 1183 rum
472 1149 564 1182 aliter
584 1160 681 1192 quam
703 1149 748 1182 eis
769 1160 785 1180 a
808 1147 968 1191 principio
988 1148 1028 1180 ab
1058 1147 1134 1190 ipsis

380 1203 525 1246 partibus
541 1202 758 1245 significatun'i
779 1203 827 1234 vel
842 1206 1008 1233 narratum
1025 1200 1131 1238 t'uerit,

379 1262 595 1300 exponunt;et
617 1256 641 1288 si
663 1254 868 1288 matrimonia
884 1254 1070 1287 huiusmodi
1083 1255 1134 1287 ad—

380 1310 445 1343 huc
465 1315 630 1343 contracta
642 1320 707 1341 non
728 1308 858 1347 tuerint,
882 1319 940 1351 pro
962 1308 1135 1341 contractis

380 1368 523 1403 narrant,
547 1374 583 1396 ac
604 1363 682 1395 alias
702 1361 914 1394 diversimode
935 1372 1040 1393 veram
1063 1361 1133 1393 t'acti

380 1416 546 1459 speciem,
571 1422 634 1449 tam
672 1416 703 1447 in
735 1415 811 1458 ipsis
843 1414 1136 1457 dispensationibus

381 1469 687 1509 matrimonialibus,
710 1479 807 1511 quam
836 1478 892 1511 pro
913 1468 983 1500 aliis
1003 1468 1136 1511 quibus-

382 1533 522 1566 cumque
543 1522 653 1565 gratiis
687 1528 715 1554 et
751 1521 1014 1555 concessionibus
1057 1522 1137 1554 obti-

380 1576 494 1610 uendis
515 1576 700 1617 immutent;
723 1587 759 1609 ac
785 1581 955 1618 propterea
977 1586 1050 1607 cum
1073 1585 1135 1607 non

381 1630 486 1663 solum
509 1630 540 1662 in
561 1628 842 1673 impetrationibus
870 1628 1056 1661 huiusmodi
1079 1628 1136 1661 sal-

381 1684 456 1716 sitas
476 1688 627 1716 narretur
648 1711 654 1723 ,
678 1693 787 1716 verum
814 1683 910 1716 etiam
936 1682 966 1714 in
995 1682 1139 1725 partibus

383 1737 588 1780 plerumque,
613 1747 671 1780 pro
705 1735 923 1769 verificatione
961 1735 1137 1777 gratiarum

383 1790 581 1830 huiusmodi,
609 1790 724 1823 veritas
750 1790 941 1823 immutetur
961 1795 988 1821 ot
1022 1789 1140 1822 salsitas

385 1844 618 1877 committatur.

428 1897 443 1939 ἓ
462 1897 492 1929 ’1.
513 1897 575 1930 Nos
596 1897 705 1939 igitur,
726 1896 914 1929 huiusmodi
936 1896 1090 1929 abusibus
1111 1901 1138 1929 et

385 1950 551 1983 erroribus
561 1950 689 1983 obviare
706 1950 886 1993 cupientes,
901 1955 990 1982 motu
1008 1949 1141 1992 proprio

386 2009 459 2044 etc„
481 2013 594 2036 omnes
614 2008 644 2035 et
660 2003 803 2045 singulos
819 2008 1059 2046 procuratores,
1078 2008 1140 2034 tam

387 2056 485 2091 officii
520 2066 629 2089 sacrae
654 2056 910 2089 Poenitentiariae
932 2067 986 2088 seu
1014 2060 1141 2088 contra—

386 2111 559 2150 dictarum,
581 2120 678 2152 quam
701 2110 780 2142 alios
800 2119 1025 2152 quoscumque
1053 2108 1141 2141 solli-

388 2164 536 2197 citatores
557 2170 584 2196 et
608 2162 802 2206 scriptores,
825 2173 908 2205 quos
932 2162 1071 2205 csmistas
1093 2172 1143 2193 vo-

388 2223 482 2257 cant,
513 2217 568 2259 qui
593 2216 759 2249 veritatem
786 2215 860 2248 sacti
890 2226 906 2247 a
929 2215 1140 2253 narratione,

387 2281 484 2313 quam
505 2270 544 2302 ab
565 2269 642 2313 ipsis
674 2268 818 2312 partibus
850 2268 1046 2305 babuerunt,
1065 2279 1144 2311 qno-

388 2323 425 2355 ad
436 2323 655 2356 substantialia
670 2328 697 2355 ct
711 2322 880 2365 qualitates
901 2321 1080 2354 necessario
1095 2333 1145 2353 ex-

390 2376 573 2419 primendas
592 2376 749 2408 diversam
767 2375 905 2414 faciunt,
924 2385 979 2407 seu
995 2385 1144 2416 quoquo-

390 2429 485 2461 modo
507 2430 720 2461 intervertunt
739 2434 791 2461 aut
815 2428 997 2465 immutant,
1030 2428 1144 2470 depra—

390 2487 474 2521 vant,
505 2487 533 2514 et
561 2492 619 2525 per
648 2481 890 2525 subreptionem
916 2486 947 2513 et
980 2480 1144 2523 obreptio-

428 2554 436 2578 t
461 2553 531 2579 Alias
553 2561 652 2588 poenas
676 2553 758 2580 babes
778 2552 842 2579 infra
864 2553 991 2579 inconst.
1013 2553 1043 2578 ln
1061 2554 1146 2578 omni-

391 2594 454 2624 bus,
472 2592 516 2618 ubi
542 2594 628 2627 agitur
651 2593 684 2620 de
711 2593 899 2620 reformatione
914 2591 1144 2619 Poenitentiariae.

391 2633 428 2660 De
443 2633 552 2660 materia
568 2636 657 2660 autem
675 2632 827 2660 huiusmodi
843 2631 1071 2667 dispensationum
1087 2630 1146 2657 vide

389 2672 455 2701 infra
471 2672 499 2700 in
513 2677 599 2701 const,
618 2675 657 2701 Act
674 2674 834 2706 Romamon,
852 2672 896 2699 ubi
914 2672 1023 2700 notabo.

970 281 1150 305 BULLARIUM
1174 280 1325 304 ROMANUM

1167 342 1242 364 nem
1263 330 1380 374 gratias
1404 341 1421 362 a
1442 330 1534 363 nohis
1555 334 1756 373 extorquent,
1785 340 1923 374 poenam

1169 384 1239 417 salsi
1265 385 1446 423 incurrere,
1469 388 1499 416 et
1515 393 1551 415 ea
1571 382 1680 426 puniri
1705 383 1838 417 omnino
1868 383 1923 416 de-

1169 437 1245 470 bere
1262 436 1470 470 decernimus
1491 440 1518 467 et
1540 436 1754 469 declaramus.

1214 491 1228 533 ξ
1248 490 1278 522 2.
1303 490 1489 523 Mandantes
1511 494 1681 533 propterea
1706 490 1809 523 almae
1831 490 1925 524 Urbis

1171 544 1391 586 gubernatori,
1424 542 1576 576 Gamerae
1602 542 1806 586 Apostolicae
1833 543 1925 577 audi-

1172 596 1232 630 tori
1266 602 1293 630 et
1331 596 1466 637 vicario,
1501 600 1661 639 quatenus
1686 595 1718 628 in
1743 596 1927 639 praemissis

1172 660 1244 683 reos
1263 656 1294 683 et
1314 649 1494 693 culpabiles
1510 654 1654 693 repertos
1671 659 1776 693 poena
1792 649 1873 691 falsi,
1894 655 1928 683 ut

1172 703 1401 747 praemittitur,
1429 703 1577 747 puniant,
1606 713 1679 736 cum
1706 707 1862 746 potestate
1882 703 1927 737 ci-

1172 757 1272 796 tandi,
1300 756 1395 790 etiam
1417 767 1475 800 per
1494 756 1648 795 edictum,
1681 755 1818 789 constito
1844 767 1930 789 sum-

1174 810 1274 843 marie
1304 810 1342 842 de
1366 820 1431 842 non
1457 814 1525 842 tuto
1552 820 1701 850 accessu,
1729 810 1855 854 aliaque
1880 809 1929 843 di-

1174 864 1267 896 cendi
1283 868 1313 896 et
1329 863 1467 896 faciendi
1494 863 1523 896 in
1545 863 1728 907 praemissis
1749 863 1929 897 necessaria

1174 928 1229 949 seu
1251 916 1495 960 quomodolibet
1517 921 1713 960 opportuna.

1219 971 1233 1013 §
1254 969 1284 1003 3.
1304 971 1373 1003 Non
1389 969 1590 1003 obstantibus
1611 970 1794 1013 praemissis
1814 971 1931 1004 consti-

1176 1024 1355 1056 tutionibus
1382 1029 1412 1056 ct
1438 1023 1697 1056 ordinationibus
1726 1024 1929 1067 apostolicis,

1176 1077 1355 1121 ceterisque
1381 1077 1551 1111 contrariis
1576 1087 1781 1120 nequaquam
1802 1077 1930 1111 obstan-

1176 1130 1273 1170 tibus3
1301 1130 1428 1163 irritum
1454 1141 1585 1174 quoque
1607 1136 1637 1163 et
1656 1130 1751 1163 inane
1763 1134 1837 1171 eto,
1851 1130 1931 1165 dici-

1176 1195 1238 1226 que
1259 1189 1331 1221 etc„
1355 1184 1490 1216 iudicari
1511 1189 1541 1216 et
1561 1184 1691 1216 diffiniri
1706 1183 1836 1224 debere,
1855 1185 1932 1218 sub-

1178 1238 1238 1270 lata
1259 1242 1331 1277 elo,
1358 1238 1579 1271 decernentes

1221 1292 1235 1333 ξ
1254 1291 1285 1323 4.
1310 1291 1343 1323 Et
1366 1291 1452 1333 quod
1475 1290 1651 1334 praesentis
1667 1295 1773 1324 motus
1793 1291 1930 1335 proprii,

1178 1351 1204 1377 et
1227 1344 1348 1387 abs-qn«-
1369 1344 1441 1376 data
1457 1350 1483 1377 et
1500 1344 1717 1387 registratura,
1739 1345 1807 1377 sola
1827 1343 1933 1387 signa-

1179 1403 1248 1430 tura
1266 1398 1399 1430 sufficiat
1419 1403 1449 1430 et
1466 1398 1585 1441 ubique
1603 1397 1699 1430 tidem
1711 1397 1817 1438 faciat,
1838 1398 1869 1431 in
1886 1397 1934 1431 iu-

1178 1451 1262 1483 dicio
1283 1457 1313 1483 ot
1333 1456 1432 1491 extra,
1463 1452 1574 1493 regula
1603 1458 1762 1484 contraria
1788 1461 1852 1484 non
1874 1451 1932 1484 ob-

1179 1510 1291 1537 stante.

1223 1558 1237 1599 §
1258 1559 1288 1591 5.
1314 1558 1452 1601 Eiusque
1476 1558 1696 1601 transumptis,
1715 1568 1813 1591 manu
1831 1558 1933 1592 alicu·

1181 1611 1229 1643 ius
1254 1611 1368 1643 notarii
1399 1611 1518 1654 publici
1549 1611 1739 1655 subscriptis
1770 1618 1800 1644 et
1829 1611 1934 1655 sigillo

1181 1664 1317 1697 alicuius
1342 1675 1497 1707 personae
1532 1665 1563 1697 in
1597 1664 1749 1708 dignitate
1780 1665 1932 1699 ecclesia-

1181 1718 1259 1751 stica
1287 1718 1479 1751 constitutae
1501 1718 1644 1758 munitis,
1667 1718 1780 1751 eadem
1800 1728 1934 1762 prorsus

1183 1772 1261 1805 tides
1281 1771 1484 1812 adhibeatur,
1502 1783 1584 1816 quae
1603 1772 1827 1816 praesentibus
1842 1771 1933 1806 adhi-

1182 1825 1325 1865 beretur,
1353 1825 1378 1858 si
1399 1826 1504 1859 forent
1524 1825 1683 1858 exhibitae
1709 1826 1755 1858 vel
1777 1831 1934 1859 ostensae.

1227 1879 1241 1921 ἓ
1262 1878 1291 1911 6.
1316 1878 1472 1922 Quodque
1497 1879 1649 1912 Gamerae
1671 1884 1701 1912 et
1719 1878 1937 1912 Cancellariae

1184 1932 1385 1975 Apostolicae
1412 1943 1448 1965 ac
1461 1932 1652 1965 Audientiae
1682 1943 1856 1965 causarum
1877 1932 1937 1965 Pa-

1184 1984 1250 2017 latii
1278 1984 1453 2028 Apostolici
1486 1984 1581 2018 valvis
1610 1991 1641 2018 et
1667 1985 1697 2017 in
1730 1985 1797 2018 acie
1827 1984 1937 2029 Campi

1185 2038 1310 2078 Florae,
1328 2038 1467 2071 dimissis
1482 2038 1561 2071 inibi
1577 2038 1678 2082 copiis
1694 2038 1808 2079 affixis,
1825 2048 1939 2071 omnes

1186 2091 1225 2123 ita
1247 2091 1389 2124 afficiant
1408 2097 1438 2124 et
1453 2098 1574 2125 arctant
1597 2103 1634 2125 ac
1660 2092 1684 2125 si
1707 2092 1768 2125 illis
1788 2101 1939 2135 persona-

1186 2144 1258 2177 liter
1283 2144 1445 2178 intimatae
1471 2146 1615 2178 fuissent.

1332 2199 1449 2239 Placet,
1476 2204 1564 2231 motu
1588 2198 1730 2242 proprio.
1755 2199 1814 2237 M„

1231 2252 1285 2284 Die
1313 2262 1328 2285 v
1351 2252 1533 2285 decembris
1559 2262 1674 2285 MDLXVI
1701 2251 1939 2296 suprascriptae

1188 2304 1297 2337 literae
1332 2306 1527 2349 apostolicae
1562 2306 1673 2338 affixae
1699 2311 1726 2338 et
1758 2305 1940 2349 publicatae

1188 2357 1315 2391 fuerunt
1341 2359 1371 2391 iu
1388 2360 1467 2392 locis
1487 2359 1724 2403 suprascriptis,
1746 2357 1885 2391 dimissis
1908 2357 1939 2393 in

1188 2411 1307 2444 eisdem
1331 2412 1408 2445 locis
1429 2412 1530 2456 copiis
1558 2412 1670 2453 affixis,
1698 2422 1756 2455 per
1776 2421 1826 2444 me
1845 2410 1940 2444 Nico-

1189 2465 1275 2497 laum
1296 2465 1333 2498 de
1355 2465 1510 2506 Mattheis,
1538 2476 1717 2498 cursorem.

1259 2519 1302 2551 lo.
1327 2519 1495 2559 Uuerardi,
1518 2519 1669 2562 magister
1689 2528 1871 2551 cursorum.

1221 2579 1305 2609 Pubt.
1327 2579 1374 2608 die
1390 2578 1407 2607 5
1423 2577 1557 2607 decemb.
1577 2576 1667 2614 1566,
1685 2574 1785 2615 pontif.
1808 2584 1884 2605 anno
1902 2584 1920 2605 1.

1939 276 1991 303 An.
2008 275 2039 303 C.
2058 275 2126 303 ¹566

1986 495 2128 517 Exeeutorum

1943 527 2059 553 deputatio.

1974 981 2087 1003 thusutao
2097 981 2131 1001 de-

1949 1014 2076 1040 rogatorias

1966 1310 2015 1332 Sola
2024 1311 2133 1337 signatur-

1950 1341 2033 1363 sufficit,

1984 1569 2132 1595 'transumpto-

1951 1607 1994 1622 rum
2011 1600 2071 1621 fides.

1979 1895 2053 1916 Forma
2070 1894 2136 1921 pubtt-

1952 1928 2049 1948 cationis⁴
