2237 3100
223 238 270 265 An.
291 239 320 266 C.
340 239 409 267 ¹567

242 2436 341 2459 neelami
370 2439 400 2459 in-

217 2469 296 2490 dultum
343 2470 400 2490 circa

215 2500 358 2526 praedicatiou.
375 2501 400 2520 de

216 2531 290 2558 quibus
306 2532 325 2551 in
338 2537 400 2558 prae-

214 2563 297 2583 inserta
343 2562 400 2583 bulla

216 2599 274 2615 uum.
291 2600 306 2618 1,

469 231 534 266 590

425 295 573 338 praefatis
588 322 595 335 ‚
622 297 875 339 eorumdemque
896 296 1044 328 domibus
1058 322 1065 335 ,
1095 306 1172 328 con-

423 348 578 389 ventibus,
599 350 812 389 monasteriis,
832 349 976 382 ecclesiis
995 354 1025 381 et
1037 350 1124 389 locis,
1137 361 1174 383 ac

423 402 587 439 membris,
613 403 754 438 colonis,
773 402 995 442 servitoribus,
1016 413 1172 446 procura-

423 455 559 495 toribus,
582 456 767 488 oeconomis
787 467 824 488 ac
848 455 918 488 aliis
940 457 1085 500 personis
1104 457 1173 500 qni-

422 507 625 552 buscumque
652 508 727 541 dicti
756 508 884 541 Ordinis
900 509 1055 552 Regulam
1073 510 1172 554 proti-

421 561 580 601 tentibus,
607 562 702 594 etiam
730 562 845 595 oblatis
864 568 894 596 et
915 564 1011 596 Tertii
1040 564 1173 597 Habitus

420 615 614 648 monialibus
635 616 827 659 nuncupatis
841 643 848 655 ,
871 628 929 660 per
949 628 1172 662 quoscumque

419 667 580 701 Romanos
589 668 758 702 Pontifices
772 670 1035 713 praedecessores
1047 678 1173 705 nostros

418 731 454 753 ac
470 731 528 753 nos
543 727 571 754 et
589 722 702 755 Sedem
715 724 901 766 praelatam,
918 735 955 757 ac
965 725 1068 758 dictae
1083 726 1171 758 Sedis

418 774 558 816 legatos,
581 775 771 817 vicelegatos
786 803 793 814 ,
817 777 1002 822 episcopos,
1023 779 1170 812 locorum

417 827 598 861 ordinarios
618 834 646 861 et
668 841 890 874 quascumque
912 832 989 864 alias
1009 844 1170 876 personas,

417 880 476 913 snb
501 882 761 927 quibuscumque
791 885 958 918 tenoribus
979 891 1006 918 et
1038 887 1168 923 formis,

417 946 453 968 ac
475 946 547 968 cum
570 936 754 979 quibusvis,
777 938 872 971 ctiam
893 938 1168 982 derogatmiarinn

416 989 628 1033 derogatoriis
647 991 783 1035 aliisque
804 993 980 1035 quibusvis,
1003 994 1168 1034 clausulis,

417 1043 554 1084 statutis,
577 1044 671 1077 etiam
695 1045 894 1079 irritantibus
914 1047 1071 1087 decretis,
1094 1049 1169 1081 bac-

417 1101 510 1129 tenus
529 1099 771 1140 quomodolibet
795 1111 964 1139 concessa,
995 1103 1170 1145 approbata

417 1155 448 1183 et
469 1150 636 1191 innovata,
660 1151 832 1195 literasque
852 1154 1004 1198 desuper,
1029 1162 1090 1188 tam
1112 1157 1170 1189 sub

418 1204 554 1248 plumbo
583 1216 679 1248 quam
715 1206 745 1238 in
773 1208 874 1240 forma
909 1208 1012 1241 brevis
1041 1215 1068 1242 et
1095 1211 1171 1243 alias

417 1259 660 1301 quomodolibet
690 1261 851 1293 confectas
876 1267 906 1294 et
934 1263 1107 1306 expeditas,
1135 1276 1170 1297 ac

418 1318 515 1355 prout
535 1323 570 1345 ea
606 1313 715 1345 omnia
744 1319 772 1346 et
800 1315 925 1355 singula
961 1327 1018 1358 per
1042 1319 1168 1350 eosdem

418 1366 681 1408 praedecessores
692 1377 728 1399 ac
749 1378 807 1399 nos
823 1374 850 1401 et
871 1369 984 1402 Sedent
997 1373 1169 1413 praelatam

417 1419 562 1463 aliosque
590 1421 769 1463 praedictos
796 1433 967 1460 concessa,
996 1426 1170 1468 approbata

417 1478 445 1505 et
467 1472 614 1506 innovata
640 1475 789 1515 suerunt,
813 1487 952 1519 quorum
975 1478 1120 1511 omnium
1142 1486 1171 1512 et

418 1526 620 1569 singulorum
642 1535 780 1565 tenores,
805 1531 923 1563 formas
943 1537 971 1564 et
993 1533 1103 1571 datas,
1135 1546 1170 1567 ac

417 1580 442 1613 si
459 1580 496 1614 de
513 1581 609 1614 verbo
626 1583 664 1615 ad
681 1583 812 1615 verbum
830 1585 1062 1627 insererentur,
1083 1598 1171 1630 prae-

417 1634 562 1668 sentibus
590 1636 701 1669 baberi
731 1638 879 1671 volumus
908 1650 967 1682 pro
1001 1642 1169 1684 exinessis,

417 1688 535 1721 eisdem
557 1690 746 1723 auctoritate
763 1697 792 1723 et
812 1697 922 1725 tenore
938 1694 1169 1736 approbamus,

417 1741 650 1776 confirmamus
666 1749 695 1776 et
708 1744 909 1783 innovamus3
929 1746 1046 1790 illaque
1063 1749 1171 1781 omnia

416 1802 445 1829 et
461 1796 587 1838 singula
608 1798 750 1831 efficacia
768 1799 914 1839 existere,
935 1807 963 1833 et
981 1808 1170 1845 perpetuam

416 1849 542 1883 roboris
562 1851 746 1884 firmitatem
768 1853 930 1894 obtinere,
953 1866 989 1887 ac
1011 1867 1085 1888 suos
1103 1857 1170 1899 ple-

416 1903 523 1936 narios
544 1909 571 1936 et
590 1904 730 1947 integros
750 1906 883 1939 effectus
899 1908 1018 1940 sortiri.
1041 1909 1170 1943 Necnon

415 1956 455 1989 ab
476 1957 626 1991 omnibus
651 1964 681 1991 et
700 1959 846 2001 singulis,
869 1961 991 2003 quavis,
1017 1963 1111 1996 etiam
1133 1965 1170 1996 de

416 2009 514 2043 latere
536 2011 643 2054 legati,
666 2013 861 2056 vice—legati,
879 2025 1006 2048 necnon
1028 2017 1171 2050 cardina—

415 2063 511 2105 latus,
529 2065 747 2109 patriarchali,
762 2067 1031 2113 archiepisc-opali
1050 2077 1077 2103 et
1094 2082 1170 2114 qua-

416 2117 460 2149 vis
485 2118 546 2150 alia
562 2118 776 2152 ecclesiastica
793 2131 855 2153 sive
871 2123 1028 2155 saeculari
1048 2130 1075 2156 ct
1093 2130 1170 2158 tem-

416 2172 518 2214 porali
546 2173 769 2216 praefulgeant
789 2175 943 2218 dignitate
965 2182 991 2209 et
1020 2179 1169 2221 praeemi-

415 2225 543 2267 nentia,
566 2227 661 2259 etiam
683 2228 741 2261 sub
762 2229 946 2269 sententiis,
977 2233 1121 2265 censuris
1141 2240 1167 2266 et

416 2279 528 2322 poenis
552 2280 584 2312 in
605 2281 724 2314 eisdem
745 2283 922 2323 contentis,
945 2292 1100 2328 perpetuo
1122 2287 1169 2319 in-

415 2331 608 2367 violabiliter
627 2335 789 2368 observari
814 2336 930 2370 debere
951 2337 1166 2373 decernimus.

459 2387 474 2430 ἓ
490 2387 521 2420 8.
544 2388 581 2420 Et
600 2388 742 2432 insuper,
759 2391 845 2433 quod
866 2391 978 2425 Fratres
990 2393 1063 2426 dicti
1080 2394 1168 2427 Ordi-

416 2434 464 2468 nis
484 2436 537 2479 (ab
557 2448 669 2471 eorum
691 2440 914 2483 superioribus
930 2446 1036 2474 tamen
1054 2454 1169 2487 appro-

416 2484 494 2526 bati)
514 2485 546 2518 in
567 2497 680 2519 eorum
702 2488 863 2528 ecclesiis,
883 2490 1014 2531 quando
1035 2490 1079 2523 eis
1100 2493 1168 2534 pla-

416 2534 537 2575 cuerit,
560 2536 654 2568 etiam
675 2538 761 2580 quod
786 2537 818 2570 in
839 2539 1014 2571 cathedrali
1034 2541 1168 2574 ecclesia

415 2584 494 2626 (non
514 2589 621 2617 tamen
642 2585 680 2617 ab
701 2586 934 2630 episcopomet)
954 2589 1167 2632 praedicetur,

416 2632 516 2667 libere
526 2638 557 2667 et
566 2633 664 2676 licite,
676 2635 797 2679 absque
808 2636 917 2680 aliquo
926 2637 1167 2682 impedimento,

1020 243 1199 266 BULLARIUM
1223 243 1374 267 ROMANUM

1216 295 1278 328 sive
1299 296 1394 328 etiam
1416 295 1516 338 ipsius
1535 295 1677 339 episcopi
1697 297 1964 338 contradictione,

1216 354 1245 381 et
1265 348 1385 391 absque
1414 359 1452 382 eo
1472 349 1558 392 quod
1579 360 1687 383 coram
1708 351 1792 384 dicto
1813 352 1966 395 episcopo

1216 412 1248 434 se
1268 412 1333 434 non
1354 403 1637 445 praesentaverint,
1660 413 1719 436 nec
1743 404 1848 437 eidem
1870 405 1967 439 licen·

1217 455 1291 487 tiam
1326 456 1470 488 muneris
1503 456 1752 498 praedicationis
1779 457 1964 492 huiusmodi

1215 509 1430 549 exhibuerint,
1452 514 1479 542 et
1502 510 1540 542 ab
1561 510 1673 542 eodem
1696 510 1847 554 episcopo
1867 512 1965 545 bene-

1215 562 1401 602 dictionem,
1421 568 1454 595 ut,
1470 564 1662 606 praefertur,
1679 575 1741 596 non
1757 565 1965 606 obtinuerint,

1216 617 1419 659 praedicare,
1449 622 1476 650 et
1499 628 1617 650 munus
1638 618 1885 661 praedicationis
1904 620 1965 653 hu-

1215 669 1353 702 iusmodi
1378 670 1503 714 exequi.

1259 723 1325 766 gil.
1353 723 1482 756 Necnon
1514 725 1626 757 fratres
1652 724 1710 768 ipsi
1739 737 1965 770 quaecumque

1214 788 1352 820 corpora
1379 778 1626 819 defunctorum,
1657 779 1711 822 qui
1739 790 1771 813 se
1791 780 1823 812 in
1851 791 1965 813 eorum

1214 831 1358 863 ecclesiis
1382 831 1510 874 sepeliri
1544 832 1785 874 ordinaverint,
1822 834 1868 866 vel
1901 835 1927 867 si
1947 845 1966 867 a

1214 884 1438 917 defunctorum
1457 885 1649 918 haeredibus
1664 887 1726 919 sive
1744 898 1855 920 euram
1874 888 1965 921 fune-

1215 938 1256 970 ris
1291 939 1483 971 habentibus
1516 940 1616 973 vocati
1642 940 1761 974 suerint
1777 968 1784 981 ‚
1822 942 1964 985 ipsorum

1215 992 1347 1025 fratrum
1374 1003 1470 1026 cruce
1490 994 1626 1033 elerata,
1653 994 1747 1027 etiam
1773 995 1841 1028 sine
1863 995 1965 1029 dicto-

1215 1057 1284 1077 rum
1303 1046 1535 1080 canonicorum
1557 1059 1593 1080 ac
1610 1047 1834 1091 capitularium
1859 1060 1966 1092 perso-

1214 1110 1342 1138 narum,
1379 1112 1504 1133 necnon
1527 1107 1714 1133 curatorum
1746 1103 1792 1134 vel
1827 1102 1965 1136 aliorum

1215 1154 1473 1197 presbyterorum
1493 1155 1685 1195 interventu,
1703 1166 1739 1188 ex
1757 1157 1900 1200 ipsorum
1913 1156 1967 1190 de·

1215 1209 1397 1240 tunctorum
1411 1208 1559 1241 domibus·
1577 1209 1691 1247 levare,
1705 1220 1806 1252 eaque
1820 1210 1967 1254 accipere

1214 1267 1240 1293 et
1263 1262 1442 1299 associare,
1472 1274 1508 1295 ac
1529 1263 1565 1295 ad
1590 1263 1732 1306 ipsorum
1754 1264 1889 1296 fratrum
1913 1276 1966 1298 ec-

1213 1316 1455 1348 ‹·1esi;1sstir0‹·i‹·
1470 1317 1637 1358 ‹busti-iim
1656 1317 1688 1349 in
1702 1328 1812 1351 eorum
1824 1320 1969 1354 ecclesiis

1212 1372 1221 1408 (
1240 1380 1303 1402 11011
1325 1376 1430 1402 tamen
1453 1376 1597 1415 tompore
1618 1371 1805 1415 interdicti)
1837 1374 1966 1417 sepeliri

1214 1423 1339 1462 facere,
1371 1424 1455 1456 salvo
1485 1425 1647 1457 duintaxat
1674 1425 1743 1458 iure
1776 1426 1964 1469 parochiali.

1214 1477 1275 1509 Nec
1298 1478 1409 1510 sratrcs
1437 1477 1494 1520 ipsi
1518 1478 1554 1510 ad
1577 1479 1707 1511 alterius
1727 1479 1868 1513 cuiusvis
1887 1491 1966 1514 con-

1214 1531 1329 1564 trariae
1364 1532 1627 1571 consuetudinis,
1664 1544 1741 1566 usus
1771 1534 1834 1567 sive
1868 1535 1967 1569 moris

1214 1585 1468 1618 observationem
1490 1587 1603 1625 teneri,
1628 1587 1676 1619 vel
1696 1598 1794 1631 snper
1814 1589 1967 1631 praemis—

1214 1638 1255 1671 sis
1275 1650 1291 1671 a
1319 1650 1482 1683 quoquam
1497 1667 1504 1679 ‚
1531 1640 1641 1683 quavis
1661 1641 1869 1681 anctoritate,
1897 1653 1965 1676 mo-

1215 1693 1320 1725 lestari
1337 1704 1392 1725 seu
1417 1694 1598 1737 perturbari
1616 1694 1737 1738 possint
1751 1695 1797 1728 vel
1815 1695 1963 1730 debeant.

1258 1747 1272 1789 g
1290 1746 1342 1780 10.
1361 1747 1513 1786 Quartam
1526 1753 1632 1779 autem
1644 1748 1965 1792 l'uneralium,quoad

1214 1801 1327 1833 domos
1343 1801 1405 1833 sive
1422 1809 1596 1834 conventus
1615 1807 1643 1834 et
1656 1803 1851 1836 monasteria
1866 1802 1967 1847 ipsius

1213 1854 1351 1893 Ordinis,
1375 1860 1518 1899 tempore
1539 1856 1614 1888 dicti
1641 1856 1768 1889 concilii
1789 1857 1966 1890 Tridentini

1214 1914 1285 1941 ante
1307 1909 1516 1951 quadraginta
1533 1919 1634 1942 annos
1651 1910 1779 1943 fundata
1796 1916 1824 1943 et
1846 1917 1963 1952 erecta,

1214 1967 1241 1994 et
1265 1962 1385 1996 ratione
1416 1963 1544 1996 illorum
1576 1963 1631 1996 ubi
1653 1964 1852 1998 consuetudo
1878 1965 1964 1998 illam

1213 2016 1353 2049 solvendi
1369 2022 1491 2049 tantum
1509 2018 1620 2053 extitit,
1638 2029 1675 2050 ac
1688 2019 1725 2050 de
1742 2019 1824 2051 ceris
1840 2024 1870 2051 et
1885 2018 1965 2060 aliis,

1213 2080 1295 2112 quae
1323 2071 1513 2103 deteruntur
1540 2071 1625 2104 iuxta
1653 2072 1787 2105 cadaver
1822 2072 1899 2106 dnm
1925 2073 1966 2106 ad

1213 2125 1411 2166 sepulturam
1434 2124 1592 2164 defertur,
1616 2136 1681 2158 non
1709 2131 1814 2159 autem
1835 2126 1874 2159 de
1894 2126 1965 2160 aliis

1213 2178 1377 2220 quibusvis
1388 2178 1508 2211 eisdem
1526 2179 1676 2212 fratribus
1688 2190 1744 2212 seu
1757 2176 1962 2221 monialibus,

1213 2237 1267 2264 aut.
1287 2242 1399 2264 eorum
1421 2232 1582 2272 domibus,
1607 2233 1830 2274 conventibus,
1853 2244 1963 2266 mona-

1213 2284 1327 2325 steriis,
1350 2285 1492 2318 ecclesiis
1512 2292 1539 2318 et
1562 2286 1656 2326 locis,
1681 2286 1774 2319 etiam
1797 2297 1854 2330 pro
1874 2287 1963 2320 fune-

1212 2338 1256 2371 ris
1280 2338 1341 2372 sive
1375 2339 1581 2372 anniversarii
1608 2345 1663 2372 aut
1689 2340 1856 2372 missarum
1877 2340 1962 2373 cele-

1211 2391 1356 2425 bratione
1378 2393 1523 2429 donatis.
1550 2394 1672 2436 legatis,
1695 2394 1757 2427 sive
1783 2386 1861 2426 alias
1879 2404 1962 2437 quo-

1213 2442 1389 2474 modolibet
1415 2443 1552 2483 largitis,
1585 2449 1612 2475 ct
1645 2443 1699 2474 ubi
1721 2443 1802 2475 [luae
1828 2449 1962 2486 quartae

1211 2491 1317 2523 forsan
1338 2492 1414 2523 solvi
1436 2492 1668 2526 consueverint,
1686 2502 1748 2524 una
1769 2491 1889 2524 scilicet.
1907 2502 1963 2535 pa-

1211 2540 1344 2571 rochiali
1365 2541 1529 2579 ecclcsiae,
1552 2541 1612 2574 alia
1631 2551 1704 2573 vero
1725 2541 1877 2584 episcopo
1898 2540 1961 2574 sive

1211 2590 1387 2622 cathedrali
1408 2596 1460 2623 aut
1490 2591 1675 2633 collegiatae
1701 2590 1854 2623 ecclesiae
1868 2616 1876 2630 ,
1897 2590 1961 2624 sive

1212 2639 1375 2672 canonicis
1395 2646 1424 2672 et
1451 2640 1592 2684 capitulo
1622 2639 1783 2680 eiusdem,
1806 2650 1870 2672 una
1888 2645 1960 2674 tan-

1981 244 2034 272 An.
2054 244 2164 274 ‹21567

2008 735 2085 764 linque
2095 736 2165 763 *epul-

1981 771 2048 790 turae.
2078 769 2103 788 de
2125 774 2165 795 quo

1981 800 2058 820 ibidem
2072 805 2093 819 n.
2104 798 2138 824 13,

2008 1764 2031 1784 Ei
2069 1767 2163 1791 quartam

1980 1795 2105 1817 tunes-atium
2137 1797 2162 1817 de

1981 1834 2019 1853 qna
2040 1827 2116 1848 ibidem
2141 1833 2162 1848 n.

1981 1857 2012 1878 1¹.
2029 1862 2050 1879 et
2065 1864 2136 1886 seqq„
