2237 3100
66 273 113 300 Διι.
134 272 163 300 C.
180 272 246 299 ¹567

305 327 320 370 ἓ
339 326 369 359 1.
394 326 488 365 Sane,
508 326 582 359 licet
602 336 661 359 nos
677 332 704 358 et
722 325 933 370 quamplures
953 325 1016 358 Ro-

90 383 247 420 ffi⁰u1²0¹¹¹i10¹
263 380 348 413 mani
359 379 530 413 Pontifices
547 379 934 423 praedecessores-nostri,
945 389 1019 421 pro-

63 415 143 474 {iurss'
174 422 247 468 biania
263 440 333 479 pter
343 434 602 473 uheressructus‚
625 444 705 477 quos
726 433 830 466 dictus
858 433 943 466 Ordo
958 434 1019 465 fra-

62 477 247 535 ’ἧζζζῗῖξωὸζζζῗ
262 494 346 521 trum
385 488 659 526 Praedicatorum,
681 487 781 520 multa
814 488 1019 530 praefulgens

63 541 119 598 fffiu
130 546 247 561 mmm·
261 542 363 584 gloria
384 542 575 575 meritorum
597 546 627 574 et
653 541 754 583 gratia
783 540 958 573 sanctitatis
987 540 1019 572 in

261 606 338 638 agro
359 595 525 628 militantis
544 594 723 634 Ecclesiae,
759 594 791 626 in
814 594 1017 638 propagatio-

261 659 334 682 nem
355 649 430 682 fidei
443 649 650 688 orthodoxae,
666 653 798 681 eatenus
810 648 1017 691 produxerat,

259 713 298 735 ac
318 702 350 734 in
371 703 516 736 futurum
540 702 777 745 producturum
817 702 903 741 fore,
927 701 1019 733 firma

261 767 317 799 spe
337 756 544 800 sperabatur:
568 761 599 788 et
620 761 651 787 ut
665 756 777 787 fratres
799 754 857 797 ipsi
879 754 1020 798 quietius

261 820 373 842 eorum
396 810 514 842 sanctis
535 808 648 842 officiis
667 836 675 848 ,
704 809 850 852 vitaeque
879 808 1019 849 regulari

260 873 297 896 ac
319 863 405 896 verbi
426 864 479 896 Dei
506 863 803 908 praedicationibus
824 862 974 895 libentius
991 869 1019 895 et

261 918 413 958 alacrius,
435 918 475 951 ad
496 918 597 961 ipsius
617 917 1020 961 fideichristianaepropa-

260 971 424 1014 gationem
445 971 635 1004 incumbere
657 971 797 1003 valerent
825 976 854 1003 et
894 969 1021 1003 incum-

261 1025 375 1058 berent
392 1036 467 1059 cum
484 1025 613 1064 effectu,
630 1025 824 1069 ‹piamplura
843 1023 1019 1068 privilegia,

262 1079 402 1117 indulta,
418 1079 550 1122 gratias,
573 1078 794 1122 exemptiones
815 1084 842 1111 et
865 1078 1021 1110 immuni-

262 1138 342 1166 tates
366 1134 412 1166 eis
437 1132 667 1166 concesserint.

306 1187 366 1230 §2
384 1187 420 1220 Et
440 1187 524 1220 inter
543 1192 681 1226 caetera,
701 1197 760 1230 per
770 1187 926 1229 quasdam
945 1186 1023 1218 alias

263 1247 387 1274 nostras
409 1241 527 1274 litteras
544 1241 827 1279 declaraverimus,
864 1250 1021 1273 canonem

263 1307 339 1329 sess.
361 1305 445 1335 xxtv,
468 1307 538 1339 cap.
555 1305 597 1334 lv,
613 1294 789 1327 Tridentini
806 1294 948 1334 concilii,
968 1304 1024 1338 pet·

263 1361 358 1393 quem
380 1349 532 1382 omnibus
553 1349 765 1388 regularil‘iuS,
783 1349 876 1381 etiam
896 1348 926 1380 in
948 1359 1022 1381 suo-

263 1415 334 1436 rum
357 1403 513 1437 Ordinum
536 1403 692 1440 ecclesiis,
719 1403 960 1435 contradicente
994 1413 1025 1434 e-

263 1457 407 1502 piscopo,
429 1456 679 1501 praedicationis
699 1456 840 1489 officium
862 1456 1025 1489 interdici-

264 1517 328 1552 tur,
364 1512 478 1544 fratres
509 1511 716 1548 huiusmodi,
753 1510 882 1554 quando
913 1522 929 1543 a
959 1511 1025 1543 suis

264 1566 471 1609 generalibus
499 1566 544 1598 vel
573 1576 686 1598 eorum
711 1564 865 1597 ministris
895 1565 1024 1609 prox-in-

264 1619 400 1654 cialibus
420 1620 457 1652 ad
480 1620 510 1652 id
527 1619 672 1663 deputati
695 1619 832 1659 luerint,
859 1630 923 1652 non
940 1630 1026 1652 com—

265 1673 479 1718 prehendere,
515 1684 620 1716 neque
650 1683 705 1706 eos
747 1673 893 1712 afficere3
927 1674 1024 1705 immo

263 1728 462 1760 voluerimus
495 1727 600 1771 quod,
641 1726 673 1759 in
707 1738 820 1759 eorum
859 1727 1023 1766 ecclesiis,

263 1782 394 1825 quando
415 1781 461 1814 eis
477 1781 631 1825 placeret,
660 1780 744 1813 licite
778 1781 872 1813 etiam
904 1781 1025 1824 absque

264 1834 571 1879 ulloimpedimento
592 1834 916 1875 velcontradichone,
931 1834 1024 1867 etiam

264 1888 417 1932 episcopi,
453 1888 513 1921 nisi
548 1888 614 1933 ipsc
649 1888 861 1932 praedicaret,
886 1889 961 1921 licet
994 1889 1025 1921 in

265 1941 443 1975 cathedrali
477 1942 615 1975 ecclesia
646 1948 723 1975 tunc
754 1943 1023 1986 praedicaretur,

264 1997 453 2041 praedicare
475 2002 616 2040 possent.

309 2049 374 2094 §3
403 2049 495 2083 Circa
519 2056 626 2083 autem
644 2055 790 2093 quartam
815 2051 1023 2090 suneralium,

103 2113 128 2136 Bt
152 2117 250 2151 *quanam
265 2104 303 2137 de
323 2115 387 2147 qua
407 2104 439 2136 in
464 2115 541 2137 sess.
585 2114 655 2144 xxv,
691 2115 760 2147 cap.
788 2114 855 2143 xm,
879 2104 1023 2137 eiusdem

67 2145 252 2204 ξῖἓεζειρᾛρῃᾱῖι
266 2158 406 2199 concilii,
427 2169 634 2202 nequaquam
655 2159 768 2191 domos
803 2169 857 2191 seu
886 2169 1024 2191 conven—

69 2212 202 2267 {gffssn
219 2209 251 2235 ¹¹⁷
265 2219 316 2246 tus
350 2218 380 2246 et
418 2213 623 2253 monasteria,
646 2224 728 2257 quae
762 2224 779 2245 a
812 2213 1024 2256 quadraginta

265 2266 357 2300 annis
377 2266 456 2300 citra
471 2272 548 2299 tunc
574 2266 704 2299 fundata
725 2266 912 2306 existebant,
940 2272 1026 2310 post-

265 2331 362 2365 quam
388 2319 563 2353 concilium
590 2320 696 2363 ipsum
730 2320 876 2363 loquitur
900 2326 1023 2353 tantum

266 2375 306 2408 de
327 2374 532 2407 monasteriis
557 2384 613 2406 seu
651 2374 802 2406 domibus
839 2379 911 2406 ante
947 2385 1024 2418 qua-

266 2428 412 2471 draginta
435 2439 537 2461 annos
566 2427 718 2467 fundatis,
759 2433 789 2460 et
804 2439 886 2471 quae
921 2428 1022 2472 ipsam

266 2484 413 2522 quartam
429 2479 551 2511 solvere
568 2483 817 2517 consueverunt,
840 2482 871 2510 et
899 2482 1023 2510 tantum

267 2538 361 2561 cerae
386 2534 417 2562 et
451 2528 602 2568 aliorum,
638 2538 720 2570 quae
760 2532 917 2571 tempore,
959 2537 1023 2572 quo

268 2577 496 2611 defunctorum
514 2588 651 2620 corpora
671 2578 710 2610 ad
730 2577 930 2621 sepulturam
967 2578 1023 2611 de-

268 2626 429 2667 feruntur,
452 2638 517 2661 non
532 2633 639 2660 autem
659 2626 698 2660 de
719 2627 823 2660 missis
839 2638 895 2660 seu
912 2627 1024 2670 legatis

268 2677 315 2710 vel
337 2677 421 2720 aliis,
443 2677 596 2712 fratribus
620 2677 697 2722 ipsis
735 2688 792 2711 seu
829 2677 1024 2711 monialibus

93 1244 115 1266 Et
139 1245 247 1269 signantur

66 1279 122 1298 eirca
141 1277 239 1303 praedira

66 1309 143 1331 tiones,
167 1310 189 1328 ut
211 1313 248 1327 su·-

66 1346 102 1367 μω
119 1346 175 1359 nuni.
188 1339 222 1363 ἐκ

942 270 1010 295 PIUS
1029 272 1048 295 V
1067 271 1115 295 PP.

1706 256 1769 292 587

1059 324 1190 364 relictis,
1218 328 1273 356 aut
1293 322 1371 356 alias
1408 320 1654 365 quomodolibet
1673 321 1812 361 donatis,

1061 379 1136 411 solvi
1164 378 1313 418 deberet,
1340 377 1449 420 sicque
1484 376 1650 409 decretum
1686 375 1814 408 concilii

1061 431 1260 471 huiusmodi,
1288 431 1403 475 quoad„
1414 429 1531 463 dictam
1549 434 1694 472 quartam
1720 428 1814 462 sune-

1062 485 1178 518 ralium
1200 485 1383 518 solvendam
1403 484 1649 527 intelligendum
1671 494 1739 516 esse
1760 483 1816 515 de—

1062 540 1270 579 creverimus,
1290 539 1344 571 ubi
1364 549 1440 572 vero
1462 549 1526 571 non
1548 543 1593 571 est
1614 536 1815 570 consuetudo

1062 593 1202 625 solvendi
1228 599 1375 637 quartam
1402 592 1598 625 funeralium
1618 590 1817 630 huiusmodi,

1062 646 1101 679 de
1136 647 1225 679 nullo
1260 646 1554 690 suprascriptorum
1589 645 1666 679 solvi
1700 645 1817 678 debere

1063 700 1347 740 declaraverimus,
1365 712 1424 733 nec
1438 701 1475 733 ad
1492 706 1639 744 quartam
1654 710 1710 732 seu
1722 699 1818 732 aliam

1064 760 1186 797 partem
1222 765 1347 794 eorum,
1391 766 1473 797 quac
1508 754 1601 786 etiam
1634 764 1693 798 pro
1725 764 1820 786 orna-

1064 813 1171 840 mento
1197 808 1368 846 ecclesiae,
1390 808 1580 851 palliorum,
1601 808 1817 851 planetarum,

1063 861 1275 901 cortinarum,
1304 873 1486 905 pannorum
1508 868 1536 895 et
1561 862 1711 901 aliorum,
1736 872 1820 905 quae

1064 915 1156 947 dictis
1176 916 1321 949 ecclesiis
1342 927 1396 949 seu
1424 916 1587 955 fratribus,
1626 916 1720 949 etiam
1761 925 1820 959 pro

1065 980 1178 1002 eorum
1200 969 1284 1002 victu
1311 975 1363 1003 aut
1390 971 1479 1010 alias,
1508 970 1645 1013 relinqui
1667 970 1712 1002 vel
1752 969 1820 1002 dari

1064 1023 1276 1066 contingeret,
1310 1023 1430 1067 aliquid
1443 1024 1649 1057 contribuere
1671 1029 1821 1057 teneren-

1065 1082 1133 1117 tur;
1160 1088 1197 1110 ac
1223 1077 1344 1110 curatis
1369 1089 1424 1110 seu
1450 1078 1687 1122 parochialium
1719 1078 1821 1110 eccle-

1065 1131 1184 1163 siarum
1207 1132 1398 1170 rectoribus,
1427 1132 1475 1164 ius
1492 1138 1615 1164 tantum
1637 1132 1821 1174 sepulturae

1065 1185 1110 1218 eis
1136 1185 1214 1218 solvi
1235 1192 1445 1227 consuetum,
1474 1197 1533 1219 nec
1565 1186 1687 1229 aliquid
1720 1185 1820 1225 aliud,

1065 1239 1210 1282 quann‘is
1230 1246 1337 1284 partes
1363 1240 1401 1273 ad
1427 1251 1537 1273 earum
1564 1240 1691 1272 libitum
1720 1239 1824 1272 eccle-

1067 1294 1120 1325 siis
1141 1294 1285 1338 ipsorum
1306 1295 1455 1335 fratrum,
1478 1306 1535 1328 seu
1552 1294 1741 1327 eisdemmet
1760 1294 1823 1326 fra-

1068 1348 1169 1380 tribus
1194 1349 1254 1381 alia
1284 1360 1511 1393 quaecumque
1551 1347 1736 1381 tribuissent
1767 1358 1823 1381 seu

1067 1402 1189 1444 elargiti
1214 1402 1358 1443 fuissent,
1377 1403 1506 1446 quando
1528 1402 1559 1434 in
1580 1413 1692 1435 eorum
1719 1402 1823 1435 eccle-

1067 1456 1121 1488 siis
1146 1467 1283 1500 corpora
1310 1462 1514 1489 mortuorum
1537 1456 1751 1500 sepeliuntur.
1779 1456 1824 1488 eis

1068 1511 1202 1551 solvere,
1231 1522 1285 1544 seu
1307 1511 1345 1544 ad
1371 1511 1556 1554 aliquorum
1578 1521 1715 1543 onerum
1746 1520 1823 1542 con-

1069 1565 1276 1598 tributionem
1322 1566 1442 1599 eisdem
1485 1565 1605 1599 curatis
1646 1564 1825 1597 faciendam

1069 1620 1187 1660 teneri,
1224 1631 1284 1653 nec
1328 1626 1500 1665 propterea
1538 1619 1689 1664 impediri
1733 1629 1826 1662 posse

1069 1675 1181 1706 fratres
1207 1674 1304 1718 ipsos,
1328 1675 1406 1717 quin
1443 1680 1572 1718 possent
1597 1673 1825 1706 defunctorum

1069 1739 1206 1771 corpora
1228 1729 1369 1771 praefata
1389 1729 1428 1761 ad
1450 1739 1563 1761 eorum
1585 1727 1737 1761 ecelesias
1774 1732 1826 1759 tu-

1069 1782 1221 1814 mulanda
1242 1782 1359 1815 deferri
1383 1784 1498 1815 lacere.

1113 1836 1127 1879 ξ
1151 1836 1181 1868 4.
1211 1836 1319 1880 Neque
1349 1836 1452 1869 dictos
1480 1836 1594 1869 fratres
1628 1836 1826 1880 illorumque

1068 1890 1150 1929 loca,
1178 1890 1301 1923 etiamsi
1323 1901 1433 1923 curam
1452 1890 1633 1923 animarum
1655 1890 1823 1930 haberent,

1068 1950 1121 1976 aut
1143 1955 1369 1989 quaecumque
1389 1945 1547 1978 beneficia
1573 1944 1617 1978 eis
1650 1945 1754 1985 uuita,
1786 1945 1824 1977 ad

1068 1997 1209 2041 aliquam
1235 1999 1509 2031 contributionem
1553 2009 1612 2043 pro
1637 1998 1823 2039 seminario,

1068 2057 1121 2084 aut
1164 2052 1363 2085 decimarum
1408 2053 1592 2097 aliquarum
1631 2053 1824 2086 solutionem

1069 2106 1188 2148 pariter
1212 2107 1312 2139 teneri
1335 2118 1393 2140 nec
1420 2107 1489 2149 cogi
1508 2117 1619 2150 posse;
1642 2106 1825 2140 immoillos

1068 2165 1098 2192 et
1123 2170 1235 2192 eorum
1262 2160 1393 2201 domos,
1422 2160 1633 2200 monasteria,
1665 2160 1825 2194 beneficia

1068 2218 1097 2246 et
1122 2214 1191 2247 loca
1212 2215 1250 2247 ab
1267 2215 1330 2247 illis
1341 2214 1583 2258 quomodolibet
1597 2214 1822 2258 dependentia,

1068 2278 1246 2311 eorumque
1277 2269 1362 2302 bona
1397 2279 1641 2312 quaecumque,
1677 2273 1741 2301 tam
1784 2269 1824 2301 ad

1067 2332 1121 2354 eos
1153 2333 1250 2365 quam
1283 2323 1322 2355 ad
1367 2322 1522 2355 moniales
1560 2322 1718 2366 praefatas
1746 2333 1824 2366 quo-

1068 2376 1243 2409 modolibet
1268 2375 1478 2420 pertinentia,
1512 2387 1530 2408 a
1561 2375 1824 2420 quibuscumque

1067 2429 1212 2470 decimis,
1253 2430 1413 2473 primitiis,
1455 2429 1595 2473 quartis,
1635 2430 1749 2463 mediis
1794 2435 1823 2463 et

1067 2478 1136 2511 aliis
1156 2480 1321 2512 fructuum
1338 2480 1494 2523 partibus,
1522 2490 1648 2512 necnon
1675 2478 1824 2512 subsidiis

1067 2528 1249 2569 caritatiris,
1276 2529 1372 2562 etiam
1398 2540 1456 2573 per
1472 2540 1543 2570 nos,
1566 2539 1602 2562 ex
1615 2539 1823 2572 quacumque

1067 2588 1163 2611 causa
1184 2579 1357 2619 concessis,
1391 2590 1428 2611 ac
1461 2579 1533 2612 aliis
1560 2578 1823 2622 quibuscumque

1067 2628 1232 2668 oneribus,
1259 2634 1324 2661 tam
1355 2628 1527 2661 ordinariis
1551 2639 1648 2672 quam
1679 2633 1822 2661 extraor-

1068 2677 1213 2719 dinariis,
1240 2688 1369 2711 necnon
1393 2678 1433 2711 ab
1475 2677 1565 2712 omni
1600 2676 1823 2711 iurisdictione

1830 267 1879 294 An.
1897 267 1926 295 C.
1944 265 2011 294 ¹557

1850 1844 2025 1871 Exempnonem-

1842 1883 1881 1903 que
1898 1876 2024 1897 asolutione

1845 1914 1932 1928 onerum
1956 1911 1976 1927 et
1993 1908 2025 1927 iu-

1844 1940 1968 1959 risdictione
1988 1944 2025 1958 or-

1840 1971 1979 1994 dinariorum,
2003 1972 2025 1990 ut

1841 2008 1904 2029 supra
1918 2009 1939 2022 n.
1951 2001 1984 2021 14.
