2237 3100
15 292 64 319 An.
81 288 110 317 C.
130 289 196 318 ¹562

54 401 197 428 Transumpus

15 434 71 455 credi
86 433 151 453 iubet.

43 1425 123 1447 Relatio
138 1431 200 1453 prae-

15 1459 141 1478 insertarum
157 1457 201 1478 bul-

16 1489 87 1510 larum.

899 286 967 313 Plus.
985 286 1017 311 tv
1035 287 1084 313 1¹1³.

258 341 273 385 ξ
294 341 324 375 7.
348 341 391 375 Ac
411 341 629 385 praesentium
652 342 751 376 solam
768 342 964 385 signaturam

214 401 356 429 nostram
380 396 526 429 sufficere
543 402 570 429 ct
588 396 708 440 ubique
730 397 823 430 tidem
847 396 962 437 facere,

213 450 246 482 in
266 449 385 484 iudicio
406 455 437 483 et
464 456 562 491 extra,
586 452 698 493 regula
719 451 878 484 contraria
900 462 963 483 non

213 503 369 544 obstant03
380 515 558 548 eorumque
575 516 629 538 seu
642 505 809 537 literarum
826 505 966 548 desuper

212 557 484 602 expediendarum
502 558 664 602 exemplis,
682 558 776 591 etiam
788 559 962 602 impressis,

213 622 310 644 manu
330 610 467 644 alicuius
487 611 603 644 notarii
630 613 751 656 publici
776 612 965 655 subscriptis

212 670 243 698 et
262 665 367 709 sigillo
401 665 540 699 alieuius
566 677 721 709 personae
752 667 783 699 in
813 666 965 709 dignitate

212 719 427 753 ecclesiastica
451 720 642 753 constitutae
664 720 809 761 munitis,
823 732 859 753 ea
876 731 965 764 pror-

212 783 266 806 sus
291 773 386 813 fides,
410 774 442 806 in
463 773 582 807 iudicio
610 779 639 807 et
673 780 759 807 extra
789 774 963 813 iudicium,

212 826 418 867 adhibeatur,
446 838 528 871 qnae
557 828 779 871 praesentibus
796 827 965 861 adhibere-

211 884 276 922 tur,
299 880 325 913 si
346 881 451 914 forent
471 881 629 914 exhibitae
644 882 693 915 vel
714 886 870 915 ostensae.

367 935 486 975 Placet,
511 941 600 968 motu
617 935 761 979 proprio.
786 936 807 968 l.

256 988 371 1021 Datum
392 988 511 1021 Romae
540 990 625 1033 apud
647 990 799 1022 Sanctum
820 989 963 1028 Petrum,

212 1041 315 1085 pridie
335 1052 436 1075 nonas
456 1043 608 1083 octobris,
631 1053 715 1075 aimo
736 1053 781 1076 111.

212 1153 364 1197 Sequitur
374 1155 502 1198 plenior
515 1156 689 1188 declaratio
704 1156 966 1199 supradictorum

258 1209 536 1242 constitutionum.

327 1290 389 1318 Pius
409 1290 479 1326 Papa
497 1290 539 1323 tv,
559 1292 637 1319 motu
655 1291 777 1327 proprio.
797 1293 851 1320 etc.

258 1361 345 1394 Licet
370 1362 492 1395 dudum
520 1373 578 1406 per
607 1362 706 1395 felicis
736 1363 968 1396 recordationis

215 1415 352 1448 Paulum
372 1416 410 1448 ΙΙΙ
432 1421 462 1449 et
482 1418 589 1449 sorsan
608 1417 689 1450 alios
703 1417 865 1450 Romanos
884 1417 968 1449 Pon-

216 1468 318 1502 tifices
342 1470 606 1514 praedecessores
639 1476 765 1504 nostros
788 1482 824 1504 ac
854 1470 968 1504 deinde

216 1533 274 1566 per
293 1533 361 1564 nos,
382 1524 465 1558 inter
490 1524 561 1564 alia,
582 1524 764 1557 iustissimis
790 1525 969 1558 rationibus

215 1580 293 1609 tunc
322 1577 490 1621 expressis,
522 1578 686 1622 provisum
720 1578 968 1621 ordinatumque

216 1628 313 1663 suerit
345 1632 431 1674 quod
468 1631 499 1664 in
526 1632 630 1665 causis
661 1632 883 1665 criminalibus
913 1644 967 1665 seu

217 1683 332 1723 mixtis,
363 1684 477 1718 fiscum
502 1692 533 1719 et
557 1686 723 1719 Cameram
752 1687 967 1730 Apostolicam

216 1738 458 1781 quomodolibet
488 1741 756 1773 concernentibus
770 1768 777 1779 ,
800 1741 830 1773 in
852 1741 970 1784 quibus

217 1801 289 1824 reos
309 1792 517 1826 condemnari
538 1794 755 1837 contingeret,
779 1795 968 1838 appellatio-

217 1856 274 1878 nes
290 1847 337 1879 vel
359 1848 613 1890 provocationes,
633 1848 692 1881 nisi
710 1849 801 1893 prius
818 1849 899 1882 sacto
917 1851 970 1883 de-

218 1898 322 1943 posito
344 1912 532 1944 poenarum,
546 1902 708 1946 inquibus
729 1914 765 1936 ex
786 1903 902 1937 delicto
919 1904 970 1937 de-

216 1952 398 1997 linquentes
423 1956 495 1999 ipsi,
518 1962 573 1989 aut
598 1956 641 1988 illi
667 1957 723 1999 qui
744 1968 803 2000 pro
824 1957 868 1990 eis
891 1958 970 1991 litle-

217 2006 395 2047 iussissent,
418 2010 464 2042 vel
483 2021 519 2042 ex
540 2015 717 2049 contractu⁷
739 2013 970 2054 quoquomodo

218 2061 453 2095 condemnandi
474 2063 638 2102 venirent,
661 2069 715 2096 aut
735 2070 867 2097 eatenus
892 2077 969 2098 con-

219 2114 361 2148 demnati
382 2116 532 2156 fuissent,
567 2118 699 2150 omnino
731 2118 830 2162 recipi
865 2124 894 2151 et
918 2120 972 2152 ad-

219 2168 300 2201 mitti
330 2179 394 2202 non
423 2176 575 2213 possent,
607 2172 659 2204 sed
687 2172 918 2215 appellationes
942 2178 971 2205 ct

220 2224 463 2267 provocationes
483 2224 514 2257 in
535 2225 640 2257 causis
664 2225 851 2259 huiusmodi
872 2227 971 2259 iuter-

220 2277 340 2320 positae
362 2284 392 2311 et
425 2278 457 2310 in
478 2278 623 2311 futurum
654 2279 906 2322 interponendae
935 2292 971 2313 ac

219 2320 418 2375 appellantes
448 2332 507 2377 ipsi
536 2332 626 2365 retici
656 2333 820 2366 deberem.
851 2334 913 2367 Aut,
947 2334 970 2367 si

221 2386 377 2419 sententia
404 2392 486 2419 esset
514 2386 545 2419 in
580 2397 717 2430 poenam
749 2387 862 2430 capitis
893 2399 970 2421 con-

220 2438 433 2480 demnatoria,
457 2451 521 2473 non
542 2440 765 2473 admitteretur
785 2442 968 2485 appellatio,

221 2498 325 2531 neque
346 2489 438 2523 aliter
457 2489 623 2523 audiretur
651 2501 744 2529 reUS,
767 2491 827 2523 nisi
849 2491 880 2523 in
901 2503 971 2524 car-

221 2537 348 2571 ceribus
381 2540 583 2572 constitutus.
625 2540 661 2571 Et.
696 2540 846 2583 insuper,
885 2542 971 2584 quod

221 2596 445 2632 quaecumque
480 2589 634 2632 rescripta
668 2594 695 2621 et
732 2589 973 2624 commissiones

222 2646 391 2670 causarum
412 2638 563 2671 similium
586 2639 838 2682 appellationum
855 2646 885 2673 et
900 2651 973 2684 pro-

220 2686 423 2720 vocationum
451 2687 491 2720 ad
525 2687 664 2722 cuiusvis
691 2687 893 2730 instantiam,
914 2700 972 2733 per

1650 280 1713 315 189

1007 350 1247 384 quemeumque
1262 340 1301 374 ad
1318 340 1561 375 commissiones
1576 341 1759 385 signaturae

1008 395 1145 429 iustitiae
1167 395 1336 438 signandas
1357 395 1566 439 deputatum,
1590 401 1645 429 aut
1664 397 1758 430 etiam

1008 460 1106 482 manu
1126 454 1234 482 nostra
1268 454 1298 482 et
1326 460 1549 482 successorum
1573 456 1758 483 nostrorum

1009 502 1181 545 signanda,
1205 513 1268 536 non
1290 502 1371 536 facto
1393 503 1479 536 dicto
1500 503 1657 547 deposito,
1685 505 1759 537 nul-

1009 556 1069 589 lius
1090 562 1192 590 essent
1216 557 1341 590 roboris
1361 557 1408 590 vel
1429 557 1596 597 momenti,
1615 558 1680 597 sed,
1698 557 1760 590 illis

1009 621 1072 643 non
1102 611 1323 651 obstantibus,
1352 612 1390 644 ad
1418 611 1572 644 ulteriora
1598 611 1630 644 in
1656 612 1760 645 causis

1009 664 1095 707 ipsis,
1118 676 1220 707 nsque
1254 665 1291 697 ad
1318 676 1496 709 poenarum
1522 665 1760 709 praedictarum

1008 717 1209 751 ess‘ectualem
1231 719 1441 758 exactionem,
1468 719 1585 752 debere
1615 719 1757 762 procedi.

1007 770 1162 815 Quodque
1184 772 1426 805 commissiones
1441 783 1625 812 causarum,
1644 772 1675 805 in
1691 772 1761 816 qui-

1008 824 1069 857 bus
1089 825 1241 858 interesse
1263 825 1331 858 tisci
1352 832 1380 859 ct
1406 826 1557 859 Gamerae
1578 815 1769 871 praedictae⁸

1009 884 1159 920 ageretur
1178 906 1186 917 ,
1230 890 1356 912 necnon
1400 880 1406 907 Ι
1445 880 1599 913 deberent
1641 880 1760 923 signari

1009 942 1114 975 neque
1149 932 1304 975 expediri,
1328 933 1388 965 nisi
1419 933 1514 966 citato
1547 939 1761 977 procuratore

1009 985 1110 1018 fiscali
1130 992 1161 1018 et.
1180 987 1382 1019 thesaurario
1411 987 1612 1030 provinciae,
1636 999 1673 1021 ex
1698 998 1762 1031 qua

1009 1040 1169 1083 quaelibet
1182 1052 1277 1073 causa
1293 1041 1452 1079 existeret,
1467 1041 1608 1084 aliasque
1626 1046 1657 1074 et
1671 1041 1762 1074 aliter

1010 1100 1107 1137 prout
1126 1094 1158 1127 iu
1179 1094 1313 1137 singulis
1333 1095 1423 1127 Pauli
1453 1100 1481 1127 et
1509 1095 1647 1127 aliorum
1669 1105 1761 1138 prae-

1009 1147 1215 1181 decessorum
1236 1154 1264 1181 et
1287 1148 1414 1188 nostris,
1437 1148 1496 1181 sub
1516 1148 1635 1181 annulo
1656 1148 1762 1181 Pisca-

1011 1202 1099 1241 toris,
1128 1202 1187 1234 sub
1216 1202 1265 1234 dic
1294 1202 1417 1235 decima
1438 1201 1566 1246 aprilis,
1590 1201 1762 1234 millesimo

1010 1254 1267 1298 quingentesimo
1283 1255 1479 1298 sexagesimo
1497 1256 1651 1295 secundo,
1670 1266 1763 1300 expe-

1011 1307 1084 1340 ditis
1105 1308 1220 1347 literis,
1242 1319 1380 1352 quarum
1410 1315 1536 1342 tenores
1555 1308 1609 1342 hic
1629 1319 1688 1352 pro
1709 1319 1762 1341 ex-

1012 1362 1128 1404 pressis
1166 1362 1277 1395 haberi
1315 1363 1464 1396 volumus
1479 1389 1486 1402 ‚
1526 1362 1621 1395 latius
1659 1362 1763 1395 conti-

1011 1420 1116 1448 netur.

1055 1470 1070 1512 ξ
1096 1469 1127 1502 sl.
1160 1471 1278 1503 Tamen
1313 1470 1529 1504 ordinationes
1562 1475 1593 1502 et
1625 1470 1762 1513 disposi-

1776 286 1824 314 Αη.
1843 286 1872 314 C.
1892 287 1958 316 ¹562

1817 1483 1881 1506 Dubia
1900 1483 1964 1505 desu-

1011 1518 1114 1552 tiones
1134 1520 1330 1559 huiusmodi,
1351 1525 1525 1563 nostraque
1547 1525 1577 1552 et
1601 1519 1762 1552 dictorum
1778 1522 1811 1542 ¹¹²¹
1831 1521 1912 1537 ‘'¹⁰¹¹'-

1013 1569 1298 1610 praedecessorum
1319 1569 1351 1601 in
1372 1569 1433 1601 illis
1462 1568 1594 1602 edendis
1628 1568 1762 1601 intentio

1013 1616 1228 1650 cavillantium
1249 1618 1420 1651 calumniis
1440 1617 1472 1649 in
1489 1617 1556 1650 dies
1576 1617 1762 1656 eluduntur,

1012 1670 1039 1697 et
1065 1677 1162 1710 super
1188 1678 1298 1700 earum
1330 1667 1465 1699 sinistris
1490 1665 1763 1711 interpretationi-

1012 1714 1071 1747 bus
1098 1721 1227 1757 agentes
1256 1727 1313 1759 pro
1340 1716 1417 1749 fisco
1439 1722 1469 1749 et
1502 1716 1636 1749 Camera
1669 1726 1763 1760 prae-

1012 1764 1095 1797 dicta
1118 1765 1310 1807 fatigantur,
1333 1778 1369 1799 ex
1397 1778 1434 1799 co
1462 1766 1651 1810 praesertim
1677 1765 1764 1810 quod

1013 1814 1160 1847 nonnulli
1172 1814 1466 1849 curm->faciendum
1483 1816 1665 1860 depositum
1674 1826 1764 1859 prae-

1012 1864 1132 1897 dictum
1170 1866 1363 1898 contendant
1399 1866 1596 1899 satisfactum
1617 1876 1684 1899 esse
1706 1871 1765 1898 sta-

1012 1914 1088 1946 tutis
1108 1920 1135 1947 et
1157 1914 1420 1959 dispositionibus
1450 1915 1622 1958 praedictis
1642 1926 1678 1948 ex
1699 1916 1765 1948 sola

1013 1963 1161 1996 cautione
1183 1963 1214 1995 in
1235 1965 1337 1996 t'orma
1353 1964 1501 2008 depositi,
1520 1970 1546 1997 et
1561 1965 1647 2007 quod
1668 1965 1765 1997 citare

1014 2018 1256 2054 procuratorem
1288 2013 1429 2046 fiscalem
1464 2019 1493 2046 et
1526 2013 1763 2047 thesaurarium

1014 2060 1043 2092 in
1055 2062 1255 2105 expeditione
1272 2063 1471 2105 singularum
1489 2063 1764 2103 commissionum,

1013 2117 1177 2154 tamquam
1198 2111 1294 2144 nimis
1315 2112 1509 2155 rigorosum,
1532 2112 1677 2145 videatur
1697 2123 1766 2145 esse

1013 2165 1139 2203 praeter
1164 2166 1291 2194 nostrae
1316 2161 1431 2194 mentis
1465 2161 1687 2195 intentionem.
1717 2163 1767 2195 In-

1014 2220 1111 2252 super
1130 2210 1280 2243 adversus
1300 2211 1528 2253 obligationem
1550 2211 1766 2244 constituendi

1014 2269 1085 2292 reos
1105 2260 1283 2303 appellatos
1304 2260 1335 2293 in
1357 2271 1486 2294 carcere
1516 2261 1655 2294 diversas
1670 2261 1766 2294 etiam

1014 2309 1230 2343 cavillationes
1269 2316 1451 2354 opponunt.
1493 2311 1581 2344 Unde
1620 2313 1767 2355 provenit

1013 2359 1099 2401 quod
1121 2358 1180 2402 ipsi
1207 2359 1265 2399 rei,
1288 2371 1353 2392 non
1380 2361 1481 2393 coacti
1512 2362 1616 2394 facere
1641 2362 1765 2395 actuale

1014 2408 1287 2451 depositum,non
1308 2415 1423 2442 curant
1439 2421 1551 2443 causas
1566 2421 1697 2444 suarum
1714 2422 1768 2455 ap-

1014 2458 1223 2500 pellationum
1246 2459 1400 2502 expediri,
1419 2460 1471 2492 sed
1490 2459 1597 2503 potius
1617 2460 1655 2493 de
1676 2460 1766 2493 indu-

1014 2506 1088 2539 stria
1110 2513 1285 2551 procurant
1307 2507 1377 2541 illas
1400 2508 1431 2541 in
1452 2509 1585 2553 longum
1607 2510 1763 2553 protrahi,

1014 2556 1151 2590 maxime
1161 2568 1246 2597 cum,
1258 2568 1320 2590 non
1334 2557 1653 2602 citatisprocuratore
1666 2559 1764 2592 fiscali

1014 2611 1044 2638 et
1055 2607 1257 2640 thesaurario
1278 2607 1457 2652 praedictis,
1470 2608 1633 2652 contingat
1644 2620 1702 2652 per
1713 2619 1766 2641 eos

1054 2661 1062 2686 l
1084 2660 1198 2687 Cherub.
1217 2661 1279 2695 legit
1299 2671 1352 2688 non
1372 2662 1409 2696 (R.
1431 2662 1478 2696 r).

1049 2701 1066 2726 ⁹2
1085 2701 1173 2733 Circa,
1189 2700 1305 2728 Cherub.
1325 2701 1362 2737 (n.
1383 2701 1433 2736 τ.),
