2237 3100
462 229 526 264 568

419 291 520 332 ribus,
543 300 753 335 quocumque
769 287 900 322 nomine
914 291 1080 324 vocentur,
1099 295 1175 317 con-

418 344 564 377 ventibus
583 349 611 376 et
631 342 789 387 personis,
803 341 862 374 sub
883 348 1091 382 quacumque
1103 348 1172 370 xer-

417 397 534 430 borum
555 396 657 429 forma
670 422 677 435 ,
700 400 726 427 et
750 404 824 427 cum
845 393 1107 436 quibuscumque
1121 391 1174 424 de-

418 450 513 483 cretis
533 456 563 483 et
582 447 745 487 clausulis,
763 445 969 490 quantumvis
988 444 1174 478 efficacibus

418 509 447 536 et
468 502 615 541 insolitis,
634 501 729 534 etiam
745 498 1025 542 derogatoriarum
1041 499 1174 541 deroga-

418 555 519 595 toriis,
544 553 788 598 quomodolibet
812 551 985 592 concessis,
1011 552 1173 595 approba-

418 609 457 641 tis
482 614 510 641 et
540 607 705 647 innovatis,
735 617 771 640 ac
800 606 929 650 saepius
958 604 1170 638 confirmatis.

417 662 540 701 Quibus
556 660 719 701 omnibus,
735 660 858 693 etiamsi
877 659 915 692 de
931 659 977 692 eis
992 669 1173 702 eorumque

416 715 490 748 totis
518 714 686 747 tenoribus
709 713 874 757 specialis,
899 722 1065 756 expressa,
1089 710 1172 744 indi-

416 768 512 801 vidua
530 779 567 801 ac
585 768 624 801 de
634 767 732 800 verbo
752 766 792 799 ad
811 765 958 806 verbum,
979 775 1044 797 non
1064 765 1173 797 autem

417 831 476 865 per
496 821 657 854 clausulas
681 820 848 863 generales
865 819 1011 853 eamdem
1031 818 1095 850 vim
1115 818 1172 851 ha-

415 874 539 915 bentes,
553 879 633 908 esset
645 873 767 907 mentio
779 873 937 912 facienda,
954 882 1068 905 eorum
1086 877 1174 905 teno-

416 939 468 961 res
483 928 618 972 perinde
634 938 670 960 ac
686 927 712 960 si
727 926 953 971 praesentibus
973 925 1084 958 inserti
1098 926 1175 958 fuis-

416 986 486 1015 sent
512 992 571 1025 pro
597 980 755 1025 expressis
783 980 959 1019 hahentes,
982 979 1173 1011 auctoritate

416 1035 594 1079 apostolica
615 1034 798 1078 specialiter
813 1038 843 1067 et
865 1043 1023 1077 expresse,
1038 1043 1097 1076 pro
1114 1033 1174 1065 hac

415 1087 484 1121 vice
500 1088 674 1127 dumtaxat,
685 1088 891 1130 derogamus;
901 1086 1089 1129 omniaque,
1101 1096 1174 1129 quie

418 1141 637 1185 supradictam
679 1139 903 1173 reductionem
933 1139 1067 1172 fratrum
1090 1139 1173 1172 Con-

418 1193 614 1227 ventualium
628 1194 667 1227 ad
678 1193 757 1226 vitae
770 1192 928 1235 regularis
940 1193 1173 1225 observantiam

418 1258 474 1280 seu
490 1247 606 1280 harum
630 1247 798 1279 literarum
819 1245 1041 1279 executionem
1062 1238 1175 1288 quovis

420 1301 516 1334 modo
527 1300 677 1344 impediri
694 1299 828 1343 possint,
851 1309 1002 1332 concessa
1017 1299 1175 1331 hactenus

419 1360 516 1398 atque
544 1354 640 1394 edita,
667 1364 856 1386 revocamus
890 1358 919 1385 et
954 1353 1171 1385 annullamus.

419 1407 498 1447 Quia
517 1418 592 1441 vero
612 1406 742 1440 difficile
763 1408 846 1440 foret
866 1411 1052 1450 praesentes
1067 1406 1176 1439 literas

420 1460 458 1494 ad
484 1460 643 1502 omnium,
667 1471 809 1504 quorum
830 1470 912 1503 opus
934 1460 1040 1500 fuerit,
1061 1470 1175 1504 perve-

420 1514 490 1547 nire
510 1513 674 1554 notitiam,
698 1514 908 1557 transumptis
929 1524 1054 1553 earum,
1078 1524 1176 1546 manu

421 1567 559 1601 alicuius
584 1568 701 1601 notarii
736 1567 869 1611 publici,
897 1567 1102 1611 subscriptis,
1128 1568 1176 1600 vel

421 1621 598 1665 impressis,
621 1627 651 1655 et
671 1620 775 1664 sigillo
800 1620 938 1654 alicuius
962 1631 1119 1665 personae
1145 1620 1176 1653 in

422 1674 575 1718 dignitate
587 1674 803 1708 ecclesiastica
817 1674 1009 1707 constitutae
1029 1674 1175 1714 munitis,

422 1728 568 1761 eamdem
607 1728 703 1761 fidem
737 1727 858 1771 ubique
887 1727 1000 1760 haberi
1029 1728 1179 1760 volamus

422 1787 519 1825 atque
544 1780 761 1820 decernimus,
785 1792 821 1813 ac
842 1781 866 1813 si
883 1781 1056 1823 originales
1076 1781 1178 1814 litera·v

423 1835 582 1868 exhibitae
603 1840 708 1868 essent
727 1835 776 1867 vel
796 1840 956 1868 ostensae.
982 1836 1095 1867 [tatum
1118 1835 1180 1868 Ro-

423 1898 495 1921 mae
517 1888 604 1932 apud
629 1887 784 1921 Sanctum
804 1888 949 1928 Petrum,
973 1888 1032 1920 sub
1057 1889 1179 1921 annulo

424 1942 607 1982 piscatoris,
630 1941 680 1974 die
700 1941 841 1974 secunda
857 1941 1037 1974 decembris
1047 1951 1177 1983 iintxvi,

425 1995 632 2039 pontificatus
651 1994 752 2028 nostri
776 2005 861 2028 anno
882 1995 999 2038 primo.
1023 1995 1181 2028 Antonius

424 2049 618 2082 Floribellus
638 2048 827 2082 Lavellinus.

471 2102 486 2145 ἓ
506 2102 538 2135 2.
564 2103 608 2135 Ac
632 2102 840 2146 postmodum
865 2113 924 2146 per
949 2102 1027 2135 alias
1056 2108 1181 2135 nostras

238 2164 356 2200 'Mandavit
386 2169 410 2185 e·
427 2155 459 2188 in
480 2155 577 2189 simili
596 2157 701 2189 forma
720 2155 825 2189 brevis
847 2155 968 2195 literas,
991 2156 1050 2188 sub
1071 2156 1180 2189 datum

227 2195 411 2248 iissffemwiiiiiii]
426 2219 469 2242 xli
485 2210 629 2242 eiusdem
649 2209 830 2242 decembris
843 2209 988 2253 proxime
1003 2209 1179 2252 praeteriti,

228 2259 342 2310 ffijffim
365 2263 411 2278 ‘¹¹⁰‘
427 2263 487 2296 sub
507 2263 603 2296 certis
627 2263 723 2296 modo
748 2267 780 2295 et
803 2263 905 2295 forma
923 2267 997 2295 tunc
1015 2263 1180 2306 expressis,

428 2315 690 2349 reformationem
710 2316 805 2349 etiarn
823 2315 1095 2348 monasteriorum
1112 2328 1181 2350 mo-

429 2368 564 2402 nialium
596 2369 863 2403 Conventualium
902 2368 1072 2412 Hispaniae
1112 2370 1182 2403 fieri

430 2418 664 2451 mandavimus.

475 2467 490 2510 ἓ
509 2466 540 2499 3.
567 2466 648 2500 Cum
668 2472 789 2507 autem,
813 2466 893 2500 sicut
911 2466 1096 2510 praedictus
1111 2467 1183 2500 Phi-

253 2519 337 2555 ,Cnffflf
361 2516 540 2560 eon-lippus
568 2526 623 2549 rex
651 2516 745 2549 nobis
769 2526 874 2560 nuper
899 2516 1015 2559 exponi
1035 2515 1122 2557 fecit,
1151 2517 1183 2549 in

231 2553 414 2607 Ῐιὲἶιῗζέῃιέηρῖἷ
431 2564 594 2608 aliquibus
628 2565 774 2608 partibus
798 2564 983 2609 Hispaniae,
998 2564 1182 2608 provhmiae

231 2611 311 2634 num·
330 2611 416 2639 ⁹¹³2*
432 2613 494 2647 sint
513 2612 689 2647 admodum
709 2614 836 2657 amplae
856 2618 886 2648 et
900 2614 994 2655 latae,
1017 2613 1050 2647 in
1065 2614 1184 2657 quibus

221 239 271 266 An.
288 239 316 266 C.
338 239 403 268 1567

1016 233 1195 257 BULLARIUM
1202 250 1207 256 .
1215 232 1366 257 ROMANUM

1980 230 2030 257 An,
2047 230 2076 258 C.
2098 230 2166 259 ¹567

1214 288 1288 317 sunt
1310 285 1420 327 plures
1437 285 1569 328 praelati
1588 290 1619 317 et
1633 285 1734 318 multa
1757 285 1964 325 monasteria,
1982 297 2016 331 as⁴
2029 295 2126 331 anagn,
2141 295 2168 317 α.

1215 337 1257 369 ita
1274 343 1382 370 tamen
1403 343 1439 370 ut
1455 337 1488 370 in
1518 337 1654 380 singulis
1685 337 1862 381 provinciis
1882 349 1968 371 unus
1983 327 2059 354 ΨΜ
2073 326 2135 347 ““”“’

1215 395 1338 423 tantum
1361 390 1400 423 sit
1421 390 1639 437 provincialis,
1670 391 1725 433 qui
1750 391 1864 424 eodem
1886 396 1968 425 tem-

1215 454 1293 487 poro
1327 454 1402 476 cum
1439 443 1575 486 singulis
1606 443 1769 487 episcopis
1793 444 1915 484 adesse,
1938 450 1969 477 et

1215 497 1311 529 etiam
1333 496 1365 529 in
1386 507 1450 529 una
1479 497 1618 529 dioecesi
1649 497 1744 540 plura
1773 497 1970 530 monasteria

1215 550 1402 591 consistant,
1421 556 1518 594 atque
1534 550 1677 594 episcopi
1691 550 1805 583 eodem
1821 550 1970 584 similiter

1215 609 1361 646 tempore
1388 604 1544 636 accedere
1568 614 1634 636 non
1654 608 1820 647 poterunt,
1851 614 1889 636 ex
1904 613 1970 647 quo

1215 657 1308 690 facile
1329 662 1483 700 sequetur
1517 662 1549 689 ut
1579 656 1718 690 visitatio
1740 657 1809 700 ipsa
1839 656 1970 690 differa-

1214 715 1280 750 tur,
1299 710 1385 742 unde
1410 710 1533 743 diversa
1553 710 1670 742 damna
1690 715 1721 742 et
1739 709 1970 743 inconvenien-

1216 763 1258 795 tia
1279 763 1431 806 subsequi
1458 768 1598 806 possent,
1625 763 1703 806 quia
1721 762 1837 796 fratres
1853 769 1884 796 et
1903 774 1972 796 mo-

1216 816 1328 849 niales.
1352 816 1562 859 intelligendo
1571 815 1838 849 reformationem
1857 816 1971 850 huius-

1215 870 1302 902 modi
1329 870 1398 902 fieri
1425 870 1457 902 in
1486 880 1552 902 uno
1572 881 1609 902 ex
1633 870 1727 902 dictis
1747 870 1969 911 monasteriis,

1215 933 1253 956 ex
1264 922 1334 955 aliis
1345 924 1513 966 aufugere,
1525 928 1567 963 et,
1581 923 1668 967 quod
1678 924 1770 967 peius
1782 929 1875 964 esset,
1886 924 1971 957 bona

1217 976 1349 1009 mobilia
1369 983 1400 1009 et
1418 977 1520 1010 libros
1540 982 1571 1010 et.
1595 977 1674 1010 alias
1694 977 1873 1020 scripturas
1893 988 1970 1011 suo-

1216 1040 1287 1062 rum
1314 1031 1604 1072 monasteriorum,
1640 1031 1674 1064 in
1701 1030 1821 1075 quibus
1854 1041 1970 1064 eorum

1217 1083 1360 1115 redditus
1387 1089 1462 1116 sunt
1487 1084 1645 1124 annotati,
1678 1084 1843 1117 occultare
1864 1089 1894 1117 et
1913 1084 1970 1117 ab·

1216 1136 1371 1169 scondere
1403 1141 1567 1180 poterunt.
1603 1137 1709 1176 Quare
1736 1136 1822 1170 idem
1850 1136 1972 1181 Philip-

1216 1200 1276 1233 pus
1304 1200 1359 1223 rex
1384 1190 1477 1223 nobis
1511 1191 1680 1224 humiliter
1704 1190 1883 1234 supplicari
1912 1201 1970 1224 cu-

1216 1243 1293 1276 ravit
1315 1250 1362 1284 ut,
1390 1254 1455 1287 quo
1476 1254 1558 1288 opus
1580 1244 1660 1277 adeo
1680 1243 1842 1288 laudabile
1866 1244 1971 1278 dictae

1217 1298 1466 1334 reformationis,
1482 1298 1576 1331 dante
1591 1298 1740 1339 Domino,
1753 1298 1880 1331 facilius
1900 1309 1972 1342 per-

1217 1352 1269 1383 tici
1290 1357 1403 1394 queat,
1438 1358 1500 1384 tam
1529 1363 1627 1396 super
1655 1351 1843 1396 praemissis
1872 1363 1971 1396 quam

1217 1405 1287 1437 aliis
1313 1405 1409 1437 etiam
1439 1405 1653 1449 infrascriptis
1684 1411 1870 1450 opportune
1899 1416 1973 1450 pro-

1217 1458 1324 1492 videre
1344 1458 1383 1491 de
1407 1459 1604 1502 benignitate
1629 1458 1806 1502 apostolica
1825 1459 1974 1503 dignare-

1218 1523 1303 1545 mur.

1263 1566 1277 1609 ξ
1298 1565 1329 1598 li.
1356 1566 1419 1599 Nos
1448 1566 1557 1610 igitur,
1584 1567 1639 1610 qui
1664 1566 1746 1599 nihil
1771 1567 1873 1610 magis
1896 1577 1972 1601 exo·
2016 1580 2173 1603 Facuuassuh-

1219 1624 1348 1663 ptamus
1368 1631 1466 1663 quam
1482 1626 1515 1653 ut
1529 1621 1676 1653 omnium
1695 1620 1956 1654 christifidelium
1987 1612 2100 1639 Μηρώ
2122 1618 2175 1634 ‘³¹⁸'

1963 1648 1970 1662 2
1988 1647 2076 1666 catores
2104 1645 2174 1665 ‹tieta-

1220 1679 1247 1705 et
1273 1675 1463 1717 praesertim
1484 1675 1709 1717 religiosarum
1745 1685 1971 1719 personarum,
1987 1682 2033 1697 ‘¹¹¹¹'
2053 1676 2174 1697 ”sseffflm

1220 1727 1406 1761 reformatio
1418 1728 1534 1761 nostris
1550 1728 1754 1772 potissimum
1771 1729 1974 1772 temporibus
1987 1713 2026 1759 ii?
2042 1707 2174 1759 ‘2¹3ssssssss

1221 1791 1316 1813 suum
1344 1781 1488 1814 debitum
1517 1787 1547 1814 et
1576 1786 1722 1825 optatum
1757 1788 1976 1825 consequatur
1990 1769 2177 1828 Ξὲἷξξζξξξοζξῃῗ

1222 1835 1385 1875 effectum,
1406 1835 1595 1868 huiusmodi
1616 1836 1912 1879 supplicationibus
1927 1835 1976 1869 in·
1990 1837 2061 1853 ⁰²⁵⁵*

1221 1889 1348 1929 clinati,
1371 1889 1506 1932 singulis
1526 1888 1781 1933 archiepiscopis
1801 1895 1831 1922 et
1853 1889 1977 1933 episco-

1221 1942 1270 1986 pis
1286 1942 1470 1986 praedictis,
1500 1948 1535 1975 ut
1556 1953 1669 1975 corum
1689 1942 1827 1976 vicarios
1847 1943 1879 1976 in
1908 1944 1977 1988 spi-

1222 1996 1395 2029 ritualibus
1427 1997 1594 2039 generales
1614 2003 1670 2029 aut.
1697 1996 1871 2037 officiales;
1903 2008 1978 2042 pro-

1222 2049 1413 2082 vincialibus
1428 2061 1502 2083 vero
1523 2050 1711 2083 huiusmodi
1732 2051 1766 2083 in
1786 2061 1900 2084 corum
1912 2062 1979 2085 res-

1222 2103 1345 2147 pective
1366 2103 1540 2146 provinciis
1558 2130 1565 2143 ,
1598 2108 1631 2136 ut
1653 2114 1756 2136 unum
1792 2110 1848 2137 aut
1866 2104 1978 2148 plures

1223 2157 1418 2200 guardianos
1434 2158 1482 2190 vel
1498 2158 1578 2190 alios
1593 2157 1707 2191 fratres
1723 2158 1843 2201 probos
1862 2163 1891 2191 et
1910 2158 1978 2191 ido-

1224 2221 1311 2247 neos,
1332 2211 1387 2254 qui
1409 2221 1474 2243 una
1495 2221 1569 2243 cum
1597 2211 1675 2254 ipsis
1702 2211 1974 2255 archiepiscopis,

1224 2263 1384 2308 episcopis
1417 2269 1471 2296 aut
1496 2274 1611 2297 corum
1631 2264 1759 2297 vicariis
1782 2265 1831 2297 vel
1858 2264 1978 2297 officia-

1224 2317 1309 2350 libus
1336 2318 1376 2350 ad
1405 2317 1628 2351 executionem
1655 2318 1802 2351 omnium
1830 2318 1864 2350 in
1885 2317 1978 2351 dictis

1224 2367 1342 2400 nostris
1366 2367 1468 2401 literis
1484 2373 1710 2400 contentorum
1731 2366 1907 2411 procedere
1927 2377 1979 2400 va-

1224 2416 1319 2457 leant,
1345 2417 1554 2459 subdelegare
1583 2416 1716 2460 possint,
1738 2416 1868 2460 plenam
1889 2422 1920 2449 et
1938 2416 1978 2449 li—

1223 2465 1348 2505 beram,
1362 2466 1551 2499 auctoritate
1567 2465 1752 2509 apostolica,
1769 2470 1881 2498 tenore
1897 2475 1980 2508 prae-

1225 2515 1378 2556 sentium,
1402 2515 1586 2548 facultatem
1608 2514 1817 2548 concedimus
1836 2518 1868 2546 et
1886 2519 1978 2557 pote-

1226 2569 1350 2597 statem.

1269 2614 1284 2657 ἓ
1305 2614 1335 2647 5.
1359 2613 1541 2652 Praeterea,
1564 2611 1717 2655 quoniam
1737 2611 1844 2654 aliqua
1865 2621 1978 2645 mona-
