2237 3100
881 259 978 285 INDEX
1002 258 1147 286 INITIALIS

237 417 399 459 Debitum,
421 416 500 452 994.

236 472 359 505 Decens
378 481 447 505 esse
467 470 676 511 arbitramur,
699 470 776 504 421.

235 525 359 559 Decens
378 535 447 558 esse
467 529 647 565 censentes,
671 523 724 558 78.

235 578 359 612 Decens
379 583 409 611 et
428 578 574 612 debitum
595 578 803 619 arbitramur,
819 577 895 613 935.

236 632 333 665 Decet
351 642 423 672 neS,
445 630 523 665 797.

235 686 332 719 Decet
344 686 525 719 Romanum
541 685 745 727 Pontificem,
761 686 856 730 aequi
869 691 900 719 et
915 686 992 720 boni

279 749 468 783 supremum
488 744 679 773 assertorem
690 767 697 780 ‚
721 739 797 774 921.

234 793 331 827 Decet
342 793 526 827 Romanum
540 793 728 827 Pontificem
815 793 848 827 in
860 793 988 835 litteris,

279 846 357 881 488.

186 938 188 941 ,
235 901 331 934 Decet
349 900 533 934 Romanum
552 900 742 934 Pontificem
827 900 860 933 in
872 900 990 934 Roma-

278 965 409 995 norum,
429 954 505 990 936,
798 957 803 962 ’

232 1008 331 1042 Decet
346 1009 529 1042 Romanum
545 1008 735 1043 Pontificem
756 1019 805 1049 ea,
822 1008 899 1042 933.

231 1062 330 1096 Decet
358 1062 541 1097 Romanum
571 1062 762 1097 Pontificem
793 1073 831 1096 ex
859 1062 987 1104 debito,

278 1116 356 1150 148.

234 1170 331 1204 Decet
361 1169 544 1204 Romanum
564 1170 755 1204 Pontificem
777 1170 809 1204 id
830 1170 987 1211 maxime,

279 1222 357 1256 151.

235 1276 333 1310 Decet
357 1276 540 1310 Romanum
564 1277 754 1311 Pontificem
774 1277 914 1311 iustitiae
934 1289 989 1311 su-

280 1342 431 1375 premum
453 1336 660 1373 assertorem,
684 1331 760 1365 622.

234 1385 332 1419 Decet
350 1385 533 1418 Romanum
545 1384 747 1423 Pontificem,
771 1395 830 1429 pro
859 1384 909 1418 sui
936 1396 990 1428 pa-

279 1439 407 1472 storalis
427 1439 524 1472 officii
546 1439 665 1480 debito,
689 1438 763 1472 767.

233 1491 333 1527 Decet
347 1493 529 1526 Romanum
545 1492 748 1533 Pontificem,
765 1503 863 1537 quem
883 1492 990 1526 Domi-

278 1557 353 1587 nus,
375 1546 452 1581 239.

234 1600 277 1634 De
297 1600 484 1642 commisso,
503 1599 578 1634 228.

234 1654 362 1695 Decori,
377 1653 454 1688 808.

234 1707 279 1741 De
300 1710 402 1741 salute
423 1707 530 1752 gregis
548 1707 704 1742 dominici
725 1707 831 1747 nobis,
853 1706 906 1740 55.

231 1760 277 1795 De
295 1763 399 1795 salute
417 1762 525 1806 gregis
544 1762 719 1804 dominici,
741 1768 888 1802 nostrae,
910 1760 986 1795 630.

232 1814 276 1848 De
295 1820 392 1856 statu,
415 1815 471 1849 21.

232 1868 345 1911 Digna,
365 1867 441 1902 934.

235 1920 387 1965 Dignum,
409 1922 487 1956 482.

230 1975 383 2017 Dilectos‚
406 1975 484 2010 134.

230 2028 345 2062 Divina
356 2029 549 2074 disponente
558 2029 730 2063 clementia
737 2029 777 2062 ad
788 2028 920 2070 summi,
931 2028 984 2063 86.

231 2082 342 2116 Divina
372 2082 565 2128 disponente
597 2083 787 2125 clementia,
824 2083 984 2124 onmium,

276 2135 353 2171 699.

230 2189 362 2224 Divinae
382 2190 564 2232 Maiestatis,
588 2190 665 2225 550.

231 2243 391 2278 Dominici
407 2244 525 2288 gregis,
545 2244 623 2278 281.

230 2297 359 2331 Dudum
379 2309 397 2331 a
413 2298 467 2331 fel.
490 2309 556 2332 rec.
579 2299 679 2332 Paulo
700 2299 785 2343 Papa
805 2298 854 2339 IV,
876 2298 952 2333 167.

230 2350 359 2385 Dudum
400 2357 571 2396 postquam
607 2352 710 2386 felicis
750 2352 987 2387 recordationis

277 2404 352 2438 Pius
371 2404 457 2448 Papa
476 2405 525 2447 IV,
548 2404 624 2440 949.

231 2453 361 2487 Dudum
390 2453 551 2498 siquidem
581 2466 598 2488 a
625 2454 678 2488 sel.
709 2466 773 2488 ree.
803 2455 903 2488 Paulo
927 2455 983 2497 IV,

232 2502 375 2586 1]υὲῐέ71111
395 2552 694 2596 congregationem,
717 2552 794 2586 919.

231 2601 315 2635 Dum
334 2601 374 2635 ad
394 2601 532 2643 solitam,
551 2601 629 2635 334.

232 2651 314 2686 Dum
333 2652 374 2686 ad
393 2651 523 2694 uberes,
544 2650 622 2685 468.

1660 248 1747 284 1027

1033 313 1116 346 Dum
1132 313 1323 355 indefessae,
1346 313 1421 348 923.

1034 366 1169 408 Durum,
1193 366 1269 401 827.

1399 474 1423 507 Ε

1034 578 1077 611 Ea
1092 584 1139 611 est.
1158 579 1255 612 oflicii
1277 580 1377 613 nostri
1395 580 1488 622 ratio,
1510 580 1585 615 679.

1033 631 1088 671 Ea,
1111 643 1194 675 quae
1214 644 1230 665 a
1252 634 1557 677 praedecessoribus
1576 635 1710 678 nostris,
1733 635 1786 670 83.

1034 685 1088 725 Ea,
1111 697 1194 728 quae
1215 688 1402 729 concordia,
1426 688 1501 721 544.

1034 738 1097 771 Etsi
1118 740 1298 783 Apostolica
1320 741 1429 783 Sedes,
1450 742 1524 775 738.

1034 792 1097 824 Etsi
1118 799 1234 826 cuncta
1258 820 1321 826 .....
1346 794 1378 827 in
1399 796 1554 836 savorem,
1577 796 1652 830 726.

1033 846 1098 879 Etsi
1116 853 1233 880 cuncta
1251 874 1316 881 .....
1339 855 1579 892 processerunt,
1598 850 1674 884 186.

1032 900 1097 933 Etsi
1117 900 1156 933 de
1172 900 1320 942 singulis,
1342 901 1417 936 733.

1032 953 1097 986 Etsi
1118 953 1273 987 dominici
1295 956 1411 998 gmgis,
1435 955 1510 989 535.

1032 1007 1096 1040 Etsi
1117 1007 1381 1050 Mendieantium,
1399 1009 1475 1043 573.

1032 1060 1097 1093 Etsi
1117 1062 1281 1103 omnibus,
1304 1062 1380 1096 947.

1033 1114 1096 1147 Etsi
1116 1115 1276 1156 omnium,
1301 1115 1375 1150 795.

1031 1168 1096 1201 Etsi
1117 1179 1175 1212 per
1194 1169 1346 1210 diversos,
1369 1169 1447 1203 241.

1031 1221 1095 1254 Etsi
1116 1222 1264 1263 Romani,
1288 1222 1364 1256 949.

1031 1275 1097 1309 Etsi
1110 1276 1306 1317 Romanum,
1323 1276 1398 1309 369.

1031 1329 1075 1362 Ex
1095 1330 1204 1362 debito
1225 1331 1395 1373 pastoralis
1414 1331 1524 1372 officii,
1548 1331 1612 1373 cui,
1640 1331 1716 1366 857.

1031 1383 1074 1416 Ex
1096 1383 1203 1417 debito
1227 1410 1290 1416 .....
1311 1383 1429 1425 divina,
1452 1383 1528 1418 379.

1031 1437 1075 1469 Ex
1095 1436 1204 1469 debito
1311 1448 1348 1470 ex
1368 1438 1444 1479 alto,
1463 1437 1539 1472 945.

1031 1490 1133 1533 Exigit
1154 1491 1352 1534 apostolicae
1371 1491 1550 1533 servitutis,
1572 1491 1649 1526 461.

1031 1543 1134 1587 Exigit
1154 1543 1374 1577 incumbentis
1396 1544 1489 1578 nobis
1586 1551 1622 1579 ut
1643 1545 1786 1580 fabricae

1075 1603 1217 1638 nostrae,
1241 1597 1317 1632 799.

1031 1650 1133 1694 Exigit,
1158 1651 1376 1686 incumbentis
1395 1652 1489 1686 nobis
1576 1659 1612 1688 ut
1630 1652 1785 1688 fabricam

1074 1705 1239 1746 basilicae,
1259 1705 1335 1739 851.

1031 1758 1077 1792 Ex
1096 1759 1299 1793 incumbenti
1318 1759 1423 1801 nohis,
1447 1759 1522 1793 772.

1031 1812 1075 1845 Ex
1095 1812 1277 1846 innumeris
1297 1814 1397 1855 curis,
1421 1813 1497 1847 813.

1032 1865 1155 1909 Exponi
1170 1866 1265 1900 nobis
1285 1877 1390 1910 nuper
1410 1866 1540 1908 fecistis,
1561 1866 1636 1901 647.

1031 1919 1155 1962 Exponi
1188 1919 1282 1953 nobis
1310 1930 1416 1964 nuper
1449 1920 1524 1954 fecit
1553 1919 1783 1963 charissimus,

1075 1972 1151 2007 617.

1030 2026 1153 2070 Exponi
1179 2027 1272 2061 nobis
1297 2038 1403 2073 nuper
1426 2028 1503 2063 fecit
1531 2033 1586 2062 tua
1614 2028 1780 2070 maiestas,

1073 2080 1150 2115 558.

1030 2134 1192 2179 Exposcit‚
1215 2135 1291 2169 943.

1028 2189 1193 2232 Exposito‚
1217 2188 1292 2222 619.

1029 2243 1073 2275 Ex
1092 2243 1253 2287 proximo,
1276 2242 1352 2276 942.

1029 2296 1072 2329 Ex
1105 2297 1296 2330 solita
1324 2296 1563 2342 archiepiscopi
1583 2296 1782 2342 Compostel-

1074 2351 1157 2394 lanij,
1185 2350 1260 2384 777.

1029 2404 1073 2437 Ex
1093 2404 1187 2437 solita
1292 2404 1436 2448 episcopi
1453 2404 1687 2446 Cordubensis,
1704 2404 1781 2439 780.

1029 2454 1072 2486 Ex
1093 2464 1254 2497 supernae
1275 2453 1496 2496 dispositionis
1520 2454 1656 2487 arbitrio
1676 2455 1782 2498 gregis

1073 2503 1227 2536 dominici
1254 2514 1362 2544 curae,
1384 2502 1460 2535 452.

1029 2552 1074 2585 Ex
1092 2563 1252 2595 supernae
1281 2552 1498 2595 dispositionis
1531 2552 1666 2587 arbitrio
1694 2553 1782 2597 gregi

1073 2602 1249 2641 dominico,
1273 2601 1348 2635 584.

981 2657 983 2659 ’
1029 2651 1073 2684 Ex
1093 2656 1156 2684 tam
1176 2650 1299 2692 multis,
1321 2650 1397 2684 571.
