2237 3100
447 277 570 311 tionem
595 278 805 312 ecclesiarum
826 283 857 311 et
880 277 949 321 pias
969 286 1082 309 causas
1104 285 1197 318 prae—

447 336 601 373 texenteS,
616 337 651 365 ut
666 332 798 364 honesta
813 329 1057 374 praescriptione
1070 328 1198 361 videan-

446 389 499 418 tur
519 385 704 428 cupiditatis
724 384 833 416 vitium
849 382 1031 416 obduxisse.

489 438 504 481 ξ
523 437 555 470 4.
578 438 658 472 Cum
679 437 787 480 igitur,
811 436 894 469 inter
907 441 1012 469 cetera
1033 436 1194 473 seandala,

258 527 262 532 ,
309 495 431 517 Huiusmodi
446 491 542 524 etiam
563 490 718 524 simoniae
739 489 878 534 pravitas
901 500 967 522 non
987 489 1125 523 obscure
1144 500 1196 522 re-

248 526 368 579 {¹:232}ss
378 534 432 580 551¹?
444 545 560 584 doleat,
581 548 611 576 et
628 542 801 588 praedictis
817 542 899 576 sacri
920 542 1097 576 Tridentini
1118 553 1196 576 con-

247 593 286 616 ⁸¹¹¹⁵
445 597 511 630 cilii
529 597 666 630 decretis
690 601 721 630 et
740 597 810 629 aliis
827 596 1046 630 sanctionibus
1066 596 1196 630 canoni-

445 651 501 691 cis,
536 656 664 683 nostrae
701 656 868 695 praeterea
904 650 1122 684 constitutioni
1157 650 1195 683 tle

444 704 653 747 indulgentiis
668 705 707 737 ad
726 710 896 748 quaestum
924 715 989 738 non
1012 704 1196 737 emittendis

443 757 643 799 adversetur,
677 758 815 791 clavium
839 758 1014 792 auctoritas
1048 758 1196 791 evilescat

443 817 474 844 et
493 812 732 856 poenitentialis
745 812 918 845 satisfactio
932 817 1113 852 enervetur3
1126 822 1194 852 nos,

443 864 493 897 his
512 865 605 898 malis
624 866 722 899 celeri
762 866 906 899 remedio
939 866 1192 905 occurrendum,

443 918 621 962 eademque
654 930 752 963 opera
789 919 907 953 futuris
937 920 1193 964 praecavendum

443 972 511 1005 fore
531 979 709 1015 censentes,
731 979 821 1007 motu
845 974 980 1018 proprio
1005 979 1035 1007 et
1054 984 1091 1007 ex
1108 980 1194 1007 certa

442 1025 575 1059 scientia
592 1032 623 1060 et
642 1027 680 1060 de
699 1028 895 1071 apostolicae
911 1028 1077 1071 potestatis
1092 1027 1195 1071 pleni-

442 1079 567 1122 tudine,
589 1081 775 1125 supradicta
807 1082 928 1122 omnia,
957 1092 1039 1126 quae
1068 1082 1100 1114 in
1126 1081 1194 1126 ipso

443 1133 723 1179 archiepiscopatu
748 1136 901 1169 Toletano
937 1141 967 1169 et
984 1135 1194 1178 quibuscum-

443 1197 505 1230 que
526 1187 597 1220 aliis
617 1187 809 1229 civitatibus,
832 1188 1036 1221 dioecesibus
1056 1193 1086 1221 et
1100 1188 1191 1229 locis,

443 1245 507 1272 tam
527 1240 753 1284 Hispaniarum
774 1252 871 1284 quam
883 1242 1020 1274 aliarum
1041 1252 1195 1285 quarum-

443 1303 583 1337 cumque
600 1294 842 1338 provinciarum
863 1300 894 1328 et
923 1295 1091 1338 regionum
1112 1295 1194 1328 huc-

443 1357 556 1390 usque,
576 1348 672 1381 etiam
696 1353 863 1392 praetextu
893 1348 1194 1382 confraternitatum

442 1400 670 1444 erigendarum
691 1407 722 1435 et
741 1412 949 1446 quocumque
969 1402 1046 1443 alio,
1064 1413 1194 1436 emana-

442 1460 541 1496 runt,
569 1455 761 1489 damnamus
781 1461 811 1489 et
830 1466 1022 1489 execramur
1049 1466 1086 1489 ac
1119 1467 1194 1500 per-

442 1513 541 1552 petuo
560 1508 740 1550 abolemus,
762 1509 917 1553 nullaque
938 1514 969 1542 et
988 1508 1078 1542 irrita
1098 1509 1195 1542 fuisse

442 1567 473 1595 et
492 1572 560 1596 esse
584 1563 791 1603 nunciamus,
808 1563 998 1596 mandantes
1018 1563 1140 1596 litteras
1165 1568 1196 1596 et

444 1615 570 1650 indices

488 1669 503 1713 ἓ
523 1670 555 1703 5.
577 1669 709 1703 Necnon
729 1670 906 1714 scripturas
926 1676 956 1703 et
985 1677 1194 1704 monumenta

272 1727 382 1755 nusquam
395 1734 430 1765 ⁹⁰?
443 1733 670 1768 quaecumque
690 1724 822 1768 publica
842 1730 873 1757 et
893 1724 1015 1768 privata
1030 1736 1088 1769 per
1108 1725 1195 1769 ipsos

245 1761 429 1818 2²50‘ffl'ef;⁰”⁰⁶⁶'
444 1777 591 1810 locorum
612 1777 795 1811 ordinarios
820 1783 851 1811 ct
878 1778 958 1811 alios
983 1778 1193 1812 ecclesiarum

444 1836 598 1873 rectores,
621 1831 819 1876 ubicumque
839 1832 1053 1876 reperientur,
1073 1833 1194 1866 dilace-

443 1884 521 1925 rari,
545 1884 703 1928 confringi
728 1885 923 1930 penitusque
951 1886 1073 1928 deleri,
1100 1892 1131 1919 et
1154 1898 1195 1920 ne

443 1937 519 1970 talia
543 1937 582 1971 de
602 1944 708 1971 cetero
730 1949 747 1971 a
767 1949 932 1982 quoquam
966 1939 1042 1972 fiant
1060 1966 1067 1980 ,
1089 1940 1194 1984 publi-

444 1996 558 2024 centur
576 1991 624 2024 vel
645 1992 876 2032 concedantur,
895 1991 1070 2026 districtius
1085 1993 1196 2037 prohi-

442 2043 569 2078 bemus.

486 2099 501 2142 g
521 2097 552 2131 6.
575 2098 789 2142 Quicumque,
810 2099 905 2133 etiam
930 2099 956 2132 si
978 2099 1194 2133 cardinalatus

272 2154 429 2177 Contraiflobe·
443 2151 566 2185 honore
576 2152 798 2197 praefulgeant,
812 2163 903 2186 secus
919 2154 1040 2196 egerint
1053 2165 1108 2187 seu
1121 2165 1195 2188 con-

246 2186 429 2245 ξιτῖιῖιεῖἶῑῖῐῗῗω
444 2209 606 2243 tenderint
625 2210 786 2252 attentari,
803 2210 843 2244 ab
863 2211 1009 2255 ingressu
1034 2218 1064 2245 et
1084 2224 1195 2256 perce-

443 2268 553 2312 ptione
564 2269 728 2303 fructuum
741 2280 872 2303 suarum
889 2270 1098 2303 ecclesiarum
1116 2277 1194 2304 tam-

444 2325 499 2358 diu
519 2327 665 2371 suspensi
686 2327 822 2368 iaceant,
845 2327 957 2368 donec,
978 2327 1193 2362 satisfactione

444 2383 584 2427 praevia,
607 2384 669 2417 illis
689 2395 748 2429 per
768 2385 881 2419 Sedem
903 2385 1101 2429 praedictam
1122 2397 1191 2420 sus-

444 2440 555 2483 pensio
580 2442 752 2483 relaxetur;
775 2443 943 2476 inferiores
962 2453 1036 2476 vero
1059 2444 1098 2476 ab
1123 2445 1192 2488 epi-

444 2498 550 2541 scopis
569 2500 759 2534 sententiam
784 2501 1126 2535 excommunicationis
1142 2502 1191 2534 in-

444 2561 589 2597 currant,
602 2568 693 2602 aqua
711 2559 772 2592 nisi
789 2559 821 2592 in
838 2559 951 2593 mortis
965 2559 1104 2592 articulo
1116 2570 1193 2592 con—

443 2613 568 2657 stituti,
586 2616 626 2650 ab
651 2617 714 2651 alio
741 2628 838 2662 quain
867 2618 1012 2652 Romano
1036 2617 1191 2652 Pontifice

251 226 302 252 An.
318 225 347 253 C.
368 225 435 254 ¹569

1041 222 1219 248 BULLARIUM
1244 220 1394 246 ROMANUM

2004 223 2056 251 An.
2073 222 2104 250 C.
2119 222 2187 252 ¹⁵⁶⁹

1239 272 1453 306 absolutionis
1485 272 1682 307 beneficium
1713 280 1877 318 nequeant
1906 273 1990 308 obti-

1239 336 1328 358 nere.

1283 379 1297 423 g
1318 379 1348 413 7.
1362 379 1577 414 Decernentes
1593 380 1688 414 etiam
1703 380 1830 415 irritum
1849 387 1879 416 et
1894 383 1989 416 inane
2030 392 2110 423 siquid
2125 401 2188 417 soen,

1238 433 1398 476 quidquid
1422 444 1515 467 secus
1539 444 1598 477 per
1625 444 1861 479 quoscumque,
1879 435 1990 480 quavis
2003 427 2186 484 ‡}{315212¹}}³‘⁰¹³⁸'

1237 486 1442 527 auctoritate,
1462 486 1602 520 scienter
1616 487 1666 520 vel
1681 487 1877 531 ignoranter,
1889 488 1991 522 conti-

1237 539 1319 582 gerit
1339 539 1502 573 attentari.

1280 593 1295 637 ἓ
1315 593 1346 627 8.
1374 594 1529 627 Volumus
1561 600 1670 628 autem
1703 600 1739 628 ut
1771 595 1989 640 praesentium
2043 603 2187 641 Transummts

1236 647 1395 691 exempla,
1418 648 1514 681 etiam
1536 648 1707 692 impressa,
1728 649 1845 683 notarii
1865 649 1989 693 publici
2004 637 2062 657 “⁰⁶⁸
2077 635 2141 657 ''¹¹²⁰''

1237 711 1335 734 manu
1355 707 1386 735 et
1406 702 1540 745 praelati
1569 703 1780 736 ecclesiastici
1800 703 1906 747 sigillo
1929 704 1989 737 ob-

1235 754 1371 797 signata,
1398 755 1544 788 eamdem
1565 755 1652 789 illam
1678 767 1813 800 prorsus
1832 757 1941 798 fidem,
1956 757 1989 790 in

1236 807 1358 841 iudicio
1379 814 1410 842 et
1429 813 1516 842 extra
1536 809 1626 850 illud,
1640 809 1761 854 ubique
1781 810 1929 844 locorum
1946 810 1990 844 fa-

1235 861 1331 902 ciant,
1351 873 1448 906 quam
1465 862 1620 906 ipsaemet
1631 869 1817 907 praesentes
1833 864 1986 906 facerent,

1235 914 1259 948 si
1280 921 1386 949 essent
1405 915 1564 949 exhibitae
1582 917 1632 950 vel
1652 922 1810 951 ostensae.

1279 969 1294 1012 5
1310 969 1340 1003 9.
1359 969 1444 1002 Nulli
1464 980 1539 1013 ergo
1555 970 1690 1004 omnino
1703 970 1873 1004 hominum
1893 970 1990 1005 liceat
2028 976 2149 999 Chusu'ue-

1235 1026 1293 1056 etc.

1277 1075 1391 1110 Datum
1430 1077 1549 1111 Romae
1593 1077 1679 1121 apud
1725 1078 1878 1112 Sanctum
1927 1078 1987 1112 Pe-

1234 1134 1333 1169 trum,
1354 1141 1440 1164 anno
1465 1132 1700 1165 Incarnationis
1718 1132 1900 1166 dominicae
1913 1132 1988 1166 mil-

1234 1184 1348 1217 lesimo
1382 1185 1642 1228 quingentesimo
1667 1185 1867 1228 sexagesimo
1887 1197 1986 1227 nono,

1237 1243 1353 1281 quarto
1364 1249 1466 1273 nonas
1486 1239 1638 1280 ianuarii,
1660 1239 1868 1284 pontificatus
1887 1240 1987 1274 nostri

1235 1302 1319 1324 anno
1340 1302 1381 1325 1v.

1281 1349 1342 1380 Dat.
1358 1351 1405 1381 die
1424 1351 1442 1380 ⁶2
1459 1351 1584 1381 ianuarii
1604 1351 1691 1389 1509,
1707 1351 1810 1392 pontif.
1827 1361 1902 1383 anno
1921 1361 1959 1383 iv.

1544 1498 1674 1532 CXXIII.

1235 1574 1433 1616 Reformatio
1458 1579 1681 1608 contractuum
1706 1575 1744 1608 de
1766 1576 1888 1609 avmuis
1915 1586 1986 1610 cen-

1278 1628 1364 1660 sibus
1376 1628 1535 1668 creandis,
1546 1628 1732 1662 alienandis
1740 1633 1768 1662 el
1776 1630 1988 1671 redimendis,·

1279 1686 1308 1715 cl
1328 1682 1502 1715 declaratio
1515 1683 1732 1725 quarumdam
1746 1683 1987 1717 dubitationum

1279 1736 1412 1780 desuper
1433 1740 1632 1770 morcarum.

1329 1815 1391 1846 Pius
1414 1816 1556 1852 episcopus
1575 1823 1672 1846 servus
1690 1824 1814 1846 servrum
1833 1818 1888 1852 Det.

1387 1872 1421 1900 ad
1444 1872 1606 1908 perpetuam
1624 1873 1666 1901 rei
1683 1872 1852 1902 memoriam.

1279 1942 1357 1976 Cum
1378 1953 1460 1976 onus
1478 1943 1673 1987 apostolieae
1689 1943 1850 1978 servitutis
1864 1944 1986 1979 obeun-

1235 2002 1292 2037 tes,
1319 1997 1564 2040 cognoverimus
1594 1998 1783 2032 innumeros
1807 1998 1986 2033 celebratos

1234 2050 1330 2085 fuisse
1351 2056 1381 2084 et
1401 2051 1432 2084 in
1453 2051 1521 2084 dies
1542 2051 1699 2085 celebrari
1723 2063 1880 2086 censuum
1907 2064 1984 2087 con-

1234 2109 1366 2145 tractus,
1380 2104 1434 2148 qui
1452 2105 1572 2138 nedum
1589 2115 1655 2138 non
1676 2106 1883 2140 eontinentur
1902 2106 1985 2141 intra

1234 2158 1352 2192 limites
1378 2169 1396 2191 a
1423 2159 1540 2192 nostris
1572 2159 1832 2198 antecessoribus
1864 2159 1983 2194 eisdem

1234 2211 1452 2246 contractibus
1482 2218 1627 2253 statutos,
1646 2213 1870 2254 verumetiam,
1898 2214 1983 2258 quod

1234 2266 1374 2298 deterius
1384 2271 1440 2306 est,
1451 2266 1619 2300 contrariis
1628 2266 1760 2300 omnino
1767 2266 1982 2311 pactionibus,

1234 2324 1404 2363 propterea
1413 2319 1578 2353 ardentem
1587 2319 1736 2353 avaritiae
1751 2319 1984 2362 stimulum‚le-

1232 2383 1308 2415 gum
1323 2372 1418 2406 etiam
1430 2373 1610 2406 divinarum
1623 2373 1826 2406 manifestum
1841 2378 1984 2407 contem-

1234 2427 1323 2465 ptum
1349 2422 1585 2466 praeseferunt,
1616 2433 1682 2455 non
1708 2422 1889 2466 potuimuS,
1912 2423 1982 2456 ani-

1233 2482 1371 2513 marum,
1393 2477 1490 2515 prout
1510 2477 1670 2513 tenemur,
1692 2472 1784 2505 saluti
1808 2472 1980 2505 consulen-

1232 2525 1289 2561 tes,
1304 2532 1339 2553 ae
1352 2521 1478 2564 piarum
1495 2520 1651 2554 mentium
1667 2520 1875 2564 petitionibus
1884 2520 1979 2554 etiam

1232 2569 1473 2611 satisfacientes,
1496 2575 1560 2603 tam
1589 2570 1675 2613 gravi
1698 2569 1811 2603 morbo
1838 2569 1979 2604 letifero-

1231 2629 1294 2662 que
1320 2628 1442 2652 veneno
1458 2619 1590 2653 salutari
1599 2618 1740 2653 antidoto
1755 2628 1821 2653 non
1838 2619 1973 2654 mederi.

2024 2001 2104 2023 Causae
2119 2001 2180 2023 hui-n

1998 2032 2164 2055 reformationis.
