2237 3100
81 224 131 252 An.
148 225 177 252 C.
197 226 264 255 ¹565

278 277 513 323 proprietarius
528 277 650 319 existat,
673 278 755 311 dicta
772 284 863 323 prata
879 279 917 312 ad
929 279 1027 312 alium

278 343 386 372 usum,
409 335 634 375 praeterquam
660 332 699 364 ad
735 343 854 375 pascua
879 334 1027 366 foenum-

275 396 340 429 que
358 384 589 427 colligendum,
607 384 766 418 destinare
786 385 898 429 possit,
923 386 1027 429 quod·

275 436 338 483 q'ue
358 449 471 472 omnes
486 444 517 472 et
537 439 747 482 quicumque,
770 440 825 483 qui
841 440 879 472 ab
895 450 933 472 co
950 446 1028 473 tem-

274 503 372 537 pore,
405 504 480 536 quo,
511 493 616 526 divina
636 494 759 526 favente
783 494 966 535 clementia,
988 495 1026 527 ad

275 546 393 580 summi
419 547 617 590 apostolatus
643 547 769 591 apicem
789 547 943 591 assumpti
964 547 1026 580 sui-

275 612 358 641 mus,
389 600 577 633 huiusmodi
608 606 700 644 prata
719 601 966 642 restrinxerunt,
989 612 1027 635 ac

274 654 317 687 ihi
333 654 450 695 vineas,
476 660 613 688 canneta
641 654 703 687 sive
729 655 841 688 hortos
866 655 1025 695 fecerunt,

273 708 313 741 ad
338 707 392 740 illa
417 707 449 740 in
474 702 647 751 pristinum
673 712 809 748 statum,
841 718 959 751 nempe
987 709 1026 742 ad

274 766 412 805 pratum,
433 761 637 803 reducenda,
669 772 728 806 per
756 762 971 795 camerarium
997 767 1028 795 et

272 814 396 848 viarum
417 815 585 858 magistros
611 816 771 859 praefatos
796 815 866 858 cogi
887 821 917 849 et
937 826 1026 849 com-

274 868 350 912 pelli
370 868 494 912 possint
513 874 543 903 et
569 869 718 911 debeant,
744 869 965 913 praecipimus
998 874 1026 903 et

274 922 473 956 ordinamus.

317 975 401 1020 5⁶21.
425 977 462 1010 Et
482 976 629 1010 similiter
653 976 729 1020 quia
750 977 834 1011 horti
851 987 952 1021 prope
973 977 1028 1010 Ur-

102 1031 347 1071 nmiosqueimbem
376 1030 597 1071 consistentes,
621 1035 754 1075 propter
778 1042 935 1074 aquarum
957 1031 1028 1063 irri-

74 1077 454 1126 '³⁰²⁰⁵’¹’‘“⁰l⁸‘·‹rationem,
490 1085 612 1118 malum
647 1090 678 1118 et
704 1084 893 1128 pestiferum
924 1086 1028 1118 solent

91 1115 136 1129 uam
183 1108 292 1129 cardo-0

76 1115 134 1165 ³¹¹⁰&
159 1140 183 1160 ³¹⁶
212 1146 261 1166 ⁹¹³-
274 1149 430 1182 generare
449 1149 569 1179 aerem,
592 1143 622 1171 et
647 1138 784 1172 maxime
799 1139 832 1179 in
847 1139 951 1182 burgo
971 1149 1028 1172 no-

76 1173 262 1224 iffifflifigii:
275 1197 340 1226 stro
360 1191 467 1226 Sancti
487 1191 586 1232 Petri,
608 1202 645 1225 ae
670 1192 753 1225 dicta
777 1192 901 1225 civitate
919 1198 1027 1225 nostra

76 1234 200 1260 ‘¹m³¹¹''³“
275 1245 344 1286 Pia,
375 1245 414 1279 ad
435 1245 528 1279 cuius
558 1250 798 1286 ornamentum,
826 1246 976 1279 decorem
998 1251 1029 1279 et

274 1299 357 1333 aeris
389 1299 611 1332 salubritatem
648 1310 856 1343 summopere
888 1300 1027 1333 intendi-

274 1364 346 1387 mus
358 1366 365 1395 3
388 1353 605 1387 desiderantes
626 1353 723 1396 igitur
756 1358 802 1393 ut,
819 1355 1029 1398 quemadmo-

274 1407 351 1441 dum
371 1407 488 1441 dictam
509 1407 667 1440 civitatem
687 1407 776 1440 Piam
793 1408 893 1441 muris
909 1414 940 1441 et
955 1419 1028 1452 pro-

274 1460 467 1505 pugnaculis
491 1460 661 1501 cinximus,
682 1466 713 1493 et
732 1461 772 1494 ab
789 1461 960 1495 hostilibus
980 1463 1028 1495 cs-

275 1514 474 1549 tensionibus
490 1525 638 1548 securam
659 1514 870 1556 reddidimus,
894 1515 936 1548 ita
950 1527 1028 1560 quo-

274 1578 337 1612 que
356 1568 439 1601 aeris
458 1567 647 1602 salubritate
671 1579 737 1601 non
769 1573 888 1609 careat,
919 1569 1029 1602 statui-

274 1633 347 1656 mus
384 1622 471 1666 quod
510 1632 622 1655 omnes
660 1621 745 1655 horti
788 1622 958 1655 existentes
997 1623 1029 1655 in

274 1676 374 1720 pratis
395 1681 482 1710 extra
503 1681 630 1721 portam
660 1675 847 1719 Angelicam
875 1677 1029 1720 (exceptis

275 1731 440 1764 dumtaxat
458 1730 748 1774 cardorum,vulgo
764 1730 1027 1771 careiosolorum,

274 1785 389 1827 hortis,
411 1785 445 1818 in
464 1784 583 1829 quibus
602 1794 761 1828 aquarum
778 1783 923 1827 irrigatio
939 1785 1028 1817 nullo

275 1839 372 1872 modo
392 1839 447 1882 sit)
466 1839 595 1883 penitus
616 1838 771 1871 tollantur
783 1843 813 1871 et
824 1838 1027 1879 aboleantur,

276 1904 313 1926 ac
328 1893 367 1926 ad
386 1892 553 1926 vinearum
573 1896 604 1925 et.
625 1896 790 1935 pratorum
817 1902 912 1924 usum
931 1892 1030 1925 redu—

278 1951 407 1987 cantur,
435 1946 495 1979 sub
516 1945 715 1985 caducitatis‚
738 1945 844 1989 quoad
865 1945 1028 1986 dominos3

277 2006 308 2035 et
331 2000 439 2045 quoad
459 1999 636 2042 inquilinos
656 2009 711 2032 seu
737 1999 946 2039 affictuarios,
969 1999 1028 2032 sub

278 2054 363 2089 exilii
385 2059 416 2087 ct
434 2053 595 2087 bonorum
617 2052 874 2093 confiscationis,
897 2052 1031 2096 aliisque

278 2108 439 2143 dictorum
479 2106 706 2150 magistrorum
740 2105 864 2139 viarum
900 2106 1031 2140 arbitrio

279 2161 461 2206 infligendis
477 2160 600 2205 poenis.

323 2216 339 2259 ξ
358 2215 411 2248 ⁶2⁶2.
435 2215 473 2248 Et
492 2214 644 2258 quoniam
666 2213 697 2246 in
712 2213 806 2246 variis
822 2213 925 2246 almae
940 2214 1033 2247 Urbis

92 2269 358 2316 Scalasquoquolocis
388 2269 457 2302 viae
488 2268 638 2313 publicae
667 2266 798 2300 diversis
831 2266 934 2300 modis
960 2273 1034 2300 sunt

79 2311 205 2371 {3ssstssss
226 2318 266 2364 ’Ἐξ
281 2323 468 2368 impeditae,
491 2327 522 2356 et
543 2322 627 2355 inter
637 2320 699 2354 alia
728 2332 745 2353 a
765 2320 861 2354 certis
889 2321 983 2355 scalis
1003 2326 1034 2355 et

81 2374 267 2429 ffifflf'f‘siaffig
282 2377 435 2418 bastonis‚
458 2382 493 2410 ut
506 2375 680 2418 vulgariter
694 2374 823 2414 dicitur,
837 2375 937 2415 saetis,
951 2386 1033 2418 quae

82 2435 127 2457 toni
143 2435 256 2462 praecinit,
282 2427 392 2461 multis
408 2427 440 2460 in
460 2426 540 2459 locis
555 2425 619 2457 vias
631 2423 776 2468 publicas
791 2424 924 2467 fereper
936 2434 1033 2457 unam

283 2487 420 2511 cannam
440 2481 471 2509 et
494 2475 578 2509 ultra
603 2478 775 2518 occupant,
806 2473 838 2505 in
859 2472 1034 2506 maximum

283 2526 471 2560 earumdem
490 2525 614 2557 viarum
635 2521 870 2567 praeiudicium
887 2527 917 2555 et
932 2522 1035 2555 obsta-

285 2575 407 2616 culum,
430 2574 510 2608 adeo
530 2578 563 2606 ut
584 2573 649 2605 duo
671 2582 786 2604 currus
805 2576 1035 2604 concurrentes

285 2623 454 2658 commode
484 2621 678 2667 pertransire
708 2624 880 2664 nequeant,
904 2619 1034 2661 idcirco,

364 2677 438 2709 Ball.
461 2676 538 2707 Rom.
564 2675 619 2705 Vol.
645 2674 702 2705 vll.
879 2673 918 2704 50

955 225 1021 249 PIUS
1040 226 1070 249 tv
1089 226 1136 249 FP.

1715 213 1779 245 32³3

1068 280 1127 312 sul)
1146 278 1330 324 praemissis
1350 282 1381 311 ct
1399 277 1469 310 aliis
1493 277 1626 310 arbitrio
1649 278 1818 309 camerarii

1068 338 1098 366 et
1117 333 1346 375 magistrorum
1366 332 1585 375 praefatorum
1614 330 1821 374 imponendis

1068 386 1193 430 poenis,
1215 385 1358 419 districte
1377 383 1820 429 praecipiendo,mandamus

1067 444 1102 471 ut
1122 439 1153 472 in
1174 444 1340 483 posterum
1360 448 1467 478 nemo,
1490 436 1674 480 quominus
1694 437 1741 469 via
1762 448 1820 480 pro

1067 492 1192 525 duabus
1213 492 1330 533 rhedis,
1361 491 1482 525 cocliiis
1502 491 1675 534 vulgariter
1695 501 1820 523 nuncu-

1066 545 1147 588 patis
1170 572 1178 586 ‚
1212 545 1483 579 concurrentibus
1518 546 1582 578 lata
1616 544 1818 588 spatiosaque

1067 605 1246 640 remancat,
1276 600 1377 633 dictas
1404 599 1506 633 scalas
1535 599 1650 632 audeat
1670 598 1710 631 ita
1733 609 1820 631 com-

1068 663 1208 697 ponere,
1245 654 1300 686 sed
1329 653 1553 686 tantummodo
1583 652 1663 685 duos
1682 653 1729 685 vel
1758 657 1821 684 tres

1067 707 1191 751 palmos
1207 707 1292 739 ultra
1306 707 1434 739 ianuam
1448 707 1615 745 excedere,
1638 706 1735 739 saetas
1745 717 1820 738 vero

1067 761 1167 794 scalas
1187 761 1389 804 praemissas,
1413 760 1452 793 ad
1468 760 1568 793 dictos
1593 759 1674 793 duos
1693 760 1739 793 vel
1758 766 1821 792 tres

1067 815 1203 858 palmos,
1225 814 1307 847 infra
1326 814 1455 847 eosdem
1477 825 1529 847 sex
1550 824 1685 853 menses,
1708 814 1767 846 sul»
1781 813 1820 846 si-

1067 868 1198 901 milibus
1227 868 1352 912 poenis,
1390 868 1546 901 reducere
1571 872 1602 900 ct
1626 867 1819 908 restringere

1068 922 1292 965 unusquisque
1316 921 1440 955 debeat.
1465 922 1640 954 Muratores
1656 921 1817 954 autemil·i

1067 975 1159 1008 aliter
1185 980 1372 1019 operantes,
1408 974 1493 1008 exilii
1514 980 1544 1007 ct
1565 975 1724 1019 bonorum
1747 986 1820 1007 cmi-

1067 1029 1240 1062 tiscationis
1266 1039 1387 1073 poenas
1416 1028 1583 1061 incurrere
1612 1033 1643 1061 ct
1675 1029 1818 1061 exotvew

1067 1083 1228 1116 volumus.

1111 1136 1198 1180 §⁶23
1230 1137 1411 1177 Praeterea,
1441 1136 1606 1180 cupientes
1632 1146 1695 1169 non
1714 1137 1817 1169 solum

1067 1191 1169 1234 ipsam
1189 1191 1305 1224 Urbem
1325 1190 1525 1231 interiorem,
1548 1190 1603 1223 s'cd
1619 1190 1712 1223 ctiam
1734 1190 1819 1222 illius
1835 1214 1862 1226 w

1068 1245 1222 1278 suburbia
1243 1250 1273 1278 et
1284 1245 1456 1278 circuitum
1486 1256 1522 1277 ac
1538 1244 1815 1285 vineasdeeorari,
1834 1245 1859 1257 *¹¹

1068 1310 1141 1332 cum
1154 1299 1246 1332 nobis
1267 1298 1440 1332 innotuerit
1458 1299 1643 1338 nonnullos,
1666 1298 1819 1342 pulchras

1068 1358 1098 1386 et.
1123 1353 1291 1386 deliciosas
1320 1353 1427 1385 vineas
1460 1363 1495 1385 ac
1522 1352 1739 1395 possessiones
1773 1352 1817 1385 sa-

1069 1417 1140 1440 ccre
1161 1412 1191 1439 ct
1211 1407 1366 1450 ampliare
1392 1407 1549 1447 volentes,
1580 1416 1597 1438 a
1616 1406 1728 1439 vicinis
1757 1406 1819 1439 illis

1068 1466 1233 1494 terrenum
1255 1465 1309 1494 aut
1328 1460 1447 1501 vincas,
1465 1459 1566 1493 locari
1582 1464 1687 1492 tamen
1708 1470 1763 1493 scu
1780 1461 1818 1492 ad

1068 1514 1271 1548 medictatem
1312 1514 1479 1547 fruetuum
1509 1514 1557 1546 vel
1587 1513 1664 1546 alias
1693 1514 1761 1546 (lari
1790 1519 1817 1547 et

1069 1568 1202 1603 concedi
1214 1568 1334 1608 solitas,
1357 1568 1395 1600 ad
1417 1568 1447 1601 id
1468 1568 1606 1601 vendere
1622 1567 1817 1608 nolentibus,

1069 1622 1232 1667 impediri,
1266 1621 1416 1667 praefatis
1446 1622 1624 1655 camerario
1649 1627 1676 1655 et
1696 1622 1819 1655 viarum

1069 1676 1245 1720 magistris,
1264 1682 1298 1709 ut
1317 1686 1560 1720 quoscumque,
1583 1675 1645 1708 sive
1676 1677 1820 1709 saccula-

1069 1741 1120 1763 res
1155 1730 1218 1764 sive
1248 1729 1500 1769 ecclesiasticos,
1527 1729 1622 1762 etiam
1654 1730 1679 1762 si
1709 1741 1821 1763 mona-

1069 1780 1166 1814 steria
1194 1779 1399 1824 quorumvis,
1432 1779 1527 1812 ctiam
1557 1779 1821 1821 illendicantium,

1069 1830 1243 1871 Ordiuum,
1277 1839 1405 1863 necnon
1438 1828 1612 1869 eeclesiae,
1651 1829 1823 1874 hospitalia

1070 1886 1125 1913 aut
1144 1880 1204 1913 alia
1230 1880 1282 1924 pia
1301 1880 1371 1912 loca
1391 1878 1523 1919 suerint,
1547 1883 1686 1915 terrena,
1716 1879 1825 1912 vineas

1070 1936 1123 1962 aut
1145 1934 1291 1969 canneta,
1313 1927 1414 1961 locari
1433 1933 1540 1961 tamen
1570 1932 1625 1960 aut
1647 1928 1685 1960 ad
1704 1928 1824 1961 medic-

1071 1985 1167 2012 tatem
1186 1979 1353 2012 fructuum
1369 1978 1416 2011 vel
1444 1978 1534 2017 alias,
1562 1982 1597 2010 ut
1617 1988 1728 2021 supra,
1755 1978 1825 2011 dari

1071 2030 1175 2071 solita,
1198 2029 1236 2062 ab
1266 2039 1347 2068 una,
1376 2037 1441 2060 non
1462 2026 1555 2060 solita
1575 2037 1651 2059 vcro
1671 2027 1785 2068 locari,
1808 2041 1826 2061 a

1073 2078 1174 2112 tribus
1194 2089 1250 2111 seu
1279 2077 1404 2110 duabus
1429 2076 1576 2121 partibus
1606 2075 1823 2117 circumdata,

1073 2135 1159 2162 extra
1175 2133 1281 2161 tamen
1302 2131 1391 2171 septa
1410 2126 1681 2159 monasteriorum
1698 2136 1826 2159 corum-

1072 2179 1157 2219 dem,
1184 2177 1338 2211 liabentes
1357 2177 1405 2209 vel
1426 2175 1588 2215 habentia,
1601 2175 1822 2215 adamnani,

1072 2228 1119 2261 vel
1139 2227 1171 2260 in
1191 2232 1293 2271 parte,
1316 2226 1411 2259 etiam
1433 2236 1492 2269 pro
1512 2224 1642 2258 vialium
1664 2224 1825 2259 directura

1073 2282 1103 2310 et.
1123 2275 1421 2310 accommodatione
1442 2275 1607 2315 facienda,
1627 2274 1760 2308 arbitrio
1781 2275 1827 2307 di-

1073 2332 1199 2360 ctorum
1230 2325 1399 2359 camerarii
1425 2330 1455 2357 et
1475 2324 1724 2367 magistrorum,
1751 2335 1826 2357 ven-

1074 2376 1228 2409 ditionem
1256 2375 1369 2408 vicinis
1398 2375 1452 2407 illa
1481 2373 1526 2407 sic
1551 2373 1828 2407 circumdantibus

1074 2431 1105 2459 et
1124 2426 1279 2470 ampliare
1308 2424 1504 2467 volentibus,
1532 2435 1590 2468 pro
1611 2424 1693 2456 iusto
1720 2428 1750 2456 et
1776 2435 1827 2456 ra-

1074 2475 1218 2508 tionabili
1236 2474 1353 2520 pretio,
1376 2485 1434 2518 per
1454 2474 1535 2507 duos
1551 2473 1671 2517 peritos
1685 2484 1741 2516 per
1752 2484 1827 2516 par-

1076 2530 1121 2559 tes
1145 2524 1310 2568 eligendos
1335 2529 1377 2565 ct,
1408 2524 1439 2556 in
1450 2529 1599 2557 eventum
1629 2522 1824 2561 discordiae,

1075 2585 1132 2620 per
1150 2574 1309 2618 praefatos
1338 2573 1517 2615 magistros,
1538 2571 1646 2605 habita
1666 2571 1826 2605 dictorum

1113 2633 1123 2659 1
1146 2634 1177 2660 ln
1194 2636 1246 2659 toto
1266 2631 1340 2659 addit
1359 2631 1474 2658 Cherub.
1493 2630 1530 2667 (a,
1549 2630 1599 2665 Ti).

1838 222 1884 248 Αη.
1904 224 1932 249 (2.
1953 224 2018 250 thob

1862 1145 1882 1164 ΕΙ
1900 1146 1903 1164 1
1907 1152 2001 1164 ιιιιιιιιιιι

1835 1180 1963 1195 sutanum-nu
1984 1184 2001 1196 tu

1834 1269 1861 1289 lia
1885 1276 1889 1288 1
1964 1276 2003 1288 uuo
2010 1282 2014 1283 γ

1834 1301 1886 1319 ἀοι-ιι
1942 1300 2016 1319 illi-iria

1834 1330 1857 1349 ab
1874 1329 1896 1349 l'i
1904 1330 1928 1350 he
1941 1333 2014 1351 exten*

1834 1362 1871 1383 dtu
