2237 3100
50 281 99 309 An.
113 281 141 308 C.
166 281 232 307 1569

935 276 1004 301 PIUS
1027 276 1045 300 V
1071 277 1118 300 1³1³.

246 335 351 362 tamen
381 329 420 362 ad
451 329 558 362 minus
582 340 679 373 quam
715 329 901 370 biennium,
934 341 999 374 quo

245 388 415 423 transacto,
436 393 502 416 non
518 383 617 427 possit
629 383 826 423 confirmari,
843 394 947 428 neque
960 385 997 416 de

244 448 325 471 novo
341 437 426 481 eligi,
449 436 508 471 nisi
530 439 637 481 elapso
658 437 721 471 alio
740 437 884 471 biennio.

287 492 362 525 VIII.
371 492 462 533 Item,
472 491 504 524 in
512 492 625 525 eodem
636 502 718 526 xxvu
726 491 843 535 capite,
853 492 908 525 ubi
919 492 998 525 dici-

243 551 295 578 tur
311 556 385 578 eum
402 545 520 579 debere
540 556 608 578 esse
628 544 795 586 clericum;
812 545 844 578 id
862 545 997 589 intelligi

241 599 357 633 debeat
375 599 414 633 de
435 599 555 633 clerico
572 599 604 632 in
625 599 725 632 sacris
740 599 927 632 constituto.

285 653 336 686 lx.
358 653 450 693 Item,
464 653 496 686 in
509 652 719 697 xxvnlcapite
736 653 882 686 eiusdem
898 653 997 686 actio-

240 706 301 747 nis,
324 706 377 739 ubi
398 707 547 740 sacerdos
559 706 591 739 in
601 707 700 740 choro
714 707 898 751 praesidere
910 717 996 740 man-

239 761 346 801 datur,
369 760 395 793 si
420 760 599 794 anteriores
630 761 813 794 sacerdotes
841 771 908 794 non
933 761 997 794 sint

246 819 320 856 etc.;
346 814 531 847 declaretur
556 814 692 857 intelligi
716 813 799 847 inter
819 825 925 858 pares,
952 815 996 847 vi—

238 867 355 901 delicet
382 868 466 902 inter
487 867 658 911 dignitates
688 868 715 900 is
734 867 917 911 praesideat
939 867 994 912 qui

238 922 277 955 sit
305 922 476 963 sacerdos3
511 921 700 955 absentibus
727 922 938 965 dignitatibus
958 931 995 955 ex

238 977 415 1018 canonicis,
445 976 472 1009 is
491 976 674 1020 praesideat
699 975 755 1019 qui
771 975 810 1009 sit
829 975 992 1015 sacerdos,

237 1040 277 1063 ne
302 1030 385 1064 forte
406 1029 487 1064 ordo
510 1029 722 1063 ecclesiarum
745 1034 773 1062 et
800 1028 993 1072 dignitatum

238 1084 468 1118 confundatur.

281 1137 317 1171 X.
340 1138 431 1178 Item,
454 1137 487 1171 in
503 1147 597 1171 xxxiv
612 1137 716 1182 capite
731 1137 876 1171 eiusdem
892 1136 993 1170 actio-

236 1193 298 1233 nis,
321 1192 377 1225 ubi
397 1192 517 1226 dicitur
529 1192 616 1235 quod
637 1191 809 1236 episcopus
825 1191 913 1224 solus
937 1201 993 1224 seu

236 1246 306 1280 eius
325 1246 465 1280 vicarius
487 1247 629 1280 declaret
649 1252 679 1279 et
700 1245 820 1279 iudicet
835 1245 994 1278 inhabiles

236 1301 393 1334 electores
417 1306 448 1334 et
471 1300 638 1343 eligendos
669 1300 708 1333 ad
736 1299 935 1333 doctoralem
964 1303 994 1332 et

236 1355 454 1399 magistralem
475 1354 694 1399 praebendam
734 1365 790 1388 seu
819 1353 993 1387 lectionem

235 1420 345 1443 sacrae
363 1409 550 1454 Scripturae
575 1412 648 1449 etc.;
685 1408 870 1442 declaretur
906 1407 993 1452 quod

234 1462 408 1507 episcopus
431 1463 480 1496 vel
504 1463 575 1497 eius
603 1462 743 1496 vicarius
774 1462 936 1506 generalis
961 1462 991 1495 id

234 1516 329 1550 saciat
340 1516 427 1550 circa
441 1516 626 1561 eligendum
643 1516 851 1561 procedendo
865 1527 902 1550 ac
921 1526 994 1560 pro-

234 1571 421 1606 nunciando
441 1572 539 1606 simul
560 1582 635 1605 cum
662 1571 818 1615 capitulo,
844 1571 899 1604 ubi
920 1571 993 1604 talis

233 1630 281 1660 est
299 1626 514 1667 consuetudo,
537 1625 621 1659 sicut
650 1626 736 1659 enim
764 1625 992 1670 veligendorum

233 1680 348 1714 electio
376 1680 416 1714 ad
437 1680 617 1724 capitulum
644 1690 710 1714 una
738 1690 813 1713 cum
838 1679 991 1723 episcopo

233 1734 384 1779 pertinet,
415 1733 458 1767 ita
489 1733 586 1767 etiam
621 1733 814 1767 inhabilium
850 1732 991 1776 cognitio

232 1789 417 1823 communis
437 1799 506 1822 esse
527 1787 653 1822 debeat.
676 1787 745 1827 Quo
766 1797 841 1821 vero
861 1786 901 1820 ad
921 1791 992 1820 vota

231 1842 419 1887 eligentium
436 1847 467 1876 et
481 1842 521 1876 ad
538 1852 651 1875 eorum
668 1840 916 1880 inhabilitatem,
940 1851 990 1874 re-

232 1896 432 1930 cusationem
453 1907 508 1929 seu
530 1895 593 1929 voti
607 1895 831 1939 privationem,
848 1899 992 1927 servetur

233 1950 412 1984 iurisdictio
432 1960 490 1984 seu
514 1949 716 1984 consuetudo
733 1948 991 1992 uniuscuiusque

233 2004 401 2037 ecclesiae.

276 2058 328 2091 xl.
350 2058 441 2098 Item,
455 2058 487 2090 in
504 2067 595 2092 xxxvi
612 2057 715 2102 capite
726 2056 828 2101 ipsius
845 2055 990 2097 aetionis,

234 2111 288 2146 ubi
309 2117 441 2146 cavetur
464 2112 552 2156 quod
569 2112 742 2156 deputatus
762 2111 802 2145 ad
818 2111 990 2154 legendum

232 2176 357 2199 sacram
386 2166 586 2210 Scripturam
616 2167 723 2209 legere
760 2165 874 2199 debeat
909 2170 990 2198 tem—

233 2231 313 2265 pore
342 2225 373 2254 et
405 2221 478 2254 loco
504 2231 541 2253 ac
570 2219 736 2253 materiam
767 2219 807 2252 ab
838 2218 990 2263 episcopo

232 2274 463 2319 designandam
484 2279 558 2315 ete.;
587 2274 771 2308 declaretur
791 2273 822 2306 id
840 2272 910 2306 sieri
931 2273 990 2306 sal-

233 2334 297 2362 tem
318 2329 357 2363 de
369 2328 505 2363 consilio
519 2328 664 2373 capituli,
677 2339 751 2362 nam
769 2338 843 2362 cum
856 2327 888 2360 id
899 2327 989 2371 prius

232 2384 271 2417 ad
298 2383 478 2428 capitulum
506 2388 677 2428 spectaret,
708 2393 771 2416 non
802 2382 897 2416 debet
926 2382 989 2416 hoc

231 2438 362 2472 decreto
383 2448 517 2482 prorsus
537 2436 677 2471 excludi.

275 2487 340 2520 XII.
359 2487 454 2527 Item,
487 2486 519 2519 in
542 2496 580 2519 xL
606 2491 637 2519 et
661 2495 713 2519 xm
733 2484 837 2529 capite
859 2485 987 2529 praedi-

233 2542 303 2570 ctae
323 2535 476 2575 actionis,
505 2535 560 2568 ubi
587 2534 771 2579 disponitur
800 2535 887 2578 quod
919 2535 988 2579 epi-

234 2596 352 2630 scopus
371 2585 424 2619 det
442 2584 605 2618 licentiam
627 2584 860 2629 capitularibus
889 2585 985 2629 aptis,

235 2640 271 2668 ut
288 2635 468 2669 litterarum
482 2634 806 2674 studiisincumbant‚
821 2634 865 2667 eis
881 2634 987 2678 provi-

235 2683 340 2721 dendo
360 2684 400 2719 de
422 2683 613 2719 necessariis
645 2684 685 2718 ad
712 2683 831 2717 victum
862 2687 933 2725 cca,
956 2683 988 2717 in

1685 271 1749 305 779

1041 330 1197 370 ecclesiis,
1220 330 1252 363 in
1283 329 1401 374 quibus
1435 332 1637 366 consuetudo
1662 334 1793 379 antiqua

1041 388 1087 416 est
1111 389 1146 416 ut
1173 383 1267 417 etiam
1294 385 1472 429 capitulum
1498 386 1582 419 hanc
1607 387 1792 422 facultatem

1041 437 1220 471 concedere
1252 438 1370 482 possit,
1397 449 1461 472 non
1494 439 1692 484 intelligatur
1730 442 1793 475 hoc

1039 490 1169 524 decreto
1185 492 1268 525 hanc
1281 493 1413 537 capituli
1433 493 1617 527 facultatem
1633 495 1792 529 sublatam

1039 554 1124 584 esse;
1137 545 1254 579 modus
1273 552 1382 580 autem
1403 546 1445 580 ibi
1465 547 1662 590 assignatus,
1695 549 1791 583 etiarn

1039 608 1056 630 a
1072 598 1215 642 capitulo
1229 605 1385 634 servetur.

1083 651 1159 685 XIII.
1183 653 1271 695 Item,
1288 654 1320 687 in
1333 665 1384 689 xlv
1398 655 1503 700 eapite
1514 656 1627 690 tertiae
1639 656 1790 699 actionis,

1038 705 1093 738 ubi
1113 706 1233 740 dicitur
1251 709 1338 752 quod
1356 709 1530 755 episcopus
1546 716 1663 744 statuta
1677 711 1793 745 lauda-

1037 758 1183 803 bilesque
1204 763 1455 797 consuetudines
1471 765 1626 799 ecelesiae
1642 765 1675 799 in
1689 776 1792 799 unum

1037 812 1157 846 librum
1179 815 1300 859 redigat
1320 822 1351 850 et
1375 817 1517 862 imprimi
1548 820 1690 861 mandet,
1718 830 1792 854 cum

1037 866 1171 901 consilio
1191 875 1333 912 quatuor
1357 871 1396 904 dc
1426 872 1581 916 capitulo,
1615 873 1794 907 decernens

1036 919 1101 953 illis
1112 920 1208 954 fidem
1225 927 1350 957 tantum
1363 924 1522 967 adhiberi,
1538 926 1653 960 ceteris
1669 926 1794 960 statutis

1036 979 1067 1007 et
1086 976 1377 1011 consuetudinibus
1397 978 1483 1012 idem
1505 980 1678 1025 episcopus
1698 980 1794 1014 dero-

1035 1034 1087 1073 get
1107 1034 1180 1071 etc.;
1202 1030 1425 1075 intelligantur
1440 1033 1549 1067 omnia
1569 1034 1607 1067 de
1634 1045 1794 1069 consensu

1036 1082 1166 1117 illorum
1193 1090 1334 1128 quatuor
1359 1097 1377 1119 a
1407 1087 1549 1131 capitulo
1578 1089 1769 1122 electorum.

1080 1137 1157 1171 XIV.
1188 1139 1278 1180 Item,
1299 1140 1331 1172 in
1352 1150 1404 1174 xx1
1425 1142 1529 1185 capite
1550 1142 1654 1176 dictae
1679 1143 1793 1177 tertiae

1035 1191 1183 1233 actionis,
1203 1193 1259 1226 ubi
1276 1193 1394 1227 dicitur
1414 1195 1501 1238 quod
1518 1195 1606 1229 solus
1621 1196 1794 1242 episcopus

1036 1244 1112 1279 dare
1131 1252 1185 1280 aut
1206 1247 1315 1281 locare
1335 1248 1437 1292 possit
1460 1249 1692 1294 quodcumque
1712 1261 1795 1295 opus

1036 1309 1154 1333 novum
1175 1301 1207 1333 in
1239 1301 1376 1336 ecclesia
1403 1303 1588 1337 faciendum
1622 1309 1695 1345 ete„
1717 1306 1794 1349 quia

1036 1354 1144 1387 omnia
1165 1365 1247 1398 quae
1268 1356 1433 1399 pertinent
1452 1357 1492 1390 ad
1512 1357 1667 1392 fabricam
1688 1359 1793 1393 eccle-

1035 1407 1112 1449 siae,
1135 1409 1311 1454 praecipue
1332 1410 1371 1443 ad
1392 1410 1573 1455 capitulum
1594 1418 1750 1456 spectant,
1764 1419 1795 1447 et

1035 1472 1149 1495 eorum
1170 1468 1217 1496 est
1239 1463 1302 1497 1100
1323 1475 1455 1506 munus,
1477 1465 1663 1499 declaretur
1683 1467 1793 1501 decre-

1034 1521 1103 1549 tum
1120 1516 1255 1561 intelligi
1272 1517 1305 1551 in
1320 1518 1391 1552 aliis
1402 1519 1559 1561 ecclesiis,
1577 1531 1674 1564 quam
1686 1522 1793 1555 cathe-

1034 1570 1190 1612 dralibus,
1213 1577 1311 1615 prout
1330 1583 1441 1606 revera
1459 1573 1543 1607 hanc
1568 1573 1665 1608 fuisse
1690 1575 1794 1609 fertur

1035 1630 1175 1658 mentem
1196 1625 1418 1660 statuentium.

1077 1679 1140 1713 XV.
1151 1680 1242 1721 Item,
1259 1679 1292 1713 in
1300 1681 1506 1726 xxxmcapite
1522 1682 1667 1716 eiusdem
1678 1683 1792 1717 tertiae

1034 1733 1180 1775 actionis,
1191 1734 1246 1767 ubi
1259 1740 1390 1768 cavetur
1402 1735 1490 1780 quod
1501 1736 1671 1779 dignitates
1680 1747 1793 1771 omnes

1034 1793 1063 1821 et
1084 1787 1219 1821 dimidia
1240 1799 1314 1833 pars
1334 1789 1568 1823 canonicorum
1589 1790 1629 1824 sit
1651 1791 1791 1835 gradua-

1033 1846 1139 1875 torum
1161 1842 1193 1875 in
1214 1853 1304 1876 sacra
1320 1843 1437 1887 pagina
1457 1844 1506 1877 vel
1527 1844 1599 1878 iure
1620 1845 1789 1887 canonico,

1033 1896 1120 1929 iuxta
1136 1897 1304 1930 decretum
1332 1897 1433 1942 ipsius
1457 1897 1585 1931 concilii
1615 1898 1791 1933 Tridentini

1033 1955 1111 1992 etc.;
1139 1951 1324 1984 declaretur
1350 1951 1487 1994 intelligi
1517 1952 1596 1986 citra
1624 1953 1790 1997 praeiudi-

1033 2004 1119 2038 cium
1136 2005 1306 2049 optionum
1331 2011 1362 2039 et
1382 2006 1515 2051 optandi
1545 2008 1791 2041 consuetudinis

1032 2059 1196 2103 legitimae
1209 2060 1428 2105 praescriptae
1436 2060 1598 2094 velaSede
1606 2060 1791 2105 Apostolica

1032 2114 1255 2155 confirmatae,
1277 2115 1365 2159 quod
1385 2115 1597 2149 declarationi
1622 2120 1653 2148 et
1677 2116 1789 2151 volun·

1033 2168 1086 2202 tati
1109 2168 1302 2203 sanctissimi
1320 2169 1551 2203 domininostri
1574 2169 1788 2216 relinquatur,

1031 2233 1114 2267 quae
1135 2222 1243 2257 omnia
1263 2223 1425 2268 praedicta
1452 2223 1484 2257 in
1505 2224 1655 2269 capitulis
1684 2224 1788 2258 dictae

1032 2277 1225 2312 concordiae
1245 2288 1343 2322 super
1367 2277 1583 2312 celebratione
1599 2277 1787 2313 huiusmodi

1031 2331 1186 2365 confectis
1205 2332 1334 2377 plenius
1359 2331 1519 2366 contineri
1540 2331 1706 2366 dicuntur.

1075 2384 1140 2429 53.
1164 2384 1243 2419 Cum
1269 2392 1387 2427 autem,
1414 2385 1497 2419 sicut
1528 2385 1640 2419 eadem
1672 2385 1786 2430 petitio

1030 2439 1256 2483 subiungebat,
1279 2439 1560 2484 metropolitanus,
1587 2439 1729 2484 episcopi
1754 2445 1785 2474 et

1031 2488 1170 2533 capitula
1194 2488 1358 2533 praedicta
1388 2488 1519 2532 cupiant
1552 2488 1785 2524 declarationes

1029 2537 1229 2578 huiusmodi,
1252 2537 1284 2571 in
1305 2537 1397 2571 dictis
1417 2537 1577 2582 capitibus
1596 2538 1705 2579 factas,
1725 2550 1785 2584 pro

1029 2586 1158 2620 illarum
1179 2586 1384 2621 subsistentia
1394 2586 1542 2629 firmiori,
1560 2593 1670 2622 nostro
1691 2593 1722 2622 et
1736 2588 1785 2622 di-

1030 2640 1097 2669 ctae
1119 2636 1208 2670 Sedis
1228 2635 1409 2669 munimine
1426 2635 1584 2677 roborari,
1607 2636 1784 2682 supplicari

1028 2685 1122 2720 nobis
1141 2686 1288 2721 fecerunt
1307 2685 1475 2722 humiliter
1495 2686 1786 2733 quatenusgdeola-

1808 282 1860 310 An.
1882 283 1912 311 C.
1926 283 1995 311 ¹569

1847 2397 1986 2420 Concordinm

1800 2430 1910 2452 confirmat
1938 2437 1985 2452 cum

1799 2459 1988 2484 ndioctisdoelm·

1801 2493 1902 2514 tionibus.
