2237 3100
219 275 268 301 An.
288 274 317 300 C.

336 274 403 301 1565

233 2314 305 2334 summ
321 2318 340 2334 nt
359 2320 401 2335 me-

224 2347 287 2365 niana
303 2351 345 2365 vi-is
365 2352 403 2371 pu-

221 2377 287 2397 bticas

221 2409 300 2428 ‹tienua

220 2439 310 2463 mandam

336 2378 404 2402 impe-

359 2407 403 2428 iolti

461 264 527 297 394

418 327 594 360 electorum
604 326 770 366 relatione,
782 324 969 363 estimando,
977 322 1165 361 taciendam,

419 379 513 412 ctiam
534 389 632 411 manu
653 378 750 421 regia,
774 388 890 420 cogere
918 376 1041 420 possint
1061 380 1090 408 et
1110 375 1166 408 dc-

417 434 530 473 beant,
560 432 653 465 etiam
688 431 712 464 si
742 432 812 464 loca
846 431 913 473 ipsa
940 440 1005 462 11011
1035 429 1096 462 sint
1119 429 1167 461 vel

418 486 535 520 suerint
554 485 653 519 locari
673 484 776 524 solita,
804 490 834 517 et
853 484 973 527 absque
989 483 1055 516 ulla
1083 483 1166 515 dissi-

418 541 535 573 cultate
564 539 594 571 id
622 538 716 570 etiam
753 538 929 581 procedere
952 538 1100 570 volumus
1134 536 1167 569 in

417 593 517 632 vinea,
545 597 679 624 canneto
700 592 747 623 vel
768 597 897 624 terreno
918 590 962 623 sic
985 589 1163 630 convicino,

418 645 471 677 ubi
489 645 604 677 domus
624 644 794 677 commoda
814 654 872 687 pro
901 643 1022 676 domini
1042 643 1166 676 habita-

416 700 501 732 tione
522 709 586 731 non
608 697 723 738 suerit,
746 697 955 730 concedimus
982 702 1012 729 et
1036 696 1165 729 ordina—

417 764 498 785 mus.
526 752 657 785 Necnon
682 750 869 783 huiusmodi
904 756 1044 783 nostram
1079 750 1166 783 ordi-

417 806 579 838 nationem
599 815 662 837 non
684 805 788 837 solum
804 804 843 836 ad
858 804 976 844 vineas,
1000 804 1055 837 sed
1072 804 1166 837 etiam

417 859 455 892 ad
481 858 597 891 casalia
631 858 714 890 intra
739 857 910 890 duodecim
945 857 1094 890 milliaria
1127 858 1166 890 ab

419 912 500 945 i'rbc
526 911 746 950 consistentia,
769 911 809 943 ad
833 911 936 943 dictae
957 911 1049 945 Urbis
1074 922 1167 945 orna-

417 974 483 999 tum
510 972 536 999 et
559 966 820 999 commoditatem
847 965 1052 998 domimirum
1078 977 1165 999 casa-

418 1021 509 1060 lium,
532 1020 741 1059 extendimus,
754 1031 789 1052 ac
802 1019 927 1052 extendi
943 1020 1058 1053 debere
1076 1031 1166 1063 prat·-

417 1074 554 1118 cipimus
584 1079 611 1107 et
637 1074 839 1106 mandamus.
866 1073 1011 1116 Cumque.
1039 1074 1165 1107 intelle—

417 1129 558 1161 xerimus
578 1128 678 1160 multa
694 1126 811 1160 casalia
828 1138 961 1169 magnac
981 1128 1166 1171 quantitatis

417 1182 591 1215 rubrorum
618 1181 737 1213 habere
770 1181 978 1224 incorporata
1012 1182 1166 1214 nonnulla

417 1241 574 1268 terrarum
610 1235 775 1278 portiones
820 1241 872 1268 aut
904 1235 987 1278 petia
1022 1235 1165 1268 modicae

415 1289 611 1333 qmtntitatis,
631 1288 785 1331 pedichac
801 1288 974 1331 vulgariter
989 1289 1164 1329 nominata,

416 1344 563 1376 volumus
584 1342 678 1375 eliam
702 1347 732 1374 et
760 1342 945 1375 ordinamus
966 1347 1000 1375 ut
1020 1343 1167 1386 quicum-

417 1408 478 1439 que
508 1397 611 1429 casale
644 1396 793 1428 habuerit
827 1402 957 1429 centum
991 1396 1166 1429 rubrorum

417 1456 468 1483 aut
503 1449 621 1489 minus,
648 1455 676 1482 ct
704 1449 765 1482 hoc
796 1448 930 1482 maxime
956 1450 1010 1482 ubi
1036 1450 1165 1494 aliquod

418 1503 524 1536 nobile
563 1504 623 1535 sive
655 1503 862 1536 commodum
893 1503 1078 1536 aedilicium
1107 1515 1165 1548 pro

417 1557 613 1590 habitatione
638 1557 760 1597 existat,
783 1562 814 1589 et
837 1557 979 1599 aliquam
996 1557 1165 1600 pedichain

418 1612 552 1644 rit-inam
583 1617 609 1644 et
632 1611 816 1654 contiguam
836 1611 969 1652 habeat,
996 1612 1021 1644 si
1041 1612 1079 1645 ab
1101 1624 1165 1645 uno

418 1668 514 1699 latere
537 1671 659 1698 tantum
679 1666 779 1698 rubra
798 1671 943 1703 centum,
973 1666 1101 1706 dccem;
1137 1672 1167 1700 et

417 1720 441 1753 si
458 1732 474 1752 a
495 1719 633 1760 duobus,
650 1719 780 1761 viginti;
803 1719 826 1751 si
848 1730 866 1752 a
891 1719 1002 1760 tribus,
1023 1720 1164 1763 [rig-inne

416 1778 447 1806 ct
467 1772 490 1805 si
512 1773 615 1805 casale
637 1772 769 1805 excedat
788 1783 948 1805 summam
966 1779 1106 1814 centum,
1128 1773 1167 1806 ad

416 1827 532 1859 dietam
562 1832 673 1867 ratam,
708 1831 740 1858 ut
775 1838 884 1871 supra.
912 1827 948 1859 Et
982 1827 1006 1860 si
1037 1827 1167 1871 aliquod

417 1880 513 1913 etiam
538 1881 715 1913 multorum
737 1881 911 1913 rubrorum
933 1881 1036 1913 casale
1052 1881 1085 1913 in
1105 1881 1167 1914 alio

417 1935 659 1977 incorporatum
679 1933 807 1973 existat,
834 1934 981 1967 videlicet
1009 1945 1082 1967 cum
1109 1935 1166 1967 ali-

416 1999 478 2031 qua
504 1987 625 2029 lingua,
647 1992 807 2030 quatenus
828 1987 911 2019 dicta
931 1987 1041 2031 lingua
1063 1988 1102 2020 sit
1122 1988 1168 2020 in-

417 2047 606 2085 corporata,
642 2040 729 2073 illam
751 2040 822 2079 sibi,
845 2040 977 2073 arbitrio
1007 2041 1167 2074 dictorum

417 2093 585 2128 camerarii
606 2099 637 2125 et
656 2092 966 2137 magistrorum,pro
987 2093 1090 2137 pretio
1111 2106 1169 2138 per

417 2148 535 2192 peritos
551 2147 760 2187 aestimando,
775 2152 801 2179 ct
825 2151 916 2179 aucta
933 2146 1054 2180 decima
1079 2153 1168 2191 parte

416 2202 532 2246 pluris,
558 2201 726 2234 vendicare
750 2200 883 2244 possint.

461 2256 476 2299 ξ
495 2256 548 2288 2-1.
577 2255 613 2288 Et
635 2256 767 2299 insuper
783 2254 902 2287 eisdem
923 2254 1046 2287 viarum
1068 2255 1167 2298 magi-

418 2309 500 2350 stris,
530 2316 564 2342 ut
587 2320 812 2353 quoscumque
832 2308 871 2341 ad
891 2310 991 2341 scalas
1011 2309 1169 2352 quaslibet

419 2369 505 2396 extra
534 2363 646 2396 domos
666 2363 747 2396 etin
772 2361 827 2395 viis
851 2373 907 2395 scu
933 2363 1045 2406 plateis
1066 2363 1169 2407 publi-

420 2417 464 2450 cis
484 2416 665 2456 existentes,
688 2427 826 2460 quarum
852 2417 1041 2460 praesertim
1069 2417 1100 2449 in
1121 2429 1170 2450 re-

419 2466 568 2508 gionibus
592 2465 838 2499 Transtiberinis
861 2472 891 2499 et
917 2465 1010 2498 Tririi
1032 2466 1170 2499 maxima

420 2514 508 2547 adest
528 2514 630 2557 copia,
654 2520 681 2547 et
699 2525 781 2558 quae
793 2515 856 2547 rias
877 2515 1021 2558 publicas
1042 2525 1105 2547 11011
1116 2526 1170 2559 pa-

420 2575 492 2598 rum
522 2564 702 2607 impediunt
722 2570 751 2597 et
771 2569 949 2607 occupant;
981 2574 1107 2597 necnon
1131 2566 1170 2597 ad

420 2612 601 2653 moeniana,
616 2613 693 2645 alias
705 2613 876 2646 curritoria
892 2613 1008 2656 lignea,
1030 2613 1170 2655 inignani

419 2662 513 2705 vulgo
529 2667 726 2706 nuncupata,
750 2667 836 2695 extra
863 2672 973 2695 muros
999 2662 1171 2696 domorum

1012 269 1190 293 BULLAnttJM
1214 269 1364 292 ROMANUM

1208 322 1347 354 multum
1371 321 1418 354 vel
1446 321 1610 354 modicum
1643 333 1675 356 se
1708 322 1903 367 porrigentia
1927 328 1958 356 et

1209 374 1398 414 eminentia,
1435 373 1466 407 in
1494 374 1558 407 vias
1582 375 1727 418 publicas
1750 381 1957 419 prospectum

1208 427 1370 467 habentia,
1392 427 1474 460 infra
1495 438 1644 461 annuma
1660 428 1711 462 die
1731 429 1958 472 publicationis

1208 480 1439 524 praesentium,
1467 481 1698 514 destruendum
1719 488 1749 516 et
1767 484 1956 525 tollendum,

1208 533 1340 567 arbitrio
1352 533 1521 567 camerarii
1537 540 1567 567 et
1582 535 1808 577 magistrorum
1829 547 1958 570 eorum-

1209 588 1281 620 dem
1312 599 1428 631 cogere
1455 593 1485 621 ct
1505 589 1711 632 compellere.
1744 590 1874 623 Necnon
1900 590 1956 624 do-

1210 652 1336 674 morum
1357 641 1541 685 inquilinis,
1568 647 1604 675 ut
1627 642 1797 686 pensiones
1817 655 1876 688 per
1904 655 1958 678 eos

1209 706 1267 738 pro
1292 700 1437 739 tempore
1457 694 1590 736 debitas,
1618 696 1713 729 etiam
1733 696 1837 730 invitis
1857 697 1957 730 domi-

1209 748 1269 788 nis,
1295 748 1489 789 retinere,et
1509 749 1542 782 111
1564 759 1718 793 expensas
1743 761 1802 795 pro
1831 751 1956 784 destru-

1210 802 1314 836 ctione
1340 804 1500 836 sealarun'l
1521 808 1551 836 et
1570 804 1819 838 curritoriorum
1848 805 1958 839 huius-

1210 855 1295 889 modi
1316 856 1524 897 necessarias,
1547 857 1668 900 absque
1687 868 1724 891 eo
1744 858 1831 902 quod
1846 858 1957 892 adite-

1209 916 1309 943 ratam
1331 910 1469 943 dominis
1488 910 1554 944 suis
1569 910 1762 945 solutionem
1778 917 1957 954 teneantur,

1209 969 1393 998 convertere
1418 965 1543 998 valcant
1571 971 1601 998 ct
1625 965 1773 999 debeant.
1808 966 1958 1006 Quinimo

1209 1017 1358 1062 inquilini
1378 1018 1439 1062 ipsi
1455 1018 1554 1051 dictas
1571 1018 1752 1062 pensiones,
1775 1019 1876 1054 donec
1892 1032 1958 1054 sca-

1209 1072 1256 1105 lae
1278 1077 1308 1105 et
1324 1072 1494 1105 curritoria
1505 1072 1692 1106 huiusmodi
1708 1074 1812 1107 ablata
1828 1074 1958 1116 fuerint,

1209 1132 1279 1169 post
1305 1126 1484 1170 simplicem
1514 1126 1738 1160 inhibitionem
1765 1127 1811 1161 eis
1839 1127 1958 1162 sacien-

1208 1180 1293 1219 ‹lam,
1321 1179 1386 1213 suis
1406 1180 1555 1222 dominis,
1578 1181 1638 1213 sub
1659 1191 1762 1224 poena
1791 1181 1960 1216 solutionis

1208 1233 1300 1266 dictis
1321 1233 1479 1277 magistris
1504 1234 1628 1267 viarum
1649 1234 1761 1268 iterato
1782 1235 1957 1277 faciendae,

1209 1287 1392 1320 nullatenus
1422 1288 1602 1331 persolvere
1631 1287 1769 1331 possint;
1805 1289 1892 1332 quod
1912 1294 1959 1323 ta-

1208 1351 1281 1374 men
1316 1340 1492 1385 unicuique
1517 1341 1621 1374 ferrea
1646 1352 1703 1374 seu
1723 1341 1850 1386 lapidea
1873 1353 1961 1376 moe-

1208 1394 1314 1435 niana,
1338 1406 1421 1438 quae
1442 1396 1536 1439 vulgo
1557 1395 1763 1439 arengherias
1782 1401 1837 1429 aut
1851 1396 1961 1431 balau-

1208 1453 1272 1481 stos
1291 1454 1425 1489 vocant,
1456 1449 1576 1482 habere
1606 1449 1701 1483 liceat
1729 1449 1862 1493 impune
1889 1460 1960 1494 per-

1208 1502 1380 1536 mittentes.

1252 1556 1266 1599 {
1291 1555 1342 1589 25.
1375 1556 1531 1600 Quodque
1559 1556 1705 1600 quilibet,
1727 1557 1810 1590 infra
1838 1568 1958 1591 annum

1209 1610 1424 1653 praedictum,
1445 1621 1518 1643 snas
1538 1611 1683 1654 porticus
1706 1622 1761 1644 seu
1791 1611 1959 1655 porticalia

1209 1663 1336 1708 penitus
1361 1669 1391 1697 et
1410 1664 1541 1697 omnino
1561 1665 1726 1698 destrucre
1751 1670 1781 1698 et
1809 1666 1959 1699 demoliri

1209 1723 1263 1750 aut
1287 1718 1387 1750 muris
1413 1718 1562 1751 claudere
1590 1718 1748 1758 habeant;
1782 1718 1959 1752 dummodo

1209 1772 1352 1816 porticus
1372 1771 1460 1815 ipsae
1480 1782 1545 1805 non
1565 1771 1628 1804 sint
1652 1772 1826 1805 modernae
1851 1777 1882 1805 et
1908 1772 1958 1805 in-

1209 1824 1324 1867 signes,
1344 1825 1533 1858 iudicandae
1550 1830 1581 1858 et
1591 1825 1828 1868 dignoscendae
1838 1825 1960 1859 iudicio

1209 1879 1398 1911 eorumdem
1437 1878 1664 1922 magistrorum
1702 1878 1839 1912 viarum.
1884 1879 1961 1913 Illae

1208 1943 1281 1965 vero
1295 1932 1447 1976 porticuS,
1468 1943 1550 1976 quae
1567 1943 1625 1976 pro
1636 1932 1760 1966 viarum
1776 1932 1960 1966 dilatatione

1209 1986 1397 2019 incidendae
1419 1992 1525 2026 erunt,
1549 1986 1591 2019 ita
1612 1996 1742 2019 manere
1767 1986 1957 2027 tolerentur,

1209 2051 1378 2083 quousque
1399 2051 1458 2084 per
1468 2040 1628 2084 praefatos
1647 2040 1771 2074 viarum
1791 2040 1960 2084 magistros

1210 2094 1332 2127 excisae
1353 2094 1483 2128 suerint.

1254 2149 1268 2192 ἓ
1292 2148 1345 2182 ⁶2ss.
1381 2149 1418 2181 Et
1447 2154 1612 2192 praeterea
1644 2148 1730 2192 quod
1758 2148 1841 2182 inter
1870 2159 1958 2182 casa-

1212 2207 1316 2235 menta
1341 2213 1397 2235 scu
1422 2203 1454 2235 in
1482 2202 1560 2236 locis
1580 2202 1725 2236 eiusdem
1750 2202 1843 2236 Urbis
1866 2201 1958 2236 habi-

1211 2255 1281 2288 tatis
1302 2267 1365 2289 non
1383 2256 1477 2289 liccat
1497 2256 1615 2300 cuique
1635 2257 1754 2290 habere
1772 2256 1883 2289 hortos
1902 2266 1958 2289 seu

1210 2310 1358 2343 viridaria
1388 2310 1518 2354 sepibus
1543 2311 1713 2351 conclusa,
1750 2310 1804 2343 sed
1828 2309 1959 2342 illorum

1211 2363 1345 2404 domini,
1372 2364 1430 2397 sub
1452 2364 1564 2408 poenis
1584 2363 1766 2408 praedictis,
1785 2363 1839 2396 illa
1859 2361 1960 2395 muris

1211 2416 1413 2450 circumdare
1434 2422 1615 2450 teneantur.

1255 2467 1270 2509 ἓ
1290 2465 1342 2499 27.
1367 2466 1548 2509 Omnesque
1573 2471 1686 2510 pontes
1706 2464 1802 2507 lignei
1824 2475 1882 2507 per
1896 2464 1961 2498 vias

1212 2515 1358 2559 publicas
1379 2515 1562 2556 transversi,
1586 2526 1660 2548 cum
1676 2514 1771 2547 situm
1792 2513 1960 2557 publicum

1212 2571 1382 2608 occupent,
1404 2570 1434 2597 et
1453 2564 1556 2598 dictae
1577 2563 1669 2597 Urbis
1689 2567 1837 2596 ornatum
1858 2563 1960 2595 offen-

1212 2613 1298 2653 dant,
1322 2613 1404 2646 infra
1429 2612 1570 2646 ciusdem
1592 2611 1666 2644 anni
1687 2611 1876 2651 terminum,
1907 2622 1960 2644 ex-

1213 2662 1313 2706 ceptis
1333 2667 1457 2695 tantum
1475 2661 1553 2702 illis,
1580 2660 1635 2705 qui
1655 2670 1719 2693 non
1743 2660 1776 2693 in
1796 2660 1960 2705 principa-

1974 270 2024 297 Ᾰη.
2041 270 2070 296 C.
2088 269 2155 297 1565

2000 1571 2112 1592 Portica-ua
2122 1572 2158 1591 de<

1973 1603 2041 1624 moliri
2059 1606 2091 1622 aut
2107 1609 2153 1622 mu-

1974 1635 2001 1655 ris
2008 1633 2077 1654 claudi
2089 1634 2144 1654 iubet
2153 1641 2158 1657 3

1999 2161 2118 2189 Hortosque
2135 2164 2154 2182 in

1974 2197 2088 2215 vasantem.
2097 2192 2157 2214 Urbis

1974 2226 2091 2245 existente·
2113 2231 2155 2245 mu-

1974 2256 2002 2276 ris
2013 2255 2080 2276 claudi
2097 2261 2156 2282 prae-

1974 2287 2033 2314 cipii;

1988 2481 2066 2502 Pontes
2078 2481 2158 2506 ligneos

1976 2516 2109 2533 transversus
2137 2514 2157 2532 111

1975 2545 2014 2563 viis
2031 2543 2119 2570 puhlicis
2135 2549 2157 2562 a-

1976 2575 2054 2595 moveri
2065 2574 2157 2598 niandat;
