2237 3100
242 237 295 264 An.
311 236 342 264 C.
355 235 426 264 ¹570

297 1612 357 1633 Fide}
373 1616 432 1633 tran-

248 1647 384 1671 ‘umplssfum-

483 226 547 260 808

439 298 476 321 ac
500 287 573 320 inde
607 291 742 329 sequuta
761 293 999 327 quaecumque,
1026 283 1065 314 ad
1086 283 1189 315 eecle-

439 337 501 370 sias
520 337 646 378 aliaque
667 333 824 367 beneficia
841 331 1025 364 huiusmodi
1043 332 1192 364 volumus

439 396 504 418 non
529 384 666 421 extendi,
694 382 748 415 sed
781 381 909 413 nullum
948 390 1005 422 per
1037 380 1099 412 hoc
1132 380 1189 419 eis,

439 433 546 477 quoad
579 431 812 465 assecutionem
847 427 1082 461 beneficiorum
1112 428 1192 461 alio-

442 493 526 521 rum,
550 479 784 524 praeiudicium
804 476 963 519 generari:
987 481 1016 509 et
1036 477 1193 520 quibusli-

440 530 493 563 bet
513 529 582 562 aliis
602 527 786 571 privilegiis,
815 524 1022 568 indulgentiis
1034 531 1062 558 et
1081 525 1193 558 litteris

442 577 633 622 apostolicis,
668 568 874 620 generalibus
901 576 949 608 vel
983 574 1191 618 specialibus,

442 635 725 669 quorumcumque
754 630 905 657 tenorum
939 623 1100 663 existant,
1137 634 1195 667 per

442 686 536 718 quae,
559 674 782 718 praesentibus
802 683 866 705 non
889 683 1037 716 expressa
1051 673 1099 705 vel
1116 678 1196 705 tota-

442 724 514 755 liter
538 733 602 756 non
623 723 753 758 inserta,
772 722 905 753 effectus
917 731 1028 753 earum
1046 720 1194 763 impediri

442 772 542 804 valeat
563 769 808 814 quomodotit;›et
842 770 888 803 vet
914 769 1057 809 differri,
1094 775 1124 801 et
1157 770 1195 802 de

442 820 561 864 quibus
596 830 804 863 quorumque
845 818 917 851 totis
957 818 1123 851 tenoribus
1158 818 1196 851 de

442 869 538 902 verbo
559 869 597 901 ad
622 868 755 901 verbum
781 867 930 900 habenda
956 867 993 899 sit
1022 867 1053 899 in
1080 868 1196 900 nostris

442 918 556 951 litteris
576 917 696 950 mentio
718 917 866 961 specialis
884 928 890 956 3
918 917 1065 948 volumus
1090 922 1196 949 autem

442 967 528 1010 qnod
554 965 708 999 ecelesiae
720 971 751 997 et
771 964 832 997 alia
856 965 1013 997 beneficia
1035 965 1198 1008 [natalitia

442 1015 557 1048 debitis
583 1020 755 1058 propterea
789 1024 854 1046 non
890 1014 1081 1046 fraudentur
1103 1014 1195 1047 olise-

442 1063 537 1108 quus,
569 1069 598 1096 et
633 1063 874 1105 praedictarum
900 1063 1082 1095 animarum
1105 1074 1195 1102 eura,

443 1112 467 1144 si
488 1123 571 1155 qnae
614 1111 676 1144 illis
710 1111 875 1144 immineat
893 1137 900 1151 ,
933 1112 1119 1143 nullatenus
1139 1122 1197 1144 ne-

442 1161 593 1204 gligatur,
616 1160 671 1193 sed
696 1170 809 1193 eorum
831 1170 974 1200 congrue
1002 1164 1197 1203 supporten-

443 1215 496 1242 tur
515 1220 616 1242 onera
636 1213 802 1247 consueta3
821 1208 973 1251 quodque
986 1208 1199 1251 poenitentias

443 1259 611 1294 salutares,
648 1269 731 1301 quas
764 1258 985 1293 consessores,
1012 1258 1051 1289 ad
1078 1258 1107 1289 id
1142 1269 1200 1301 per

445 1307 679 1350 provinciales,
702 1308 814 1339 fratres
830 1332 839 1345 ,
862 1305 1039 1345 moniales,
1067 1306 1198 1349 religio-

445 1366 495 1388 sos
529 1355 671 1399 aliasque
707 1365 860 1398 personas
893 1353 1103 1395 huiusmodi,
1142 1366 1198 1388 seu

445 1414 559 1437 eorum
579 1404 721 1447 aliquem
757 1403 908 1446 eligendi,
946 1408 1078 1446 propter
1104 1414 1198 1446 prae·

446 1452 554 1491 missa,
577 1453 622 1485 eis
642 1463 697 1485 sen
719 1463 832 1485 eorum
858 1451 955 1484 alieni
976 1451 1126 1484 duxerint
1151 1452 1199 1485 in-

445 1500 636 1544 iungendas,
659 1500 791 1534 omnino
812 1500 991 1544 adimplere
1017 1505 1197 1533 teneantur.

491 1550 505 1593 ἓ
526 1550 556 1583 9.
580 1551 617 1583 Et
642 1550 775 1593 insuper
803 1549 1014 1593 transumptis
1047 1560 1200 1593 praesen-

447 1597 539 1639 tium,
562 1610 661 1631 manu
681 1598 819 1631 alieuius
845 1598 960 1631 notarii
982 1597 1105 1642 publici
1127 1600 1202 1632 sub-

447 1646 574 1690 scriptis
598 1652 629 1679 et
661 1646 764 1690 sigillo
803 1657 961 1691 personae
986 1647 1018 1679 in
1049 1647 1202 1690 dignitate

447 1695 662 1728 ecclesiastiea
693 1695 884 1728 constitutae
906 1696 1050 1733 munitis,
1089 1697 1200 1730 eadem

447 1755 581 1788 prorsus
605 1745 685 1777 tides
710 1744 902 1777 adhibeatur
925 1750 955 1777 et
979 1746 1125 1778 adhiberi
1147 1746 1203 1778 de*

448 1793 533 1833 beat,
548 1804 631 1837 qnae
652 1793 765 1826 litteris
786 1793 862 1836 ipsis
887 1793 1100 1836 originalibus
1116 1794 1205 1826 adhi-

449 1843 593 1881 beretur,
621 1842 646 1875 si
667 1842 826 1875 exhibitae
846 1843 951 1874 forent
970 1842 1018 1875 rel
1044 1848 1201 1876 ostensae.

494 1892 608 1924 Datum
643 1891 762 1924 Romae
793 1891 877 1934 apud
899 1892 929 1924 S.
964 1892 1107 1930 Petrum,
1144 1893 1204 1924 snb

450 1941 571 1974 annulo
596 1939 777 1979 Piscator-is,
800 1939 851 1972 die
872 1950 945 1972 xvtn
972 1940 1204 1981 ianuarii,mil-

451 1989 564 2022 lesimo
582 1988 841 2032 quingentesimo
858 1989 1107 2032 septuagesimo,
1124 2000 1204 2033 pon-

453 2037 591 2070 titieatus
615 2037 715 2070 nostri
741 2047 826 2069 anno
847 2046 875 2069 v.

486 2090 535 2120 Dat
555 2091 600 2120 die
618 2090 653 2120 18
669 2090 794 2120 ianuarii
811 2089 897 2127 1570,
917 2090 1019 2128 pontis.
1037 2100 1114 2121 :inno
1131 2100 1157 2121 κ’.

454 2235 609 2268 Mantalos
634 2246 699 2268 non
718 2240 834 2268 exeant
861 2235 1010 2268 clausura
1031 2237 1086 2269 sab
1102 2248 1207 2280 poena

498 2285 842 2318 excommemicationis
857 2289 886 2317 et
899 2286 1114 2327 ])›·e'z¹t1t2'0nt's;
1128 2298 1207 2329 (surse

499 2334 598 2366 etiam
618 2333 805 2366 extenditur
825 2334 866 2366 ad
890 2334 1004 2366 (lantes
1025 2335 1204 2376 licentiam,

501 2383 690 2415 concitantes
710 2386 738 2415 et
764 2387 960 2426 receptantes
976 2383 1001 2416 ¹.

544 2440 606 2473 Pius
625 2445 767 2480 opiscopus
786 2452 882 2474 servus
901 2452 1042 2474 servorum
1061 2445 1116 2479 Dei,

602 2494 636 2522 ad
650 2495 812 2530 perpetuam
831 2489 873 2523 rei
893 2495 1061 2523 memoriam.

502 2547 614 2582 Decori
641 2556 669 2582 et
708 2551 867 2585 honestati
907 2551 1054 2585 omnium
1093 2552 1208 2585 saneti-

496 2602 506 2627 t
527 2601 564 2628 Ex
580 2602 643 2630 edit.
664 2604 734 2638 typis
750 2604 830 2632 Bladi.

1034 230 1214 255 BULLARIUM
1237 231 1389 256 ROMANUM

1234 283 1438 322 monialium,
1460 292 1600 325 quarum
1634 282 1722 316 Iesus
1754 282 1899 316 Christus
1921 281 1984 315 Do-

1234 336 1341 369 minus
1373 341 1483 368 noster
1508 345 1645 378 sponsus
1678 341 1736 375 est,
1758 341 1804 376 ut,
1826 335 1859 368 in
1894 335 1985 379 puri-

1235 395 1296 422 tate
1335 395 1366 422 et
1403 389 1547 421 castitate
1585 389 1892 432 superaedificantes
1908 416 1917 428 ,
1952 389 1986 421 in

1235 442 1305 484 ipso
1339 441 1474 475 feliciter
1501 440 1683 474 inhabitare
1707 441 1844 481 valeant,
1866 452 1986 475 consu-

1235 495 1346 535 lentes,
1365 505 1413 533 ea,
1431 505 1514 537 quae
1539 493 1668 526 illarum
1691 493 1917 527 existimationi
1933 495 1988 528 de-

1237 547 1363 580 trahere
1384 552 1525 591 possent,
1538 547 1630 580 decet
1649 558 1707 580 nos
1724 547 1872 580 consulto
1901 557 1989 580 sum-

1238 611 1376 633 movere.

1283 654 1347 697 §⁴l.
1377 653 1458 686 Sane
1493 653 1639 697 periculo
1665 659 1693 686 et
1720 653 1871 686 seandalo
1896 653 1991 696 plena

1237 717 1288 739 res
1309 712 1366 746 est,
1398 717 1435 739 ac
1469 707 1610 749 regulari
1649 706 1870 739 observantiae
1896 705 1990 739 vehe-

1238 764 1363 791 menter
1396 759 1598 800 adversatur,
1640 759 1900 792 sanctimoniales
1932 758 1991 791 ati-

1238 813 1382 855 quando,
1404 819 1577 856 parentes,
1609 814 1740 853 fratres,
1778 823 1905 846 sorores
1938 817 1993 845 aut

1239 866 1318 899 alios
1339 872 1471 908 agnatos
1505 867 1552 900 vel
1588 872 1752 909 cognatos,
1775 876 1903 899 necnon
1923 875 1993 899 mo-

1240 920 1378 952 nasteria
1417 925 1445 952 et
1484 920 1546 952 alia
1584 920 1757 953 filiationes
1791 923 1991 964 nuncupata,

1240 972 1336 1005 etiam
1357 972 1402 1005 eis
1423 973 1578 1012 subiecta,
1601 972 1760 1012 visitandi,
1783 978 1838 1005 aut
1857 971 1994 1004 infirmi-

1242 1025 1312 1058 tatis
1333 1036 1429 1058 causa
1454 1026 1554 1059 aliove
1575 1031 1742 1070 praetextu
1781 1036 1798 1058 a
1832 1029 1994 1058 monaste-

1241 1078 1296 1111 riis
1317 1078 1414 1118 exire,
1442 1085 1471 1111 et
1507 1090 1565 1122 per
1598 1079 1815 1112 saecularium
1838 1088 1995 1122 persona-

1240 1142 1313 1164 rum
1339 1132 1452 1165 domos
1476 1132 1660 1165 discurrere
1695 1137 1726 1164 et
1758 1131 1888 1174 vagari,
1929 1142 1995 1175 quo

1240 1185 1337 1218 veluti
1359 1186 1466 1218 colore
1487 1185 1641 1218 eximium
1662 1196 1793 1228 quoque
1819 1185 1997 1218 honestatis

1242 1244 1269 1271 et
1297 1239 1471 1282 pudicitiae
1497 1239 1596 1272 decus
1631 1239 1663 1271 in
1701 1239 1875 1272 discrimen
1906 1249 1996 1272 com-

1242 1292 1384 1325 mittunt.

1286 1346 1300 1389 ᾗ
1321 1346 1352 1378 2.
1376 1346 1465 1378 Unde
1491 1356 1561 1386 nos,
1580 1346 1665 1379 malo
1690 1346 1780 1386 huie,
1802 1356 1861 1389 pro
1885 1350 1997 1378 nostro

1242 1399 1411 1441 pastoralis
1431 1398 1528 1431 ostieii
1549 1399 1670 1438 debito,
1688 1399 1862 1432 salubriter
1882 1409 1997 1432 occur-

1243 1462 1314 1484 rere
1334 1452 1488 1491 volentes‚
1516 1451 1723 1485 inhaerentes
1747 1451 1844 1485 etiam
1868 1452 1998 1485 decreto

1243 1505 1325 1537 sacri
1351 1504 1482 1538 concilii
1502 1505 1680 1539 Tridentini
1706 1505 1744 1538 de
1764 1506 1915 1538 clausura
1930 1515 1999 1538 mo-

1244 1558 1378 1591 nialium
1399 1558 1592 1602 disponenti,
1606 1570 1642 1592 ao
1667 1558 1737 1592 aliis
1752 1557 1870 1592 nostris
1883 1557 1999 1592 litteris

1244 1612 1383 1654 desuper
1407 1611 1594 1644 huiusmodi
1628 1612 1778 1645 clausura
1801 1611 1895 1645 editis
1918 1611 1998 1645 adii-

1245 1664 1377 1705 cientes,
1404 1664 1565 1705 vohnnus,
1588 1665 1750 1698 sancimus
1768 1671 1798 1698 et
1811 1664 1998 1698 ordinamus

1246 1719 1326 1750 nulli
1360 1718 1596 1751 abbatissarum
1615 1745 1622 1759 ,
1658 1718 1889 1762 priorissarum
1918 1718 1997 1751 alia·

1247 1782 1357 1804 rumve
1382 1771 1572 1804 monialium
1592 1797 1599 1811 ‚
1627 1771 1723 1804 etiam
1748 1770 1996 1812 Carthusiensis,

1246 1824 1464 1858 Cistereiensis
1484 1825 1515 1858 S.
1539 1824 1721 1865 Benedicti,
1752 1830 1782 1858 et
1814 1825 1998 1858 Mendican-

1248 1878 1327 1911 tium
1342 1885 1369 1911 et
1383 1889 1666 1921 quorumcumque
1677 1878 1816 1911 aliorum
1827 1877 1997 1918 Ordinum,

1248 1931 1343 1963 etiam
1364 1931 1563 1971 militiarum,
1587 1942 1621 1964 ae
1643 1936 1797 1971 statuum,
1824 1931 1997 1974 graduum,

1248 1984 1486 2024 conditionum,
1505 1984 1696 2027 dignitatum
1722 1995 1759 2018 ac
1783 1984 1999 2028 praeeminen-

1248 2036 1365 2069 tiarum
1387 2037 1603 2077 existentium,
1626 2037 1721 2070 etiam
1743 2048 1760 2070 a
1780 2037 1869 2081 regia
1888 2038 1937 2071 vel
1961 2037 2000 2070 it-

1248 2089 1341 2122 lustri
1362 2089 1513 2133 prosapia
1533 2096 1691 2130 omarum,
1705 2090 1743 2123 de
1759 2095 1880 2130 cetero,
1903 2090 2000 2123 etiam

1249 2141 1443 2175 infirmitatis
1473 2153 1530 2175 seu
1549 2142 1688 2175 aliorum
1714 2142 1999 2183 monasteriorum,

1250 2195 1343 2227 etiam
1365 2194 1410 2227 eis
1430 2194 1662 2235 subiectorum,
1680 2201 1736 2227 aut
1755 2188 1927 2229 domorum
1943 2206 2000 2239 pa-

1250 2254 1377 2281 rentum
1413 2248 1589 2282 aliorumve
1615 2249 1931 2292 consanguineorum
1953 2249 2000 2282 vi-

1250 2301 1464 2341 sitandorum,
1480 2302 1579 2334 aliave
1591 2302 1760 2335 occasione
1777 2307 1807 2335 et
1823 2306 2000 2346 praetextu,

1250 2354 1309 2386 nisi
1330 2366 1366 2387 ex
1388 2365 1484 2387 eausa
1505 2355 1613 2397 magni
1637 2355 1779 2388 incendii
1794 2355 1843 2388 vel
1862 2354 2000 2388 infirmi-

1251 2403 1321 2435 tatis
1346 2404 1454 2446 leprae
1488 2409 1543 2436 aut
1577 2403 1768 2447 epidemiae,
1791 2414 1873 2448 quae
1894 2409 2002 2437 tamen

1251 2451 1431 2491 intirmitas,
1465 2457 1592 2495 praeter
1627 2453 1707 2486 alios
1725 2452 1883 2486 Ordinum
1903 2462 2000 2496 supe-

1250 2500 1363 2540 riores,
1386 2500 1505 2544 quibus
1539 2511 1618 2533 cura
1651 2501 1923 2534 monasteriorum
1951 2501 2000 2533 in-

1251 2549 1430 2590 cumberet,
1446 2550 1541 2582 etiam
1558 2560 1616 2593 per
1631 2550 1820 2594 episcopum
1833 2560 1892 2583 seu
1901 2549 2002 2583 alium

1251 2597 1316 2631 loci
1337 2598 1551 2639 ordinarium,
1573 2598 1669 2632 etiam
1694 2598 1719 2633 si
1744 2598 1909 2642 praedicta
1933 2608 2003 2633 mo-

2001 230 2050 257 An.
2068 230 2096 258 C.
2116 227 2184 257 15⁷0

2028 295 2162 318 Prooemium.

2021 664 2095 686 Varius
2111 665 2194 684 monia-

2006 696 2039 717 les
2057 695 2190 716 adducebant

2006 728 2134 755 divagatiotr
2143 732 2193 746 cuu-

2007 764 2049 779 sas.

2033 1356 2155 1380 Huiusmodi
2166 1357 2195 1377 di·

2011 1389 2134 1415 vagationes
2149 1394 2196 1415 pro-

2012 1420 2072 1441 hibet
2087 1419 2135 1440 Pius
2157 1419 2195 1440 sub

2012 1457 2082 1478 poena
2114 1455 2197 1471 excom-

2012 1483 2169 1508 manicatioms;
