2237 3100
24 295 32 303 .
51 273 103 300 An.
120 272 150 300 C.
166 272 234 300 ¹556

928 267 995 292 PIUS
1019 266 1039 291 V
1061 267 1108 291 PP.

247 318 362 367 nevissl's
381 321 504 367 poenis,
527 322 657 356 eosdem
683 322 815 356 sicarios
834 328 865 355 et
884 322 997 355 banni-

205 409 209 412 .
248 377 349 418 tosin
368 387 481 410 eorum
501 376 693 417 civitatibus,
718 376 822 416 terris,
842 376 954 409 castris
969 382 999 409 et

247 431 578 465 lociscommorantes
589 441 645 463 seu
664 441 720 475 per
737 442 790 463 eas
801 435 831 463 et
845 441 883 462 ea
899 435 998 463 trans—

247 490 370 525 cunteS,
386 494 514 528 capere,
529 489 559 517 et
581 485 619 517 ad
645 484 803 527 populum
824 494 999 517 convocan-

247 538 324 572 dum
345 543 375 572 et
394 538 642 571 coadunandum
662 547 835 581 campanas
856 537 995 580 pulsare,

247 602 370 635 eosque,
387 592 432 625 sic
452 596 562 635 captos
582 591 621 624 ad
647 601 794 625 carceres
814 591 997 624 conducere

218 642 225 648 ⁵
248 645 431 688 aut-euriae
451 644 620 690 temporali
647 644 836 687 consignare
864 644 996 677 omnino

102 798 233 862 Exemitpre's

49 843 111 864 huius
129 849 180 863 fons
192 843 235 863 itu-

51 875 113 897 tionis
137 874 232 925 (ῌΞριιιειῑς

239 696 430 736 teneantur.

291 752 385 797 §ta
401 752 558 792 Quocirca
583 752 811 791 dileetisvliliis
839 752 999 785 Vitellotio

241 807 382 842 *Sanctae
402 806 518 847 Mariae
543 807 575 840 in
591 806 746 846 Via-Lata,
764 806 924 839 Romanae
940 805 999 838 Ec-

248 861 363 895 clesiae
393 861 586 901 camerario,
610 865 638 893 et
659 860 811 893 Gamerae
836 857 999 903 'praelatae

213 930 219 940 =
247 914 470 955 thesaurario,
498 913 771 958 praesidentibus,
808 913 932 947 clericis
963 924 1000 945 ac

247 967 403 1003 universis
423 973 455 1001 et
474 968 608 1011 singulis
627 969 738 1011 legatis
764 973 794 1001 et
818 966 1000 1010 vicelegatis

247 1022 486 1068 provinciarum
513 1027 697 1061 nostrarum
718 1027 748 1055 et
767 1020 835 1054 aliis
864 1021 1001 1054 rectori-

247 1078 307 1111 bus
322 1088 359 1110 ac
379 1076 572 1110 officialibus
592 1076 767 1115 civitatum,
794 1080 955 1108 terrarum
972 1080 1002 1108 et

248 1130 389 1177 partium
414 1130 652 1174 praedictarum
667 1156 674 1169 ,
711 1128 803 1179 nobis
838 1135 867 1162 et
899 1128 1001 1162 dietae

249 1185 322 1219 Sedi
343 1184 480 1218 mediate
499 1184 547 1217 vel
567 1182 750 1216 immediate
770 1182 1001 1223 subiectarum,

223 1278 225 1280 ¹
249 1238 391 1272 districte
420 1237 649 1282 praecipiendo
675 1235 867 1270 mandamus
891 1242 1001 1280 quate-

213 1304 217 1308 ’
237 1280 310 1327 ⁴-nus
333 1296 518 1336 praesentes
538 1290 646 1324 literas
676 1290 863 1324 solemniter
884 1290 915 1323 in
941 1290 1002 1323 sin-

249 1345 332 1390 gulis
351 1344 536 1389 provinciis,
559 1343 750 1383 civitatibus,
768 1343 862 1377 terris
877 1349 907 1377 et
923 1344 1002 1377 loeis

250 1399 421 1444 praedictis
432 1398 604 1446 publicari,
627 1408 755 1447 necnon
771 1397 879 1431 onmia
895 1405 925 1432 et
939 1398 1001 1431 sin-

249 1454 325 1497 gula
343 1453 376 1486 in
396 1453 442 1487 eis
463 1458 612 1486 contenta
640 1451 868 1486 inviolabiliter
891 1452 1002 1486 obser-

250 1508 315 1541 vari
341 1506 459 1551 faciant
487 1512 518 1540 et
544 1506 707 1547 mandent.
745 1506 1003 1539 Contradimores

208 1592 210 1594 .
250 1560 459 1606 quoslihet'et
473 1560 621 1601 rebelles,
639 1559 874 1603 cuiuscumque
890 1565 1000 1602 status,

249 1615 369 1661 gradus
388 1619 420 1648 et
438 1613 700 1658 praeeminentiae
721 1613 850 1655 fuerint,
874 1620 1002 1648 senten—

247 1668 321 1710 tias,
344 1666 497 1708 censuras
517 1674 547 1702 et
560 1679 681 1713 poenas
698 1669 855 1712 praefatas
875 1669 1004 1702 damna-

250 1722 358 1756 biliter
377 1722 553 1756 incurrisse
573 1722 750 1763 declarent,
765 1728 795 1755 et
815 1720 1004 1756 declaratio-

250 1786 325 1810 nem
345 1776 530 1810 huiusmodi
552 1787 610 1821 per
629 1786 683 1809 eos
706 1775 886 1810 faciendam
912 1776 943 1809 in
970 1776 1004 1808 li-

250 1829 316 1864 bris
343 1830 577 1864 maleficiorum
611 1829 771 1863 conscribi
801 1836 831 1862 et
858 1830 1002 1863 adnotari

251 1884 404 1918 mandent
423 1889 453 1918 et
467 1884 596 1918 saciant.
609 1884 740 1917 Necnon
756 1884 908 1928 capitales
924 1895 1003 1927 prse-

251 1938 331 1971 fatas
339 1938 513 1971 sententias
523 1949 541 1972 a
556 1938 710 1972 ministris
719 1938 868 1978 iustitiae,
884 1938 1003 1982 absque

252 1992 389 2026 alicuius
399 1992 532 2026 incursu
542 1992 797 2036 irregularitatis,
808 1993 921 2036 exequi
931 2004 1004 2037 pro-

252 2051 378 2087 curent,
401 2056 437 2079 ac
457 2046 586 2080 realiter
605 2052 635 2079 et
656 2045 919 2080 irremissibiliter
938 2047 1003 2079 exi-

250 2104 338 2144 gant,
360 2100 506 2134 invoeato
528 2100 623 2134 etiam
644 2100 683 2133 ad
703 2100 777 2140 hoe,
800 2102 824 2133 si
841 2111 923 2145 opus
940 2102 1004 2135 suc-

251 2154 302 2195 rit,
318 2154 436 2188 auxilio
449 2154 573 2188 brachii
586 2154 771 2188 saecularis.
790 2155 931 2197 Necnon,
945 2166 1003 2200 pro

250 2208 416 2242 exactione
435 2219 614 2253 poenarum
649 2208 862 2252 pecuniarum
890 2209 1002 2243 huius-

249 2262 348 2304 modi,
367 2268 481 2296 eontra
498 2262 745 2296 communitates
769 2268 799 2296 et.
818 2263 1003 2297 universita-

251 2322 308 2358 tes,
340 2327 378 2350 ac
404 2317 436 2350 in
462 2317 651 2351 eorumdem
682 2316 936 2351 inobedientium
970 2319 1002 2351 in

249 2369 483 2416 temporalibus
503 2370 710 2404 dominorum
727 2372 887 2412 vassallos,
908 2383 1004 2416 prop-

250 2430 298 2458 ter
313 2435 427 2458 eorum
453 2424 640 2458 huiusmodi
665 2424 927 2467 inobedientiam,
956 2437 1004 2460 rc-

251 2473 425 2518 praesalias
452 2473 641 2515 concedant,
665 2484 791 2508 necnon
812 2480 843 2508 et
862 2486 936 2508 cuin
958 2476 1002 2509 es-

250 2523 336 2556 sectu
365 2523 479 2567 exequi
505 2524 632 2557 saciant.
661 2524 819 2557 Attentius
839 2525 1004 2560 hortantes

251 2577 282 2606 et
302 2572 504 2616 requirentes
525 2572 557 2605 in
577 2573 712 2606 Domino
739 2573 877 2607 barones
896 2579 927 2607 et
946 2575 1002 2608 do-

251 2621 396 2656 micellos
436 2633 473 2656 ae
507 2622 539 2655 in
577 2623 811 2667 temporalibus
857 2623 1004 2658 dominos

251 2670 327 2706 dicti
354 2671 458 2717 regni,
490 2681 618 2707 necnon
641 2672 729 2706 illius
749 2671 1001 2717 provinciarum,

1041 322 1202 355 civitatum
1224 327 1254 355 et
1274 322 1421 355 locorum
1443 322 1677 365 gubernatores
1697 327 1727 355 et
1751 324 1795 356 os-

1041 375 1163 409 fieiales
1181 386 1239 420 pro
1265 381 1410 418 tempore
1438 375 1619 417 existentes,
1647 380 1682 409 ut
1701 387 1795 420 prae-

1042 430 1121 463 fatos
1142 429 1320 462 homicidas
1340 433 1371 461 ct
1394 428 1536 462 fautores
1566 435 1594 462 et
1621 430 1796 474 complices

1041 485 1170 526 capiant
1198 488 1228 516 et
1245 483 1315 527 capi
1341 488 1531 526 procurent,
1561 489 1735 528 captosque
1756 484 1795 517 ad

1041 537 1204 581 praesides
1232 542 1415 570 nostrarum
1441 537 1693 580 provinciarum,
1711 538 1796 572 unde

1042 591 1101 634 ipsi
1123 590 1317 631 homicidae,
1341 592 1482 623 lautores
1498 596 1528 623 et
1544 591 1719 635 complices
1733 591 1797 625 ori-

1041 644 1147 687 ginem
1169 649 1345 685 traxerunt,
1369 644 1519 684 conduci,
1540 649 1571 678 et
1594 645 1639 678 eis
1669 645 1798 679 realiter

1042 690 1231 740 consignari*
1245 697 1392 729 similiter
1413 708 1487 730 eum
1510 698 1626 731 effectu
1647 698 1774 732 saciant.

1086 752 1101 794 ξ
1120 750 1173 784 13.
1196 751 1265 784 Non
1291 751 1492 786 obstantibus
1513 752 1797 787 constitutionibus

1042 810 1068 837 et
1099 804 1358 837 ordinationibus
1384 805 1568 847 apostolicis
1593 817 1629 839 ac
1649 807 1798 841 omnibus

1043 858 1117 899 illis,
1140 869 1222 901 quae
1239 858 1314 891 dicti
1332 859 1595 902 praedecessores
1612 860 1643 893 in
1659 861 1799 905 praefatis

1043 922 1156 945 eorum
1173 911 1274 945 literis
1284 913 1457 945 voluerunt
1477 923 1542 945 non
1560 913 1698 955 obstare,
1717 919 1804 948 cete-'

1043 966 1151 1010 risque
1177 966 1347 999 contrariis
1378 966 1660 1010 qudmscumque,
1691 974 1746 1002 aut
1773 969 1797 1002 si

1043 1019 1216 1063 aliquibus,
1238 1020 1456 1053 communiter
1467 1021 1515 1054 vel
1535 1021 1669 1059 divisim,
1689 1023 1729 1055 ab
1745 1033 1798 1056 ea-

1043 1073 1115 1106 dem
1151 1073 1190 1105 sit
1219 1072 1300 1106 Sede
1330 1073 1491 1106 indultum
1521 1074 1608 1118 quod
1636 1074 1797 1117 interdici,

1044 1127 1197 1170 suspendi
1218 1128 1266 1160 vel
1287 1128 1562 1162 excommunicari
1591 1139 1655 1162 non
1677 1131 1799 1172 possint

1044 1191 1101 1224 per
1122 1180 1229 1214 literas
1256 1181 1449 1225 apostolicas
1473 1193 1539 1215 non
1560 1183 1710 1217 facientes
1731 1185 1798 1228 ple-

1044 1245 1118 1267 nam
1140 1240 1170 1267 et
1189 1245 1372 1279 expressam
1384 1246 1421 1269 ac
1437 1236 1475 1269 de
1496 1237 1593 1270 verbo
1609 1237 1648 1270 ad
1667 1238 1799 1272 verbum

1044 1288 1082 1321 de
1103 1288 1228 1321 indulto
1245 1289 1432 1323 huiusmodi
1453 1290 1664 1332 mentionem,
1678 1297 1709 1326 et
1728 1293 1799 1336 qui-

1044 1342 1248 1386 buscumque
1274 1342 1344 1376 aliis
1373 1343 1558 1388 privilegiis,
1593 1344 1801 1389 indulgentiis

1045 1401 1074 1429 et
1095 1395 1195 1429 literis
1215 1396 1410 1440 apostolicis,
1435 1397 1640 1440 generalibus
1658 1399 1708 1432 vel
1728 1411 1800 1444 spe-

1045 1450 1190 1491 cialibus,
1211 1461 1309 1494 super
1329 1450 1521 1495 recipiendis
1531 1451 1682 1494 bannitis,
1701 1453 1801 1488 homi-

1045 1504 1124 1537 cidis
1144 1510 1175 1537 et
1194 1504 1330 1548 brigosis
1359 1516 1396 1538 ae
1416 1505 1486 1538 aliis
1516 1507 1698 1550 praedictis,
1719 1518 1800 1552 quo-

1045 1569 1262 1602 rumcumque
1285 1564 1434 1594 tenorum
1456 1559 1602 1601 existant,
1626 1572 1684 1605 per
1703 1573 1799 1606 quae,

1046 1613 1269 1657 praesentibus
1302 1623 1368 1646 non
1403 1625 1551 1658 expressa
1580 1615 1629 1648 vel
1661 1616 1801 1651 totaliter

1046 1677 1110 1700 non
1134 1667 1263 1707 inserta,
1284 1668 1417 1701 ess'ectus
1442 1679 1553 1702 earum
1574 1669 1723 1713 impediri
1747 1681 1800 1704 va-

1046 1722 1108 1755 leat
1145 1722 1389 1766 quomodolibet
1424 1723 1473 1756 vel
1514 1723 1652 1765 differri,
1694 1729 1724 1758 et
1762 1725 1800 1758 de

1045 1775 1164 1818 quibus
1202 1786 1408 1820 quorumque
1447 1777 1519 1809 totis
1555 1777 1722 1811 tenoribus
1762 1779 1801 1812 de

1045 1830 1141 1863 verbo
1161 1829 1201 1863 ad
1225 1830 1358 1863 verbum
1388 1831 1534 1865 habenda
1565 1831 1604 1865 sit
1623 1832 1656 1865 in
1686 1833 1802 1867 nostris

1046 1883 1146 1917 literis
1162 1884 1283 1917 mentio
1300 1883 1459 1927 specialis,
1482 1896 1577 1928 quae,
1601 1887 1707 1929 quoad
1724 1887 1798 1928 hoc,

1046 1938 1197 1982 cuiquam
1218 1939 1371 1972 nolumus
1391 1939 1553 1973 ullatenus
1573 1940 1753 1983 suffragari.

1089 1992 1104 2036 g
1124 1992 1177 2026 ¹14.
1200 1992 1354 2025 Volumus
1378 1998 1485 2027 autem
1507 1995 1594 2038 quod
1618 2001 1801 2038 praesentes

1046 2047 1156 2080 literae
1176 2052 1314 2085 nostrae,
1327 2054 1497 2092 postquam
1509 2048 1541 2081 in
1553 2049 1648 2082 valvis
1659 2049 1800 2084 basiliere

1045 2101 1203 2145 Principis
1218 2102 1447 2145 Apostolorum
1464 2107 1494 2135 et
1508 2103 1541 2136 in
1561 2102 1680 2147 Campo
1696 2104 1799 2138 Florae

1046 2156 1084 2189 de
1105 2155 1189 2188 Urbe
1218 2156 1329 2189 affixae
1349 2157 1481 2195 fuerint,
1504 2167 1616 2191 omnes
1636 2163 1667 2191 et
1686 2168 1797 2201 singu-

1046 2210 1093 2243 los
1114 2210 1196 2243 cives
1215 2210 1377 2244 Romanos
1394 2216 1425 2243 et
1444 2211 1523 2244 alios
1551 2210 1583 2244 in
1603 2211 1687 2246 Urbe
1708 2223 1797 2246 eom-

1046 2271 1219 2305 morantes,
1232 2265 1356 2299 ellluxis
1376 2265 1560 2309 quindecim
1577 2265 1703 2307 diebus,
1721 2267 1799 2300 alias

1045 2329 1118 2352 vero
1138 2320 1248 2359 duces,
1281 2319 1424 2359 comites,
1451 2319 1666 2361 marchiones,
1694 2321 1798 2355 domi-

1046 2373 1154 2415 cellos,
1177 2373 1315 2407 barones
1335 2380 1365 2407 et
1384 2374 1463 2408 alios
1485 2375 1678 2418 temporales
1697 2375 1798 2409 domi-

1045 2438 1103 2460 nos
1123 2433 1153 2461 et
1172 2428 1320 2470 vicarios,
1349 2429 1598 2462 communitates
1618 2434 1649 2462 et
1667 2428 1797 2463 univer-

1046 2477 1152 2510 sitates
1182 2477 1363 2518 civitatum,
1397 2483 1557 2511 terrarum
1586 2483 1617 2511 et
1649 2478 1797 2512 locorum

1045 2526 1118 2559 Sedi
1139 2527 1299 2570 praefatae
1321 2526 1458 2561 mediate
1474 2532 1505 2560 et
1524 2526 1707 2561 immediate
1723 2528 1797 2561 sub-

1045 2576 1201 2609 iectorum
1222 2576 1426 2617 huiusmodi,
1445 2577 1580 2610 decurso
1604 2587 1724 2618 mense,
1745 2588 1797 2610 ar-

1045 2629 1142 2665 ctent3
1165 2630 1196 2658 et
1219 2626 1484 2660 contrafacientes
1500 2636 1620 2670 poenas
1639 2626 1797 2670 praefatas

1045 2673 1211 2710 incurrant
1230 2674 1263 2710 in
1282 2675 1434 2710 omnibus
1459 2681 1490 2710 et
1509 2686 1568 2719 per
1583 2675 1702 2718 onmia,
1725 2685 1783 2719 per

1684 259 1750 293 455
1803 267 1860 295 «An.
1878 268 1906 296 c.
1925 268 1992 297 ¹566

1841 776 1947 797 Clausulas
1961 778 1997 798 de-

1815 809 1932 833 rogatorius
1961 816 1997 836 ap*

1815 840 1883 866 ponit;

1869 2015 1962 2037 Formam
1979 2021 2000 2037 et

1816 2047 1906 2068 effecius
1932 2047 1999 2074 publi-

1815 2079 1876 2103 candi
1894 2079 1971 2100 adiicit
