2237 3100
76 267 125 294 An.
144 268 171 294 C.
193 267 259 295 ¹567

78 648 193 670 neemiam
203 654 254 676 ρω-

69 680 130 701 ratam
141 686 183 700 non
200 686 250 700 con-

69 713 133 737 cedit,
156 712 195 732 nisi
220 712 252 732 in-

68 745 186 764 tervenerit
219 743 251 762 iu-

44 775 47 778 ”
68 775 107 795 dex
117 774 251 795 ecclesiasti-

67 812 104 827 cus
138 805 191 832 locu
216 808 250 833 qui

67 838 192 865 requisitus,
201 839 217 858 st
228 844 251 857 a-

67 869 129 889 desse
145 868 248 892 noluerit,

66 906 107 921 non
168 900 246 920 (illiciet

67 934 115 959 quin
150 931 247 953 effectum

65 964 153 985 licentia
161 969 248 985 conces-

67 1000 90 1015 sa
104 995 206 1016 obtineat.

90 1347 243 1375 Delinquontes

63 1380 83 1400 in
134 1385 244 1400 carcerem

66 1412 236 1432 ecclesiasticum

62 1448 106 1462 maa
117 1444 199 1462 tatesse
210 1448 243 1463 cu—

61 1475 190 1498 stodiendos.
210 1475 244 1495 do-

60 1511 101 1526 nec
121 1506 182 1526 iudex
206 1512 244 1527 ec-

60 1537 194 1557 modestinus
218 1538 243 1558 de

60 1568 92 1588 d.·t
106 1570 139 1589 cto
163 1573 243 1595 cognu-

60 1601 122 1620 verit.

951 269 1019 292 PIUS
1037 269 1056 293 V
1075 270 1123 293 PP.

272 320 393 359 bentes,
414 320 476 353 illis
495 320 572 354 alias
592 321 624 353 in
645 332 703 355 suo
729 322 844 355 robore
875 332 1023 365 perman-

271 373 354 406 suris
368 401 375 414 ,
397 374 458 406 hac
477 374 544 408 vice
564 375 717 409 latissime
744 376 957 418 derogamus,
984 388 1021 410 ac

270 427 470 461 sufficienter
489 429 679 472 derogatum
704 441 772 463 esse
805 431 955 463 volumus
991 436 1021 464 et

269 480 486 522 decernimus,
505 483 683 526 ceterisque
699 483 867 516 contrariis
886 484 1019 526 quibus-

270 544 423 578 cumque.

311 588 326 631 ᾗ
350 588 381 621 4.
404 589 558 622 Volumus
578 594 699 629 autem,
723 594 754 622 et
773 590 857 623 dicta
878 592 1018 624 auctori-

268 646 330 675 tate
351 642 556 676 decernimus
584 654 621 676 ac
642 644 864 683 deelaraums,
888 656 1018 688 pro-re-

267 706 352 739 gem,
374 697 625 739 gubernatorem
647 703 678 730 et
705 698 870 731 ministros
900 700 1015 740 regio&

266 754 322 783 aut
341 761 453 783 corum
475 750 609 789 iudices,
632 751 785 785 officiales
805 757 835 785 et,
856 752 1018 786 ministros

266 804 465 837 saecularem
486 804 740 838 iurisdictionem
763 812 959 845 exercentes,
977 808 1017 839 ab

265 857 418 897 ecclesiis,
435 859 649 897 monasteriis,
668 859 818 892 oratoriis
843 865 871 892 et
893 860 1017 893 sacellis

264 911 449 945 huiusmodi
465 912 605 956 aliquem
626 913 879 956 delinquentem,
892 914 958 946 sine
971 914 1017 946 in-

262 969 408 998 terventu
428 965 544 998 iudicis
577 966 784 999 ecclesiastici
810 967 871 999 loci
899 966 984 999 illius
1006 995 1012 1007 ,

262 1028 322 1051 nec
343 1019 531 1059 extrahere,
566 1030 627 1053 nec
655 1020 746 1052 illum
768 1031 883 1063 capere
919 1027 949 1053 et
970 1021 1016 1053 in-

262 1082 429 1106 carcerare
443 1083 548 1116 posse,
570 1073 631 1106 nisi
652 1079 682 1106 et
699 1084 773 1106 casu
800 1084 864 1117 quo
882 1075 1014 1117 praefati

261 1125 383 1159 iudices
420 1127 627 1160 ecclesiastici
662 1128 807 1170 requisiti
842 1139 906 1160 una
940 1139 1014 1161 cum

260 1179 380 1213 eisdem
402 1186 556 1224 capturae
593 1186 624 1213 et
644 1181 859 1214 carcerationi
876 1182 1013 1215 interve-

259 1233 330 1267 nire
349 1239 380 1267 et
399 1234 546 1267 assistere
567 1235 796 1268 recusaverint.
894 1275 895 1279 Ἰ

303 1288 318 1330 ξ
345 1288 376 1321 5.
409 1287 565 1331 Quodque
597 1288 822 1331 delinquentes
844 1290 1010 1332 praedicti,

259 1346 429 1385 postquam
446 1352 463 1374 a
481 1341 574 1374 dictis
586 1342 730 1374 ecclesiis
747 1369 755 1381 ,
784 1343 987 1376 monasteriis
1004 1371 1010 1384 ,

259 1394 407 1427 oratoriis
423 1400 453 1428 et
477 1395 603 1428 sacellis
623 1395 777 1436 extracti,
800 1397 885 1439 capti
914 1402 941 1429 et
964 1398 1012 1430 in-

259 1448 413 1481 carcerati
436 1448 567 1487 fuerint,
589 1449 628 1481 ad
650 1460 796 1482 carceres
825 1450 933 1483 curiae
959 1462 1012 1483 ec-

259 1501 457 1534 clesiasticae
478 1502 603 1546 reponi,
631 1508 661 1535 et
681 1513 713 1535 m
732 1503 814 1543 illis,
837 1504 895 1536 sub
916 1510 984 1537 tuto
1004 1531 1011 1544 ‚

258 1567 373 1589 securo
398 1561 429 1589 et
452 1557 546 1590 firmo
580 1568 735 1598 carcere,
768 1568 804 1591 ac
830 1565 1013 1602 opportuna

258 1610 404 1643 custodia
433 1610 505 1644 data
535 1611 620 1651 illis,
646 1611 671 1644 si
701 1623 783 1655 opus
805 1612 925 1653 fuerit,
956 1624 1013 1657 per

258 1664 418 1707 praefatos
442 1675 640 1709 pro-regem,
662 1666 912 1709 gubernatorem
932 1694 939 1707 ‚
962 1668 1011 1701 iu-

257 1717 363 1757 dices,
384 1718 548 1758 officiales‚
572 1724 602 1752 et.
630 1720 795 1753 ministros
829 1722 1012 1755 saeculares

257 1772 393 1805 detineri
422 1778 453 1806 et
473 1774 655 1806 conservari
676 1774 823 1813 debcant,
836 1786 873 1808 ac
893 1775 931 1807 ab
949 1776 1011 1809 illis

257 1826 392 1866 extrahi,
415 1832 445 1860 et
465 1827 628 1861 iudicibus
649 1829 870 1861 saecularibus
888 1830 1011 1872 praedi-

257 1880 317 1914 ctis
337 1882 519 1924 consignari
554 1888 584 1915 et
604 1883 687 1915 tradi
709 1894 772 1915 non
794 1883 928 1926 possint,
948 1883 1009 1916 nisi

257 1935 347 1979 prius
367 1935 496 1977 cognito
517 1947 575 1980 per
595 1936 716 1969 dictum
740 1937 878 1970 iudicem
905 1939 1009 1971 cccle-

257 1987 420 2021 siasticum
442 1989 516 2029 loci,
535 1989 559 2022 si
580 1990 639 2033 ipsi
655 1990 809 2023 carcerati
828 1991 957 2033 aliquod
974 2002 1010 2023 ex

258 2042 449 2075 criminibus
483 2048 513 2075 et
533 2043 659 2076 delictis
680 2044 853 2087 praedictis
878 2046 1009 2077 commi-

257 2096 357 2130 serint
385 2101 416 2129 et
437 2097 715 2140 perpetraverint,
738 2099 887 2141 factaque
919 2110 1008 2132 com-

257 2150 409 2183 missione
431 2150 631 2190 buiusmodi,
660 2151 684 2183 si
713 2158 878 2195 repertum
913 2153 1011 2185 suerit

256 2204 343 2248 ipsos
368 2209 549 2237 carceratos
583 2204 713 2248 aliquod
748 2216 785 2238 ex
819 2205 1010 2239 criminibus

257 2263 285 2291 et
306 2257 430 2290 delictis
451 2257 622 2300 praedictis
657 2258 854 2292 commisisse
889 2264 916 2291 et
941 2271 1009 2303 per-

257 2316 412 2356 petrasse,
435 2310 506 2343 illos
526 2311 646 2344 eisdem
667 2311 829 2344 iudicibus
863 2313 1008 2345 saecula-

257 2365 358 2406 ribus,
381 2376 439 2408 per
458 2365 750 2409 praefatosiudices
760 2366 1006 2406 ecclesiasticos,

257 2420 325 2453 sine
344 2419 482 2452 alicuius
498 2419 713 2452 conscientiae
734 2421 900 2464 scrupulo,
924 2426 953 2453 ct
969 2420 1010 2453 ir-

256 2468 473 2512 regularitatis
483 2469 623 2501 etaliaru
631 2480 659 2501 m
674 2480 843 2513 poenarum
862 2469 1006 2509 incursu,

257 2518 326 2551 dari
360 2523 390 2552 et
417 2518 599 2561 consignari
620 2518 737 2551 debere
757 2530 764 2559 3
787 2524 815 2551 ct
838 2518 862 2550 si
884 2530 941 2563 per
960 2519 1007 2551 di—

257 2572 345 2601 ctum
370 2567 509 2601 iudicem
542 2567 794 2600 ecclesiasticum
831 2567 1007 2601 iudicatum

255 2616 354 2649 suerit
386 2627 451 2649 non
481 2627 548 2649 esse
579 2616 708 2659 aliquod
729 2627 766 2649 ex
790 2627 887 2660 supra
916 2617 1009 2649 dictis

257 2665 393 2706 delictis,
414 2671 492 2700 tunc
513 2676 571 2710 per
590 2665 731 2700 iudicem
752 2666 964 2707 saecularem,
983 2666 1008 2699 si

1707 265 1771 299 619

1064 323 1121 356 sibi
1142 323 1315 365 videbitur,
1336 325 1446 359 haberi
1481 337 1649 359 recursum
1671 328 1709 361 ad
1731 328 1813 361 iudi-

1064 388 1133 410 cem
1164 378 1417 412 ecclesiasticum
1458 381 1669 413 cancellariae
1709 382 1814 424 regiae

1064 431 1264 475 principatus
1284 439 1314 465 et
1338 433 1550 467 comitatuum
1565 434 1814 468 huiusmodivo-

1063 485 1183 518 lumus.

1106 539 1120 581 ξ
1141 538 1171 571 6.
1208 538 1277 571 Νο0
1303 539 1503 573 obstantibus
1530 541 1814 576 constitutionibus

1061 597 1092 624 et
1111 592 1370 626 ordinationibus
1385 595 1569 638 apostolicis
1585 607 1622 629 ac
1644 597 1813 631 contrariis

1061 645 1336 690 quibuscumque.

1106 699 1119 741 ξ
1140 699 1170 731 7.
1195 699 1230 731 Et
1250 701 1324 743 quia
1346 701 1475 734 difficile
1492 701 1573 735 soret
1592 707 1650 736 etc.

1104 752 1217 785 Datum
1249 754 1368 787 llomac
1390 756 1475 798 apud
1507 757 1538 789 S.
1572 757 1717 797 Petrum,
1753 758 1812 791 sub

1059 808 1180 839 annulo
1202 808 1384 845 piscatoris,
1403 810 1452 842 die
1470 820 1497 843 vi
1516 811 1658 844 octobris
1669 822 1810 850 MDvan,

1061 861 1266 903 pontificatus
1287 863 1385 894 nostri
1408 874 1492 896 anno
1513 874 1545 896 11.

1112 918 1171 947 Dat.
1191 919 1237 948 die
1256 921 1417 949 Gouola-15
1436 922 1518 958 1357,
1533 923 1632 960 pontif.
1653 933 1728 953 31100
1742 932 1770 953 11.

1384 1089 1483 1122 LXIX.

1056 1162 1184 1195 Literue
1212 1164 1313 1196 Pauli
1338 1165 1389 1197 IV
1419 1170 1448 1198 et
1469 1166 1526 1198 Pii
1550 1167 1623 1207 JV,
1652 1179 1710 1211 per
1734 1181 1812 1213 quus

1100 1218 1257 1250 statuitur
1290 1219 1418 1260 clericos
1440 1221 1648 1263 principatus
1684 1223 1812 1256 Catulo-

1099 1271 1176 1303 uiue
1206 1276 1234 1303 et
1265 1273 1436 1305 comitatus
1467 1274 1643 1307 Roxitiouis
1682 1277 1716 1308 in
1751 1278 1810 1309 ltu-

1100 1325 1168 1357 bitu
1188 1329 1217 1357 et
1247 1329 1380 1358 tonsura
1407 1327 1550 1360 incedere
1573 1329 1694 1368 debere,
1726 1331 1810 1363 alius

1095 1379 1267 1420 privileqio
1279 1380 1422 1413 clericuli
1436 1392 1497 1413 11011
1510 1383 1686 1424 quadrant,
1703 1385 1811 1417 valent

1098 1436 1127 1464 et
1149 1433 1290 1475 iutelligsi
1309 1434 1420 1467 dctwnt
1443 1435 1536 1467 iustu
1555 1437 1709 1468 terminos
1724 1439 1811 1481 cupi-

1101 1486 1162 1517 tuli
1180 1495 1210 1518 vl
1236 1488 1385 1519 sessionis
1410 1498 1485 1521 xxm
1508 1488 1647 1522 Concitii
1675 1490 1808 1524 Triden—

1100 1540 1165 1572 tini
1186 1539 1209 1571 ¹.

1097 1619 1159 1648 Pius
1176 1620 1246 1655 Papa
1266 1621 1295 1654 V,
1318 1622 1351 1649 ad
1370 1624 1529 1658 perpetuam
1544 1624 1584 1651 rei
1600 1626 1766 1653 memoriam.

1099 1693 1113 1736 ξ
1135 1693 1164 1725 l.
1188 1693 1337 1736 Exposito
1358 1694 1435 1728 alias
1458 1695 1558 1728 felicis
1576 1697 1688 1729 recow'
1729 1696 1809 1731 ἶ’1015

1054 1746 1152 1779 Paulo
1173 1747 1334 1790 PapaelV,
1354 1749 1594 1791 praedecessvzss
1616 1771 1629 1783 .=
1753 1762 1808 1794 ¹,xo

1054 1807 1143 1843 parte
1179 1800 1358 1834 charissimi
1391 1813 1420 1833 in
1459 1802 1583 1835 fausto
1619 1804 1674 1836 1111.
1707 1806 1808 1837 ,usstri

1054 1853 1191 1897 Philippi
1204 1855 1430 1898 Hispaniarum
1442 1857 1525 1900 regis
1535 1858 1696 1898 catholici,
1710 1859 1807 1902 quod,

1053 1907 1127 1940 licet
1152 1907 1238 1941 iuxta
1263 1910 1435 1942 canonicas
1469 1911 1666 1951 sanctiones,
1698 1912 1807 1945 clerici

1053 1960 1196 1993 habitum
1219 1967 1248 1994 et
1279 1967 1442 1996 tonsuram
1474 1964 1640 1998 clericales
1673 1966 1806 1999 honeste

1053 2015 1177 2048 deferre
1192 2042 1199 2055 ,
1222 2016 1300 2048 alias
1321 2017 1488 2060 privilegio
1510 2018 1650 2051 clericali
1674 2019 1806 2053 1111011110

1052 2069 1194 2110 gaudere
1228 2069 1382 2103 deberent
1401 2082 1407 2109 ;
1430 2082 1540 2103 verum
1563 2071 1594 2103 in
1622 2072 1805 2116 principatu

1052 2121 1259 2161 Cataloniae,
1297 2129 1327 2156 et
1362 2125 1533 2158 Rosilionis
1567 2131 1597 2158 et
1627 2126 1805 2160 Ceritaniae

1052 2177 1267 2218 comitatibus,
1281 2178 1383 2211 eidem
1399 2178 1547 2223 Philippo
1562 2180 1628 2222 regi
1643 2180 1803 2221 subiectis,

1052 2230 1212 2263 dictorum
1243 2232 1437 2265 clericorum
1475 2233 1541 2265 sine
1567 2233 1654 2265 abitu
1677 2240 1705 2266 et
1730 2240 1803 2267 ton-

1052 2296 1127 2317 sura
1151 2286 1339 2320 huiusmodi
1371 2287 1591 2319 incedentium
1614 2292 1700 2320 tanta
1732 2287 1802 2322 ino-

1052 2339 1166 2371 leverat
1188 2340 1395 2384 delinquendi
1410 2341 1551 2380 licentia,
1567 2352 1621 2374 seu
1637 2342 1744 2386 potius
1758 2342 1803 2375 in—

1051 2393 1196 2434 solentia,
1221 2399 1251 2427 ut
1268 2395 1356 2427 nulla
1377 2395 1441 2427 fere
1455 2395 1486 2426 in
1504 2395 1687 2440 principatu
1702 2402 1732 2429 et
1748 2407 1802 2430 co—

1052 2447 1216 2480 mitatibus
1240 2448 1412 2492 praedictis
1438 2448 1623 2488 homicidia,
1653 2450 1800 2494 rapinae,

1051 2501 1219 2534 assassinia
1252 2507 1282 2534 ct
1311 2501 1372 2534 alia
1406 2505 1526 2535 atrocia
1548 2502 1682 2536 crimina
1711 2514 1801 2537 0001-

1051 2553 1273 2594 mittebantur,
1296 2566 1434 2599 quorum
1457 2555 1574 2599 aliquis
1589 2556 1727 2590 clericus
1743 2568 1800 2590 au-

1051 2613 1121 2641 ctor
1148 2609 1197 2642 vel
1222 2609 1384 2654 particeps
1408 2620 1473 2642 non
1504 2609 1676 2652 existeret3
1703 2611 1800 2655 idque

1086 2675 1097 2700 1
1116 2675 1153 2702 Ex
1172 2676 1274 2710 Reges-t.
1297 2676 1320 2703 in
1338 2676 1437 2704 Secret.
1460 2677 1594 2704 Breviuin.

1830 275 1877 301 An.
1896 276 1924 303 C.
1947 277 2013 305 ¹567

1854 554 1972 576 Clausutae.

1865 712 1926 734 fidos
1942 714 1995 736 dand
2002 723 2011 737 a

1827 747 1973 772 transumptis.

1876 1714 2004 1737 Constitutio

1823 1744 1880 1767 Pauli
1897 1745 1931 1766 lV⁴
