2237 3100
478 251 541 286 308
1026 264 1205 288 Burmanni

237 324 308 344 siones
338 324 362 343 de
388 324 418 344 his
437 316 590 356 vationes,
613 316 789 356 facultates,
808 316 903 348 etiam
920 317 1130 349 transferendi
1147 328 1183 349 ae

235 354 419 405 {inff‘iifif'ffivfississes
434 369 646 411 regrediendi,
659 370 721 402 sive
733 370 905 402 accedendi
921 375 951 401 et
970 369 1180 411 ingrediendi,

233 415 418 468 isssfffviiffle‘ssss
433 433 469 455 ac
489 423 567 456 alias
587 423 811 467 dispositiones
832 423 869 455 de
891 422 1050 464 ecclesiis,
1069 434 1182 456 mona-

235 478 339 497 defflss'ss-
434 475 548 515 steriis,
571 476 778 517 dignitatibus
798 481 828 508 et
848 475 918 508 aliis
932 476 1108 516 beneficiis,
1132 488 1184 509 eo·
1203 503 1205 515 ,

434 540 571 574 rumque
598 530 755 562 fructibus
774 536 803 562 et
830 529 1065 563 beneficiorum
1086 531 1183 563 colla-

435 585 575 617 tionibus
588 611 595 623 ,
618 594 675 627 per
694 594 753 616 nos
773 589 800 615 et
822 583 901 616 alios
924 584 1084 617 Romanos
1104 585 1184 618 Pon-

433 638 534 670 tifices
563 647 766 670 successores
794 642 939 677 nostros,
976 638 1071 670 etiam
1093 644 1181 672 motu

433 691 565 734 proprio
578 701 632 722 scu
650 690 926 731 consistorialiter,
944 697 999 724 aut
1019 692 1113 725 etiam
1126 704 1184 736 per

433 743 613 776 ordinarios
646 749 676 776 et
708 744 786 776 alios
810 744 980 777 inferiores
1000 746 1180 785 collatores,

434 797 529 830 etiam
541 797 580 829 ad
597 803 809 841 patronorum
825 799 1013 831 eorumdem
1036 810 1183 842 praesen-

433 851 584 883 tationem
606 856 636 884 et
655 851 732 883 alias
752 852 1013 894 quomodolibet,
1036 864 1109 885 cum
1137 854 1183 885 in-

432 909 575 937 terventu
593 905 803 937 confidentiae.
823 905 1019 947 huiusmodi,
1036 918 1182 950 expresse

432 958 497 991 sivo
527 959 670 997 occulte,
704 969 740 991 ac
769 959 807 991 de
833 959 903 992 iure
924 966 1133 1004 praesumpto
1154 966 1181 993 ct

431 1012 509 1044 alias
525 1018 638 1045 contra
652 1012 829 1056 praemissa
841 1024 898 1056 pro
914 1019 1060 1057 tempore
1074 1015 1181 1054 saclas,

432 1066 538 1098 nullas
559 1071 585 1098 et
611 1065 776 1105 invalidas,
794 1066 979 1109 nulliusque
995 1067 1121 1100 roboris
1136 1068 1182 1100 vel

432 1119 587 1152 momenti
609 1120 688 1159 sore,
708 1130 812 1161 neque
831 1120 982 1163 cuiquam
999 1121 1181 1164 suffragari,

431 1173 487 1205 sed
515 1173 685 1211 ecclesias,
714 1173 926 1214 monasteria⁷
954 1174 1122 1217 dignitates
1146 1186 1183 1208 ac

431 1227 494 1260 alia
514 1227 672 1260 beneficia
692 1227 878 1260 huiusmodi
899 1228 1049 1271 ipsoiure
1059 1240 1182 1269 vacare,

238 258 286 285 An.
305 260 331 287 C.
353 261 418 288 156&

431 1291 468 1313 ac
488 1286 616 1313 nostrae
645 1285 675 1313 et
704 1280 793 1313 Sedis
821 1281 1021 1324 Apostolicae
1047 1282 1182 1325 disposi—

432 1333 509 1367 tioni
537 1339 712 1373 reservata,
734 1334 924 1377 fructusque
953 1341 981 1367 et
1012 1335 1204 1378 ljiensioncst,

431 1388 582 1420 Gamerae
602 1388 803 1431 Apostolieae
824 1389 1013 1432 applicatos,
1037 1395 1068 1422 ut
1088 1401 1181 1433 prae-

431 1442 542 1479 fertur,
564 1453 631 1474 esse
653 1448 679 1475 ct
703 1442 837 1474 censeri.
1201 1454 1204 1482 j

475 1495 489 1537 ξ
510 1495 539 1528 6.
573 1495 700 1538 Sicque,
721 1496 753 1528 in
777 1495 961 1539 praemissis
981 1497 1132 1530 omnibus
1153 1504 1183 1530 et

431 1547 574 1591 singulis,
592 1560 648 1592 per
663 1560 887 1592 quoscumque
908 1549 1030 1582 iudices
1047 1556 1073 1582 ct
1093 1561 1181 1583 com-

431 1602 606 1641 missarios,
619 1603 714 1635 ctiam
733 1603 833 1646 ipsius
850 1603 1008 1635 Ecclesiae
1019 1604 1182 1637 Romanae

431 1656 626 1696 cardinales,
650 1656 772 1688 sublata
801 1656 846 1688 eis
872 1656 981 1699 quavis
1010 1657 1101 1690 aliter
1131 1657 1179 1689 in-
1202 1654 1204 1675 ⁵

430 1709 625 1754 terpretaudi
646 1715 676 1742 et
696 1709 858 1742 iudicandi
887 1710 1036 1743 facultate
1050 1738 1057 1751 ,
1085 1711 1180 1743 etiam

429 1774 487 1808 per
507 1764 787 1807 praesumptiones
807 1770 834 1796 et
854 1764 1057 1797 coniecturas
1076 1765 1181 1807 legiti-
1202 1766 1203 1782 ³

430 1828 498 1850 mas
521 1823 549 1850 et
578 1828 691 1850 eorum
717 1817 850 1850 arbitrio
872 1818 961 1857 <cum
982 1818 1059 1851 alias
1080 1819 1180 1851 confi-

430 1871 554 1903 dentias
572 1871 759 1904 huiusmodi
786 1871 816 1902 in
838 1872 943 1903 lucem
965 1871 1035 1903 erui
1056 1877 1085 1904 et
1105 1883 1181 1915 pro·
1201 1904 1203 1913 ,

430 1924 498 1957 bari
527 1935 592 1958 non
617 1935 710 1968 posse
734 1926 869 1967 constet)
890 1925 1112 1969 procedendo,
1135 1925 1181 1957 iu-

430 1978 530 2011 dicari
552 1984 581 2011 et
601 1978 727 2011 definiri
743 1979 872 2018 debere,
895 1990 931 2011 ac
951 1978 1109 2022 quidquid
1130 1990 1180 2012 se—

431 2043 488 2065 cus
508 2044 604 2077 super
624 2033 673 2065 his
694 2043 713 2065 a
732 2044 916 2076 quoquam,
939 2033 1050 2076 quavis
1069 2039 1181 2066 aucto-

430 2086 539 2127 ritate,
567 2087 705 2120 scienter
724 2087 772 2119 vel
805 2086 1010 2129 ignoranter,
1034 2087 1181 2120 attentari

431 2140 616 2183 contigerit,
640 2140 765 2173 irritum
787 2146 817 2173 ct
841 2140 937 2173 inane
957 2140 1106 2173 similiter
1125 2141 1181 2174 de-

431 2194 605 2227 cernimus.

474 2249 489 2292 g
514 2248 543 2281 7.
576 2248 644 2281 Nou
672 2248 873 2281 obstantibus
902 2247 1003 2281 felicis
1029 2248 1180 2281 recorda-

430 2302 528 2336 tionis
543 2302 695 2335 Bonisacii
718 2302 821 2346 Papae
832 2302 907 2343 VIII,
926 2301 1181 2345 praedecessoris

431 2356 550 2394 nostri,
571 2356 609 2387 de
629 2367 706 2396 una,
738 2362 765 2389 et
802 2356 931 2389 concilii
959 2355 1117 2398 generalis
1142 2355 1180 2387 de

431 2410 556 2442 duabus
589 2409 718 2449 diaetis,
745 2420 781 2442 ac
802 2410 872 2442 aliis
899 2408 1182 2442 constitutioniluis

431 2458 625 2501 apostolicis,
648 2469 773 2491 necnon
795 2458 920 2500 collegii
941 2457 1182 2501 praesati‚iura-

430 2512 550 2545 mento,
574 2507 818 2539 confirmatione
839 2507 1013 2550 apostolica
1032 2507 1079 2539 vel
1100 2517 1181 2549 qua—

430 2555 475 2588 vis
490 2556 639 2588 Iirmitatc
660 2556 721 2588 alia
737 2556 906 2591 roboratis,
921 2556 1046 2588 statutis
1062 2561 1090 2588 et
1107 2566 1183 2587 con—

430 2604 676 2643 suetudinibus,
709 2604 877 2638 contrariis
907 2605 1180 2647 quibuscumque;

429 2659 485 2688 aut
509 2654 535 2688 si
555 2653 728 2696 aliquibus,
741 2653 958 2687 communiter
972 2654 1020 2687 vel
1040 2653 1179 2693 divisim,

258 1547 370 1569 Decretum
385 1550 415 1569 ii·—

231 1580 304 1599 ritanus.

257 2307 366 2329 ‹ztausutao
382 2308 414 2329 de·

230 2340 357 2365 rogatoriae.

1230 263 1379 287 ROMANUM
1991 259 2041 286 An.
2058 259 2087 287 C.
2104 259 2169 288 ¹56&

1225 317 1264 349 ab
1285 315 1455 374 eademjt
1475 316 1554 350 Sede
1575 316 1735 350 indultum
1769 316 1855 360 quod
1880 316 1975 348 inter-

1226 369 1308 409 dici,
1345 370 1495 412 suspendi
1529 370 1575 401 vel
1608 369 1881 403 excommunicari
1910 380 1974 402 non

1226 422 1348 466 possint
1364 434 1421 466 per
1436 423 1543 455 literas
1563 424 1753 467 apostolicas
1773 434 1837 456 non
1859 423 1975 456 sacien-

1225 481 1271 508 tes
1290 477 1417 519 plenam
1444 482 1473 509 et
1494 487 1675 519 expressam
1696 488 1732 510 ac
1762 477 1800 509 de
1819 477 1914 510 verbo
1936 476 1975 509 ad

1224 530 1357 562 verbum
1391 530 1429 562 de
1470 529 1595 563 indulto
1622 530 1808 563 huiusmodi
1837 531 1973 564 mentio-

1203 586 1205 595 '
1226 594 1311 616 nem.

1268 638 1283 679 ξ
1303 637 1333 670 8.
1357 638 1393 670 Et
1414 638 1634 681 nequisquam
1651 639 1718 671 ullo
1730 649 1883 683 umquam
1897 644 1982 671 tem-'
2003 645 2077 667 Forma
2097 644 2173 681 ether-

1225 701 1302 734 pore
1333 690 1550 733 praesentium
1584 691 1797 734 ignorantiam
1826 676 2059 735 praeten-iitfssi'}
2080 677 2173 704 pumma*

1225 743 1300 775 (lcrc
1322 743 1430 787 possit,
1444 744 1594 777 volumus
1610 749 1640 776 et
1655 745 1764 778 eadem
1787 745 1974 778 anctoritate

1225 797 1430 830 decerminus
1451 797 1538 840 quod
1558 797 1644 841 ipsae
1666 804 1849 841 praesentes
1866 798 1975 832 literae

1225 851 1262 883 ad
1273 850 1423 883 basilicae
1434 850 1591 894 Principis
1602 851 1828 894 Apostolorum
1842 852 1975 896 de[Urbe

1224 904 1338 943 valvas,
1358 914 1414 947 per
1430 903 1570 946 aliquem
1583 914 1619 936 ex
1640 904 1826 937 cursoribus
1846 905 1973 946 nostris,

1227 957 1353 989 illarum
1367 956 1459 1000 copia
1476 956 1518 988 ibi
1539 957 1630 989 affixa
1642 962 1671 990 et
1687 957 1827 998 dimissa,
1840 963 1869 991 et
1880 958 1974 991 etiam

1226 1011 1256 1043 in
1277 1010 1474 1043 Cancellai¹ia
1490 1010 1684 1053 ApostolIca,
1707 1011 1745 1043 de
1766 1022 1854 1044 more
1871 1012 1976 1055 publi-

1225 1070 1349 1101 centur,
1372 1075 1408 1096 ac
1434 1064 1466 1096 in
1487 1063 1630 1096 eiusdem
1648 1064 1863 1098 Cancellariae
1878 1065 1974 1108 quin-

1227 1123 1328 1156 terno,
1343 1118 1381 1149 ad
1404 1117 1558 1149 maiorem
1576 1117 1715 1160 partium
1728 1117 1797 1150 illas
1813 1118 1845 1150 in
1857 1118 1975 1152 iudicio

1226 1171 1405 1214 producere
1425 1171 1601 1204 volentium
1623 1171 1901 1212 commoditatem,
1919 1172 1975 1206 de-

1226 1225 1419 1257 scribantur.

1269 1278 1333 1321 §a
1366 1279 1451 1311 Nulli
1473 1290 1548 1322 ergo
1577 1279 1710 1312 omnino
1738 1280 1907 1313 bominum
1938 1279 1975 1312 li-
2002 1288 2088 1325 sanctio
2119 1294 2174 1316 poe-

1225 1338 1290 1365 ceat
1320 1333 1400 1364 lianc
1422 1333 1571 1375 paginam
1591 1338 1718 1365 nostrae
1738 1333 1973 1374 reservationis,
1990 1320 2051 1341 ”³¹¹⁵

1202 1404 1204 1409 ·
1225 1385 1463 1426 dcclz‘irationis,
1491 1386 1706 1426 inhibitionis,
1729 1387 1848 1420 decreti
1874 1392 1901 1420 et
1923 1398 1975 1420 vo—

1225 1439 1355 1471 luntatis
1374 1439 1548 1482 iufringere
1573 1441 1620 1472 vel
1648 1439 1676 1472 ei
1701 1451 1782 1473 ausu
1802 1441 1974 1474 temerario

1225 1491 1396 1525 contraire.
1429 1492 1459 1526 Si
1488 1493 1560 1536 quis
1586 1498 1694 1526 autem
1729 1494 1790 1527 lioc
1819 1499 1975 1527 attentare

1224 1546 1489 1590 praesumpserit,
1503 1546 1754 1589 indignationem
1771 1548 1974 1592 omnipoten-

1225 1599 1262 1632 tis
1282 1599 1337 1631 Dei
1357 1610 1393 1632 ac
1414 1600 1582 1633 beatorum
1599 1600 1682 1633 Petri
1698 1606 1729 1633 et.
1744 1602 1834 1634 Pauli
1850 1606 1975 1646 aposto-

1224 1654 1329 1685 lorum
1347 1653 1416 1685 eius
1435 1664 1467 1686 sc
1489 1654 1610 1686 noverit.
1631 1654 1851 1688 incursurum.

1267 1706 1380 1739 Datum
1405 1707 1523 1740 Romae
1548 1708 1634 1750 aimd
1659 1708 1810 1741 Sanctum
1829 1710 1972 1749 Petrum,

1224 1770 1308 1793 anno
1341 1760 1574 1794 Incarnationis
1600 1761 1781 1795 dominicae
1803 1763 1974 1796 millesimo

1223 1814 1481 1857 quingentesimo
1516 1815 1712 1857 sexagesimo
1732 1821 1864 1859 quarto,
1887 1816 1973 1850 deci-

1225 1878 1277 1900 mo
1293 1873 1379 1900 sexto
1391 1868 1543 1901 kalendas
1554 1869 1747 1910 novembris,
1767 1869 1976 1913 pontificatus

1224 1921 1324 1953 nostri
1345 1932 1429 1953 anno
1450 1932 1477 1953 v.

1262 1973 1322 2003 Dat.
1340 1975 1385 2004 die
1399 1976 1433 2005 17
1454 1975 1581 2005 octobris
1595 1977 1681 2010 1564,
1700 1977 1801 2015 pontif.
1814 1987 1889 2007 anno
1908 1987 1935 2007 v.

1358 2123 1371 2135 ἢ

1561 2159 1634 2192 CIII.

1224 2233 1269 2266 De
1289 2234 1492 2267 electionibus
1517 2236 1559 2268 ad
1582 2236 1744 2278 reyimina
1763 2237 1971 2270 monasterio-

1268 2299 1352 2325 rum,
1373 2289 1673 2331 praeposilm'm'um
1700 2294 1728 2323 et
1756 2290 1898 2323 aliarum
1921 2291 1971 2322 dif-

1266 2342 1430 2384 [Jnitalum
1450 2344 1719 2376 conventualium.

1223 2421 1414 2450 sanctissimus
1428 2423 1455 2450 in
1469 2423 1576 2452 Christo
1591 2425 1672 2459 pater
1694 2425 1722 2452 et
1741 2424 1863 2453 dominus
1877 2426 1973 2454 noster

1267 2476 1389 2504 dominus
1405 2476 1466 2505 Pius
1482 2477 1572 2506 dlvina
1590 2477 1762 2513 providentia
1787 2477 1855 2513 Papa
1876 2478 1908 2507 lv

1269 2549 1312 2581 Ad
1335 2549 1428 2582 cuius
1452 2549 1593 2593 pervenit
1614 2549 1757 2582 notitiam
1770 2549 1869 2593 quod,
1898 2550 1971 2584 licet
2012 2555 2092 2592 Causa·
2108 2557 2169 2592 bium

1224 2601 1301 2635 alias
1321 2602 1428 2635 onmia
1449 2603 1641 2635 monasteria
1660 2602 1814 2643 virorum,
1832 2604 1970 2636 valorem
1986 2591 2149 2609 ⁰⁰¹¹⁵¹¹¹¹¹¹¹⁰⁰¹⁵

1223 2655 1436 2688 ducentorum
1470 2656 1667 2688 florenorum
1702 2655 1771 2688 auri
1805 2657 1971 2690 communi
