2237 3100
249 234 299 260 An.
317 234 346 261 c.
366 232 432 261 1567
492 224 556 259 63⁶..)

248 297 340 317 revisum
383 301 432 316 exa-
447 287 583 320 rectioni
605 292 731 320 nostrae
752 286 936 325 subiiciens,
961 285 1046 318 misit
1075 286 1113 318 ad
1140 296 1197 318 nos

249 327 433 384 'ciii'fssunssqffissffi'j
446 341 548 373 honae
582 340 758 373 memoriae
784 339 948 383 proximus
969 339 1197 382 praedecessor

248 388 303 440 ζᾞξ
336 388 433 411 ΝΜ·
447 399 533 435 tuus,
560 394 706 433 vidimus,
721 398 751 426 et
767 392 1030 426 avenerabilibus
1047 392 1197 426 fratribus

446 447 578 487 nostris,
603 457 685 490 quos
719 447 757 478 ad
790 446 1086 489 interpretationem
1116 446 1197 479 sacri

446 499 623 532 Tridentini
649 499 776 532 concilii
806 499 1039 543 assumpsimus
1067 500 1097 532 in
1119 510 1196 533 con-

446 553 566 593 silium,
576 552 681 596 quoad
692 552 798 585 eiusin
810 553 989 597 praesentia
1002 553 1070 586 sieri
1084 554 1196 597 potuit,

446 605 685 638 emendandum
706 606 901 639 curavimus.

489 659 554 703 §2
578 659 664 698 Quae
686 665 792 693 autem
816 661 846 693 in
871 671 907 693 ca
933 661 1136 704 corrigenda,
1159 662 1197 693 de

276 717 381 739 Nonnussa
405 722 429 736 θ·
446 712 587 756 ipsorum
608 713 702 746 etiam
722 714 953 747 venerabilium
970 715 1103 747 fratrum
1125 727 1197 748 sen-

249 750 345 770 mw'lm
446 766 555 806 tentia,
578 777 665 800 nunc
686 767 749 800 visa
770 774 855 808 sunt,
878 779 915 800 ea
936 768 987 801 liic
1005 768 1085 801 iufra
1102 769 1197 801 scribi

447 820 613 854 iussimus.

489 873 553 917 §3
586 874 685 907 Porro
720 875 926 908 fraternitatis
953 881 1024 909 tuae
1054 882 1198 908 tuorum-

264 930 384 966 vafiatur
404 935 507 970 ‘sque
529 927 754 972 episcoporum
783 928 925 962 officium
951 929 1007 961 erit
1049 929 1100 961 illa
1130 929 1199 961 dili-

247 967 431 1013 ffiigigiieizmii
445 987 557 1023 genter
590 982 858 1022 animadvertere,
891 988 921 1015 et
942 989 975 1016 ut
995 983 1034 1015 ad
1068 994 1104 1015 ea
1133 983 1198 1027 ipsa

248 1029 334 1044 ‘⁸⁸¹⁸‘
445 1034 619 1068 concilium
632 1036 714 1069 istud
730 1037 861 1069 omnino
883 1037 1146 1070 accommodetur
1170 1042 1198 1070 et

445 1088 677 1129 conformetur,
705 1090 818 1123 sedulo
849 1101 975 1128 curare;
1000 1091 1031 1123 in
1058 1090 1096 1123 iis
1124 1102 1198 1124 vero

445 1142 551 1183 etiam,
585 1153 667 1185 quae
693 1143 846 1187 deinceps
875 1144 957 1184 istic,
987 1144 1051 1177 Deo
1080 1155 1198 1189 appro-

445 1195 552 1235 bante,
576 1196 786 1239 provincialia
820 1198 957 1230 concilia
977 1198 1196 1239 habebuntur,

445 1250 632 1283 earumdem
658 1250 937 1295 infrascriptarum
960 1252 1198 1285 correctionum

445 1308 628 1336 nostrarum
658 1314 787 1348 semper
819 1304 1016 1344 meminisse,
1039 1305 1080 1338 ita
1107 1311 1141 1338 ut
1161 1306 1199 1338 al]

446 1356 574 1389 illarum
595 1356 717 1390 ratione
738 1363 833 1402 atque
855 1358 1011 1391 sententia
1031 1359 1121 1392 nullo
1138 1370 1198 1392 un-

445 1421 542 1453 quam
564 1416 709 1455 tempore
730 1412 913 1446 discessisse
928 1413 1112 1446 videamini.

489 1465 504 1508 g*
524 1464 554 1497 4.
586 1464 733 1498 Sessione
748 1465 852 1509 prima
874 1466 905 1498 in
930 1467 1103 1511 prooemio.
1140 1466 1196 1500 lbi:

249 1518 431 1577 Ψὲἷὲἔῡπὲῖξξ
445 1517 533 1551 Haec
562 1523 676 1552 sancta
698 1520 911 1562 provincialis
948 1520 1120 1553 ts'alentina
1147 1532 1200 1564 sy-

248 1583 322 1617 mma
348 1586 431 1602 nuncu·
446 1571 557 1604 nodus.
588 1572 673 1605 Haec
702 1573 796 1606 verba
825 1578 936 1606 sancta
967 1575 1107 1617 synodus
1136 1585 1200 1607 non

248 1613 390 1640 ¹⁹⁸'¹d²⁰⁹⁸¹'
447 1626 642 1659 conveniunt
671 1628 793 1671 synodo
814 1628 1016 1672 provinciali,
1044 1629 1096 1662 :sed
1127 1629 1200 1661 uni-

447 1679 572 1712 versali.
609 1681 643 1713 ln
673 1681 861 1724 provinciali
891 1688 998 1715 autem
1029 1683 1121 1715 verba
1157 1682 1201 1715 sic

448 1732 574 1776 concipi
595 1733 727 1767 debent:
746 1735 781 1767 N.
797 1735 1060 1779 archiepiscopus
1076 1742 1149 1776 etc„
1163 1736 1201 1769 de

448 1786 582 1820 consilio
604 1793 634 1820 et
658 1798 788 1821 assensu
818 1788 880 1821 ΒΗ.
904 1789 965 1822 DD.
994 1790 1202 1834 coepiscopo-

449 1851 521 1873 rum
533 1846 733 1882 nostrorum,
747 1843 778 1874 in
800 1842 987 1886 provinciali
1004 1844 1124 1887 synodo
1138 1849 1200 1877 sta-

448 1894 571 1927 tuimus
590 1899 645 1927 etc.
669 1895 743 1929 Ideo
758 1896 854 1929 verba
868 1896 922 1929 illa
938 1898 1202 1939 sculctasynodus

449 1947 604 1981 tollantur
623 1954 652 1982 et
681 1948 733 1982 liic
751 1954 781 1982 et
801 1949 833 1982 in
855 1950 1007 1983 omnibus
1028 1951 1098 1983 aliis
1122 1951 1202 1984 locis

449 2001 546 2035 huius
566 2002 706 2043 concilii,
728 2003 783 2035 ubi
800 2004 913 2046 posita,
938 2004 983 2036 Ibi
997 2016 1002 2037 :
1017 2006 1200 2048 profitetur,

251 2058 436 2111 defroffiistissngg
449 2066 485 2088 ac
505 2056 604 2098 defert
624 2062 683 2089 etc.
708 2056 866 2090 Debuerat
886 2058 965 2090 haec
986 2058 1141 2101 professio
1168 2059 1202 2091 ti-

249 2123 272 2140 m
287 2121 366 2148 synodo
389 2127 436 2148 pro.
449 2108 499 2141 dei
522 2108 590 2142 fieri
610 2109 696 2142 iuxta
717 2110 852 2143 sormam
865 2112 1096 2155 praescriptam
1112 2112 1143 2144 in
1164 2112 1202 2144 li-

251 2152 435 2211 {ss'ssssffssssfifflf
451 2162 526 2194 teris
545 2161 591 2194 Pii
612 2163 660 2204 IV,
683 2174 820 2206 quarum
835 2165 1017 2208 exemplum
1030 2176 1115 2198 nunc
1133 2165 1203 2198 mit-

451 2215 540 2257 titur,
569 2221 658 2249 ntea
688 2217 839 2262 deinceps
865 2218 908 2251 sic
940 2219 1081 2262 praecise
1113 2230 1203 2263 prae-

453 2274 564 2302 stetur.

495 2323 510 2366 ἓ
529 2324 559 2357 5.
580 2324 766 2366 Sessionet,
789 2326 892 2370 capite
914 2336 947 2365 11,
970 2327 1056 2370 quod
1077 2326 1199 2371 incipit:

452 2376 623 2419 Requtares
638 2383 732 2411 eastra
746 2390 803 2412 succ
820 2381 1029 2412 monasteria.
1058 2380 1117 2413 tbi:
1148 2385 1202 2413 aut

450 2426 493 2459 ad
518 2427 654 2470 simplem
678 2429 875 2472 beneficium.
906 2428 1052 2462 Dicatur:
1082 2434 1136 2463 aut
1162 2431 1202 2462 cett

450 2475 581 2519 aliquod
606 2478 804 2520 beneficium.

494 2525 509 2567 ἓ
529 2524 558 2558 6.
583 2525 728 2559 Sessione
746 2537 778 2567 ιι,
795 2528 898 2570 capite
919 2536 964 2567 ιιι,
976 2528 1062 2571 quod
1076 2527 1198 2572 incipit:

454 2574 661 2617 Baptismunz
680 2581 966 2609 sacramentorum.
990 2576 1203 2620 lhi1eoepacto

451 2624 485 2657 in
525 2625 590 2657 eius
621 2625 788 2659 collatione
819 2633 879 2659 etc.
915 2625 1119 2670 Displicuisse
1150 2627 1202 2659 illa

1042 233 1221 257 BULLARIUM
1241 233 1391 257 ROMANUM

2003 235 2053 260 Αιι.
2070 234 2100 261 C.
2118 233 2186 260 ¹567

1239 286 1333 318 verba
1353 297 1390 317 ex
1407 290 1520 328 pacto,
1548 287 1634 330 quod
1654 292 1767 330 sponte
1787 287 1897 321 datum
1933 298 1989 320 seu

1239 338 1382 371 oblatum
1406 339 1601 382 permittant.
1622 344 1651 373 et
1670 340 1818 374 homines
1842 341 1880 373 ad
1910 341 1988 374 dan-

1239 391 1315 424 dum
1338 391 1479 425 invitent.

1283 446 1297 488 ἓ
1318 445 1348 478 7.
1365 446 1511 479 Sessione
1526 455 1557 485 ιι,
1571 446 1674 490 capite
1685 456 1750 487 vm,
1767 448 1853 490 quod
1864 448 1989 491 incipit:
2031 459 2103 480 Poena
2119 459 2189 494 initui-

1241 499 1398 539 taonz'am
1432 500 1761 533 tllnolzomelcmorum.
1794 501 1861 534 lbi:
1891 502 1990 535 etiam
2005 491 2073 517 ’ζωὴ
2100 490 2188 510 ¹¹¹⁰⁶¹⁰¹³

2005 522 2040 548 qut
2090 523 2189 546 aegrotos

1240 554 1377 595 aegrotis
1396 554 1539 596 yrntu‘ler
1562 554 1793 587 laborantibus.
1818 554 1991 588 Videbatur
2005 558 2046 573 '²⁰¹'
2063 554 2149 573 ¹¹¹⁰¹¹en²
2168 555 2190 572 ²¹¹

1240 607 1436 650 iniungenda
1447 608 1713 652 potiuspoenasst
1723 608 1852 652 quidem
1861 609 1991 642 maioris
2005 589 2103 635 iiiii-cum
2119 588 2180 603 mer

1240 671 1386 693 summae
1410 661 1556 701 medicis,
1578 662 1634 705 qui
1658 662 1761 706 prima
1781 662 1848 695 vice
1874 663 1912 696 ab
1938 673 1990 696 ae-

1239 714 1339 756 grotis
1358 715 1472 751 vocati,
1489 725 1543 748 eos
1563 726 1627 748 non
1647 716 1859 749 admonerent
1885 721 1920 750 ut
1938 727 1992 761 pa-

1241 778 1352 800 rocum
1382 769 1420 800 ad
1450 780 1482 802 se
1503 769 1652 802 accersiri
1673 769 1813 810 iubeant,
1839 771 1886 804 vel
1908 775 1992 814 post-

1241 832 1337 864 quam
1350 821 1592 856 admonuissent
1601 823 1741 856 secunda
1755 823 1823 857 vice
1839 824 1993 857 acceden-

1241 881 1296 915 tes,
1318 881 1348 908 et
1377 876 1401 907 si
1422 882 1568 919 aegrotos
1589 887 1651 909 non
1679 876 1823 920 paruisse
1843 877 1990 918 viderint,

1240 928 1279 961 ad
1300 940 1355 961 cos
1375 928 1586 963 nihilominus
1607 936 1717 973 postea
1732 935 1981 964 reverterentur.

1285 982 1341 1025 §8
1355 983 1503 1016 Sessionc
1513 993 1546 1022 u,
1557 983 1752 1027 capitexvm,
1765 985 1849 1027 quod
1866 984 1989 1028 incipit:

1241 1036 1443 1079 Presbyterz's
1463 1037 1621 1069 omnibus.
1645 1037 1709 1070 lbi:
1727 1040 1991 1072 inexcommuni-

1241 1091 1401 1123 cntionem
1416 1091 1502 1123 latae
1516 1092 1705 1124 sententiae.
1724 1091 1923 1135 Displicuere
1939 1092 1993 1125 itta

1241 1144 1337 1176 verba
1358 1144 1442 1177 tatae
1461 1145 1650 1177 sententiae.

1285 1197 1343 1241 ἓξ).
1358 1197 1504 1231 Sessione
1520 1208 1552 1239 ιι,
1565 1197 1668 1242 capite
1680 1208 1753 1240 xxn,
1763 1199 1851 1243 quod
1866 1199 1991 1244 incipit:

1241 1252 1313 1284 Non
1326 1252 1442 1294 probat
1457 1253 1736 1295 scmctasynoclus.
1762 1252 1908 1296 lbizpost
1933 1253 1994 1287 hac

1242 1316 1361 1348 aquam
1383 1305 1702 1349 tantumDisplicuit
1718 1306 1795 1340 haec
1819 1306 1990 1341 innovatio.

1286 1359 1366 1402 §lo⁷
1382 1360 1527 1392 Sessione
1545 1369 1578 1400 11,
1603 1360 1707 1404 capite
1724 1369 1795 1399 xxv,
1812 1361 1897 1404 quod
1919 1361 1995 1394 inci-

1243 1413 1298 1456 pit:
1327 1414 1478 1452 Quamvis
1500 1414 1733 1453 matrimonia,
1760 1424 1850 1457 quae,
1882 1414 1996 1447 invitis

1240 1467 1440 1509 parentibus.
1483 1467 1627 1500 Tollatur
1669 1467 1800 1500 omnino
1839 1467 1901 1501 hoc
1939 1467 1994 1501 de-

1243 1525 1380 1553 cretum.

1287 1573 1301 1617 ξ
1321 1573 1374 1606 vl'l.
1392 1574 1539 1607 Sessione
1558 1584 1591 1612 n,
1605 1575 1709 1618 capite
1726 1584 1834 1615 xxvm,
1850 1575 1938 1619 quod
1948 1575 1995 1609 in-

1244 1628 1316 1671 cipit
1336 1639 1342 1660 z
1361 1628 1450 1660 Iubet
1470 1632 1583 1660 sancta
1603 1628 1743 1670 synodus
1779 1638 1819 1661 ne
1844 1639 1991 1672 parocus.

1243 1681 1326 1714 Licet
1347 1681 1522 1725 optandum
1541 1681 1580 1714 sit
1596 1681 1695 1725 utqui
1717 1681 1913 1715 contrahunt
1931 1694 1996 1716 ina-

1243 1735 1395 1767 trimonia
1416 1735 1495 1767 haec
1515 1734 1623 1768 omnia
1651 1734 1781 1775 scirent,
1802 1745 1867 1768 non
1893 1742 1998 1779 potest
2038 1749 2192 1771 Matrimonium

1245 1794 1350 1821 tamen
1372 1794 1541 1832 propterea
1562 1788 1692 1821 libertas
1715 1789 1913 1822 matrimonii
1933 1790 1994 1823 im·
2009 1781 2195 1833 RQQQfflffimfffl'

1245 1841 1367 1885 pediri:
1389 1842 1460 1875 ideo
1471 1842 1616 1875 deleatur
1627 1848 1729 1874 totum
1742 1842 1803 1875 hoc
1813 1842 1993 1884 decretum,

1245 1901 1273 1927 et
1304 1900 1418 1929 carent
1447 1895 1600 1928 ordinarii
1635 1901 1669 1927 ut
1701 1897 1756 1938 qui
1791 1896 1894 1939 ignari
1922 1903 1996 1930 sunt

1245 1950 1433 1983 doceantur.

1288 2004 1302 2046 ,ξ
1317 2003 1369 2036 102.
1385 2003 1530 2037 Sessione
1542 2013 1589 2043 ιιι,
1605 2004 1707 2047 capite
1720 2013 1760 2045 ιν,
1775 2003 1991 2048 quodincipit:

1246 2058 1407 2098 Quoniam
1427 2059 1575 2101 episcopi,
1590 2058 1645 2101 qui
1663 2058 1809 2091 titulares
1828 2062 1993 2091 vocantur.

1245 2111 1300 2144 lbi:
1321 2112 1388 2144 nisi
1407 2116 1500 2144 notus
1509 2112 1609 2154 fuerit
1626 2117 1700 2152 ete,
1717 2111 1853 2144 addatur
1862 2112 1996 2144 velmis—

1244 2177 1297 2197 sus
1314 2176 1331 2197 a
1352 2165 1431 2198 Sede
1449 2166 1644 2209 Apostoliccc.
1672 2165 1792 2198 Ibidem
1803 2177 1820 2199 1-
1836 2166 1873 2198 in
1889 2166 1996 2209 reynis

1245 2219 1427 2262 Hispaniae
1464 2224 1520 2252 aut
1555 2219 1671 2252 insulis
1696 2220 1748 2251 illi
1776 2219 1996 2252 adiacentibus

1243 2274 1442 2316 proqenz'tus,
1465 2273 1595 2306 tollatur
1610 2273 1743 2307 verbum
1766 2273 1964 2316 proqenilns.

1289 2329 1303 2367 ,ξ
1316 2326 1368 2360 '1:3.
1388 2327 1535 2360 Sessione
1549 2337 1593 2368 ιιι,
1609 2327 1713 2371 capite
1726 2337 1756 2366 v,
1770 2326 1857 2370 quod
1868 2325 1992 2369 incipit:

1244 2381 1367 2414 Eorum
1391 2382 1476 2414 vitae.
1501 2382 1663 2414 meritum.
1689 2380 1751 2413 lbi:
1774 2380 1829 2424 qni
1847 2390 1913 2413 non
1934 2390 1994 2423 pa-

1245 2431 1346 2463 ruerit
1364 2436 1424 2463 etc.
1462 2441 1564 2474 usque
1585 2431 1623 2463 ad
1644 2440 1770 2463 versum
1794 2429 1994 2472 presbyteros

1245 2484 1362 2512 mitem.
1391 2480 1534 2512 Tollatur
1553 2485 1618 2512 tota
1638 2479 1716 2512 haec
1737 2478 1891 2518 clausula,
1911 2488 1994 2522 quae

1246 2539 1383 2572 poenam
1404 2534 1435 2561 et
1454 2529 1606 2561 mulctam
1628 2528 1758 2571 irrogat,
1779 2531 1809 2560 et
1828 2526 1992 2571 permitta-

1245 2584 1297 2611 tur
1317 2579 1395 2611 haec
1421 2588 1472 2611 res
1492 2578 1524 2610 in
1545 2577 1690 2611 terminis
1705 2576 1783 2610 iuris
1800 2575 1946 2610 canonici
1963 2582 1992 2610 et

1246 2627 1373 2660 concilii
1393 2627 1580 2660 Tridentini.
