2237 3100
210 245 259 271 An.
278 243 307 272 C.
328 243 394 272 ¹568

213 2152 324 2172 Clausum
339 2158 398 2180 prac-

214 2185 342 2204 aeintivne.

411 296 619 342 hospitalium
628 295 873 340 praedictorum,
886 294 1011 327 ratione
1020 294 1164 334 illorum,

412 360 540 383 necnon
567 348 884 393 praeceptoriarum‚
902 346 1111 389 hospitalium
1135 352 1167 379 et

410 403 645 436 beneficiorum
662 400 967 439 ecclesiasticorum,
981 399 1077 432 etiam
1095 410 1165 433 sae-

411 456 594 496 cularium,
626 460 656 487 et
682 454 821 486 aliorum
849 452 1006 486 Ordinum
1038 454 1166 496 regula-

411 509 506 549 rium,
525 519 561 541 ae
576 507 770 552 pensionum
787 511 817 539 et
829 506 994 539 fructuum
1010 517 1166 550 quorum-

411 572 563 604 cumque,
573 559 849 604 provenientibus3
861 569 988 592 necnon
998 559 1080 592 sacta
1089 560 1168 592 huc-

411 625 525 658 usque,
538 624 603 646 non
625 619 733 646 tamen
751 614 902 646 effectum
919 613 1042 652 sortita,
1060 612 1166 655 x'Igore

411 666 615 699 licentiarum
637 671 667 699 et
693 666 882 698 facultatum
913 665 1164 709 praedictarum,

411 724 600 752 testamenta
628 723 659 752 et
688 718 766 751 alias
794 718 1020 761 dispositiones
1052 717 1166 750 huius-

410 771 509 811 modi,
525 771 620 804 etiam
640 771 665 803 si
686 781 744 814 per
764 771 893 804 easdem
914 771 1059 804 licentias
1075 776 1105 804 et
1121 772 1166 803 fa-

410 824 545 857 cultates
565 824 756 868 disponatur
778 823 864 867 quod
885 823 1018 856 dimidia
1034 824 1082 856 vel
1106 823 1167 856 alia

410 887 485 920 pars
500 888 611 910 rerum
627 882 657 910 et
674 877 836 910 bonorum
850 877 1089 920 praedictorum
1106 877 1167 909 mi-

411 929 499 970 litiis,
517 930 744 974 hospitalibus,
761 929 912 964 domibus
931 935 961 963 et
976 930 1066 971 locis,
1080 930 1167 963 unde

411 983 465 1015 illa
484 983 704 1026 provenerint,
727 988 783 1016 aut
802 983 873 1016 aliis
892 983 953 1027 piis
973 983 1052 1017 locis
1072 984 1168 1016 relin-

410 1040 562 1079 quantur.
585 1037 800 1070 Decernentes
827 1046 940 1069 omnes
966 1042 997 1070 et
1026 1036 1168 1079 singulas

412 1089 655 1129 reservafiones,
671 1089 915 1132 assignationes,
927 1090 1165 1131 translationes,

411 1141 560 1183 uniones,
569 1143 777 1182 annexioncs‚
790 1143 1080 1186 incorporationes,
1094 1154 1167 1186 sup-

412 1194 604 1237 pressiones,
616 1195 861 1239 applicationes,
874 1196 1165 1239 appropriationes,

412 1253 618 1289 testamenta,
648 1249 838 1282 donationes
867 1254 897 1282 et
923 1249 1002 1282 alias
1030 1250 1168 1293 disposi-

412 1300 514 1334 tiones
534 1312 769 1345 quascumque,
782 1312 875 1344 quas,
897 1307 1053 1345 praetextu
1071 1303 1168 1346 privi-

412 1354 584 1397 legiorum,
603 1355 805 1395 facultatum,
835 1354 1113 1398 dispensationum
1140 1361 1169 1389 et

412 1407 614 1441 indultorum
624 1408 865 1451 praedictorum
878 1408 1152 1442 sicrevoeatorum
1160 1435 1167 1449 ,

411 1470 449 1493 ac
469 1466 582 1494 contra
596 1461 806 1505 praescntium
822 1467 981 1501 tenorem,
1003 1472 1061 1505 per
1076 1473 1170 1505 quos-

412 1524 565 1557 cumque,
591 1514 687 1548 etiam
717 1514 801 1547 dicta
825 1515 1003 1558 apostolica
1030 1515 1170 1548 auctori-

414 1572 477 1599 tate
505 1567 589 1608 fieri,
611 1568 660 1600 vel
680 1567 779 1600 factas
804 1568 955 1611 persequi
985 1568 1167 1611 contigerit,

413 1625 577 1663 tamquam
611 1620 781 1665 subreptas
811 1626 841 1653 et
869 1626 1020 1661 extortas,
1049 1621 1171 1655 nullius

412 1683 547 1716 prorsus
570 1674 697 1707 roboris
717 1680 747 1708 et
761 1674 917 1707 momenti
937 1685 1018 1715 esse,
1033 1685 1093 1708 nec
1113 1685 1172 1719 per

412 1736 466 1758 eas
490 1725 557 1767 ius,
579 1726 731 1767 titulum,
754 1727 850 1760 etiam
878 1728 1074 1769 coloratum,
1103 1728 1172 1761 cui-

411 1789 510 1821 quam
522 1779 660 1822 acquiri3
670 1790 730 1813 uec
739 1791 948 1824 quemquam,
962 1791 1170 1824 quocumque

413 1837 560 1875 tempore
580 1832 755 1876 quavisque
772 1844 880 1873 causa,
891 1833 1128 1867 restitutionem
1139 1834 1170 1867 in

413 1884 588 1927 integrum,
610 1885 833 1919 reductionem
850 1887 890 1919 ad
910 1886 1066 1920 terminos
1077 1887 1168 1928 iuris,

412 1943 468 1970 aut
483 1938 618 1982 quodvis
634 1938 722 1971 aliud
735 1939 855 1982 gratiae
869 1940 1051 1973 remedium
1070 1940 1172 1984 impe-

412 1995 512 2032 trare,
528 1997 584 2024 aut
599 1991 695 2024 etiam
707 1991 746 2025 ab
762 1991 825 2025 alio
836 1993 884 2025 vel
904 1992 975 2026 aliis
993 1992 1171 2037 impetratis

412 2050 469 2078 aut
491 2049 582 2077 motu
602 2044 699 2077 simili
715 2045 875 2078 concessis
888 2046 946 2078 uti.

456 2097 472 2140 ἓ
496 2097 528 2130 8.
556 2097 621 2130 Nec
646 2104 832 2141 praesentes
856 2097 977 2131 litteras
996 2099 1035 2132 de
1060 2099 1172 2133 subre-

414 2150 533 2193 ptionis
551 2151 599 2183 vel
611 2150 810 2194 obreptionis
825 2162 882 2184 scu
904 2152 1060 2185 nullitatis
1081 2153 1169 2191 vitio,

413 2208 469 2235 aut
489 2203 675 2237 intentionis
705 2209 833 2237 nostrae
858 2205 906 2237 vel
926 2205 989 2238 alio
1015 2205 1169 2249 sluopiam

413 2256 540 2289 defectu
552 2256 657 2290 notari
668 2258 717 2290 vel
728 2256 925 2300 impugnari;
940 2268 1001 2291 nec
1021 2259 1080 2291 sub
1097 2258 1171 2291 ullis

414 2309 682 2350 revocationibus,
702 2310 982 2353 suspensionibus,
1005 2311 1169 2345 limitatio-

415 2361 509 2395 nibus
532 2368 586 2396 aut
609 2363 679 2396 aliis
709 2363 879 2396 contrariis
904 2363 1170 2406 dispositionibus

415 2410 568 2443 similium
592 2412 641 2444 vel
661 2411 866 2444 dissimilium
887 2413 1126 2445 revocationum
1141 2419 1168 2446 et

415 2458 655 2491 ordinationum
665 2460 704 2492 ab
716 2460 784 2503 ipsa
796 2459 876 2493 Sede
896 2460 1170 2503 quandocumque

416 2507 603 2540 emanaudis
622 2508 868 2551 comprehendi,
905 2508 959 2541 sed
978 2519 1106 2551 semper
1130 2509 1169 2541 ab

416 2554 478 2587 illis
498 2561 656 2599 exceptas,
679 2562 709 2589 et
728 2557 854 2600 quoties
874 2557 947 2590 illae
958 2557 1167 2597 cmanabunt,

415 2603 509 2638 toties
527 2603 560 2637 in
580 2604 751 2649 pristinum
777 2612 808 2639 et
826 2605 967 2639 validum
988 2610 1105 2639 statum
1121 2616 1170 2637 re-

1008 251 1187 275 BULLARIUM
1210 250 1362 276 ROMANUM

1205 293 1330 327 stitutas
1363 299 1395 327 et
1422 293 1566 337 plenarie
1599 294 1810 339 reintegratas
1837 305 1906 330 esse
1931 301 1963 330 et

1206 346 1344 380 censeri.

1250 400 1266 443 g
1286 400 1318 433 9.
1341 399 1471 443 Sicque,
1493 399 1527 433 in
1546 400 1584 433 iis
1603 411 1640 434 ac
1669 400 1821 435 omnibus
1840 407 1871 435 et
1895 401 1962 435 sin-

1205 452 1289 495 gulis
1303 452 1374 485 aliis
1389 453 1591 496 supradictis,
1611 463 1670 497 per
1682 464 1906 498 quoscumque
1916 455 1964 488 iu-

1205 506 1293 539 dices
1312 506 1494 539 ordinarios
1514 512 1545 540 et
1570 507 1746 550 delegatos,
1768 507 1864 540 etiam
1884 518 1964 542 cau-

1206 569 1315 591 sarum
1330 558 1442 592 Palatii
1454 559 1628 603 Apostolici
1639 560 1815 602 auditores,
1837 571 1875 595 ac
1887 561 1966 595 San-

1207 617 1275 644 ctae
1307 611 1472 645 Romanae
1504 611 1666 646 Ecclesiae
1697 613 1899 655 cardinales,
1931 613 1965 647 in

1208 665 1317 708 quavis
1333 675 1429 697 causa
1438 670 1469 698 et
1484 665 1643 706 instantia,
1657 666 1783 699 sublata
1798 666 1845 700 eis
1864 672 1896 700 et
1912 677 1966 700 eo-

1209 728 1282 750 rum
1299 717 1429 750 cuilibet
1446 718 1556 761 quavis
1571 718 1664 752 aliter
1683 718 1918 763 interpretandi
1935 724 1967 753 et

1209 770 1373 804 iudicandi
1395 771 1547 804 facultate
1566 778 1597 805 et
1616 772 1820 813 auctoritate,
1843 772 1966 816 ubique

1210 823 1437 866 interpretari,
1458 824 1596 857 iudicari
1616 830 1647 858 et
1671 825 1799 858 definiri
1827 825 1964 865 debere3

1209 887 1336 910 necnon
1350 876 1477 909 irritum
1489 877 1622 910 etinane
1629 877 1788 921 quidquid
1803 889 1896 912 secus
1907 889 1967 922 per

1209 941 1447 973 quoscumque,
1472 931 1582 974 quavis
1599 931 1801 972 auctoritate,
1827 931 1967 966 scienter

1209 984 1256 1016 vel
1264 983 1460 1026 ignoranter,
1469 984 1638 1027 eontigerit
1645 985 1967 1019 attentari.Volumus

1210 1042 1317 1069 autem
1325 1036 1479 1070 similium
1491 1037 1745 1081 privilegiorum,
1757 1038 1968 1082 dispensatio-

1210 1100 1300 1131 num,
1312 1090 1501 1123 facultatum
1521 1097 1553 1124 et
1571 1091 1772 1124 indultorum
1784 1091 1966 1125 concessio-

1210 1153 1283 1175 nem
1309 1143 1426 1176 nostris
1446 1143 1572 1187 explodi
1593 1144 1808 1188 temporibus3
1834 1150 1865 1178 et
1879 1145 1966 1188 quod

1210 1194 1304 1227 nobis
1328 1195 1428 1228 licere
1448 1207 1512 1229 non
1525 1195 1679 1240 patimur,
1701 1197 1819 1231 nostris
1838 1208 1968 1232 succes-

1210 1248 1337 1281 soribus
1358 1248 1551 1282 indicamus.

1254 1301 1269 1343 ἓ
1289 1301 1342 1334 lo.
1358 1302 1427 1334 Non
1443 1302 1644 1335 obstantibus
1653 1303 1849 1346 praemissis,
1866 1309 1897 1337 et
1911 1314 1969 1337 no-

1210 1354 1282 1387 stris
1302 1355 1341 1387 de
1361 1365 1426 1387 non
1447 1355 1589 1389 tollendo
1609 1356 1680 1390 iure
1700 1357 1858 1400 quaesito,
1880 1357 1968 1391 aliis-

1210 1418 1274 1450 que
1286 1407 1573 1442 constitutionibus
1586 1415 1615 1442 et
1625 1409 1885 1444 ordinationibus
1893 1421 1969 1454 apo-

1211 1460 1343 1501 stolicis3
1365 1472 1402 1494 ac
1423 1462 1649 1505 collegiorum,
1673 1463 1968 1504 officiorum,mili-

1211 1514 1343 1554 tiarum,
1357 1514 1579 1558 hospitalium,
1598 1521 1829 1557 conventuum,
1841 1527 1968 1550 necnon

1212 1567 1244 1600 S.
1267 1567 1431 1600 Benedicti
1451 1568 1682 1610 Cisterciensis,
1703 1569 1734 1603 S.
1748 1570 1918 1613 Augustini
1938 1575 1970 1604 et

1212 1621 1351 1654 aliorum
1371 1621 1527 1655 Ordinum
1549 1627 1579 1655 et
1596 1622 1806 1666 Regularum,
1826 1634 1967 1668 quorum

1213 1674 1326 1707 militia
1347 1680 1378 1707 et
1397 1675 1570 1718 hospitalia
1589 1675 1754 1719 praedicta
1770 1681 1857 1717 sunt,
1878 1677 1968 1710 iura-

1213 1732 1334 1768 mento,
1349 1727 1597 1761 confirmatione
1617 1728 1792 1772 apostoliea
1814 1729 1864 1762 vel
1892 1741 1969 1773 qua-

1211 1780 1257 1813 vis
1267 1780 1418 1814 firmitate
1430 1781 1491 1813 alia
1502 1781 1671 1822 roboratis,
1683 1782 1820 1824 statutis,
1833 1792 1968 1817 consue-

1214 1832 1392 1873 tudinibus,
1415 1833 1652 1876 stabilimentis,
1666 1834 1780 1868 usibus
1795 1839 1826 1868 et
1844 1836 1969 1869 naturis

1213 1890 1478 1929 quantocumque
1503 1891 1650 1930 tempore
1684 1886 1870 1929 ohservatis;
1896 1899 1970 1922 nec—

1213 1949 1278 1971 non
1303 1939 1546 1973 fundationibus
1565 1941 1765 1981 eorumdem,
1791 1941 1863 1975 aliis
1885 1953 1967 1985 quo-

1213 2001 1277 2035 que
1296 1991 1482 2035 privilegiis,
1505 1992 1649 2034 indultis,
1668 1994 1927 2038 exemptionibus
1937 2000 1969 2029 et

1213 2044 1329 2077 litteris
1348 2045 1533 2088 apostolicis
1550 2045 1616 2078 -illis
1629 2046 1794 2088 omnibus,
1807 2047 1967 2090 ipsarum-

1212 2108 1276 2141 que
1295 2098 1486 2131 militiarum
1508 2104 1537 2131 et
1557 2098 1769 2142 hospitalium
1794 2100 1967 2144 magistris,

1213 2151 1433 2191 com-entibus,
1444 2151 1618 2195 prioribus,
1631 2153 1899 2198 praeceptoribus,
1907 2154 1966 2186 mi-

1212 2204 1334 2244 litibus,
1344 2204 1496 2238 fratribus
1512 2206 1699 2249 etpersonis
1718 2216 1776 2250 per
1794 2217 1967 2250 quoscum-

1212 2268 1275 2300 que
1304 2257 1468 2291 Romanos
1501 2258 1675 2292 Pontifices
1701 2259 1968 2303 praedecessores

1212 2316 1339 2344 nostros
1353 2322 1389 2344 ac
1402 2322 1461 2345 nos
1478 2317 1505 2345 et
1519 2312 1715 2356 praedictam
1733 2313 1966 2353 Sedem,etiam

1212 2374 1270 2408 per
1294 2364 1427 2397 modum
1457 2366 1565 2398 statuti
1595 2366 1757 2410 perpetui,
1786 2377 1824 2399 ac
1836 2366 1908 2399 initi
1937 2372 1968 2400 et

1213 2412 1353 2456 stipulati
1389 2418 1572 2447 contractus
1611 2425 1668 2447 seu
1704 2415 1812 2457 quasi,
1839 2426 1967 2449 necnon

1213 2466 1320 2499 motu,
1350 2460 1483 2494 scientia
1514 2467 1544 2494 et
1570 2463 1737 2505 potestatis
1763 2463 1967 2507 plenitudine

1211 2509 1390 2549 similibus,
1421 2519 1458 2541 ac
1487 2510 1583 2542 etiam
1613 2511 1886 2552 consideratione,
1916 2512 1966 2545 in-

1212 2558 1308 2597 tuitu,
1331 2558 1616 2601 contemplatione,
1647 2558 1697 2592 vel
1716 2558 1755 2591 ad
1780 2559 1966 2593 instantiam

1212 2605 1429 2651 imperatoris,
1458 2617 1584 2649 regum,
1611 2607 1733 2641 ducum
1759 2606 1966 2652 aliorumque

1975 244 2029 272 An.
2044 243 2075 271 C.
2093 243 2162 272 ¹⁸68

2003 413 2116 436 Decretum
2130 415 2162 436 h·-

1976 446 2052 467 ritans.

2007 1320 2119 1343 clausulae
2129 1321 2166 1342 da-

1981 1354 2111 1380 rogatoriam
