2237 3100
245 260 294 287 An.
315 260 343 287 C.
364 261 428 288 156st

396 613 400 616 ,
444 578 595 611 Gamerae
616 583 644 609 et
667 577 697 609 in
721 577 807 609 illius
828 577 997 610 utilitatem
1019 578 1197 619 vendenda,

278 897 427 924 Cameramque

243 935 280 956 pro
297 930 428 949 venditioni<

243 959 281 979 bus
310 959 427 980 huiusmodi

245 991 359 1017 obligandi:

283 1075 428 1097 cancellarius

243 1112 373 1135 occupantes
389 1115 428 1130 ex-

242 1140 345 1167 ponende

271 1282 429 1303 Commissartos

244 1314 357 1340 dspulan‘li
369 1322 375 1339 ς

271 1554 334 1574 Dubia
359 1556 428 1575 inter-

243 1586 428 1611 metandietlites

243 1618 356 1638 decidendi
375 1624 427 1638 sum⁴

243 1650 315 1673 marie,
336 1651 374 1669 etc.

259 2358 378 2379 Protutntiu
393 2365 431 2379 ce-

247 2391 299 2411 teris
336 2391 432 2411 omnibus

247 2422 272 2442 de
298 2422 432 2442 cancellariis

247 2454 381 2480 disponendi.

490 248 554 282 ⁶288

445 310 540 349 ficiis,
562 310 664 343 literis
683 311 772 343 Pauli
805 310 1061 354 praedecessoris
1085 309 1198 342 huius-

446 364 533 397 modi
544 364 650 408 quoad
662 365 722 396 hoc
735 375 798 396 non
815 363 1026 403 obstantibus,
1039 363 1197 406 personis,

446 418 542 450 etiam
570 418 717 451 locorum
749 417 934 459 originariis
959 423 986 449 ct
1009 417 1124 449 incolis
1152 418 1198 449 vel

446 471 641 507 forensibus.
664 482 701 503 ac
721 471 799 503 alias
826 476 920 514 prout
943 470 1048 503 eidem
1071 470 1199 503 thesau-

445 525 531 557 rario
560 525 676 557 melius
704 523 877 563 videbitur,
900 524 1033 557 nomine
1053 524 1198 557 eiusdem
1220 547 1221 550 =

445 632 664 670 concedenda,
698 631 893 664 conferenda
915 638 942 664 et
965 632 1147 672 alienanda,
1171 639 1199 666 et

445 697 481 718 cx
502 691 589 717 certa
605 690 714 717 nostra
730 685 877 725 scientia,
896 696 931 718 ae
948 685 987 718 de
1003 687 1199 730 apostolieae

443 739 609 783 potcstatis
629 738 831 782 plenitudine
853 739 1081 772 constituimus
1098 746 1125 773 et
1144 741 1199 773 de-
1220 757 1222 775 t

444 799 609 837 putamus.

487 847 503 890 ᾗ
522 846 552 880 8.
577 847 678 890 Eique
698 847 865 880 Cameram
897 848 998 891 ipsam
1025 849 1200 892 omniaque
1220 864 1222 877 ‹

445 900 531 933 illius
550 900 646 939 bona,
670 901 923 944 praemissorum
958 902 1140 938 occasione,
1168 903 1199 934 in

443 955 643 998 amplissima
664 954 767 988 forma
788 955 931 988 eiusdem
948 955 1101 989 Gamerae
1117 957 1199 989 obli·
1221 978 1222 981 =

443 1009 552 1052 gandi,
582 1009 709 1052 aliaque
739 1009 770 1040 in
796 1010 982 1053 praemissis
1002 1016 1030 1042 et
1052 1010 1139 1043 eirca
1164 1021 1200 1043 ca
1221 1036 1222 1049 2

443 1063 625 1096 necessaria
645 1074 682 1096 ac
703 1070 887 1107 opportuna
904 1064 1041 1096 faciendi
1063 1071 1090 1097 et
1108 1075 1199 1097 exer-
1221 1055 1222 1093 Ῐ

445 1117 551 1159 cendi;
565 1128 693 1150 necnon
705 1117 887 1151 detentores
899 1118 1081 1161 praedictos
1091 1119 1199 1162 expel-

445 1170 543 1204 lendi.

488 1224 502 1268 ᾗ
523 1224 553 1257 9.
578 1225 621 1257 Ac
635 1236 736 1258 unum
747 1225 794 1257 vel
808 1225 918 1268 plures
938 1225 1199 1258 commissarium

444 1289 499 1311 seu
531 1279 772 1312 commissarios
805 1279 877 1312 loco
906 1280 968 1319 sui,
998 1292 1072 1312 cum
1102 1280 1222 1314 similit

443 1339 499 1365 aut
519 1333 654 1366 limitata
675 1339 842 1377 potestate,
866 1333 1016 1366 facultate
1037 1339 1065 1366 et
1088 1339 1199 1367 aucto-

445 1387 537 1419 ritate
562 1398 598 1420 ac
627 1387 715 1424 alias,
744 1394 837 1431 prout
865 1387 925 1420 sibi
954 1388 1131 1427 videbitur,
1161 1388 1200 1421 ad

1043 255 1223 279 anLAntt'M
1247 257 1398 280 nomxrn

1221 1231 1222 1243 ¹
1243 1227 1386 1259 ementes
1403 1221 1587 1261 molestare,
1611 1220 1802 1264 perturbare
1831 1220 1879 1254 vel
1894 1221 2000 1265 impe—

1221 1383 1398 1428 'spoliatos
1428 1394 1514 1423 esse,
1541 1383 1605 1416 dici
1635 1389 1665 1416 et
1698 1383 1834 1424 censeri,
1859 1388 1915 1416 aut
1937 1383 2001 1416 illis

443 1441 619 1484 praemissa
645 1441 833 1485 deputandi.

489 1495 504 1538 ἓ
523 1494 576 1527 210.
601 1495 643 1527 Ac
661 1495 685 1527 si
707 1505 790 1537 quae
802 1495 907 1527 forsan
916 1497 1198 1540 superpraemissis

444 1549 596 1582 omnibus
611 1555 640 1581 et
658 1549 948 1591 singulisautaliis,
961 1550 1091 1582 illorum
1105 1561 1200 1583 occa·

445 1603 544 1640 sione,
558 1614 616 1647 per
626 1603 815 1635 eorumdem
833 1603 1018 1636 sistieiorun‘i
1039 1611 1201 1648 emptores

444 1663 496 1690 aut
520 1658 781 1694 communitates,
804 1658 1040 1697 universitates,
1065 1658 1198 1701 legatos,

444 1712 654 1754 vicelegatos,
684 1711 918 1753 gubernatores
943 1718 994 1744 aut
1028 1712 1106 1744 alias
1127 1724 1201 1757 per-

445 1765 701 1800 sonas.dulJit;u-i
727 1766 941 1808 contingeret,
967 1776 1003 1798 ac
1030 1774 1201 1810 propterea

445 1820 507 1852 iam
529 1819 635 1852 forsan
658 1819 742 1852 inter
762 1830 817 1851 eos
837 1825 905 1852 orta
926 1820 1000 1856 siut,
1024 1825 1053 1852 et
1074 1821 1151 1853 oriri
1171 1822 1200 1853 in

446 1880 610 1917 posterum
645 1874 814 1916 eontigerit
850 1874 921 1906 lites
951 1880 978 1906 et
1006 1874 1120 1912 dubia,
1150 1875 1200 1907 illa

446 1927 677 1971 interpretandi
694 1933 721 1959 et
741 1927 939 1967 declarandi,
957 1939 992 1959 ae
1011 1929 1199 1969 summarie,
1222 1918 1223 1925 ἵ

445 1982 638 2025 simpliciter
665 1988 692 2014 et
720 1981 758 2013 de
785 1982 894 2024 plano,
923 1982 991 2014 sine
1012 1983 1145 2026 strepitu
1173 1990 1199 2015 et

444 2037 549 2078 ligura
570 2036 694 2074 iudicii,
715 2037 932 2080 appellatione
954 2042 1087 2071 remota,
1114 2038 1201 2070 deei-

445 2090 540 2123 dendi
567 2096 596 2123 et
622 2090 829 2128 terminandi,
858 2091 987 2134 plenam
1010 2097 1038 2123 ct
1066 2092 1200 2124 liberam

445 2156 481 2177 ac
503 2144 725 2177 omnimodam
747 2151 948 2189 potestatem,
970 2145 1153 2178 facultatem
1173 2153 1200 2179 et

445 2199 670 2231 auctoritatem
702 2198 828 2245 damus,
856 2198 1066 2231 concedimus
1091 2206 1116 2232 et
1142 2201 1202 2232 iiu-

447 2253 617 2297 partimur.

490 2309 506 2350 g*
535 2307 584 2339 l‘l.
613 2307 794 2340 Distrietius
829 2307 1011 2340 inhibentes
1037 2309 1203 2351 quibusvis

449 2361 749 2399 communitatibus,
786 2362 932 2404 collegiis
956 2368 984 2394 et
1006 2362 1077 2394 aliis
1103 2363 1202 2406 parti-

448 2411 615 2443 cularibus
626 2412 774 2455 personis
790 2417 818 2444 et
835 2422 893 2454 pro
905 2406 1051 2454 tem‘pore
1068 2412 1203 2445 existen-
1224 2452 1225 2461 ,

449 2460 534 2491 tibus
554 2460 678 2503 legatis,
700 2460 894 2503 vicelegatis,
917 2460 1200 2502 gubernatoribus,
1224 2466 1225 2484 l

451 2509 682 2552 potestatibus,
717 2510 911 2542 officialibus
928 2537 936 2550 ,
977 2510 1140 2542 iudicibus
1174 2517 1200 2543 et
1224 2511 1225 2520 ¹

450 2558 694 2598 commissariis,
721 2559 983 2601 quibuscumque
1022 2564 1177 2601 potestate
1195 2586 1202 2599 ‚

451 2607 652 2646 auctoritate,
679 2608 896 2646 facultatibus,
929 2608 1115 2652 privilegiis,
1155 2609 1202 2641 iu-

451 2656 560 2698 dultis,
580 2657 821 2701 praerogativis,
840 2658 1093 2702 praeeminentiis
1109 2664 1137 2691 et
1155 2659 1203 2691 di-
1221 2682 1229 2723 J

1221 1497 1222 1501 ’
1243 1493 1384 1536 desuper
1404 1503 1510 1535 agere.

2009 249 2058 285 Ah.
2077 257 2105 285 e.
2125 236 2213 293 tisoni.

1241 309 1416 351 gnitatibus
1444 309 1587 349 munitis,
1617 319 1657 341 ne
1677 309 1738 341 sub
1765 307 1996 351 indignationis
2199 302 2209 319 ⁴

1241 368 1369 395 nostrae
1395 373 1431 395 ac
1453 362 1798 396 excommunicationis
1823 362 1904 394 latae
1926 371 1996 394 sen-
2196 340 2212 405 ὲ

1244 416 1372 454 tentiae,
1387 416 1523 459 aliisque
1539 416 1647 459 quoad
1664 416 1834 449 inferiores
1849 427 1867 448 a
1884 415 1997 458 legatis
2198 415 2210 450 ,ἲ

1242 476 1268 503 et
1292 470 1475 513 vicelegatis
1494 470 1677 514 praedictis,
1699 470 1844 503 eiusdem
1865 469 1996 503 thesau-
2199 483 2211 510 ς·

1242 524 1317 557 rarii
1339 524 1473 557 arbitrio
1502 524 1720 563 moderandis,
1746 523 1948 568 applicandis
1967 528 1999 556 et

1243 577 1426 621 infligendis
1441 577 1564 621 poenis7
1581 577 1693 621 quovis
1709 577 1855 620 quaesito
1877 577 1996 617 colore,

1243 632 1373 673 ingenio
1393 631 1441 664 vel
1461 637 1640 675 praetextu,
1661 631 1798 664 audeant
1820 641 1877 664 seu
1901 641 1996 675 prae—

1243 690 1370 718 sumant
1388 696 1420 717 se
1437 685 1575 717 ulterius
1591 685 1623 717 in
1635 685 1756 721 eisdem
1773 685 1996 718 notariatuum

1243 738 1371 778 officiis,
1395 744 1457 771 tam
1474 750 1532 782 per
1547 738 1714 771 Cameram
1738 738 1874 771 venditis
1899 749 1998 782 quam

1242 793 1395 835 deinceps
1422 792 1607 831 vendendis,
1634 803 1671 825 ac
1697 792 1768 825 aliis
1793 792 1996 836 praemissis,

1242 847 1288 878 vel
1311 857 1424 879 eorum
1446 846 1712 889 interpretatione
1729 857 1766 879 ac
1784 845 2000 889 originalibus

1243 900 1413 944 seripturis
1443 899 1549 933 officia
1576 899 1764 933 huiusmodi
1784 899 1997 944 ipsorumque

1243 954 1444 986 notariorum
1457 953 1696 997 praeiudicium
1712 953 1996 994 concernentibuS,

1243 1018 1301 1051 per
1327 1018 1359 1040 se
1388 1018 1443 1040 seu
1474 1018 1588 1040 corum
1620 1007 1832 1050 cancellarios
1863 1017 1919 1040 seu
1950 1017 2000 1040 se-

1243 1061 1398 1093 cretarios
1423 1067 1477 1093 aut
1499 1060 1622 1093 scribas
1640 1061 1689 1093 vel
1705 1059 1805 1093 alium
1834 1070 1891 1094 seu
1920 1060 2001 1094 alios

1244 1113 1476 1154 intromittere,
1514 1119 1568 1146 aut
1598 1113 1636 1146 de
1667 1112 1729 1146 illis
1756 1113 2002 1156 quomodolibet

1243 1167 1428 1211 disponere,
1456 1177 1512 1200 seu
1533 1167 1677 1200 notarios
1697 1167 1752 1199 illa
1772 1177 1832 1210 pro
1852 1172 2001 1211 tempore

1242 1276 1311 1308 dire
1337 1281 1390 1308 aut
1408 1281 1519 1308 eontra
1538 1285 1592 1308 eos
1609 1274 1798 1318 procedere.
1816 1274 2000 1308 Decernen-

1242 1334 1289 1362 tes
1319 1336 1349 1362 et
1378 1329 1579 1362 dem-larantes
1610 1328 1795 1362 detentores
1818 1329 2001 1373 praedictos

1242 1439 1403 1471 actionem
1426 1437 1520 1481 spolii
1542 1443 1713 1482 propterea
1739 1443 1925 1481 competere
1945 1442 2001 1471 aut

1287 1546 1366 1589 5122.
1382 1546 1424 1579 Ac
1437 1551 1622 1590 praesentes
1634 1545 1743 1579 literas
1758 1546 1826 1579 ullo
1841 1556 1998 1590 umquam

1244 1607 1408 1645 tempore,
1436 1601 1547 1645 quovis
1574 1600 1720 1644 quaesito
1741 1600 1850 1633 colore
1875 1601 1925 1633 vel
1950 1601 2000 1634 in—

2050 1558 2198 1580 Pcueservaiio
2206 1557 2221 1590 J

2015 1590 2133 1611 huiusmodi
2146 1595 2221 1616 ven-,¹¹

2015 1621 2126 1643 ditionum.
2208 1617 2214 1637 Ι

1243 1656 1351 1698 genio,
1370 1656 1408 1688 de
1425 1655 1643 1699 subreptionis
1659 1655 1705 1687 vel
1730 1655 1929 1700 obreptionis
1945 1661 2002 1689 aut
2203 1641 2221 1711 ξ

1243 1709 1401 1742 nullitatis
1416 1709 1491 1742 vitio
1513 1720 1569 1742 seu
1594 1709 1783 1742 intentionis
1798 1715 1926 1742 nostrae
1943 1709 1999 1742 de·
2206 1717 2214 1741 r

1246 1766 1329 1796 l'ectu
1346 1764 1463 1801 notari,
1482 1764 1572 1805 argui
1595 1764 1643 1796 vel
1660 1764 1857 1807 impugnari,
1875 1774 1932 1797 seu
1947 1774 1999 1797 re·
2204 1768 2223 1790 '⁴-

1244 1817 1426 1850 stitutiones
1448 1818 1478 1849 in
1496 1817 1657 1860 integrum
1675 1817 1826 1850 adversus
1846 1817 1926 1857 illas,
1944 1828 2001 1861 per
2204 1828 2216 1858 ,ζ

1244 1872 1288 1903 sie
1315 1878 1439 1904 amotos
1462 1873 1511 1904 vel
1539 1871 1618 1904 alios
1645 1882 1871 1915 quoscumque
1896 1872 2000 1916 impe—
2204 1875 2220 1916 ξ

1246 1926 1335 1962 trari,
1358 1933 1409 1959 aut
1424 1937 1478 1959 eos
1491 1925 1562 1962 illis,
1575 1926 1670 1958 etiam
1687 1932 1776 1959 motu
1794 1926 1904 1966 simili,
1920 1937 2000 1960 con·
2208 1957 2221 1974 Ι

1247 1987 1293 2013 tra
1315 1981 1371 2017 uti,
1390 1981 1736 2023 ipsasquepraesentes
1755 1980 1794 2013 ad
1814 1980 1898 2013 viam
1918 1980 2000 2014 iuris
2205 1988 2221 2023 ,s

1245 2034 1370 2074 reduci,
1393 2034 1488 2067 etiam
1511 2034 1756 2067 enormissimae
1776 2034 1928 2067 laesionis
1946 2039 2002 2067 aut
2202 2066 2220 2088 ς

1245 2089 1307 2121 alio
1341 2088 1453 2132 quovis
1483 2093 1665 2132 praetextu.
1688 2088 1874 2121 nullatenus
1893 2098 1998 2132 posse.
2204 2088 2219 2119 f»

1245 2143 1287 2175 Ac
1310 2143 1380 2175 illas
1399 2149 1427 2175 et
1449 2153 1673 2186 quascumque
1693 2139 1905 2182 venditiones,
1922 2142 2000 2175 atie-

1246 2197 1393 2229 nationes
1409 2203 1436 2230 et
1460 2197 1687 2229 concessiones
1699 2197 1737 2229 de
1755 2196 1874 2229 eisdem
1887 2196 2002 2230 officiis

1245 2262 1304 2295 per
1324 2252 1475 2284 eumdem
1498 2251 1737 2284 thesaurarium
1759 2256 1791 2284 et.
1811 2250 2000 2284 commissa-

1246 2305 1311 2338 rio's
1331 2305 1370 2338 ab
1390 2316 1428 2338 eo
1440 2316 1499 2349 pro
1511 2312 1657 2349 tempore
1673 2305 1855 2350 deputatos,
1867 2303 2000 2337 nomine

1246 2359 1391 2392 eiusdem
1412 2358 1564 2392 Gamerae
1584 2359 1758 2400 faciendas,
1785 2358 1844 2391 sub
1864 2357 2000 2401 quibus-

1246 2413 1291 2445 vis
1310 2412 1582 2452 revocationibus,
1612 2411 1891 2455 suspensionibus,
1921 2411 2000 2444 alte-

1246 2462 1426 2495 rationibus
1461 2463 1509 2495 vel
1546 2461 1793 2495 limitationibus
1831 2460 2001 2493 contrariis
2199 2499 2205 2505 ‚

1247 2511 1380 2544 minime
1397 2511 1641 2555 comprehendi,
1659 2511 1712 2543 sed
1735 2511 1814 2550 illas,
1835 2509 2001 2554 perpetuis
2198 2512 2213 2528 Υ

1247 2560 1364 2593 suturis
1383 2560 1597 2604 temporibus,
1631 2559 1752 2592 validas
1789 2564 1819 2592 et
1853 2558 2001 2592 efficaces

1247 2610 1327 2649 sore,
1359 2620 1501 2653 suosque
1528 2609 1691 2653 plenarios
1710 2614 1737 2641 et
1760 2607 1902 2652 integros
1922 2608 2000 2641 effe-

1248 2664 1318 2691 ctus
1345 2659 1451 2692 sortiri
1473 2664 1503 2692 et
1524 2658 1749 2692 inviolabiliter
1775 2657 1949 2700 observari,
1971 2663 2002 2692 et
