2237 3100
44 295 93 322 An.
111 296 141 324 C.
159 296 224 324 {569

61 1051 87 1073 Et
101 1052 130 1073 itn
140 1057 164 1072 nc
181 1057 221 1072 uon

35 1084 87 1105 alias
135 1084 222 1104 iudicari

36 1114 103 1139 iuben

918 296 986 320 PIUS
1004 295 1035 319 IV
1054 295 1092 318 PP

239 348 458 393 professorum
476 353 504 381 et
522 348 748 391 religiosorum
769 347 992 393 superioribus

238 402 269 430 et.
288 397 440 441 praelatis
456 396 487 429 in
501 398 604 430 causis
621 397 808 430 huiusmodi
829 397 991 442 praeventi

237 456 302 479 non
323 445 454 485 fuerint,
475 445 560 478 iuxta
581 446 748 479 facultates
773 446 868 479 officii
891 447 992 489 ipsius

237 494 465 538 Inquisitionis,
487 494 651 538 inquirere
681 501 711 528 et
740 496 932 538 procedere,
955 506 990 527 ae

238 543 416 588 culpabiles
445 549 475 576 et
509 544 732 588 delinquentes
766 550 922 588 repertos,
946 555 992 576 se-

237 593 380 626 cundum
416 592 590 625 canonicas
621 593 802 625 sanctiones
836 593 991 633 castigare

236 647 291 675 aut
324 642 461 686 punire,
489 647 660 685 ceteraque
686 642 794 674 omnia
815 647 845 674 et
865 642 991 683 singula

235 692 341 724 facere
355 717 362 730 ,
385 701 497 733 gerere
529 695 559 723 ct
592 691 706 734 exequi
736 691 836 723 libere
857 695 887 723 et
908 689 991 722 licite

235 740 358 784 possint
385 745 416 772 et
443 740 587 780 valeant,
610 751 708 783 super
724 739 842 782 quibus
863 740 990 783 plenam

236 794 267 822 et
286 789 420 822 liberam
438 788 557 821 eisdem
580 788 824 832 inquisitoribus
836 793 866 821 et
878 798 990 821 eorum

237 838 370 872 cuilibet
393 839 579 871 facultatem
605 837 814 871 concedimus
843 842 874 870 et
900 842 991 881 pote-

237 892 361 920 statem.

280 935 346 980 §3
379 935 495 979 Sicque
525 947 583 979 per
617 946 841 979 quoscumque
870 935 992 969 iudices

237 990 268 1018 et
287 985 541 1025 commissarios,
569 986 680 1030 quavis
703 985 894 1018 auctoritate
919 986 991 1018 sun-

237 1039 357 1076 gente-s,
374 1035 498 1068 sublata
515 1034 560 1068 eis
580 1040 610 1068 et
630 1045 743 1067 eorum
765 1034 895 1067 cuilibet
917 1046 992 1078 qua-

237 1083 283 1116 vis
307 1082 399 1116 aliter
424 1083 587 1116 iudicandi
612 1084 781 1123 facultate,
806 1083 942 1116 iudicari
963 1091 990 1117 et

238 1131 365 1164 definiri
385 1131 514 1172 debere;
533 1132 660 1165 irritum
681 1143 811 1175 quoque
833 1137 863 1164 et
882 1132 989 1173 inane,

237 1181 262 1214 si
278 1191 370 1214 secus
390 1192 488 1224 super
507 1181 557 1213 his
577 1192 594 1214 a
614 1192 791 1225 quoquam,
811 1181 921 1224 quavis
938 1193 993 1215 au-

1679 281 1741 314 177

1034 352 1142 390 gatum
1174 355 1241 379 esse
1274 345 1423 378 volumus
1443 349 1538 388 atque
1559 343 1764 377 decernimus
1778 369 1785 381 ,

1035 395 1213 438 ceterisque
1234 395 1405 428 contrariis
1425 394 1699 437 quibuscumque.

1077 446 1138 487 ἓξ).
1161 445 1315 477 Volumus
1330 451 1437 477 autem
1460 444 1545 486 quod
1568 442 1787 486 praesentium

1035 488 1255 538 transumptis,
1279 504 1376 526 manu
1398 491 1514 525 notarii
1535 491 1656 534 publici
1676 495 1731 523 ele.

1077 544 1190 575 Datum
1215 543 1334 575 Romae
1354 541 1440 585 apud
1460 541 1614 573 Sanctum
1636 540 1765 572 Petrum
1781 566 1788 579 ,

1035 592 1093 624 sub
1114 591 1234 623 annulo
1255 589 1437 626 Piscatoris,
1460 589 1509 621 die
1535 588 1639 632 prima
1660 587 1787 630 aprilis,

1035 640 1205 672 millesimo
1244 638 1502 682 quingentesimo
1540 636 1789 679 sexagesimose-

1035 688 1154 727 cundo,
1177 687 1383 731 pontificatus
1402 686 1503 719 nostri
1524 696 1608 718 anno
1629 695 1675 718 111.

1094 736 1155 765 Dat.
1171 737 1216 766 die
1235 737 1246 765 rl
1267 736 1370 775 aprilis
1392 735 1475 769 1562,
1492 735 1742 774 pontif,;11111011[.

1372 852 1447 885 LXI.

1037 910 1127 943 Tama
1141 911 1322 942 mercedum
1338 910 1540 942 notariorum
1554 919 1725 942 causarum
1745 910 1790 942 ci-

1078 959 1192 991 tv'liimt
1230 959 1471 1002 yiibei'ualori's,
1514 959 1646 998 visuris,
1677 958 1792 990 iudicis

1078 1009 1182 1050 Βιινῃὶ
1201 1013 1229 1041 et
1251 1008 1480 1050 iizagyislrorum
1497 1008 1623 1039 viarm
1645 1007 1749 1045 Urbis,
1763 1011 1792 1039 ct

1079 1058 1177 1090 etium
1190 1057 1356 1099 Capitolii,
1376 1057 1410 1088 z'n
1426 1056 1549 1087 casibus
1564 1056 1600 1087 dc
1611 1056 1723 1098 quibus
1734 1066 1793 1098 per

1079 1110 1202 1139 statuta
1223 1116 1289 1137 7102?r
1309 1109 1353 1138 est
1374 1105 1553 1148 prouisum.

1160 1168 1219 1196 Pius
1238 1157 1309 1204 Pap'a
1325 1168 1366 1200 IV,
1387 1169 1463 1196 motu
1481 1167 1602 1203 proprio.
1623 1169 1678 1196 etc.

1802 280 1855 307 An.
1877 281 1906 307 C.
1921 280 1989 308 ¹562

1844 453 1988 479 Transumptit

1804 486 1861 506 credi
1878 486 1967 505 mundat.

1080 1221 1158 1254 Cum
1180 1232 1286 1265 nuper
1305 1221 1447 1264 generali
1466 1220 1686 1254 reformationi
1706 1220 1791 1253 circa
1832 1234 1911 1255 xum-a
1930 1241 1993 1261 prae-

1036 1270 1197 1305 Romanae
1218 1269 1332 1303 Curiae
1357 1270 1463 1303 olticia
1484 1275 1514 1303 et
1538 1269 1713 1302 tribunalia
1733 1280 1791 1313 per
1805 1268 1858 1318 gfff}
1875 1269 1992 1322 Μζᾞθζζ

1035 1326 1160 1354 nostras
1171 1321 1310 1364 desuper
1321 1319 1421 1352 editas
1432 1320 1790 1364 literasproviderimus,
1806 1329 1903 1348 tamtum
1947 1328 1993 1363 am-

1036 1375 1066 1404 et
1077 1371 1160 1403 iuter
1172 1376 1276 1403 cetera
1293 1370 1500 1403 statuerimus
1524 1375 1557 1402 ut
1573 1370 1790 1412 ipiorumdam
1806 1366 1853 1412 ,¹353
1867 1363 1991 1418 ¹{,¹,¹f‚³1‘{,¹,¹,¹„¹¹¹

237 1229 396 1270 ctoritate,
424 1229 562 1263 scienter
590 1231 638 1263 vel
668 1230 866 1273 ignoranter,
890 1231 992 1263 conti-

236 1278 318 1321 gerit
342 1279 504 1319 attentari,
527 1279 745 1312 decernimus.

280 1326 341 1370 §li¹
364 1327 433 1359 Non
454 1328 655 1360 obstantibus
675 1327 841 1372 quibusvis
862 1335 992 1372 aposto-

235 1374 324 1416 licis,
344 1386 381 1408 ac
402 1376 433 1408 in
454 1376 708 1419 provincialibus
733 1381 761 1410 et
787 1378 993 1421 synodalibus

62 1480 179 1502 Contrariis
188 1480 223 1502 de-

34 1515 103 1540 105223

236 1423 382 1457 conciliis
397 1423 501 1465 editis,
515 1425 720 1468 generalibus
729 1426 777 1458 vel
788 1426 993 1470 specialibus,

236 1474 521 1508 constitutionibus
541 1479 572 1507 et
592 1474 866 1516 ordinationibus,
887 1482 917 1509 et
938 1476 993 1510 Or-

237 1524 349 1557 dinum
383 1524 638 1568 praedictorum,
670 1524 766 1557 etiam
798 1524 993 1566 iuramento,

236 1573 481 1607 confirmatione
502 1573 678 1616 apostolica
694 1574 742 1606 vel
759 1574 870 1618 quavis
890 1575 993 1608 firmi-

235 1627 299 1656 tate
319 1623 380 1656 alia
400 1623 571 1663 roboratis,
595 1622 721 1656 statutis
741 1628 769 1656 et
788 1625 995 1657 consuetudi-

235 1672 350 1713 nibus,
373 1672 546 1717 privilegiis
571 1683 719 1716 quoque,
743 1672 875 1705 indultis
900 1679 931 1706 et
956 1674 993 1706 li-

235 1721 312 1755 teris
344 1721 540 1765 apostolicis,
577 1722 674 1754 etiam
704 1721 793 1754 Muri
824 1722 943 1765 Magyno
965 1729 995 1756 et

234 1771 332 1804 Bulla
350 1770 459 1804 Aurea
486 1772 534 1804 vel
555 1771 633 1804 alias
649 1771 893 1814 quomodolibet
912 1783 996 1804 nun-

236 1819 376 1864 cupatis,
398 1819 518 1852 eisdem
543 1819 716 1853 Ordinibus
737 1824 767 1852 et
786 1820 919 1852 illorum
941 1832 991 1853 su-

236 1868 420 1912 perioribus
439 1879 476 1900 ac
501 1868 652 1912 praelatis
665 1895 672 1908 ,
693 1868 788 1901 etiam
816 1880 873 1912 per
893 1869 996 1903 dictos

236 1917 397 1950 Romanos
430 1917 602 1950 Pontifices
636 1918 902 1961 praedecessores
940 1929 996 1952 no-

235 1972 318 2000 stros
338 1972 370 2000 et
388 1967 503 2000 Sedern
519 1967 748 2011 Apostolicam‚
765 1978 802 2000 ac
824 1967 918 2000 etiam
937 1979 996 2012 per

236 2027 295 2050 nos
328 2021 383 2048 aut
407 2026 632 2059 quoscumque
661 2016 741 2049 alios
763 2017 876 2059 quovis
898 2017 994 2050 modo

236 2064 408 2103 concessis
431 2065 630 2098 confirmatis
664 2071 694 2098 et
722 2065 844 2098 iteratis
872 2066 996 2099 vicibus

236 2109 422 2154 approbatis
442 2115 473 2142 et
492 2109 659 2143 innovatis.
688 2110 810 2149 Quibus
829 2110 992 2151 omnibus,

236 2158 331 2192 etiam
353 2158 378 2192 si
399 2159 438 2191 de
458 2158 521 2191 illis
541 2169 721 2202 eorumque
739 2159 813 2191 totis
829 2159 995 2192 tenoribus

236 2208 396 2252 specialis,
419 2207 580 2251 specifica,
595 2218 755 2251 expressa,
779 2207 943 2241 individua
959 2219 995 2241 ac

236 2258 275 2290 de
294 2258 392 2290 verbo
413 2257 452 2290 ad
472 2257 617 2296 verbum,
629 2267 695 2289 non
710 2261 819 2289 autem
836 2268 894 2300 per
910 2257 995 2289 clau-

237 2307 323 2340 sulas
343 2306 510 2349 generales
531 2306 614 2339 idem
631 2306 855 2349 importantes,
874 2306 995 2339 mentio

237 2367 293 2390 seu
323 2355 454 2399 quaevis
487 2355 547 2387 alia
578 2354 740 2398 expressio
770 2355 918 2388 habenda
941 2364 996 2391 aut

236 2405 297 2438 alia
322 2404 478 2448 exquisita
503 2405 605 2436 forma
626 2403 665 2436 ad
685 2404 748 2436 hoc
773 2404 926 2436 servanda
947 2404 993 2437 fo-

238 2460 297 2493 ret,
319 2464 432 2487 eorum
455 2453 601 2486 omnium
623 2459 751 2486 tenores
772 2453 995 2496 praesentibus

236 2513 296 2547 pro
318 2502 516 2536 sufficienter
544 2503 701 2545 expressis
728 2507 759 2534 et
779 2502 920 2535 totaliter
945 2502 994 2534 in-

206 2570 209 2571 ⁷
236 2547 329 2580 sertis
362 2547 517 2579 habentes
531 2572 538 2585 ,
561 2546 624 2578 illis
644 2546 723 2578 alias
744 2545 776 2578 in
797 2556 856 2578 suo
877 2547 995 2579 robore

236 2591 469 2636 permansuris,
493 2591 553 2624 hac
573 2590 641 2623 vice
662 2590 838 2630 dumtaxat,
856 2591 895 2623 ad
917 2592 995 2623 effe-

237 2641 324 2669 ctum
344 2635 577 2679 praesentium,
592 2635 776 2679 specialiter
797 2639 827 2667 et
847 2645 996 2679 expresse

238 2680 432 2722 derogamus
452 2690 489 2712 ac
509 2679 708 2712 sufficienter
733 2684 764 2713 et
784 2679 879 2723 plene
899 2680 994 2713 dero-

315 2732 390 2764 Bau.
412 2732 490 2764 Rom.
512 2732 566 2763 Vol.
590 2732 647 2763 VII.
837 2732 876 2763 23

1037 1419 1246 1453 tribunalium
1258 1421 1454 1464 notarii,pro
1466 1419 1543 1452 actis
1558 1429 1666 1451 coram
1688 1417 1733 1451 cis
1749 1419 1792 1451 sa-

1037 1469 1169 1510 ciendis,
1189 1469 1379 1503 adnotandis
1394 1474 1425 1501 et
1436 1468 1689 1508 conscribendis,
1705 1479 1791 1500 mer-

1038 1520 1148 1553 cedem
1165 1519 1252 1552 iuxta
1271 1520 1465 1552 taxationem
1486 1530 1544 1562 per
1568 1529 1626 1551 nos
1647 1519 1692 1551 eis
1708 1519 1793 1551 ordi-

1037 1569 1233 1609 nandani,et
1261 1579 1325 1601 non
1355 1569 1460 1608 ultra,
1493 1568 1618 1608 exigere
1647 1569 1789 1601 valeant:

1038 1619 1157 1652 idcirco
1168 1629 1227 1651 nos
1238 1618 1327 1651 illam
1338 1618 1378 1650 ad
1388 1617 1645 1661 suprascriptum
1658 1618 1790 1651 modum

1037 1669 1187 1702 duximus
1207 1669 1439 1702 reducendam.
1453 1669 1554 1708 Quam
1576 1679 1634 1711 per
1651 1668 1794 1701 notarios

1037 1719 1237 1752 actuariosin
1246 1718 1505 1752 causiscivilibus
1514 1718 1680 1750 curiarum
1689 1718 1794 1751 almae

1039 1768 1131 1800 Urbis
1150 1774 1278 1801 nostrae
1295 1768 1522 1811 gubernatoris
1537 1773 1565 1799 et
1579 1767 1679 1799 nostri
1700 1767 1731 1800 in
1743 1778 1794 1800 ea-

1038 1817 1109 1850 dem
1131 1818 1214 1851 Urbe
1234 1817 1355 1857 vicarii,
1374 1827 1501 1850 necnon
1518 1815 1677 1859 capitanei
1696 1816 1793 1859 Burgi

1038 1867 1144 1900 Sancti
1162 1868 1246 1900 Petri
1259 1872 1289 1899 et
1300 1866 1528 1908 magistrorum
1545 1865 1683 1905 riarum,
1697 1876 1746 1905 ae,
1760 1866 1793 1899 in

1038 1916 1166 1948 casibus
1195 1915 1227 1948 in
1247 1916 1366 1958 quibus
1391 1926 1451 1959 par
1470 1920 1585 1947 statuta
1607 1915 1700 1948 Urbis
1721 1927 1793 1959 spe-

1039 1966 1162 1999 cialiter
1194 1976 1260 1998 non
1286 1965 1488 2009 providetur,
1516 1964 1611 1997 etiam
1638 1965 1794 1998 senatoris

1038 2015 1171 2059 eiusque
1193 2014 1426 2047 collateralium
1449 2019 1476 2046 et
1499 2013 1656 2057 capitanei
1682 2015 1794 2057 appel-

1038 2064 1208 2104 lationum,
1222 2075 1258 2096 ac
1275 2064 1517 2106 magistrorum,
1533 2062 1791 2103 iustitiarioruni,

1038 2112 1199 2145 observari
1222 2113 1425 2151 mandamus,
1448 2112 1507 2144 sub
1524 2112 1636 2155 poenis
1656 2112 1689 2144 in
1701 2112 1794 2145 dictis

1038 2163 1154 2195 nostris
1179 2161 1279 2194 literis
1303 2161 1471 2205 expressis.
1500 2161 1602 2203 [tque
1630 2166 1692 2193 tam
1718 2161 1794 2205 ipsis

1038 2211 1171 2244 notariis
1199 2216 1357 2254 quantum
1388 2215 1497 2254 petere
1531 2211 1672 2250 valeant,
1695 2221 1793 2253 quam

1038 2261 1184 2304 partibus
1199 2260 1399 2303 litigantibus
1415 2264 1573 2302 quantum
1595 2260 1717 2292 solvere
1738 2260 1794 2292 de—

1038 2310 1135 2343 beant
1159 2310 1277 2353 iugiter
1301 2310 1493 2349 innotescat,
1508 2308 1658 2342 iubemus
1677 2315 1711 2342 ut
1728 2309 1793 2341 sin-

1037 2359 1104 2401 guli
1124 2360 1240 2392 notarii
1265 2358 1441 2403 praedicti,
1469 2358 1661 2392 taxationem
1684 2369 1795 2401 supra—

1039 2408 1203 2451 scriptam,
1222 2408 1253 2441 in
1276 2407 1398 2451 vulgari
1415 2418 1564 2440 sermone
1589 2407 1792 2451 impressam,

1038 2457 1173 2490 tabellae
1195 2457 1322 2490 affixam
1344 2457 1375 2490 in
1397 2467 1454 2489 suo
1471 2456 1608 2500 quisque
1627 2456 1745 2495 officio,
1762 2457 1794 2489 in

1038 2506 1109 2539 loco
1130 2506 1274 2549 publico,
1289 2517 1353 2549 quo
1364 2505 1403 2538 ab
1415 2505 1566 2538 omnibus
1587 2505 1714 2548 inspici,
1733 2505 1794 2547 legi

1039 2555 1069 2582 et
1088 2550 1222 2593 intelligi
1244 2550 1354 2594 possit,
1377 2555 1520 2590 teneant,
1539 2549 1709 2582 contrariis
1730 2559 1795 2582 uon

1038 2594 1239 2627 obstantibus
1259 2595 1534 2639 quilmscumque.

1197 2639 1314 2672 Placet.
1338 2640 1423 2672 Motu
1445 2637 1590 2683 proprio.
1615 2638 1636 2670 1.

1083 2683 1143 2716 Pro
1164 2694 1374 2728 quocumque
1391 2683 1578 2723 monitorio,
1599 2687 1720 2716 arresto
1736 2692 1793 2715 seu
