2237 3100
233 217 283 247 An.
301 215 331 246 C.
346 216 417 246 1570

284 818 416 839 obstantium

232 851 348 877 derogatio.

476 206 540 241 836

431 273 462 302 et
481 268 618 302 rebelles
638 277 696 311 per
707 266 891 305 sententias,
909 275 1062 298 censuras
1078 270 1108 298 et
1123 275 1188 308 poe-

430 327 500 358 nas,
523 317 619 349 etiam
645 315 889 354 ecclesiasticas,
917 314 1044 356 aliaque
1065 324 1186 357 oppor-

431 372 509 399 tuna
520 365 600 398 iuris
610 364 762 403 remedia,
773 362 988 406 appellatione
1000 361 1186 406 postposita,

431 414 668 458 compescendo
688 439 695 453 ,
719 418 745 445 et
768 411 920 454 legitimis
941 421 1040 454 super
1059 410 1109 444 liis
1129 412 1186 443 lia-

430 463 544 497 bendis
563 461 693 495 servatis
714 460 920 504 processibus
934 486 941 499 ,
963 460 1036 492 illos
1056 465 1186 493 senten-

430 511 501 551 tias,
523 520 677 544 censuras
696 515 727 542 et
746 520 868 553 poenas
883 508 1069 541 huiusmodi
1081 508 1188 541 ineur-

431 559 509 592 risse
543 558 760 598 declarando,
796 563 827 591 et
856 569 909 590 eas
936 557 1031 590 etiam
1066 556 1188 600 iteratis

429 608 553 641 vicibus
582 607 805 650 aggravando,
837 606 1047 639 interdictum
1082 606 1187 639 ecele-

430 656 594 689 siasticum
615 655 810 699 apponendo
825 682 832 695 ,
853 655 999 688 invocato
1027 654 1123 687 etiam
1149 656 1188 689 ad

430 704 505 745 hoc,
524 704 549 737 si
569 715 652 747 opus
667 704 717 744 sit,
738 704 857 737 auxilio
872 704 997 737 braeliii
1010 705 1185 738 saecularis.

474 753 540 795 ἐϋ.
576 754 646 786 Non
674 753 875 786 obstantibus
903 753 1005 786 felicis
1034 754 1187 786 recorda-

430 801 526 835 tionis
546 802 695 835 Bonifatii
714 802 819 844 Papae
839 802 916 839 wll,
930 803 1188 845 praedecessoris

429 851 554 891 nostri,
579 851 617 884 de
639 861 703 883 una
720 878 727 891 ‚
751 855 779 883 et
801 851 930 884 concilii
955 852 1115 894 generalis
1149 853 1188 886 de

429 899 556 932 duabus
571 899 695 939 diaetis,
719 899 896 932 dummodo
913 900 998 933 ultra
1020 906 1084 933 tres
1099 901 1187 934 diae-

428 952 476 981 tas
505 949 633 992 aliquis,
654 949 763 991 vigore
783 948 1015 992 praesentium,
1038 949 1079 982 ad
1103 949 1188 983 iudi-

429 996 517 1030 cium
537 1008 602 1030 non
623 999 782 1039 trabatur,
798 1007 926 1030 necnon
938 998 1103 1041 quibusvis
1119 1000 1189 1034 aliis

428 1046 615 1089 apostolicis
630 1057 677 1087 ac,
694 1047 726 1079 in
744 1046 995 1090 provincialibus
1008 1049 1187 1092 015100110-

428 1094 514 1128 libus
535 1095 682 1128 conciliis
706 1095 809 1135 editis,
833 1096 1039 1137 generalibus
1049 1097 1097 1129 vel
1119 1108 1188 1141 spe-

429 1143 566 1177 cialibus
577 1143 859 1177 constitutionibus
872 1149 903 1177 et
918 1145 1187 1188 ordinationibus,

430 1192 527 1226 etiam
548 1198 660 1226 contra
681 1198 847 1236 exemptos
862 1194 1108 1235 quomodolibet
1124 1196 1189 1228 edi-

428 1242 468 1275 tis
488 1248 519 1276 et
533 1242 678 1282 edendis,
697 1252 733 1274 ac
754 1241 849 1274 etiam
870 1241 973 1274 dietae
989 1242 1141 1277 Gamerae
1158 1251 1186 1278 et

430 1301 715 1335 quarumcumque
736 1290 900 1323 civitatum
919 1318 926 1331 ,
946 1292 1187 1335 provinciarum

431 1345 462 1374 et
481 1340 642 1380 locorum,
666 1340 761 1372 etiam
787 1340 983 1380 iuramento,
1013 1342 1187 1376 confirma-

431 1389 518 1423 tione
539 1389 716 1433 apostolica
745 1389 792 1421 vel
813 1389 923 1431 quavis
947 1389 1099 1424 firmitate
1127 1393 1188 1426 alia

431 1438 602 1478 roboratis,
625 1438 750 1470 statutis
761 1443 791 1470 et
803 1438 1104 1480 consuetiulinibus;
1118 1442 1186 1484 pri-

430 1488 552 1530 vilegiis
571 1498 722 1531 quoque,
754 1487 887 1520 indultis
913 1492 943 1520 et
969 1488 1083 1521 litteris
1108 1501 1187 1535 apo-

429 1536 572 1577 stolicis,
596 1535 656 1568 sub
681 1535 944 1579 quibusmimque
969 1537 1137 1571 tenoribus
1158 1545 1188 1573 et

429 1585 554 1625 formis,
577 1595 613 1617 ae
634 1595 709 1617 cuni
730 1584 905 1627 quibusvis,
929 1585 1025 1617 etiam
1051 1586 1187 1631 deroga-

428 1634 588 1668 toriarum
608 1633 831 1675 derogatoriis,
863 1633 998 1677 aliisque
1025 1635 1187 1669 efficacio-

428 1683 531 1724 ribus,
554 1682 787 1715 efficacissimis
807 1688 837 1715 et
858 1683 994 1716 insolitis
1020 1685 1185 1726 clausulis,

430 1732 696 1775 irritantibusque
713 1737 743 1764 et
763 1731 832 1764 aliis
853 1732 1003 1773 decretis,
1026 1732 1057 1765 in
1070 1745 1187 1776 genere

433 1787 464 1815 et
482 1781 515 1814 in
531 1780 648 1825 specie,
673 1781 769 1813 etiam
790 1786 878 1813 motu
902 1787 932 1813 et
952 1782 1084 1815 seientia
1101 1784 1188 1826 pari-

432 1830 505 1870 bus,
527 1841 564 1863 ac
580 1829 657 1862 alias
677 1830 934 1873 quomodolibet,
957 1831 1052 1863 etiam
1069 1832 1190 1867 iteratis

433 1879 569 1917 vicibus,
602 1878 776 1918 concessis,
809 1879 995 1922 approbatis
1009 1885 1039 1913 et
1059 1880 1189 1915 innova-

433 1928 484 1962 tis.
511 1927 635 1967 Quibus
668 1927 841 1967 omnibus,
865 1928 1011 1969 etiamsi,
1039 1940 1098 1972 pro
1119 1930 1190 1964 1110-

434 1987 508 2011 rum
553 1976 727 2009 sufficienti
765 1977 972 2019 derogatione
991 2005 998 2019 ,
1042 1979 1080 2012 (10
1126 1980 1189 2014 11115

436 2036 615 2069 eorumque
634 2025 708 2058 totis
726 2025 893 2058 tenoribus
920 2027 1068 2069 specialis
1086 2055 1093 2068 ‚
1116 2039 1189 2072 spe-

436 2075 529 2109 cifica
571 2079 601 2107 et
634 2084 783 2117 expressa
821 2079 851 2106 et
893 2074 1057 2109 individua
1076 2102 1083 2116 ‚
1124 2088 1189 2110 non

434 2129 542 2157 autem
570 2134 629 2167 per
649 2124 810 2156 clausulas
829 2125 997 2166 generales
1024 2125 1109 2158 idem
1130 2126 1188 2160 im-

433 2177 617 2217 portantes,
647 2172 769 2205 mentio
797 2178 852 2205 aut
880 2173 1011 2216 quaevis
1041 2174 1102 2207 alia
1134 2187 1188 2209 ex-

433 2221 557 2265 pressio
577 2221 735 2261 habenda,
757 2226 812 2253 aut
826 2221 934 2264 aliqua
955 2221 1016 2254 alia
1032 2224 1189 2266 exquisita

432 2270 537 2304 forma
556 2270 594 2302 ad
614 2270 677 2303 hoc
702 2270 856 2303 servanda
876 2271 969 2310 soret,
987 2270 1118 2304 illorum
1140 2278 1187 2306 te-

432 2329 538 2358 nores,
559 2329 596 2351 ac
616 2319 641 2351 si
663 2318 700 2351 (10
720 2319 818 2351 verbo
844 2319 882 2351 ad
902 2319 1036 2351 verbum
1064 2320 1187 2355 insere-

432 2372 546 2400 rentur
565 2368 801 2410 praesentibus,
824 2378 883 2410 pro
909 2367 1108 2401 sufficienter
1134 2380 1187 2402 ex-

433 2411 551 2455 pressis
570 2412 736 2452 habentes,
760 2412 822 2445 illis
842 2412 921 2445 alias
940 2412 973 2444 in
991 2423 1050 2445 5110
1071 2413 1188 2447 robore

432 2456 665 2498 permansuris,
694 2457 753 2489 liae
773 2456 841 2489 viee
862 2457 1038 2497 dumtaxat,
1062 2458 1187 2500 specia-

432 2500 506 2532 liter
521 2505 552 2532 et
568 2511 717 2543 expresse
736 2527 743 2541 ,
766 2501 835 2544 pari
856 2507 945 2534 motu
967 2502 1160 2543 derogamus
1178 2529 1185 2543 ,

433 2544 603 2577 contrariis
615 2545 889 2589 quibuscumque;
907 2550 962 2578 aut
973 2545 996 2579 si
1010 2545 1185 2590 aliquibus,

433 2588 651 2622 communiter
669 2590 719 2622 vel
734 2589 875 2631 divisim,
894 2590 932 2624 ab
952 2590 1134 2634 Apostolica
1149 2591 1188 2624 sit

1008 212 1188 237 BULLARIUM
1213 211 1365 237 ROMANUM

1231 264 1311 297 Sede
1331 264 1494 297 indultum
1515 264 1602 307 quod
1623 264 1771 299 interdici
1789 293 1796 307 ‚
1832 265 1986 309 suspendi

1229 318 1278 351 vel
1290 317 1565 351 excommunicari
1578 328 1642 350 non
1658 318 1782 362 possint
1797 329 1855 363 per
1866 318 1987 353 litteras

1230 370 1422 414 apostolicas
1431 381 1497 404 non
1509 370 1661 404 facientes
1674 371 1803 414 plenam
1815 377 1846 405 et
1860 383 1987 416 expres-

1230 435 1297 457 sam
1318 436 1354 458 ac
1375 425 1413 457 de
1442 424 1539 457 verbo
1564 424 1603 457 ad
1636 425 1770 458 verbum
1791 425 1830 458 de
1860 425 1986 460 indulto

1230 477 1418 511 huiusmodi
1441 478 1652 511 mentionem.
1814 505 1818 508 .

1274 532 1288 574 ἓ
1309 531 1340 564 7.
1363 532 1519 565 Volumus
1534 537 1643 564 autem
1661 531 1748 575 quod
1764 532 1984 576 praesentium

1230 585 1451 628 transumptis,
1472 596 1570 618 manu
1582 585 1720 618 alicuius
1731 585 1847 618 notarii
1863 585 1986 630 publici

1231 638 1431 682 subscriptis,
1455 643 1509 671 aut
1528 638 1666 671 alicuius
1686 637 1820 682 praelati
1839 639 1888 672 vel
1911 649 1986 682 per-

1231 702 1328 724 sonae
1350 691 1382 724 in
1402 691 1554 734 dignitate
1564 691 1782 725 ecclesiastica
1793 692 1986 725 constitutae

1231 745 1335 787 sigillo
1357 745 1501 785 munitis,
1524 746 1637 778 eadem
1663 756 1797 789 prorsus
1830 744 1910 779 fides
1930 745 1987 779 ad-

1231 798 1393 839 hibeatur,
1411 810 1493 841 quae
1519 798 1639 832 eisdem
1673 798 1897 842 praesentibus
1930 798 1986 832 ad-

1231 851 1407 892 hiberetur,
1424 852 1448 884 si
1461 852 1566 885 forent
1585 852 1745 885 exhibitae
1764 852 1813 885 vel
1825 857 1984 886 ostensae.

1274 905 1389 938 Datum
1420 906 1540 938 Romae
1574 906 1661 949 apud
1690 905 1722 939 S.
1749 906 1896 946 Petrum,
1927 905 1987 938 sub

1230 958 1352 991 annulo
1373 958 1556 999 piscatoris,
1579 959 1630 991 die
1650 968 1734 992 xxvn
1754 957 1859 999 iunii,
1880 957 1987 992 mille-

1231 1011 1313 1044 simo
1330 1012 1589 1056 quingentesimo
1610 1013 1863 1057 septuagesimo,
1883 1011 1988 1057 ponti-

1231 1065 1346 1098 ficatus
1364 1066 1465 1098 nostri
1485 1075 1571 1099 anno
1590 1075 1609 1098 v
1633 1065 1659 1098 1.

1290 1118 1353 1149 Dat.
1370 1119 1416 1149 die
1429 1119 1465 1149 27
1485 1119 1562 1149 iunii
1579 1119 1668 1157 1570,
1685 1118 1789 1160 pontif.
1804 1128 1882 1150 anno
1897 1127 1924 1150 v.

1545 1235 1670 1269 CLXIV.

1230 1292 1350 1325 Forma
1365 1293 1557 1337 erpediendi
1572 1293 1698 1326 litteras
1715 1294 1908 1338 apostolicas
1918 1305 1988 1329 mo-

1275 1347 1443 1379 m'toriales
1458 1348 1495 1379 [Ic
1515 1348 1837 1381 eaecommtmiccmdis
1867 1348 1918 1381 his
1933 1349 1990 1392 qui

1276 1400 1358 1432 hona
1373 1400 1542 1443 deperdita
1567 1400 1616 1432 vet
1630 1401 1796 1434 subtracta
1820 1401 1989 1436 restituere

1274 1457 1332 1486 aut
1351 1454 1490 1486 revelare
1502 1457 1651 1486 recusant
1668 1453 1693 1486 l.

1231 1516 1424 1544 sanctissimus
1442 1516 1470 1544 in
1493 1516 1599 1545 Christo
1611 1517 1692 1552 pater
1708 1518 1737 1546 et
1754 1517 1879 1546 dominus
1892 1519 1988 1548 noster

1274 1565 1397 1594 dominus
1416 1566 1476 1594 Pius
1495 1565 1587 1594 divina
1608 1566 1782 1601 providentia
1801 1567 1873 1603 Papa
1891 1567 1922 1596 V.

1276 1619 1290 1662 ξ
1310 1619 1341 1652 1.
1359 1619 1475 1652 Volens
1501 1630 1599 1663 super
1624 1619 1828 1663 expeditione
1858 1621 1986 1655 manda-

1231 1673 1349 1708 torum,
1375 1679 1448 1712 (11110
1476 1668 1559 1701 fiunt
1589 1668 1621 1701 in
1646 1670 1751 1702 forma
1770 1669 1988 1714 Sz'qnz'fica'vit,

1231 1728 1290 1760 pro
1311 1728 1421 1750 rerum
1451 1717 1689 1751 subtractarum
1721 1723 1776 1751 aut
1809 1719 1990 1763 deperdita—

1231 1777 1304 1799 rum
1319 1766 1533 1806 restitutione,
1546 1777 1602 1799 seu
1622 1767 1753 1800 illarum
1775 1773 1805 1801 et
1818 1768 1888 1802 illas
1910 1769 1987 1802 sub·

1232 1815 1429 1848 trabentium
1463 1815 1677 1856 revelatione,
1700 1817 1835 1850 modum
1865 1822 1896 1851 et
1923 1817 1986 1851 for-

1231 1875 1317 1897 mam
1338 1870 1477 1897 statuere
1502 1865 1665 1907 (manente
1681 1864 1714 1897 in
1739 1865 1809 1899 aliis
1828 1866 1985 1910 reforma·-

1231 1914 1317 1947 tione
1339 1913 1435 1946 oflicii
1457 1913 1651 1947 correctoris
1666 1914 1849 1948 litterarum
1864 1921 1989 1949 contra-

1232 1962 1389 1995 dictarum
1402 1974 1419 1995 a
1435 1962 1607 1996 Sanctitate
1624 1963 1688 1996 Sua
1704 1963 1801 2008 edita)
1818 1965 1986 2008 praesenti,

1232 2012 1319 2054 quod
1341 2015 1498 2054 perpetuo
1519 2011 1681 2044 observari
1700 2013 1778 2053 vult,
1802 2013 1921 2058 scripto
1937 2025 1988 2047 or-

1232 2059 1321 2092 dinat
1346 2065 1380 2092 ut
1398 2059 1547 2092 mandata
1568 2070 1627 2103 pro
1647 2060 1850 2094 restitutione
1867 2072 1924 2095 seu
1939 2073 1989 2095 re-

1231 2108 1389 2141 velatione
1411 2108 1596 2142 buiusmodi
1622 2109 1741 2142 dentur
1759 2110 1870 2153 (modo
1891 2121 1990 2155 super

1232 2157 1294 2190 illis
1314 2157 1611 2201 supplicationesin
1630 2159 1802 2202 praesentia
1815 2159 1890 2193 Suae
1906 2159 1987 2193 San-

1232 2205 1348 2238 ctitatis
1373 2206 1514 2249 signatae
1539 2207 1672 2250 suerint)
1687 2208 1727 2240 ad
1752 2218 1867 2241 eorum
1892 2209 1987 2242 dum-

1231 2260 1314 2288 taxat
1328 2254 1523 2295 instantiam,
1535 2266 1677 2299 quorum
1689 2255 1824 2290 civiliter
1840 2257 1984 2292 interest.

1274 2305 1289 2347 ἓ
1308 2304 1340 2337 ⁶2.
1364 2304 1441 2343 Quze
1464 2305 1718 2348 supplicationes
1736 2316 1804 2338 rem
1825 2305 1928 2349 ipsam
1949 2307 1988 2341 de

1231 2364 1295 2396 qua
1315 2353 1421 2395 agitur
1437 2354 1551 2396 reique
1580 2355 1721 2387 valorem
1743 2354 1936 2388 nominatim
1957 2361 1988 2389 et

1231 2402 1381 2445 specifice
1416 2403 1609 2446 exprimant,
1636 2402 1697 2436 nisi
1731 2403 1812 2436 sorte
1841 2403 1904 2437 sint
1926 2415 1986 2448 pro

1231 2451 1395 2491 eeclesiis,
1433 2451 1512 2484 locis
1546 2452 1630 2496 piis,
1671 2452 1984 2494 communitatibus,

1266 2523 1277 2549 1
1301 2521 1370 2555 Quid
1397 2526 1484 2549 autem
1513 2531 1619 2550 servaro
1647 2523 1759 2550 debeant
1775 2523 1908 2558 episcopi,
1924 2532 1985 2552 cum

1230 2561 1330 2588 litteras
1347 2562 1527 2589 monitoriales
1552 2563 1601 2598 ipsi
1626 2562 1791 2596 decernunt,
1812 2563 1904 2590 docuit
1919 2564 1984 2592 Con.

1229 2601 1426 2634 Tridentinum,
1446 2610 1512 2630 sess.
1526 2610 1594 2635 xxv,
1606 2603 1645 2630 De
1663 2603 1797 2638 Reform„
1809 2604 1942 2639 capitem.

2000 211 2051 240 An.
2067 211 2098 240 C.
2115 211 2186 241 ¹⁸⁷0
2228 257 2229 266 ἵ

2009 547 2070 569 Fides
2080 550 2185 569 transum-
2232 552 2233 556 ¹

2001 581 2093 606 piorum.

2035 1625 2132 1648 Mandata
2147 1631 2186 1648 01-

2012 1659 2182 1680 communicandi

2005 1689 2082 1710 dentur
2108 1690 2133 1711 ud
2157 1690 2192 1710 in-

2005 1721 2103 1742 stantiam
2135 1727 2189 1748 quo-

2005 1758 2050 1772 rum
2093 1752 2187 1773 civiliter

2002 1785 2096 1806 interest

2037 2313 2080 2336 Ros
2095 2318 2117 2336 e}
2132 2315 2189 2337 hon·

2002 2348 2155 2373 exprimuntur.
