2237 3100
42 269 91 296 An.
109 268 138 295 C.
159 268 225 295 ¹567

45 1073 147 1095 elau-ute
162 1080 182 1102 pi
188 1080 216 1095 ε-

34 1105 160 1126 serv-tine

54 1994 166 2017 Decretum
182 1996 210 2016 ii·-

28 2028 102 2048 rit-ns.

53 2211 151 2234 tnhthiuo
161 2219 210 2234 con-

27 2252 59 2269 ιη
73 2245 155 2268 iudices
167 2244 209 2266 Ur-

25 2281 64 2307 bis,
80 2287 107 2303 ne
130 2287 209 2303 consu-

25 2313 58 2334 les
73 2317 94 2335 et
104 2315 156 2336 nuos
171 2316 210 2337 de—

26 2346 210 2374 nupertmpedtnnt

922 273 989 297 PlL's
1015 274 1031 296 V
1056 274 1092 297 Pi>
1102 292 1103 295 ,

239 335 403 373 praetextu
414 332 460 364 vel
473 333 592 373 colore,
614 334 768 366 reassumi
783 343 845 366 non
858 332 988 376 possint,

236 383 322 426 ipsos
342 385 491 419 consules
512 386 542 419 iu
564 387 745 420 ordinarios
767 387 890 419 iudices
910 397 987 420 con-

235 436 395 471 stituendo
416 444 446 472 et
475 439 672 484 deputando,
696 446 852 485 perpetuo
874 440 987 473 statui-

235 501 307 523 mus
331 497 362 525 et
385 492 584 530 ordinamus.
617 495 660 528 Ac
696 494 987 531 confirmationem,

234 537 514 589 approbationem,
551 548 778 585 adiectionem,
809 548 987 592 suppletio-

234 608 320 639 nem,
339 601 589 644 exemptionem,
612 601 848 641 liberationem,
871 601 987 634 consti-

235 651 404 693 tutionem,
422 654 677 698 deputationem,
701 661 852 688 statutum
876 661 903 687 et
934 666 987 688 or-

233 704 431 740 dinationem
466 708 607 752 praefata
644 720 719 742 suos
756 710 918 753 plenarios
958 716 986 742 et

233 759 374 803 integros
401 760 534 795 effectus
556 763 674 803 sortiri,
698 769 725 796 et
764 763 988 796 iuviolabiliter

233 812 406 855 observari,
427 826 464 849 ac
480 816 599 849 eisdem
614 817 838 850 exercentibus
863 823 891 849 et
919 818 984 850 col-
1006 854 1008 865 Ι

232 867 316 910 legio
342 868 525 911 suffragari,
553 877 582 903 et
603 870 675 903 illos
704 871 743 903 ad
764 871 985 904 omnimodam
1006 873 1008 888 ⁴

231 931 366 956 suorum
382 928 576 957 statutorum
591 925 845 958 observationem
869 925 983 963 teneri,
1006 908 1008 984 ἕ

231 980 262 1008 et
281 975 456 1010 efficaciter
476 977 634 1020 obligatos
651 979 731 1012 sore.

275 1030 289 1073 ἓ
310 1029 340 1064 3.
364 1031 407 1065 Ac
427 1032 536 1065 literas
553 1043 651 1076 super
671 1034 895 1077 praesentibus
910 1045 985 1067 con-
1005 1057 1007 1067 i

1674 267 1739 300 613

1032 332 1244 368 obedientiae.
1268 338 1298 365 et
1318 333 1377 366 sub
1397 333 1624 376 indignationis
1643 341 1782 371 nostrae,

1030 397 1067 418 ac
1089 385 1174 419 mille
1194 385 1385 419 ducatorum
1408 386 1477 419 auri
1502 387 1541 419 de
1568 387 1701 421 Camera
1729 399 1785 432 per

1031 439 1298 473 contrafacientes
1311 451 1349 474 eo
1365 440 1448 484 ipso,
1461 441 1555 473 toties
1570 441 1697 485 quoties
1712 446 1784 479 etc..

1031 492 1237 534 iucurrenda,
1261 494 1376 539 partim
1398 494 1535 538 collegio
1556 506 1611 528 seu
1640 495 1783 529 societati

1031 546 1226 586 huiusmodi,
1249 547 1364 591 partim
1386 548 1534 592 hospitali
1555 548 1587 581 S.
1606 548 1711 582 Iacobi
1732 549 1783 581 In-

1030 600 1223 632 curabilium
1253 601 1291 634 de
1321 601 1404 634 Urbe
1430 602 1634 646 applicanda,
1657 603 1781 646 poenis,

1030 653 1204 687 districtius
1224 655 1421 695 inhibemus;
1437 656 1632 699 quinimmo,
1646 657 1784 699 collegio

1030 706 1181 750 illiusque
1204 709 1349 751 personis
1370 710 1530 752 praefatis,
1560 710 1668 753 quoad
1689 721 1784 755 prae-

1030 760 1123 793 missa
1157 772 1336 805 eorumque
1364 763 1601 803 executionem,
1626 769 1783 807 quantum

1030 814 1060 846 in
1082 814 1127 845 eis
1149 815 1255 851 suerit,
1287 827 1323 849 ac
1344 823 1438 859 prout
1461 818 1498 851 ad
1530 817 1612 857 illos,
1636 828 1783 851 commu-

1029 868 1111 901 niter
1132 870 1176 901 vel
1195 870 1333 909 divisim,
1354 870 1537 914 pertinebit,
1555 874 1722 905 saveautet
1735 883 1784 905 as-

1029 923 1149 963 sistant,
1167 935 1203 956 ac
1220 923 1330 957 eadem
1348 925 1523 968 praemissa
1536 925 1658 969 integre
1675 926 1784 959 obser-

1028 977 1093 1010 vari
1114 978 1241 1017 iaciant,
1262 978 1480 1022 praecipimus
1500 985 1531 1012 et
1551 981 1752 1014 mandamus.

1073 1032 1085 1072 ,ξ
1111 1031 1141 1064 6.
1165 1032 1233 1064 Non
1260 1031 1461 1065 obstantibus
1481 1033 1644 1076 quibusvis
1664 1035 1783 1068 consti-

226 1197 388 1237 tempore,
411 1194 524 1238 quovis
553 1196 697 1238 quaesito
728 1195 836 1228 colore
861 1196 909 1228 vel
935 1196 983 1229 in-

231 1084 384 1118 ficiendas
404 1086 435 1119 in
457 1086 546 1119 libris
566 1086 718 1120 Gamerae
739 1093 769 1120 et
782 1086 942 1131 Capitolii,
961 1088 985 1121 si
1005 1084 1007 1123 ξ
1029 1085 1206 1118 tutionibus
1217 1086 1515 1119 etordinationibus
1526 1088 1723 1131 apostolicis,
1746 1099 1783 1122 ac

230 1137 399 1180 videbitur,
434 1141 608 1183 registrari,
645 1146 673 1173 et
709 1141 798 1174 nullo
831 1152 985 1185 umquam
1005 1130 1007 1193 ζ
1028 1139 1293 1183 praescriptione,
1314 1139 1409 1172 etiam
1426 1140 1603 1183 longissimi
1616 1142 1781 1185 temporis;

1028 1203 1154 1226 necnon
1168 1193 1271 1226 dictae
1284 1193 1388 1234 Urbis,
1403 1194 1497 1227 etiam
1515 1194 1709 1236 iuramento,
1723 1201 1780 1230 etc.

228 1245 334 1289 genio,
357 1247 397 1280 de
413 1247 630 1292 subreptionis
650 1254 705 1281 aut
726 1248 881 1282 nullitatis
896 1250 982 1289 vitio,
1004 1238 1007 1288 f
1028 1246 1198 1287 roboratis,
1218 1246 1354 1288 statutis,
1378 1248 1681 1289 consuetudinibus,
1702 1249 1783 1283 inhi-

229 1310 285 1334 seu
305 1300 492 1335 intentionis
512 1306 638 1335 nostrae
660 1303 786 1336 defectu
809 1303 911 1336 notari
937 1304 983 1337 vel
1004 1296 1006 1334 ἕ
1026 1301 1203 1335 bitionibus
1221 1328 1228 1340 ,
1258 1301 1532 1336 declarationibus
1566 1309 1596 1336 et
1625 1303 1780 1341 decretis.

229 1353 424 1398 impugnari,
446 1366 505 1389 nec
526 1356 585 1389 sub
613 1356 778 1399 quibusvis
806 1358 983 1391 revocatio·
1003 1342 1006 1382 i
1026 1355 1122 1388 etiam
1144 1367 1201 1399 per
1227 1366 1285 1389 nos
1305 1362 1335 1389 et
1355 1356 1483 1400 quosvis
1511 1357 1674 1391 Romanos
1698 1358 1781 1392 Pon-

228 1408 333 1449 nibus,
354 1410 622 1454 suspensionibus
637 1410 684 1443 vel
705 1411 980 1453 derogationibus,
1003 1411 1006 1430 ¹
1027 1409 1127 1443 tifices
1149 1410 1412 1453 praedecessores
1431 1417 1568 1453 nostros,
1581 1412 1675 1445 etiam
1692 1419 1782 1446 motu

228 1461 472 1497 limitationibus
508 1463 663 1497 similium
695 1466 741 1497 vel
777 1464 981 1499 dissimilium
1003 1469 1005 1496 ἰ
1026 1463 1133 1504 simili,
1157 1468 1213 1497 etc.
1238 1465 1395 1498 hactenus
1416 1465 1505 1498 factis
1526 1471 1554 1498 et
1572 1465 1603 1499 in
1616 1472 1781 1510 posterum

227 1516 413 1559 gratiarum,
431 1518 556 1551 anobis
571 1519 618 1551 vel
632 1518 717 1552 dicta
738 1518 818 1552 Sede
831 1530 890 1564 pro
905 1526 968 1553 tem
1002 1529 1005 1552 i
1027 1518 1191 1555 faciendis
1216 1519 1390 1562 privilegiis
1414 1530 1546 1563 quoque
1565 1547 1571 1561 ,
1594 1520 1727 1554 indultis
1752 1526 1780 1552 et

226 1580 306 1614 pore
322 1577 559 1613 emanatarum,
574 1573 820 1617 comprehendi,
840 1574 893 1608 sed
904 1585 983 1608 sem-

227 1634 285 1667 per
304 1624 343 1657 ab
359 1625 422 1658 illis
437 1631 611 1670 exemptas,
631 1632 659 1659 et
671 1627 798 1670 quoties
814 1627 886 1661 illac
898 1639 981 1662 ema-

227 1678 361 1719 nabunt,
376 1679 469 1714 toties
479 1680 510 1713 in
524 1681 697 1724 pristinum
710 1681 980 1716 etvalidissimum
1002 1706 1004 1725 ,ι

225 1738 343 1766 statum
363 1734 536 1773 restitutas,
570 1740 600 1769 et
629 1735 667 1769 de
693 1746 788 1775 novo,
807 1737 901 1770 etiam
923 1737 981 1771 sub
1001 1727 1004 1743 ¹

226 1786 298 1820 data
317 1798 376 1831 per
389 1788 518 1821 eosdem
531 1790 704 1832 collegium
728 1801 783 1823 seu
796 1791 979 1825 societatem

226 1840 387 1885 eligenda,
415 1853 583 1877 concessas
616 1855 651 1877 ac
677 1844 795 1878 validas
821 1851 851 1878 et
877 1845 982 1879 ostica-

227 1906 279 1929 ces
298 1906 367 1930 esse
392 1901 422 1930 et
443 1898 579 1931 censeri.

270 1950 284 1993 g
305 1949 336 1982 4.
352 1950 388 1983 Et
403 1950 449 1984 sic
464 1962 522 1995 per
535 1962 760 1996 quoscumque
774 1953 896 1986 iudices
906 1959 978 1993 etin,
1001 1964 1004 1981 ¹

226 2002 320 2035 etiam
355 2004 388 2037 S.
422 2004 457 2037 R.
481 2004 515 2037 E.
537 2005 730 2043 cardinales,
758 2007 882 2040 sublata
909 2012 980 2047 ean,

226 2056 361 2090 iudicari
387 2064 415 2091 et
439 2058 566 2091 definiri
589 2060 718 2094 debere:
745 2061 872 2094 irritum
898 2073 980 2104 quo-
1000 2031 1004 2115 i

225 2122 288 2154 que
310 2115 366 2144 etc.
390 2111 608 2146 decernimus.

225 2329 513 2369 conservatoribus
534 2329 741 2371 gubernatori
763 2331 897 2375 aliisque
922 2332 979 2366 L'r-

224 2381 272 2414 bis
302 2382 485 2425 praedictae
507 2383 756 2425 magistratibus,
780 2385 977 2422 dolianeriis.

225 2435 454 2470 commissariis
475 2442 501 2469 et
532 2436 601 2469 aliis
631 2438 786 2480 personis,
816 2450 854 2471 ue
885 2440 980 2473 colle-

224 2484 313 2528 gium
342 2496 397 2519 seu
433 2485 629 2522 societatem,
666 2487 817 2530 illiusque
838 2488 980 2531 singulas

225 2545 379 2577 personas
406 2536 586 2580 praedictas
612 2547 708 2580 super
738 2537 921 2580 praemissis
949 2539 979 2571 in

224 2583 333 2628 aliquo
345 2585 528 2627 molestare,
545 2586 735 2630 perturbare
748 2588 796 2620 vel
808 2587 976 2631 impedire,

224 2634 336 2677 quovis
369 2635 514 2678 quaesito
540 2635 648 2669 colore
674 2636 719 2668 vel
752 2637 893 2679 ingenio,
925 2648 980 2669 au-

225 2682 318 2717 deant
339 2694 395 2716 seu
416 2692 635 2728 praesumant.
657 2685 688 2717 iu
710 2686 825 2718 virtute
852 2692 979 2720 sanctae

269 2165 284 2208 ἓ
304 2164 336 2198 5.
359 2165 490 2199 Necnon
517 2167 679 2200 modernis
706 2174 734 2200 et
757 2180 812 2212 pro
835 2175 980 2213 tempore
1000 2162 1004 2246 ⁸

224 2218 433 2253 existentibus
458 2221 648 2262 camerario,
668 2222 926 2266 praesidentibus
951 2230 981 2257 et
1000 2247 1004 2276 1

225 2273 352 2307 clericis
372 2273 523 2308 Gamerae
539 2275 753 2318 Apostolicae,
777 2288 812 2310 ac
825 2278 977 2318 senatori,
1000 2280 1004 2337 f

1025 1572 1125 1605 literis
1146 1572 1342 1617 apostolicis,
1365 1574 1460 1606 etiam
1482 1575 1606 1618 populo
1617 1574 1779 1614 Romano,

1025 1627 1190 1663 senatori,
1224 1627 1503 1661 conservatoribus
1526 1655 1532 1667 ,
1572 1628 1780 1671 gubernatori

1025 1681 1208 1724 praedictis,
1232 1692 1268 1714 ac
1280 1681 1407 1715 clericis
1423 1687 1453 1715 et
1465 1682 1660 1725 gabellariis,
1683 1683 1781 1717 dolia-

1024 1734 1137 1775 neriis,
1161 1735 1390 1769 commissariis
1414 1736 1550 1780 aliisque
1572 1736 1732 1780 deputatis
1751 1742 1778 1769 et

1025 1790 1182 1833 personis,
1197 1801 1405 1834 quocumque
1421 1791 1553 1824 nomine
1571 1791 1778 1836 nuncupatis,

1024 1843 1083 1876 sub
1104 1844 1367 1889 quibuscumque
1395 1845 1563 1878 tenoribus
1583 1851 1613 1879 et
1644 1846 1777 1883 formis„

1024 1908 1056 1929 ac
1078 1909 1152 1931 cum
1172 1899 1338 1943 quibusvis
1359 1899 1514 1932 clausulis
1531 1905 1562 1932 et
1581 1899 1731 1939 decretis,
1747 1899 1778 1932 in

1023 1962 1140 1995 genere
1152 1953 1199 1985 vel
1217 1953 1248 1985 in
1269 1953 1389 1997 specie,
1404 1952 1498 1986 etiam
1514 1958 1603 1987 motu
1625 1959 1655 1987 et
1675 1953 1779 1987 scien-

1026 2005 1066 2038 tia
1079 2005 1247 2046 similibus,
1269 2007 1429 2040 concessis
1450 2012 1522 2047 etc„
1545 2007 1663 2051 quibus
1674 2007 1778 2041 omni-

1023 2059 1083 2092 bus
1092 2060 1123 2092 in
1138 2060 1238 2094 literis
1249 2060 1402 2095 latissime
1414 2061 1632 2102 extendendis,
1647 2061 1777 2095 illorum

1026 2120 1152 2148 tenores
1164 2119 1236 2149 ets..
1252 2115 1312 2149 hac
1329 2115 1394 2149 vice
1409 2115 1561 2149 latissime
1572 2115 1777 2159 derogamus,

1024 2169 1223 2213 caeterisque
1267 2170 1437 2203 contrariis
1484 2170 1745 2214 quibuscumque
1768 2198 1774 2207 ,

1024 2233 1097 2255 cum
1124 2224 1278 2257 clausulis
1293 2224 1495 2269 opportunis.

1223 2277 1302 2314 Fiat,
1326 2285 1359 2311 ut
1380 2278 1510 2322 petitur.
1535 2278 1572 2311 M.

1068 2332 1082 2371 ,ξ
1104 2331 1133 2363 7.
1152 2332 1184 2364 Et
1208 2343 1281 2365 cum
1304 2332 1506 2365 absolutione
1527 2343 1544 2365 a
1565 2331 1722 2372 censuris,
1738 2332 1776 2366 ad

1024 2386 1173 2418 effectum
1200 2391 1272 2422 clm
1301 2392 1329 2419 et
1354 2387 1440 2430 quod
1463 2386 1688 2426 instrumenta,
1704 2386 1775 2420 tite-

1023 2450 1145 2480 rarum,
1169 2446 1375 2479 statutorum,
1401 2440 1655 2484 privilegiorum,
1672 2451 1775 2475 exem-

1022 2488 1170 2532 ptionum
1197 2490 1403 2533 aliorumque
1431 2489 1669 2533 praedictorum
1684 2495 1775 2524 teno-

1023 2549 1072 2571 res
1108 2539 1287 2573 habeantur
1307 2550 1365 2583 pro
1389 2539 1560 2584 expressis,
1581 2551 1636 2574 seu
1657 2540 1688 2573 in
1710 2546 1775 2574 toto

1022 2588 1069 2621 vel
1089 2595 1177 2632 parte
1195 2589 1341 2633 exprimi,
1357 2595 1409 2622 aut
1426 2590 1464 2622 de
1480 2589 1575 2623 verbo
1591 2590 1630 2623 ad
1641 2590 1774 2624 verbum

1023 2637 1119 2671 inseri
1142 2639 1274 2682 possint.
1299 2639 1333 2672 Et
1356 2650 1429 2672 cuni
1447 2639 1775 2684 ¹:onfir1natione,ap-

1023 2687 1224 2730 probatione,
1237 2689 1427 2729 adiectione,
1440 2689 1655 2733 suppletione,
1670 2699 1772 2722 exem-

1802 277 1848 302 Au.
1866 276 1894 302 C.
1913 276 1979 303 1567

1825 1040 1936 1062 Clausutne
1949 1041 1984 1061 d·-

1800 1074 1927 1099 rogum-true¹

1805 2339 1912 2367 Repetitio
1919 2338 1975 2359 etau-

1793 2370 1890 2392 aularum.
