2237 3100
314 249 365 276 An.
379 247 409 276 C.
428 247 496 276 1572

555 235 621 270 970

508 303 673 332 sumentes
701 307 761 341 per
783 304 890 329 sacras
916 295 1003 336 leges
1034 297 1064 325 et
1090 292 1261 327 canonicas

507 351 689 385 sanctiones
715 351 793 383 latas
826 354 857 381 et
878 346 1119 391 promulgatas,
1151 351 1261 379 aucto-

507 405 599 437 ritate
620 403 796 448 apostolica
815 400 1033 446 approbantes
1049 405 1080 432 et
1103 399 1260 433 innovan-

507 464 568 497 tes,
588 468 625 490 ac
646 457 685 489 ad
706 465 818 489 omnes
839 460 866 487 et
889 454 1033 496 singulos
1057 452 1259 497 praedictos;

506 510 560 554 qui
602 511 709 542 forsan
747 509 806 541 sub
836 508 899 541 illis
937 506 1164 551 comprehensi
1195 516 1261 539 non

507 568 627 603 essent,
654 562 860 596 extendentes
892 566 923 594 et
955 560 1166 604 ampliantes,
1198 565 1260 592 sta-

507 616 628 648 tuimus
648 621 678 649 et
698 615 888 649 ordinamus
908 614 996 657 quod
1017 613 1170 657 deinceps
1186 623 1260 656 per-

507 669 613 712 petuis
632 669 749 702 suturis
779 668 981 712 temporibus
1008 677 1122 708 nemo,
1155 666 1261 700 cuius-

505 722 549 755 vis
582 722 765 765 qualitatis,
808 720 990 763 dignitatis,
1023 720 1118 753 etiam
1154 720 1259 754 eccle-

505 775 651 808 siastieae
664 802 671 815 ,
693 781 812 815 status,
829 775 965 817 gradus,
981 774 1105 807 ordinis
1125 779 1156 806 et
1179 784 1260 817 pra]-

505 828 698 861 eminentiae
723 828 838 869 fuerit,
861 827 977 860 audeat
993 838 1053 860 nec
1075 831 1260 870 praesumat

504 882 630 914 libellos
668 882 828 921 famosos,
860 891 920 914 nec
962 880 1083 913 litteras
1118 880 1258 913 monito-

504 945 596 975 rum,
622 935 715 978 vulgo
748 935 925 978 appellatas
944 934 1067 967 Lettere
1095 934 1124 966 ιζ’
1141 934 1256 973 (amisi,

505 988 706 1021 continentes
731 988 896 1027 convicia,
922 986 1056 1020 iniurias
1080 988 1127 1020 vel
1156 987 1258 1019 famae

503 1046 534 1074 et
562 1041 697 1074 honoris
718 1041 857 1074 alicuius
879 1040 1074 1081 laesionem,
1110 1051 1170 1073 neo
1198 1040 1257 1072 ali-

505 1105 603 1137 quam
629 1095 842 1138 scripturam,
868 1096 901 1127 in
917 1104 981 1137 qua
1001 1094 1039 1127 de
1055 1093 1173 1127 futuris
1187 1104 1258 1126 suc-

503 1147 647 1181 cessibus
673 1147 865 1188 disseratur,
896 1148 945 1181 vel
979 1158 1016 1180 ea
1039 1158 1122 1191 quae
1147 1157 1256 1180 coram

503 1201 596 1234 nobis
630 1201 677 1234 vel
711 1201 781 1234 aliis
807 1202 848 1234 ad
883 1201 1071 1234 universalis
1096 1200 1257 1234 Ecclesiae

503 1254 609 1288 Status
630 1254 775 1298 regimen
795 1254 956 1298 deputatis
975 1259 1100 1288 secreto
1116 1259 1257 1288 tractan-

504 1312 581 1347 tur,
624 1309 818 1347 revelentur,
860 1318 1057 1352 componere
1072 1334 1079 1348 ,
1117 1308 1254 1347 dictare,

504 1361 646 1395 scribere
661 1388 668 1401 ‚
695 1361 887 1404 exemplari,
908 1361 1060 1401 retinere,
1077 1372 1136 1394 nec
1148 1362 1186 1394 ad
1198 1360 1257 1394 ali-

505 1424 603 1457 quem
627 1414 845 1448 transmittere
864 1441 871 1455 ,
898 1414 994 1447 etiam
1023 1414 1048 1447 si
1069 1414 1199 1448 aliunde
1219 1415 1257 1447 ab

504 1467 575 1500 aliis
597 1468 783 1511 provinciis,
803 1468 994 1508 civitatibus,
1025 1468 1118 1501 terris
1133 1474 1163 1501 et
1178 1468 1257 1501 locis

504 1522 543 1554 ad
564 1532 678 1556 eorum
699 1533 815 1556 manus
829 1522 1029 1566 pervenerint
1046 1534 1053 1562 ζ,
1077 1522 1130 1555 sed
1152 1523 1257 1556 statim

503 1575 592 1618 quod
618 1575 718 1619 aliqui
739 1575 859 1608 similes
890 1575 1007 1615 libelli,
1043 1575 1166 1608 litterae
1196 1576 1257 1609 sive

504 1628 684 1671 scripturae
714 1629 810 1662 alicui
839 1629 963 1662 delatae
989 1629 1129 1669 suerint,
1152 1630 1256 1662 statim

504 1682 592 1725 quod
624 1682 697 1715 illos
726 1693 783 1715 seu
800 1682 870 1714 illas
885 1682 1054 1722 habuerit,
1084 1689 1256 1726 antequam

504 1734 565 1766 vim
597 1745 709 1768 earum
744 1735 1016 1775 manifestaverit,
1049 1747 1258 1781 corrumpere

504 1799 559 1821 seu
578 1788 644 1830 igni
665 1789 791 1822 tradere
811 1816 817 1829 ,
853 1789 900 1822 vel
932 1789 1047 1823 dilecto
1065 1789 1132 1822 filio
1148 1796 1258 1824 nostro

504 1841 659 1874 cardinali
679 1842 865 1875 Rustieueio
886 1843 1076 1885 consignare
1098 1849 1256 1885 teneatur,

504 1895 564 1927 sub
590 1896 704 1938 poenis
724 1896 912 1938 praedietis,
940 1907 1020 1938 quas
1044 1897 1096 1929 liic
1122 1908 1180 1939 pro
1205 1908 1258 1930 ex-

505 1948 623 1991 pressis
653 1949 764 1981 haberi
791 1950 963 1989 volumus,
998 1961 1035 1982 ac
1064 1950 1134 1982 aliis
1163 1951 1257 1983 etiam

505 2002 717 2043 gravioribus,
740 2001 834 2034 etiarn
845 2002 950 2035 ultimi
968 2003 1117 2046 supplicii
1135 2008 1165 2036 et
1181 2015 1258 2036 con-

506 2054 680 2087 fiscationis
706 2055 867 2088 bonorum
883 2083 890 2096 ,
922 2056 1100 2089 secundum
1121 2057 1258 2099 qualita-

505 2113 568 2139 tem
590 2108 662 2141 sacti
684 2114 713 2141 ct
735 2120 970 2152 personarum,
998 2110 1132 2142 arbitrio
1150 2117 1258 2143 nostro

505 2160 769 2195 irremissibiliter
785 2162 987 2205 i11tlige11dis3
1014 2163 1132 2205 quibus
1148 2164 1260 2207 poenis

507 2214 601 2246 etiam
623 2225 677 2247 eos
698 2214 789 2257 ligari
809 2215 977 2255 volumus,
1007 2216 1061 2259 qui
1093 2217 1123 2248 in
1144 2218 1258 2250 liuius-

507 2266 595 2298 modi
618 2266 747 2308 libellis,
762 2267 876 2300 litteris
895 2279 950 2300 seu
964 2268 1132 2312 scripturis
1147 2270 1185 2302 de
1201 2270 1258 2302 ali-

506 2330 571 2362 quo
583 2320 725 2353 oblocuti
744 2320 863 2353 suerint
877 2347 884 2361 ,
902 2321 1104 2365 alieuiusque
1115 2323 1217 2355 famae
1231 2328 1260 2356 et

506 2372 643 2413 honori,
670 2384 743 2407 vera
768 2374 863 2406 etiam
896 2374 1126 2418 exprimendo,
1153 2376 1258 2409 detra-

506 2421 628 2461 xerint,
651 2433 688 2455 ac
706 2433 743 2454 ea
760 2433 842 2465 quae
859 2433 967 2455 eoram
988 2423 1080 2455 nobis
1104 2425 1151 2456 vel
1168 2425 1258 2464 aliis,

510 2474 541 2500 ut
558 2480 666 2511 supra,
684 2476 807 2503 secreto
821 2476 1010 2511 tractantur,
1028 2473 1257 2513 1·evelavei·i11t;

508 2528 544 2548 ex
574 2517 633 2550 lioc
669 2519 819 2562 equidem
848 2520 976 2553 animus
1007 2521 1260 2564 ‹leprehemlitnr

508 2575 624 2608 pravus
650 2566 823 2600 iniuriandi
846 2574 872 2600 et
898 2568 1033 2601 nocendi
1048 2596 1055 2609 ,
1074 2575 1169 2612 atque
1187 2571 1258 2603 ideo

508 2623 562 2647 eos
576 2613 687 2650 eadem
709 2625 813 2659 poena
841 2617 942 2651 teneri
964 2618 1122 2651 convenit.

1111 238 1293 264 BULLARIUM
1312 238 1464 264 ROMANUM

1349 292 1363 335 ᾗ
1389 291 1420 325 3.
1456 291 1590 324 Necnon
1631 294 1816 333 praesentes
1855 294 1887 322 et
1918 289 2058 333 desuper

1303 344 1524 378 conficiendas
1544 344 1651 376 forsan
1671 342 1793 376 litteras
1818 343 1985 386 perpetuis
2005 343 2056 375 su-

1301 398 1384 431 turis
1414 397 1618 441 temporibus
1651 396 1794 436 durare,
1828 406 1866 429 ac
1890 406 2003 429 omnes
2027 402 2058 429 et

1303 451 1447 494 singulos
1470 461 1488 484 a
1508 451 1581 483 data
1608 449 1829 494 praesentium
1850 449 2057 483 irremissibi-

1303 505 1375 538 liter
1396 505 1489 548 ligari
1509 505 1677 544 volumus,
1710 504 1846 547 illasque
1874 504 1965 536 nullo
1985 514 2057 536 um-

1303 569 1402 602 quam
1418 563 1566 601 tempore
1586 558 1625 591 de
1644 556 1865 601 subreptionis
1883 557 1933 590 vel
1962 556 2057 590 obre-

1303 612 1399 645 tionis
1433 612 1508 645 vitio
1539 617 1595 644 aut
1620 610 1808 644 intentionis
1839 614 1968 644 nostrae
2009 611 2057 644 vel

1302 665 1457 709 quopiam
1495 665 1559 698 alio
1590 663 1716 697 defectu
1748 664 1876 705 notari,
1912 670 1968 698 aut
1998 665 2058 698 sub

1302 719 1471 763 quibusvis
1506 716 1768 751 revocationibus
1806 722 1838 750 et
1873 717 2057 761 derogatio-

1301 772 1397 805 nibus
1424 770 1658 815 comprehendi
1679 771 1865 804 nullatenus
1882 781 1988 815 posse.

1345 827 1360 869 g
1384 826 1416 859 4.
1444 826 1562 869 Sicque
1591 836 1650 868 per
1673 835 1899 869 quoscumque
1933 825 2058 859 iudices

1301 883 1374 919 etc„
1402 878 1497 912 etiam
1531 889 1703 912 causarum
1738 878 1850 911 Palatii
1880 879 2057 923 Apostolici

1301 932 1485 973 auditores,
1512 943 1549 966 ac
1573 932 1604 966 S.
1623 932 1660 965 R.
1687 932 1722 965 E.
1750 931 1945 973 cardinales,
1979 932 2056 966 sub-

1300 986 1363 1019 lata
1378 989 1449 1026 etc„
1462 986 1598 1019 iudicari
1616 985 1734 1019 debere
1749 990 1822 1026 etc.;
1837 985 1966 1018 irritum
1979 996 2058 1030 quo-

1300 1050 1363 1083 que
1383 1044 1440 1072 etc.
1470 1039 1691 1073 decernimus.

1343 1093 1359 1135 ξ,
1383 1093 1413 1126 5.
1441 1092 1510 1126 Non
1522 1092 1725 1126 obstantibus
1736 1091 1921 1135 praemissis
1933 1102 1971 1126 ac
1986 1092 2057 1136 qui-

1299 1145 1407 1179 busvis
1434 1144 1719 1179 constitutionibus
1741 1151 1770 1178 et
1797 1144 2055 1179 ordinationibus

1300 1199 1496 1242 apostolicis3
1506 1210 1543 1232 ac
1554 1199 1729 1242 quibusvis,
1740 1198 1835 1231 etiam
1847 1199 1950 1232 almae
1961 1199 2056 1232 Urbis

1300 1258 1331 1286 et
1349 1253 1479 1286 illarum
1500 1253 1682 1293 civitatum,
1710 1251 1926 1296 oppidorum,
1952 1258 2055 1287 terra-

1300 1318 1373 1339 rum
1400 1313 1430 1340 et
1456 1308 1602 1340 locorum
1620 1333 1627 1347 ,
1661 1306 1756 1339 etiam
1786 1306 1969 1340 iuramento
1994 1311 2051 1340 etc.

1299 1360 1477 1401 roboratis,
1508 1371 1545 1394 ac
1565 1359 1837 1404 provincialibus,
1871 1359 2054 1404 municipa-

1299 1413 1400 1454 libus,
1440 1424 1477 1447 ac
1504 1412 1756 1457 particularibus
1781 1413 1907 1446 statutis
1937 1423 1974 1447 ac
2008 1414 2053 1446 le—

1299 1467 1406 1509 gibus,
1437 1467 1533 1500 etiam
1548 1467 1789 1512 *imperialibus
1817 1471 1848 1500 et
1867 1466 1901 1500 in
1916 1477 2054 1511 corpore

1300 1521 1379 1554 iuris
1388 1521 1528 1565 scriptis;
1538 1521 1714 1565 privilegiis
1725 1531 1856 1565 quoque
1871 1524 1928 1554 etc.
1937 1547 1944 1561 ‚
1957 1520 2053 1554 etiam

1301 1581 1391 1608 motu
1403 1575 1498 1608 simili
1510 1580 1581 1615 ete„
1596 1575 1692 1608 etiam
1704 1574 1971 1608 consistorialiter
1979 1578 2035 1608 etc.
2044 1601 2051 1615 ‚

1300 1629 1420 1672 quibus
1431 1629 1595 1669 omnibus,
1615 1628 1746 1662 illorum
1762 1634 1891 1661 tenores
1906 1632 1978 1668 etc„
1994 1628 2054 1661 hac

1299 1682 1368 1715 vice
1403 1683 1558 1716 latissime
1601 1683 1823 1725 derogamns;
1873 1681 2054 1725 ceterisque

1301 1735 1473 1769 contrariis
1497 1736 1774 1779 quibuscumque.

1345 1789 1360 1831 ξς
1384 1789 1414 1821 6,
1443 1789 1479 1821 Ut
1505 1794 1614 1821 autem
1635 1787 1854 1831 praesentium
1880 1792 1973 1821 tenor
1987 1797 2055 1820 om-

1301 1841 1396 1874 nibus
1415 1841 1607 1881 innotescat,
1630 1842 1805 1884 nullusque
1826 1851 1941 1874 eorum
1962 1841 2054 1884 igno-

1301 1895 1439 1927 rantiam
1460 1895 1600 1937 allegare
1620 1901 1736 1937 queat,
1764 1894 1796 1927 in
1815 1894 1911 1927 valvis
1930 1894 2055 1928 Princi—

1302 1947 1350 1990 pis
1383 1949 1607 1992 apostolorum
1636 1959 1673 1981 ac
1694 1948 1725 1981 S.
1753 1948 1881 1981 Ioannis
1904 1948 2056 1981 Lateran-

1302 2002 1411 2034 nensis
1423 2028 1430 2042 ,
1458 2007 1489 2034 et
1513 2002 1545 2034 in
1566 2001 1635 2035 acie
1652 2001 1765 2045 Campi
1782 2001 1896 2035 Florae
1911 2001 1951 2034 de
1970 2001 2054 2034 Urbe

1302 2054 1461 2098 publicari
1494 2056 1707 2096 mandamus,
1748 2055 1897 2098 ipsasque
1924 2055 1969 2088 sic
1992 2066 2054 2099 pu-

1301 2107 1435 2141 blicatas
1450 2119 1563 2141 omnes
1576 2114 1607 2141 et
1622 2108 1776 2151 singulos,
1791 2118 1872 2151 quos
1891 2108 1964 2141 illae
1980 2118 2056 2142 con·

1302 2168 1450 2202 cernunt,
1474 2163 1515 2195 ita
1527 2163 1655 2195 afficere
1675 2163 1824 2205 volumus
1848 2173 1885 2195 ac
1904 2162 1929 2194 si
1950 2168 2053 2195 essent

1302 2215 1453 2248 omnibus
1486 2216 1699 2259 personaliter
1724 2215 1901 2249 intimatae.
1938 2215 2053 2249 Decer-

1301 2274 1414 2302 nentes
1447 2280 1576 2312 quoque
1612 2269 1831 2313 praesentium
1865 2269 2055 2302 earumdem

1303 2322 1403 2355 solam
1437 2323 1637 2365 signaturam
1680 2322 1829 2355 sufficere
1865 2327 1896 2355 et
1932 2321 2054 2365 ubique

1302 2374 1400 2408 fidem
1424 2378 1553 2417 faeere,
1590 2376 1621 2408 in
1654 2376 1776 2409 iudicio
1809 2381 1841 2408 et
1864 2380 1952 2408 extra
1968 2401 1976 2415 ,
2002 2385 2053 2407 re-

1301 2426 1376 2466 gula
1402 2437 1610 2469 quacumque
1635 2426 1798 2459 contraria
1810 2435 1875 2458 non
1893 2424 2049 2458 obstante.

1302 2473 1345 2506 Ae
1378 2474 1508 2507 illarum
1545 2474 1764 2517 transumptis,
1788 2484 1886 2506 manu
1914 2472 2052 2505 alicuius

1302 2523 1416 2555 notarii
1438 2524 1561 2567 publici
1582 2522 1772 2565 subscriptis
1788 2521 1931 2564 etsigillo
1948 2521 2052 2553 almae

1302 2569 1394 2603 Urbis
1438 2572 1665 2614 gubernatoris
1707 2576 1759 2604 aut
1802 2569 1934 2603 alterius
1972 2569 2053 2602 iudi-

1302 2619 1346 2653 cis
1358 2619 1514 2663 sigillatis,
1529 2620 1675 2655 eamdem
1696 2629 1829 2663 prorsus
1846 2618 1943 2656 sidem
1962 2617 2052 2652 adhi-

2072 235 2122 263 An.
2134 234 2164 263 C.
2189 234 2237 263 1157

2085 295 2196 318 clausulae
2205 301 2237 323 pri

2073 328 2193 349 servativae
2198 342 2203 348 .

2100 836 2213 858 Decretum
2229 838 2235 857 i

2071 867 2146 888 titana.

2097 1098 2207 1120 clausulae
2217 1099 2237 1120 d<

2070 1131 2200 1156 rogatorias.

2097 1796 2169 1817 Forma
2189 1799 2210 1817 et
2224 1800 2235 1816 ο

2069 1827 2138 1848 fectus
2183 1825 2237 1853 publi

2069 1859 2166 1880 cationis.
