2237 3100
44 257 91 284 An,
109 257 137 284 C.
159 256 220 284 1571

239 317 339 351 super
358 307 396 340 iis
412 318 429 340 a
449 318 628 352 quoquam,
651 307 761 350 quavis
780 307 972 341 auctoritato
988 336 994 347 ,

238 360 433 394 scientervel
445 361 644 404 ignoranter,
655 360 825 403 contigerit
834 362 992 394 attentari.

284 415 299 457 ᾗ
318 413 371 446 15.
395 414 465 447 Non
485 415 686 447 obstantibus
703 415 887 458 praemissis
907 426 943 448 ac
965 415 996 447 in

67 470 176 513 Udufflfllnss
191 469 227 490 ¹¹⁰·
239 467 405 513 quibusvis
425 469 644 512 synodalibus,
675 468 926 512 provincialibus
950 470 996 501 rel

42 506 168 529 mmmm>
239 521 446 565 generalibus
462 533 497 554 ac
514 522 751 555 universalibus
767 522 914 555 conciliis
930 523 997 555 edi-

240 575 292 615 tis,
306 575 455 618 aliisque,
475 575 572 608 etiam
584 575 782 619 apostolicis,
794 576 997 608 constitutio-

239 628 337 661 nibus
357 634 388 662 et
407 628 679 667 ordinationibus,
702 639 829 661 necnon
846 629 998 662 ecclesia-

241 692 325 722 rum,
342 681 533 714 militiarum
546 688 576 714 et
587 681 744 715 Ordinum
762 693 999 725 quorumcum-

240 745 304 779 que
325 734 462 775 statutis,
486 735 608 775 usibus,
629 735 753 768 naturis
773 741 803 768 et
824 740 999 769 eonsuetu-

242 787 383 829 dinibus,
396 788 685 821 etianiiuramento
698 789 869 829 roboratis,
881 790 1000 833 quibus

241 841 394 875 omnibus
408 847 438 875 et
458 841 606 885 singulis,
629 842 724 875 etiam
746 842 770 875 si
795 843 832 876 de
860 843 922 876 illis
949 854 1001 877 eo-

242 906 381 940 rumque
396 895 471 929 totis
488 895 657 929 tenoribus
673 895 834 940 specialis,
853 908 1001 941 expressa

242 949 447 983 etindividua
455 949 577 982 mentio
588 950 736 982 habenda
744 955 836 989 esset,
850 950 912 983 illis
924 951 1002 983 alias

242 1002 276 1036 in
295 1013 353 1036 suo
374 1002 491 1036 robore
508 1003 743 1046 permansuris,
771 1003 954 1047 specialiter
974 1010 1003 1037 et.

242 1067 391 1101 expresse
407 1056 620 1099 derogamus:
637 1056 816 1100 ceterisque
833 1057 1004 1090 contrariis

243 1110 520 1154 quibuscumque.

287 1164 303 1207 ἓ
324 1163 378 1197 16.
401 1163 488 1197 Nulli
508 1173 585 1207 ergo
606 1163 741 1196 omnino
755 1164 926 1197 hominum
943 1170 1000 1199 etc.

287 1217 404 1250 Datum
429 1217 551 1250 Romae
577 1217 662 1260 apud
683 1217 715 1250 S.
742 1217 891 1258 Petrum,
919 1229 1004 1252 anno

244 1270 478 1304 Incarnationis
502 1271 684 1304 dominicae
715 1271 887 1306 millesimo
914 1273 1005 1316 quin-

244 1325 423 1369 gentesimo
430 1325 667 1370 septuagesimo
676 1325 794 1369 primo,
807 1327 921 1369 quinto
933 1326 1006 1359 idus

245 1379 365 1419 martii,
388 1378 597 1423 pontificatus
617 1379 719 1411 nostri
740 1390 825 1412 anno
845 1389 887 1412 vt.

279 1437 341 1468 Dat.
362 1438 409 1468 die
427 1438 460 1467 11
483 1437 582 1468 martii
601 1437 690 1475 115711,
711 1437 818 1476 pontis.
835 1447 912 1468 anno
931 1447 970 1468 vl.

58 1171 143 1192 sanctio
165 1175 228 1196 poen.

531 1603 724 1638 CLXXXVII.

248 1681 437 1715 Iurisdictio
462 1681 496 1715 S.
519 1681 558 1715 R.
582 1682 624 1715 E.
652 1682 835 1714 cardinalis
852 1686 1007 1724 pretecto-

292 1736 338 1768 ris
358 1740 387 1768 et
407 1736 524 1768 iudicis
544 1746 718 1769 causarum
730 1736 1008 1777 arch[confrater—

292 1790 409 1822 nitatis
423 1789 598 1822 Trinitatis
618 1794 843 1833 nuneupatae,
867 1790 909 1822 ad
925 1801 1009 1833 pau-

291 1853 382 1886 peres
413 1844 601 1887 pereyrinos
630 1848 724 1886 atque
756 1843 1010 1876 convalescentes

295 1897 490 1964 recipiencios
504 1898 618 1940 pieque
638 1897 768 1930 alendos
790 1897 824 1929 in
845 1896 925 1930 Urbe
954 1898 1007 1930 in-

294 1942 428 1975 stitutae
469 1968 475 1974 .

382 2032 443 2060 Pius
461 2031 532 2067 Papa
549 2032 579 2065 V,
599 2032 678 2060 motu
697 2031 820 2067 proprio,
841 2033 899 2061 etc.

296 2114 387 2155 Cum,
413 2113 496 2147 sicut
517 2113 715 2157 accepimus,
738 2112 1011 2145 archiconsrater-

98 2182 237 2202 Gausahuius
253 2168 337 2201 nitas
348 2179 405 2201 seu
420 2167 558 2201 societas
570 2167 629 2200 sub
647 2166 851 2200 invocatione
869 2166 1011 2200 Sanctis-

55 2214 224 2235 ⁰⁰¹¹⁵“'¹¹²³⁰¹¹i⁵‘
253 2222 354 2255 simae
374 2222 540 2255 Trinitatis
552 2220 853 2255 Convalescentium
870 2226 900 2253 ct
914 2221 1012 2253 Perc-

254 2276 423 2319 grinorum
436 2275 577 2319 regionis
588 2275 750 2308 Arenulae
762 2275 802 2307 de
818 2275 916 2314 Urbe,
930 2274 1013 2307 eius-

255 2340 318 2373 que
330 2329 480 2362 custodes
496 2334 527 2361 et
542 2328 732 2368 confratres,
755 2328 796 2360 ob
811 2328 892 2368 lites,
913 2338 1012 2371 quae-

255 2383 389 2423 stiones,
412 2382 648 2416 controvcrsias
666 2382 785 2422 civiles,
807 2382 1011 2421 criminales,

256 2436 421 2480 profanas,
443 2435 644 2479 spirituales,
667 2446 772 2469 meras
801 2441 831 2468 et
860 2445 1012 2474 annexas,

258 2490 342 2523 inter
379 2489 773 2522 archiconii-aternitatem
816 2500 873 2522 seu
911 2488 1014 2522 socie-

259 2548 357 2576 tatem
379 2543 513 2586 eiusque
540 2542 820 2575 administratores
845 2547 875 2575 et
894 2542 1015 2584 guber-

296 2616 307 2642 1
322 2614 516 2641 Institutionem
527 2613 606 2640 habes
617 2613 641 2639 in
656 2613 694 2640 Pii
714 2613 747 2642 tv
766 2613 956 2640 constitutione
967 2613 1014 2646 vul,

260 2659 346 2694 Illius,
368 2667 425 2694 pag.
443 2659 476 2686 25
502 2659 581 2685 huius
598 2658 670 2684 tomi.

933 255 1000 277 Plt's
1020 256 1037 278 V
1057 255 1105 278 Pe.

1689 244 1745 277 thl

1040 314 1168 340 natorcs
1189 314 1218 340 et
1245 307 1418 351 deputatos
1439 306 1641 343 huiusmodi,
1669 318 1727 350 per
1752 308 1797 340 di-

1038 372 1128 393 versa
1153 361 1248 393 Urbis
1288 360 1463 393 tribunalia
1493 360 1667 402 litigantes,
1703 372 1797 393 occa-

1040 415 1129 447 sione
1150 414 1363 453 locationum,
1382 424 1551 451 censuum,
1571 414 1799 449 donationtun,

1041 467 1293 506 lia‹i=1·e(litatum,
1309 468 1503 510 legatorum,
1518 467 1689 499 domorum
1708 474 1737 499 et
1754 468 1801 499 ‹li—

1040 532 1206 554 versarum
1239 522 1376 554 aliarum
1407 532 1515 553 rerum
1534 548 1541 561 ‚
1573 526 1638 553 tam
1675 522 1801 563 agendo

1041 586 1137 619 quam
1155 575 1372 615 d11¹semjlentlo,
1390 586 1447 618 pro
1466 575 1567 618 ipsius
1579 575 1799 607 ai·‹j=liie01is1'a-

1042 629 1203 661 ternitatis
1222 640 1278 661 seu
1299 628 1462 661 societatis
1481 628 1608 661 iuribus
1623 628 1801 661 defenden-

1043 682 1091 714 dis
1109 688 1136 714 et
1155 683 1392 725 consequendis
1410 682 1529 725 iugiter
1546 681 1707 725 implicita
1736 682 1802 715 exi-

1043 741 1115 774 stat,
1139 746 1174 767 ex
1198 746 1262 778 quo
1280 735 1467 779 saepissime
1485 735 1728 779 quamplurima
1745 736 1801 768 da-

1045 800 1119 822 mna
1135 795 1165 822 et
1183 789 1337 822 interesse
1358 789 1511 832 patiatur,
1528 800 1563 821 ac
1577 789 1722 833 impensa
1740 789 1804 822 litis

1043 843 1185 875 valorem
1208 843 1266 883 rei,
1289 843 1327 875 de
1346 854 1410 886 qua
1435 854 1470 875 ex
1498 848 1644 886 tempore
1675 843 1801 886 agitur,

1044 907 1282 940 saepenumero
1301 902 1453 939 exuperet
1467 907 1473 935 3

1090 951 1104 992 ,ξ
1127 951 1154 983 l.
1176 950 1249 987 Nos,
1267 950 1662 983 archiconfraternitatem
1683 961 1740 983 seu
1753 961 1803 983 so-
1866 964 1978 981 mmmm.

1045 1005 1194 1037 rietatem
1212 1004 1426 1048 praedictam,
1447 1003 1477 1035 in
1495 1014 1557 1047 qua
1570 1004 1715 1047 piissima
1732 1005 1806 1037 elia-
1821 993 2007 1046 {ssl'is‘ssffg'ssssslj

1046 1057 1150 1090 ritatis
1171 1063 1198 1090 et
1223 1057 1468 1090 misericmniao
1494 1068 1606 1100 opera,
1632 1063 1696 1090 tam
1728 1063 1866 1101 pau·unte
1887 1056 1995 1077 Ts*¹'²¹'·¹¹'

1046 1122 1140 1155 peres
1158 1116 1187 1143 et
1209 1111 1287 1143 alias
1304 1110 1432 1154 quasvis
1455 1121 1610 1153 personas
1636 1111 1805 1154 utriusque

1047 1177 1140 1198 sexus
1162 1165 1401 1202 christifideles,
1437 1176 1473 1197 ex
1500 1164 1666 1207 quibusvis
1694 1165 1806 1197 mundi

1048 1219 1194 1262 partibus
1216 1219 1253 1251 ad
1266 1218 1385 1251 Urbem
1403 1217 1662 1261 pru-egrinantes,
1683 1218 1720 1250 ad
1733 1218 1806 1251 hos-

1048 1273 1145 1316 pitale
1162 1271 1351 1304 huiusmodi
1370 1270 1551 1303 devolionis
1570 1281 1666 1303 eausa
1683 1271 1807 1303 conflu-

1048 1332 1150 1366 entes,
1174 1326 1375 1369 recipiendo,
1404 1331 1432 1357 et
1451 1336 1505 1357 eos
1527 1324 1630 1357 tribus
1651 1335 1686 1356 ac
1705 1335 1808 1367 quan-

1048 1381 1156 1423 doque
1195 1380 1345 1423 pluribus
1388 1379 1502 1411 diebus
1541 1378 1737 1422 hospitando
1781 1384 1808 1411 et

1049 1434 1247 1467 uuntriendo
1264 1444 1299 1466 ac
1317 1432 1483 1465 caritative
1502 1432 1684 1471 tractando,
1711 1443 1808 1475 quam

1051 1498 1209 1531 pauperes
1231 1487 1502 1526 convalescentes,
1523 1485 1578 1528 qui
1601 1485 1677 1517 (lum
1699 1485 1739 1518 ab
1760 1486 1809 1518 in-

1050 1541 1203 1574 firmitate
1220 1540 1315 1573 liberi
1337 1540 1393 1572 sed
1411 1539 1546 1579 debiles,
1563 1550 1599 1571 ex
1614 1538 1686 1571 aliis
1701 1538 1809 1583 hospi-

1051 1596 1167 1629 talibus
1188 1594 1310 1633 emissi,
1334 1605 1400 1637 quo
1421 1605 1453 1626 se
1477 1593 1636 1637 recipiant
1661 1604 1727 1626 non
1752 1594 1810 1625 ha-

1050 1650 1164 1682 bentes
1181 1675 1188 1688 ,
1208 1648 1240 1681 in
1261 1648 1376 1681 eodem
1402 1657 1461 1680 suo
1483 1646 1636 1689 hospitali
1661 1646 1811 1679 similiter

1051 1702 1253 1747 excipiendo,
1269 1712 1305 1734 ac
1318 1712 1372 1734 eos
1384 1711 1449 1733 non
1462 1701 1566 1734 solum
1581 1700 1808 1743 corporaliter,

1051 1757 1155 1789 donec
1167 1755 1369 1788 robustiores
1386 1754 1533 1793 evadant,
1556 1753 1607 1797 pic
1620 1753 1748 1793 alendo,
1764 1764 1811 1785 ve-

1052 1821 1125 1843 rum
1147 1809 1243 1843 etiam
1262 1809 1360 1841 rudes
1377 1814 1405 1841 et
1428 1808 1558 1851 ignaros
1574 1807 1717 1846 interim,
1734 1806 1810 1839 dum

1052 1864 1172 1897 ibidem
1190 1868 1372 1903 morantur,
1389 1863 1421 1894 in
1435 1860 1595 1894 mandatis
1609 1860 1737 1893 Domini
1755 1872 1811 1893 au-

1053 1918 1183 1957 diendo,
1201 1917 1232 1949 in
1251 1916 1351 1949 divini
1364 1915 1505 1949 nominis
1520 1915 1714 1957 obsequium
1732 1920 1760 1947 et
1778 1915 1808 1947 S.

1053 1972 1088 2005 R.
1114 1972 1148 2005 E.
1180 1971 1407 2004 exaltationem
1436 1980 1587 2002 exercere
1613 1973 1810 2007 noscuntur,

1054 2031 1214 2069 quantum
1240 2036 1313 2058 cum
1340 2025 1405 2057 Deo
1427 2034 1614 2067 possumus,
1644 2022 1812 2055 sublevare

1053 2080 1211 2118 rolentes3

1099 2134 1113 2175 ξ
1134 2134 1166 2166 ⁶2.
1202 2133 1288 2166 Motu
1322 2132 1419 2164 simili
1455 2136 1485 2163 et
1517 2141 1553 2163 ex
1580 2134 1668 2162 certa
1703 2135 1812 2162 nostra
1855 2144 1950 2165 Fatum
1967 2150 2013 2170 pm.

1055 2187 1191 2220 scientia
1212 2197 1248 2219 ac
1269 2186 1307 2219 de
1334 2185 1530 2229 apostolicae
1557 2182 1724 2227 potestatis
1749 2183 1814 2226 ple·
1828 2208 1880 2228 (licis
1900 2208 2013 2228 mmm„-

1055 2241 1216 2281 nitudine,
1239 2238 1415 2273 venerabili
1434 2237 1523 2270 fratri
1545 2242 1656 2270 nostro
1677 2236 2013 2283 Othoni,lesternivis&-

1056 2296 1086 2328 S.
1110 2295 1146 2328 R.
1170 2294 1204 2326 E.
1225 2292 1381 2327 cardinali
1402 2293 1590 2334 Augustano
1615 2295 1814 2333 nuncupate,
1829 2276 2012 2330 {illifffliguc'a‘lls'ltsg

1056 2335 1157 2381 nune*
1169 2353 1199 2381 et
1227 2358 1287 2391 pro
1304 2352 1451 2390 tempore
1473 2343 1814 2377 areliicont'raternita-
1829 2335 2013 2388 {3¹Jfffgfflfffssssffissffj‘f

1058 2402 1095 2435 tis
1115 2413 1172 2435 seu
1184 2400 1346 2434 societatis
1362 2397 1551 2431 huiusmodi
1571 2397 1720 2430 existenti
1733 2402 1765 2429 et
1776 2397 1814 2429 ab
1830 2400 1850 2418 θ·
1865 2396 1889 2416 ³¹¹¹
1901 2396 1946 2415 ΜΞ
1962 2396 2012 2415 Μὶ-

1792 2445 1797 2450 .
1830 2428 1888 2448 cibus
1931 2432 2012 2447 reassu-

1057 2452 1169 2485 eadem
1189 2447 1812 2490 confraternitateeligendoprotcctori,
1833 2459 1913 2481 meum:

1057 2511 1170 2534 omnes
1186 2505 1214 2532 et
1233 2499 1376 2541 singulas
1397 2507 1520 2536 causas,
1533 2495 1753 2539 quaestiones,
1776 2494 1815 2526 li-

1058 2555 1104 2583 tes
1124 2546 1397 2582 etcontroversias
1410 2545 1623 2578 interdictam
1647 2544 1816 2577 archicon-

1058 2597 1293 2631 fraternitatem
1311 2606 1368 2628 seu
1389 2594 1578 2628 societatem
1599 2605 1655 2627 seu
1669 2593 1814 2626 eiusdem

1059 2648 1194 2681 dilectos
1206 2645 1291 2679 filios
1306 2644 1468 2684 custodes,
1487 2643 1641 2677 officiales
1657 2649 1689 2676 et
1719 2640 1816 2675 mini-

1814 260 1851 286 ΛΗ
1879 261 1907 285 (j.
1929 259 1990 285 ¹571

1828 2177 1917 2197 lectoris
1942 2179 1963 2197 et
1984 2177 2013 2196 iu-
2050 2191 2054 2197 .
