2237 3100
177 292 225 320 An.
248 293 276 321 C.
293 292 362 322 ¹566

227 668 251 688 Et
265 668 364 694 palatium

180 699 248 720 officio
273 698 365 725 Inquisi-

179 731 242 750 tionis
260 730 331 752 donau

205 1624 269 1650 :illud
285 1625 309 1644 ab
327 1624 365 1644 hu-

180 1657 268 1679 iusmodi
297 1655 365 1686 officie

180 1689 268 1711 alienari
293 1687 367 1714 prohi-

180 1722 224 1744 hel:

208 1787 275 1808 Hasce
292 1786 367 1805 literas

182 1819 239 1840 nullo
258 1818 307 1837 viun
328 1821 367 1836 no*

182 1851 220 1871 tari
237 1854 299 1876 posse
329 1847 367 1867 de-

180 1879 293 1902 olaratsuh
317 1883 367 1905 pue-

182 1921 208 1934 na
223 1912 367 1933 excommuni-

181 1946 280 1968 e.1tionis;

421 277 485 312 446

377 340 440 373 illis
469 339 675 373 omnimodae
706 346 732 372 et
765 345 940 383 perpetuae
970 339 1131 372 firmitatis

376 394 479 427 robur
507 394 704 432 adiicientes,
735 403 912 436 omnesque
937 396 965 424 et
987 391 1131 434 singulos

379 447 457 480 iuris
473 452 503 479 et
518 448 591 480 sacti
608 446 925 488 solemnitatumque,
947 444 1041 476 etiam
1058 445 1132 477 sub-

377 500 587 541 stantialium,
610 500 767 539 defectus,
787 500 810 532 si
832 498 1008 542 quisorsan
1024 497 1056 529 in
1073 499 1132 531 eis-

377 553 451 585 dem
472 553 715 593 intervenerint,
738 554 936 596 supplentes.

422 606 437 648 g
460 605 492 638 3.
517 607 601 640 Motu
623 606 757 650 proprio
777 612 805 639 et
823 617 860 639 cx
881 609 968 638 certa
989 604 1132 646 scientia,

379 664 570 702 maturaque
604 659 837 693 deliberatione
871 670 908 691 ac
942 658 1133 692 liberalitate

378 712 508 753 uostris,
537 724 574 746 ac
595 714 633 746 de
662 712 858 756 apostolicae
879 712 1043 755 potestatis
1064 713 1133 755 ple-

377 766 536 806 nitudine,
559 767 660 799 dictas
679 767 760 799 duas
780 767 889 799 tertias
905 771 1011 809 partes
1025 766 1133 808 palatii

377 819 577 860 huiusmodi,
609 820 654 853 sic
676 831 733 863 per
753 830 823 859 nos,
848 825 881 852 ut
901 819 1131 863 praemittitur,

377 877 512 916 emptas,
526 873 629 906 eidem
647 873 752 906 officio
765 879 892 906 sanetae
903 872 1133 916 Inquisitionis,

378 935 436 968 pro
458 925 544 959 illius
573 926 864 970 ministrorumque
891 937 1025 960 suorum
1048 937 1134 959 nunc

376 983 406 1011 et
423 989 482 1022 pro
502 984 648 1023 tempore
669 980 872 1013 existentium
893 985 1050 1024 perpetuo
1076 990 1134 1013 usu

378 1034 409 1064 et
433 1031 645 1073 habitatione,
668 1039 845 1077 perpetuae
866 1038 896 1066 et
916 1033 1135 1066 irrevocabilis

377 1084 572 1125 donationis,
596 1086 692 1119 etiam
713 1087 798 1119 inter
816 1087 901 1120 rivos
922 1087 1028 1123 titulo,
1051 1086 1135 1119 dieto

377 1138 483 1171 officio
502 1139 738 1182 Inquisitionis,
762 1146 825 1173 tam
855 1140 963 1184 quoad
988 1140 1135 1183 proprie—

378 1196 475 1224 tatem
497 1197 527 1225 et
548 1192 917 1233 directumdominium,
943 1204 1041 1236 quam
1058 1204 1136 1237 quo-

379 1244 419 1277 ad
436 1256 532 1278 usum
548 1251 579 1279 et
590 1246 833 1287 habitationem,
854 1246 1045 1279 auctoritate
1061 1258 1138 1290 apo-

380 1298 504 1338 stolica,
523 1305 634 1333 tenore
646 1300 877 1344 praesentium,
894 1300 927 1332 in
942 1305 1135 1343 perpetuum

380 1351 506 1392 damus,
526 1353 697 1393 donamus,
711 1354 925 1397 applicamus,
948 1354 1138 1397 appropria-

382 1415 464 1444 mus,
500 1405 742 1450 liberaliterque
777 1406 988 1439 concedimus
1010 1412 1037 1439 et
1059 1407 1137 1439 assi-

383 1468 532 1500 gnamus,
555 1464 779 1503 perpetuoque
795 1460 896 1499 datas,
915 1460 1060 1497 donatas,
1080 1471 1136 1504 ap-

382 1511 528 1554 plicatas,
551 1512 789 1556 approljniatas,
820 1524 989 1546 concessas
1009 1519 1037 1545 et
1059 1513 1137 1546 assi-

381 1569 492 1607 gnatas
512 1566 579 1598 sore
601 1572 628 1598 et
656 1576 735 1598 esse.

427 1618 492 1661 §bh
521 1618 675 1662 Expresso
706 1620 915 1662 prohibentes
935 1620 1137 1663 praedictum

383 1671 527 1704 officium
550 1672 772 1715 Inquisitionis
796 1674 885 1706 nullo
902 1684 1046 1716 unquam
1064 1680 1140 1707 tem-

384 1735 462 1767 pore
488 1735 547 1758 nec
572 1726 681 1770 aliqua
702 1738 738 1759 ex
755 1738 851 1760 causa
877 1727 1012 1759 alienari
1033 1738 1136 1770 posse.

428 1778 443 1820 ἓ
458 1778 490 1811 5.
509 1778 704 1822 Nostrasque
723 1786 907 1823 praesentes
925 1781 1034 1814 literas
1049 1782 1140 1813 nullo

385 1841 528 1874 unquam
554 1837 711 1876 tempore,
734 1833 773 1866 ad
795 1833 948 1873 cuiusvis,
971 1834 1067 1867 etiam
1085 1845 1140 1867 no-

384 1884 440 1917 stri
461 1890 492 1917 et
512 1891 640 1918 sanetae
660 1886 823 1919 Romanae
844 1887 1006 1920 Ecclesiae
1033 1898 1139 1920 came-

385 1937 478 1977 rarii,
513 1939 833 1983 praesidentiumque
875 1945 904 1972 et
945 1940 1139 1973 clericorum

385 1990 529 2024 eiusdem
567 1991 737 2032 Gamerae,
783 2003 838 2025 seu
870 1992 938 2026 fisci
973 1993 1141 2036 apostolici

385 2045 609 2087 procuratoris
628 2045 826 2085 instantiam,
862 2046 975 2088 quovis
995 2047 1140 2090 quaesito

385 2097 494 2130 colore
525 2099 572 2131 vel
606 2098 748 2141 ingenio,
775 2099 813 2131 de
848 2099 1060 2143 surreptionis
1093 2100 1140 2132 vel

385 2150 585 2194 obreptionis
616 2158 671 2184 aut
703 2152 860 2184 nullitatis
888 2152 975 2191 vitio,
1008 2164 1063 2185 seu
1095 2153 1141 2184 in-

385 2204 538 2237 tentionis
557 2210 686 2238 nostrae
708 2205 834 2238 defectu
855 2206 973 2244 notari,
996 2206 1043 2237 vel
1064 2206 1141 2239 alias

384 2267 516 2300 quoquo
542 2258 638 2291 modo
664 2258 864 2301 impugnari,
896 2264 948 2290 ant
976 2269 1010 2291 ex
1032 2259 1142 2301 quavis

386 2310 625 2352 urgentissima,
649 2311 742 2344 etiarn
766 2311 948 2344 necessario
961 2312 1141 2355 exprimen-

385 2362 442 2402 da,
462 2373 567 2403 causa,
584 2364 679 2397 etiam
700 2365 739 2398 de
760 2364 905 2408 ipsorum
927 2365 1140 2397 cardinalium

385 2415 615 2458 inquisitorum
651 2429 709 2461 pro
750 2424 895 2461 tempore
936 2417 1139 2450 existentium

387 2473 556 2506 consensu,
574 2468 729 2508 revocari,
752 2467 973 2500 annullarivel
989 2472 1141 2500 retracta-

387 2512 430 2553 ri,
461 2524 517 2547 seu
542 2515 612 2548 illas
632 2515 858 2559 impugnantes
888 2516 920 2548 in
946 2515 1066 2548 iudicio
1094 2517 1141 2548 vel

387 2565 474 2594 extra
495 2563 600 2596 audiri
621 2574 714 2607 posse
728 2591 735 2603 ,
762 2565 817 2597 sed
837 2564 907 2597 illas
932 2564 964 2596 in
990 2564 1141 2596 omnibus

391 2615 421 2642 et
449 2621 507 2653 per
539 2614 648 2646 omnia
675 2614 793 2646 validas
822 2618 853 2646 et
886 2614 1031 2646 efficaces
1060 2624 1140 2652 esse,

390 2668 530 2702 suosque
550 2661 726 2703 plenarios,
754 2662 895 2703 integros
915 2666 944 2695 et
966 2661 1077 2695 totales
1097 2661 1142 2694 ef-

976 287 992 310 B
998 286 1154 311 ULLARIUM
1179 287 1329 312 ROMANUM

1173 340 1274 372 tectus
1294 339 1413 379 sortiri,
1432 345 1462 373 et
1477 340 1517 372 ab
1533 341 1695 382 omnibus,
1710 341 1750 375 ad
1765 352 1846 385 quos
1857 351 1928 386 spe-

1174 398 1237 425 ctat
1262 398 1292 425 et
1316 403 1376 436 pro
1401 398 1547 436 tempore
1582 394 1753 437 spectabit,
1785 395 1844 428 sub
1874 405 1927 428 ex-

1174 445 1481 478 communicationis
1502 445 1633 479 maioris
1651 447 1734 480 latae
1753 448 1929 481 sententiae

1174 508 1211 530 ac
1232 497 1469 531 maledictionis
1489 503 1639 532 aeternae
1664 500 1778 543 poenis
1800 501 1870 544 ipso
1886 501 1930 534 fa-

1175 555 1226 583 cto
1247 561 1264 583 a
1285 551 1593 585 contrafacientibus
1621 552 1843 594 incurrendis,
1873 554 1929 587 fir·

1175 603 1270 636 miter
1290 608 1319 636 et
1340 604 1568 638 inviolabiliter
1587 606 1761 646 observari,
1778 606 1930 651 dictoque

1175 657 1282 689 officio
1303 663 1462 701 perpetuo
1483 658 1664 702 suffragari.

1219 710 1234 752 ξ
1255 710 1286 743 6.
1310 711 1346 743 Et
1362 710 1406 744 sic
1423 722 1482 755 per
1506 722 1731 756 quoscumque
1752 713 1876 746 iudices
1900 718 1932 747 et

1176 763 1427 804 commissarios,
1451 764 1547 797 etiam
1568 765 1670 808 ipsius
1689 766 1851 800 Ecclesiae
1866 767 1930 800 Ro-

1177 826 1290 849 manae
1309 817 1501 857 cardinales,
1531 818 1564 851 in
1589 819 1699 862 quavis
1729 819 1880 853 instantia
1901 825 1932 853 et

1177 880 1286 909 eausa,
1309 871 1435 903 sublata
1455 871 1500 904 eis
1520 877 1551 904 et
1571 882 1684 905 eorum
1701 873 1834 906 cuilibet
1854 884 1932 916 qua-

1176 923 1221 955 vis
1241 923 1333 956 aliter
1353 924 1517 957 iudicandi
1534 930 1564 958 et
1584 925 1817 969 interpretandi
1833 927 1934 960 facul-

1178 980 1240 1008 tate
1270 982 1300 1009 et
1329 977 1532 1018 auctoritate,
1567 978 1715 1020 iudicari,
1751 979 1883 1013 diffiniri
1903 984 1935 1013 et

1178 1029 1365 1062 sententiari
1386 1031 1517 1072 debere;
1535 1042 1572 1064 ac
1588 1031 1748 1075 quidquid
1768 1043 1861 1066 secus
1881 1043 1935 1066 su-

1179 1093 1236 1125 per
1266 1082 1314 1115 his
1334 1094 1351 1116 a
1381 1094 1560 1127 quoquam,
1592 1085 1703 1128 quavis
1728 1085 1931 1127 auctoritate,

1179 1136 1317 1169 scienter
1336 1137 1384 1169 vel
1410 1137 1608 1179 ignoranter,
1638 1138 1810 1181 contigerit
1828 1144 1933 1173 atten-

1179 1188 1251 1228 tari,
1284 1189 1412 1222 irritum
1433 1196 1464 1223 et
1485 1190 1579 1223 inane
1600 1191 1807 1225 decernimus
1827 1197 1858 1225 et
1881 1192 1935 1225 de-

1179 1243 1351 1276 claramus.

1223 1298 1237 1339 ξ
1263 1297 1292 1329 7.
1321 1297 1390 1336 Quo
1411 1297 1497 1330 circa
1522 1297 1760 1332 venerabilibus
1780 1299 1935 1333 fratribus

1179 1350 1395 1389 Amerinensi,
1412 1351 1581 1383 Narniensi
1600 1356 1630 1384 et
1646 1351 1853 1385 Maceratensi
1869 1352 1936 1396 epi-

1180 1403 1285 1446 scopis
1306 1414 1364 1446 per
1389 1404 1565 1447 apostolica
1586 1404 1705 1448 scripta
1727 1410 1817 1438 motu
1838 1405 1934 1438 simili

1181 1455 1371 1488 mandamus
1402 1462 1563 1500 qumenus
1602 1457 1663 1500 ipsi
1696 1458 1744 1490 vel
1781 1458 1846 1492 duo
1881 1464 1937 1492 aut

1180 1519 1265 1541 unus
1289 1519 1414 1550 eorum,
1435 1521 1493 1553 per
1513 1521 1545 1543 se
1565 1510 1613 1543 vel
1638 1511 1738 1543 alium
1763 1522 1820 1544 seu
1840 1511 1934 1553 alios,

1181 1567 1367 1605 praesentes
1387 1563 1495 1596 literas
1515 1568 1544 1596 et
1561 1563 1593 1596 in
1610 1563 1655 1596 eis
1671 1569 1822 1597 contenta
1839 1575 1938 1609 quae-

1181 1626 1334 1658 cumque,
1363 1616 1417 1648 ubi
1443 1621 1473 1649 et
1492 1617 1622 1660 quando
1651 1628 1733 1661 opus
1763 1618 1869 1659 suerit,
1899 1629 1937 1652 ac

1181 1669 1308 1712 quoties
1330 1681 1388 1712 pro
1410 1676 1500 1713 parte
1521 1671 1667 1714 ipsorum
1699 1672 1797 1705 officii
1821 1672 1869 1705 vel
1886 1672 1936 1705 in-

1182 1722 1376 1765 quisitorum
1402 1724 1523 1757 suerint
1542 1724 1682 1768 desuper
1702 1725 1861 1768 requisiti,
1888 1736 1938 1759 so-

1183 1776 1334 1809 lemniter
1347 1777 1566 1821 publicantes,
1590 1778 1718 1821 illisque
1735 1778 1768 1811 in
1785 1778 1939 1822 praemis-

1183 1830 1224 1863 sis
1240 1830 1379 1863 efficacis
1394 1831 1589 1864 defensionis
1608 1832 1770 1876 praesidio
1785 1831 1936 1866 assisten-

1183 1889 1240 1923 tes,
1265 1883 1379 1917 saciant
1402 1885 1592 1918 auctoritate
1612 1890 1722 1919 nostra
1742 1885 1815 1919 illos
1835 1886 1937 1922 dona-

1183 1936 1283 1975 tione,
1304 1938 1532 1980 applicatione,
1559 1939 1838 1982 appropriatione,
1859 1950 1937 1972 con-

1184 1990 1328 2023 cessione
1349 1991 1467 2024 nostris
1487 1991 1660 2035 praedietis
1675 1992 1811 2035 pacifice
1828 1991 1893 2025 frui
1908 1997 1939 2025 et

1183 2044 1336 2085 gaudere:
1359 2055 1395 2077 ac
1417 2045 1503 2088 ipsos
1524 2045 1745 2088 inquisitores,
1768 2045 1793 2078 si
1809 2045 1872 2078 sibi
1890 2045 1938 2079 vi-

1183 2097 1324 2138 debitur,
1346 2098 1395 2130 vel
1416 2108 1529 2131 eorum
1556 2098 1697 2142 aliquem
1719 2109 1775 2132 seu
1790 2098 1938 2142 ipsorum

1184 2151 1441 2183 commissarium
1462 2152 1645 2194 generalem
1679 2162 1716 2184 ac
1749 2157 1939 2195 procurato-

1184 2214 1251 2235 rem
1273 2214 1381 2244 suum,
1406 2204 1536 2237 nomine
1564 2205 1662 2238 officii
1681 2203 1881 2246 huiusmodi,
1904 2204 1938 2238 in

1184 2257 1400 2300 corporalem,
1430 2258 1550 2290 realem
1571 2263 1601 2291 et
1621 2259 1781 2291 actualem
1810 2268 1936 2301 posses-

1185 2310 1308 2342 sionem
1328 2310 1466 2343 ‹cluarum
1483 2311 1652 2344 tertiarum
1668 2311 1808 2355 partium
1826 2310 1937 2354 palatii

1184 2363 1384 2403 huiusmodi,
1407 2364 1595 2407 iuriumque
1616 2370 1646 2398 et
1665 2364 1936 2408 pertinentiarum

1185 2427 1318 2449 suorum
1361 2417 1506 2450 omnium
1552 2417 1708 2451 inducant
1746 2417 1937 2451 auctoritate

1185 2471 1303 2505 nostra,
1330 2472 1357 2498 et
1394 2466 1543 2499 inductos
1566 2467 1615 2499 vel
1635 2466 1804 2500 inductum
1838 2465 1871 2498 in
1900 2476 1938 2499 ea

1185 2515 1367 2555 defendant,
1389 2521 1496 2549 amoto
1517 2516 1631 2549 exinde
1660 2515 1805 2560 quolibet
1825 2516 1936 2549 deten-

1185 2569 1266 2604 tore,
1285 2575 1349 2597 non
1366 2565 1588 2608 permittentes
1603 2575 1658 2598 eos
1673 2565 1812 2608 desuper
1823 2575 1840 2597 a
1856 2574 1937 2607 quo-

1185 2623 1282 2655 quam
1303 2613 1442 2646 indebite
1474 2613 1646 2653 molestari,
1676 2612 1860 2656 perturbari
1889 2614 1937 2646 vel

1185 2656 1345 2704 impediri.
1365 2661 1622 2694 Contradictores
1641 2661 1811 2703 quoslibet,
1832 2662 1936 2696 rebel-

1943 287 1991 315 Αη.
2009 288 2040 316 C.
2060 286 2129 315 ¹556

1973 732 2007 753 Sic
2022 737 2062 759 per
2071 737 2133 759 quos-

1946 769 2036 790 cumque
2051 763 2132 784 iudices

1947 795 2030 817 definiri
2050 795 2119 821 iuben

1977 1311 2136 1339 Deputatcom-

1950 1344 2058 1364 missarios
2071 1345 2093 1364 et
2111 1348 2136 1363 e-

1950 1377 2081 1402 xequutores
2100 1374 2136 1394 liu-⁷

1951 1405 2039 1426 iusmod'·
2061 1405 2136 1426 litera-

1952 1443 2004 1458 rum.
