2237 3100
215 248 264 275 An.
282 249 311 276 C.
330 249 397 277 ¹565

199 1822 237 1841 «tm
254 1829 301 1839 nme
314 1823 384 1848 inqui-

201 1855 249 1873 linis
266 1855 367 1880 det-tainu

229 2099 381 2126 Sin-utumque

197 2132 332 2150 venditiones
343 2138 382 2150 au-

198 2162 270 2184 iiuttat,
291 2166 310 2181 et
328 2168 380 2182 etni-

198 2193 311 2212 natu-utili.
329 2199 380 2219 poc-

412 298 528 333 suerint
543 326 551 340 ‚
574 299 657 332 intra
685 297 871 342 quindecim
901 295 967 328 dies
986 304 1051 327 non
1072 304 1161 326 accc—

412 353 581 397 ptaverint,
605 358 632 386 et
655 361 815 385 summam
832 360 905 383 eum
931 353 1076 391 emptore
1104 357 1160 379 seu

414 417 520 441 emere
540 407 664 439 volente
690 415 753 438 non
766 403 869 436 vieino
890 407 1077 435 conventam
1094 410 1159 433 non

412 460 638 504 promiserint,
661 464 688 491 et
711 458 749 491 de
770 456 956 490 fabricando
979 456 1019 488 ad
1039 460 1159 487 certam

411 525 569 547 summam
599 511 731 545 arbitrio
762 510 988 553 magistrorum
1012 509 1157 548 viarum,

410 567 470 599 sub
490 572 575 599 certa
601 575 703 609 poena
735 563 855 597 eisdem
881 562 1041 605 magistris
1061 562 1159 595 bene-

409 620 484 659 visa,
506 630 538 652 se
550 630 614 652 non
640 617 869 661 obligaverint,
892 621 919 649 et
942 615 1057 649 deinde
1077 615 1160 648 intra

408 670 487 702 alios
507 668 690 712 quindecim
709 668 776 701 dics
791 667 907 699 dictam
920 676 1079 699 summam
1093 676 1160 697 rea-

408 718 480 750 liter
500 724 530 751 et
547 729 621 751 eum
642 718 771 756 effectu,
794 717 819 749 si
838 726 911 749 vere
933 721 961 749 et
982 715 1112 748 realiter
1128 715 1159 747 in

408 767 513 810 primo
534 767 747 800 instrumento
760 767 806 799 vel
819 771 986 799 contractu
1003 765 1013 792 ‘l
1034 769 1088 797 aut
1106 764 1160 796 ob-

408 815 558 857 ligatione
591 817 638 849 vcl
668 815 878 849 conventione
912 820 1061 848 contenta
1095 825 1158 847 non

408 864 671 908 adimpleverint,
704 870 780 898 tunc
797 864 948 903 venditio,
971 863 1041 896 aliis
1061 874 1156 905 quam

407 914 518 947 vicinis
534 915 614 947 saeta
629 915 676 947 vel
694 914 839 947 facienda
860 912 1055 952 huiusmodi,
1067 912 1157 944 firma

407 968 435 995 et
455 964 557 997 valida
580 969 754 997 remaneat.
778 963 832 997 Sin
853 973 927 996 vero
948 963 1088 1005 praefata
1109 961 1157 994 in-

407 1012 528 1046 timatio
553 1014 648 1046 modo
670 1023 734 1056 quo
752 1024 849 1056 supra
866 1013 946 1045 saeta
963 1022 1026 1044 non
1046 1010 1154 1051 suerit,

407 1066 481 1094 tunc
515 1062 668 1101 venditio,
704 1062 790 1095 iuxta
828 1062 1045 1106 praefatarum
1080 1060 1156 1093 Sixti

405 1113 660 1155 praedecessoris
687 1113 855 1145 literarum
890 1112 1048 1151 sormam,
1076 1112 1156 1144 sarta

403 1173 462 1205 pro
482 1162 585 1195 vicino
606 1162 813 1205 intelligatur.
837 1162 873 1194 Et
893 1161 917 1194 si
934 1161 1095 1204 praedicta
1112 1161 1157 1193 in-

405 1211 526 1244 timatio
560 1212 641 1244 saeta
674 1222 739 1243 non
771 1210 880 1251 suerit,
901 1211 1050 1243 volumus
1069 1211 1155 1254 quod

403 1260 441 1292 ad
462 1261 685 1293 rifi-scissionem
708 1260 802 1304 primi
825 1259 1028 1293 instrumenti
1045 1260 1156 1293 liuius-

404 1310 488 1343 niodi
510 1310 702 1343 venditionis
733 1310 957 1353 unusquisque
975 1309 1154 1342 vicinorum

403 1359 642 1402 praedictorum
668 1370 795 1403 semper
825 1364 855 1392 et
883 1359 1155 1402 quandocumque

402 1409 600 1449 adnullatur,
623 1420 681 1442 nec
703 1409 747 1441 illi
768 1409 816 1441 via
837 1409 876 1441 sit
895 1409 1075 1453 praeclusa,
1094 1408 1154 1441 nisi

403 1464 474 1502 post
494 1468 614 1492 annum
644 1470 661 1492 a
691 1458 741 1492 die
771 1458 922 1491 scientiae
952 1457 1152 1495 venditionis,

402 1518 499 1550 quam
520 1508 686 1541 scientiam
707 1507 910 1541 declaramus
925 1506 1073 1539 sufficere
1089 1511 1155 1538 tan-

403 1562 469 1589 tum
492 1557 523 1589 iu
544 1557 698 1599 generali,
720 1567 836 1600 nempe
857 1556 939 1589 scire
960 1566 1027 1589 rem
1058 1555 1155 1588 fuisse

402 1606 580 1647 venditam,
607 1607 699 1639 [diam
729 1607 814 1649 spiod
846 1605 985 1649 pretium
1017 1610 1044 1638 et
1076 1605 1155 1637 aliae

403 1656 571 1698 qimlitates
591 1656 707 1689 suerint
730 1655 905 1698 ignoratae.

445 1708 460 1747 ,ξ
481 1707 510 1739 7.
536 1706 567 1738 Iit
591 1705 872 1743 concurrentibus,
890 1705 922 1737 in
944 1704 1082 1737 cuiusvis
1099 1714 1154 1736 seu

294 1766 297 1777 ¹
347 1766 382 1779 ¹¹0⁷
402 1755 591 1798 quormnvis
610 1755 780 1788 domorum
795 1781 802 1795 ,
825 1755 1050 1798 plateolarum,
1072 1753 1154 1786 sedi-

367 1798 386 1810 '‘
403 1804 539 1845 minum,
551 1804 669 1837 situum
688 1810 718 1836 et
734 1803 957 1837 casalenorum
981 1803 1154 1847 emptione,

403 1853 561 1896 inquilino
595 1859 626 1885 et.
658 1852 782 1892 vicino,
811 1852 878 1895 ipse
907 1852 1030 1885 vicinus
1051 1852 1153 1885 eidem

403 1902 563 1946 inquilino
584 1913 620 1935 ac
636 1902 726 1941 alias⁷
745 1907 866 1935 servata
882 1902 1153 1945 praeinsertarum

404 1951 571 1985 literarum
593 1953 707 1991 forma,
729 1951 861 1984 omnino
882 1961 1010 1994 semper
1031 1952 1154 1994 praese-

403 2006 500 2042 ratur
512 2006 542 2034 et
562 2001 715 2044 praeferri
737 2001 861 2033 debeat.

445 2050 510 2092 §3-
540 2048 588 2089 Et,
616 2050 654 2083 ad
679 2049 872 2083 obviandum
895 2049 1155 2094 simulationibus

403 2105 431 2131 et
453 2099 648 2139 tictionibus,
671 2109 753 2142 quae
775 2099 967 2142 plerumque
988 2098 1020 2130 in
1041 2098 1154 2131 simili-

400 2148 460 2180 bus
480 2147 701 2181 instrumentis
715 2147 947 2187 vendititmum,
974 2147 1068 2180 etiam
1090 2149 1153 2181 t'or-

401 2209 457 2230 san
483 2198 521 2229 ad
543 2197 739 2231 eludendum
766 2196 951 2230 huiusmodi
981 2202 1105 2230 nostras
1125 2204 1154 2230 et.

400 2253 585 2280 nostrorum
612 2247 898 2291 praedecessorum
922 2246 1151 2287 ordinationes,

402 2297 484 2329 inter
504 2297 684 2330 venditores
713 2301 743 2329 et
775 2301 957 2340 eml‘itorcs,
980 2297 1154 2340 liti'aecipue

406 2345 615 2389 exprimendo
634 2345 737 2378 maius
747 2345 886 2389 pretium
898 2344 929 2377 in
942 2344 1153 2378 instrumento

401 2404 497 2437 quam
519 2405 591 2427 vere
612 2400 642 2427 et
662 2394 790 2427 realiter
805 2394 844 2427 sit
861 2394 1001 2426 solutum
1020 2394 1067 2426 vel
1080 2405 1155 2427 con-

405 2450 551 2479 ventum,
574 2444 774 2477 intercedere
794 2449 1041 2483 consueverunt,
1063 2444 1153 2476 volu-

408 2503 481 2525 mus
500 2493 586 2535 quod
608 2493 821 2533 venditiones,
845 2493 876 2525 in
896 2493 1013 2536 quibus
1041 2493 1153 2526 liuius—

440 2562 449 2586 ¹
473 2559 588 2587 Cherub
608 2559 649 2586 liir
665 2560 754 2586 addit:
772 2560 854 2593 sileri!
872 2563 969 2592 seluta,
996 2570 1047 2587 non
1067 2564 1152 2587 selre-

398 2604 466 2633 ring·
484 2606 508 2627 et
529 2603 550 2627 si
568 2604 685 2627 nendum
703 2601 785 2634 licerit
801 2603 898 2632 solnta,
915 2604 1003 2627 (minin
1025 2604 1050 2627 in
1068 2604 1153 2627 eodem

397 2645 584 2669 instrumento
603 2644 644 2668 vet
664 2645 804 2668 eone-actu
820 2642 858 2676 (n.
880 2641 927 2676 T,).

1005 239 1185 266 BULLARIUM
1209 238 1360 263 ROMANUM

1202 292 1288 325 modi
1310 290 1541 330 simulationes,
1555 289 1744 333 praesertim
1757 288 1841 322 cirea
1857 286 1952 332 pretii

1202 344 1425 388 quantitatem,
1448 343 1688 384 intervenerint,
1710 342 1952 377 omninonullse

1202 398 1284 438 sint,
1320 403 1350 431 et
1380 396 1616 437 nihilominus,
1639 401 1703 429 tam
1732 395 1873 440 pretium
1894 405 1954 439 per

1203 457 1382 495 emptorem
1405 451 1545 484 solutum
1565 449 1613 483 vel
1639 450 1835 494 promissum
1855 459 1952 492 quam

1202 516 1252 538 res
1272 504 1315 538 sie
1335 504 1461 537 vendita
1487 504 1526 536 ad
1555 514 1614 536 nos
1634 508 1664 536 ct
1683 503 1797 536 Sedem
1817 503 1952 547 Aposto-

1202 558 1297 591 licam
1332 568 1370 591 eo
1399 557 1469 601 ipso
1497 557 1698 598 devolvatur,
1724 567 1784 600 pro
1812 566 1877 589 una
1906 556 1952 589 sa-

1201 612 1309 645 bricae
1325 611 1458 644 civitatis
1473 616 1600 644 nostrae
1616 610 1689 643 Piae
1706 621 1763 643 seu
1782 610 1868 644 illius
1883 620 1953 642 rnu-

1202 676 1325 706 rorum,
1338 671 1365 698 et
1380 676 1439 709 pro
1451 664 1551 698 altera
1567 663 1790 698 medietatibus
1810 673 1954 697 camera-

1201 720 1248 753 rio
1278 725 1309 752 et
1336 718 1495 762 magistris
1521 717 1672 762 praefatis
1691 716 1953 751 irremissibiliter

1200 773 1405 816 applicanda,
1428 776 1526 816 prout
1545 782 1582 805 cx
1602 782 1690 805 nunc
1709 771 1923 816 applicamus.

1244 827 1258 870 ξ
1279 826 1309 860 9.
1342 827 1379 859 Et
1399 826 1543 870 insuper,
1566 836 1626 869 pro
1647 826 1761 859 maiori
1786 824 1883 859 officii
1903 823 1952 856 ‹ti-

1200 880 1358 913 lectorum
1385 880 1528 913 filiorum
1550 879 1673 912 Horatii
1692 879 1766 912 Nari
1787 884 1817 912 et
1836 878 1951 912 Iliero-

1201 933 1285 977 nymi
1305 934 1406 974 Pielii,
1424 933 1668 973 modernorum⁷
1682 938 1713 966 et
1728 944 1951 967 successorum

1199 997 1333 1020 suorum
1367 998 1426 1031 pro
1451 992 1596 1030 tempore
1626 986 1828 1020 existentium
1848 987 1950 1031 magi-

1198 1046 1340 1074 strorum
1362 1042 1484 1074 viarum
1505 1041 1608 1074 dictae
1628 1040 1721 1074 Urbis
1741 1040 1893 1084 dignitate
1913 1041 1951 1074 si-

1198 1095 1266 1127 mul
1287 1100 1317 1127 et.
1336 1094 1547 1135 auctoritate,
1567 1106 1604 1128 ac
1624 1094 1663 1127 ad
1684 1094 1878 1128 obviandum
1900 1105 1951 1128 ca-

1196 1148 1429 1189 villationibus,
1452 1160 1534 1193 quae
1559 1149 1591 1182 in
1609 1149 1676 1182 dies
1690 1175 1697 1189 ‚
1718 1159 1817 1193 super
1836 1159 1951 1183 eorum

1197 1202 1303 1236 officio
1328 1208 1358 1236 et
1383 1202 1558 1246 privilegiis
1577 1213 1615 1236 ac
1636 1203 1841 1237 facultatibus
1866 1203 1948 1244 suis,

1197 1256 1332 1289 subinde
1353 1267 1518 1299 emergere
1540 1262 1681 1299 possent,
1704 1256 1812 1289 omnia
1832 1262 1863 1290 ct
1883 1257 1949 1290 sin-

1196 1310 1272 1351 gula
1302 1320 1339 1342 ac
1360 1320 1586 1353 quaecumque
1607 1309 1787 1353 privilegia,
1814 1310 1950 1343 faculta-

1197 1368 1254 1403 tes,
1276 1363 1403 1406 gradas,
1424 1363 1660 1407 praerogativas
1684 1368 1715 1396 et
1738 1363 1862 1396 indulta
1881 1374 1949 1396 ma-

1196 1417 1302 1459 gistris
1322 1417 1444 1450 viarum
1463 1417 1557 1450 Urbis
1572 1428 1753 1460 eorumque
1768 1416 1875 1450 officio
1891 1417 1950 1450 liu—

1197 1470 1335 1504 iusmodi
1370 1482 1427 1514 per
1456 1471 1616 1515 praefatos
1650 1476 1680 1504 et
1713 1470 1841 1514 quosvis
1870 1470 1950 1504 alios

1196 1525 1356 1558 Romanos
1386 1525 1558 1558 Pontifices
1588 1525 1855 1569 praedecessores
1889 1522 1949 1558 n‘o-

1197 1584 1218 1611 st
1227 1590 1288 1619 ros,
1309 1590 1345 1611 ac
1366 1579 1462 1611 etiam
1488 1590 1546 1622 per
1566 1589 1624 1612 nos
1645 1583 1675 1612 ct
1695 1578 1813 1612 dictam
1834 1578 1948 1611 Scdem

1196 1633 1353 1666 hactenus
1372 1632 1618 1676 quomodolibet
1638 1637 1666 1665 et
1689 1632 1873 1677 specialiter
1893 1643 1950 1676 per

1197 1697 1292 1719 unam
1330 1691 1436 1719 motus
1469 1686 1592 1730 proprii
1627 1686 1814 1719 schedulam
1839 1696 1857 1718 a
1877 1685 1948 1730 piae

1197 1740 1371 1773 memoriae
1390 1740 1488 1773 Paulo
1508 1740 1593 1783 Papa
1613 1740 1664 1779 ltt,
1687 1739 1835 1773 similiter
1854 1750 1948 1782 prae-

1197 1793 1364 1827 decessore
1394 1799 1522 1834 nostro,
1559 1793 1696 1833 editam,
1741 1793 1949 1837 incipientem

1196 1846 1288 1879 Inter
1308 1847 1392 1879 alias
1412 1847 1664 1879 imiumerftln'les
1681 1851 1710 1879 et
1724 1857 1848 1889 (sueves,
1871 1857 1950 1880 con-

1197 1911 1301 1941 cessa,
1329 1900 1360 1933 in
1395 1900 1508 1945 primis
1528 1906 1559 1933 et
1585 1906 1657 1933 ante
1686 1900 1807 1942 omnia,
1829 1900 1949 1934 eisdem

1196 1955 1386 1987 auctoritate
1406 1961 1437 1988 et
1453 1960 1576 1995 tenore,
1595 1955 1823 1999 approbantes,
1838 1953 1950 1988 simili-

1198 2013 1244 2040 ter
1261 2014 1417 2052 perpetuo
1434 2009 1615 2049 statuimus,
1635 2008 1833 2050 ordinamus,
1845 2008 1952 2042 decer-

1196 2063 1303 2095 nimus
1323 2068 1352 2096 et
1373 2063 1575 2096 declaramus
1591 2063 1678 2106 quod
1698 2063 1862 2107 quaelibet
1876 2073 1950 2105 pars

1196 2121 1226 2149 ct
1248 2116 1391 2150 clausula
1421 2117 1484 2150 sive
1515 2116 1725 2157 constructio,
1750 2122 1813 2149 tam
1834 2127 1950 2160 supra-

1196 2169 1353 2203 dictarum
1376 2181 1434 2213 per
1454 2170 1576 2204 Sixtum
1598 2176 1628 2203 et
1648 2171 1787 2203 Leonem
1807 2181 1846 2205 ac
1867 2170 1949 2203 Pau-

1196 2224 1279 2264 lum,
1303 2235 1339 2257 ae
1368 2224 1553 2267 quarumvis
1582 2224 1740 2264 aliarum,
1769 2235 1827 2268 per
1851 2234 1948 2268 quos-

1197 2288 1350 2321 cumque,
1366 2279 1445 2312 alios
1472 2279 1635 2312 Romanos
1663 2277 1833 2311 Pontifices
1854 2287 1947 2321 prae-

1196 2331 1381 2364 decessores
1410 2337 1441 2365 et
1470 2332 1564 2365 ctiam
1586 2331 1760 2375 respective
1779 2341 1946 2364 successo-

1196 2394 1245 2417 res
1274 2391 1421 2425 nostros,
1453 2396 1489 2418 ac
1510 2373 1577 2418 ‘nos
1606 2390 1636 2418 ct
1665 2384 1777 2418 Sedem
1801 2383 1946 2417 eamdem

1196 2434 1353 2467 editarum
1389 2439 1419 2467 et
1451 2435 1723 2478 quandocumque
1748 2433 1945 2467 edendarum

1196 2483 1375 2522 literarum,
1402 2490 1430 2517 et
1452 2484 1560 2524 etiam,
1583 2484 1651 2527 pari
1673 2488 1782 2523 motu,
1805 2482 1946 2525 signato—

1197 2544 1268 2565 rum
1295 2533 1536 2576 rescriptorum,
1562 2533 1703 2566 ossicium
1729 2538 1759 2565 ct
1780 2532 1947 2566 facultates

1197 2582 1422 2624 magistrorum
1434 2582 1556 2615 viarum
1568 2581 1660 2615 Urbis
1670 2581 1855 2613 huiusmodi
1867 2592 1946 2624 quo-

1196 2642 1224 2664 m
1233 2632 1375 2665 odolibet
1383 2631 1646 2667 concernentium
1655 2636 1685 2664 et
1693 2630 1945 2689 respiciendam,

1966 232 2016 260 An.
2033 232 2063 260 C.
2083 230 2150 259 ¹565

1992 832 2104 853 Coussnmnt
2126 837 2150 852 e<

1966 863 2015 884 tiam
2039 868 2150 889 ‹pnurum-

1966 899 2006 920 quc
2026 893 2149 914 l’untiticum

1966 926 2052 946 constit.
2082 925 2150 945 editus

1965 957 2023 977 cirea
2056 955 2146 976 officium

1965 990 1987 1008 et
2036 986 2148 1007 facultates

1965 1019 2085 1043 magistron:
2103 1019 2150 1038 via<

1964 1056 2018 1075 runi,
2044 1053 2064 1069 et
2088 1049 2148 1069 dubia

1964 1081 1984 1100 in
2001 1083 2097 1101 ornatum
2111 1079 2148 1100 Ur-

1964 1111 1996 1132 hts
2013 1112 2148 1138 interpretari

1965 1143 2069 1165 decernit.
