2237 3100
470 281 511 315 58

427 344 571 377 ctoritate
604 347 821 389 praesentium
852 347 890 379 ad
924 346 1080 379 iudicium
1115 356 1178 378 non

426 398 580 438 trahatur,
597 404 624 432 et
647 399 717 432 aliis
737 400 1021 433 constitutionibus
1041 406 1067 433 et
1091 400 1177 432 ordi—

425 452 610 485 nationibus
621 453 816 496 apostoliris,
838 465 874 486 ae
886 453 1050 497 quibusvis
1065 454 1176 486 Came-

424 516 477 538 rae
494 506 653 549 praefatae
675 507 810 545 statutis,
829 507 966 539 decretis
983 512 1011 538 et
1033 507 1176 539 deelara-

425 558 577 597 tionibus,
601 559 696 592 etiam
713 561 906 600 iuramento,
930 560 1176 593 confirmatione

423 612 598 654 apostoliea
617 614 665 645 vel
691 614 801 656 (mavis
826 613 976 645 firmitate
997 613 1059 645 alia
1080 613 1175 646 robo-

422 666 510 706 ratis,
532 677 658 699 necnon
685 667 874 710 privilegiis,
898 666 1040 706 indultis,
1068 678 1175 700 exeni-

422 719 585 763 ptionibus
602 747 609 759 ,
646 722 740 752 etiam
768 720 843 752 Mari
872 720 984 763 Magno
1014 725 1070 753 aut
1098 720 1175 753 alias

422 773 626 816 nuncupatis,
641 778 902 806 conservatorum
913 774 1175 818 ‹leputationilms

421 831 447 857 et
470 836 583 858 eorum
609 838 646 859 ac
667 827 737 859 aliis
763 827 1029 864 inhibitionibus,
1057 828 1174 870 quihus

419 879 493 911 dicti
505 879 660 923 episcopi,
675 881 909 925 archiepiscopi
926 886 956 913 et
971 881 1173 925 patriarchae

418 933 543 965 deferre
560 933 692 966 minime
722 939 904 972 teneantur,
932 934 985 967 sed
1012 935 1074 967 illis
1094 935 1174 968 reie-

418 986 476 1019 rtis
508 998 544 1019 ac
569 998 633 1021 non
669 989 886 1027 obstantibus,
916 988 948 1020 in
977 988 1069 1021 dictis
1095 1001 1171 1021 rau-

418 1040 482 1080 sis,
520 1046 553 1073 ut
591 1042 793 1085 praefertur,
830 1042 1019 1086 procedere,
1047 1048 1075 1075 et
1103 1042 1172 1075 illas

418 1094 487 1126 iure
508 1094 615 1127 debito
640 1095 813 1127 terminare
839 1095 980 1139 possint,
1012 1107 1048 1128 ac
1072 1096 1172 1129 literis

416 1147 601 1191 apostolicis
631 1147 750 1181 eisdem
785 1148 937 1181 Gamerae
972 1149 1169 1191 camerario,

416 1201 641 1241 thesaurario,
677 1202 871 1245 praesidenti
905 1208 933 1235 et
974 1203 1101 1236 clericis
1135 1215 1170 1237 ac

417 1255 646 1287 collectoribus
666 1261 693 1288 et
721 1256 1010 1289 subcolleetorilnis
1031 1261 1061 1289 et
1081 1268 1170 1290 com-

416 1308 581 1349 missariis,
604 1320 641 1342 ac
657 1309 825 1353 exemptis,
844 1321 970 1343 necnon
992 1310 1121 1353 regibus
1141 1318 1167 1345 et

417 1362 618 1406 principibus
639 1364 802 1407 praefatis,
825 1376 861 1397 ac
882 1363 1005 1397 dilectis
1025 1364 1099 1397 tiliis
1119 1377 1169 1399 ar-

415 1415 656 1460 chipresbytero
673 1423 700 1449 et
718 1418 859 1460 capitulo
872 1418 1026 1451 ecclesiae
1042 1425 1169 1452 nostrae,

414 1469 654 1510 Lateranensis,
678 1481 805 1503 necnon
829 1470 979 1514 hospitali
1004 1477 1114 1505 nostro
1135 1473 1165 1506 S.

413 1522 553 1565 Spiritus
570 1523 601 1555 in
614 1522 705 1556 Saxia
717 1524 754 1556 de
766 1524 851 1557 Urbe
868 1529 898 1556 et
908 1524 1073 1567 quibusvis
1084 1517 1165 1567 aliis,

414 1576 473 1609 sub
490 1577 752 1621 quibuscumque
768 1578 935 1611 tenoribus
945 1584 975 1611 et
995 1579 1118 1619 formis,
1132 1592 1168 1613 ac

413 1640 487 1662 cum
508 1630 673 1673 quibusvis
688 1632 843 1664 clausulis
861 1637 890 1664 et
910 1632 1058 1672 decretis,
1072 1632 1167 1666 etiam

412 1688 500 1716 motu
523 1689 551 1716 et
574 1684 705 1717 scientia
722 1684 889 1722 similibus,
911 1686 1087 1724 concessis,
1110 1698 1166 1730 ap-

411 1737 554 1780 probatis
583 1742 613 1770 et
643 1737 819 1777 innovatis,
847 1739 966 1781 quibus
998 1740 1164 1779 omnibus,

411 1789 506 1823 etiam
524 1791 549 1823 si
566 1802 624 1835 pro
634 1791 762 1824 illorum
776 1792 946 1825 sufficienti
960 1792 1166 1836 derogatione

412 1844 449 1876 de
475 1843 536 1877 illis
557 1856 737 1889 eorumque
764 1847 837 1879 totis
858 1846 1024 1880 tenoribus
1044 1848 1165 1891 specia-

410 1897 460 1937 lis,
483 1898 645 1941 specifica,
669 1899 831 1932 individua
855 1905 885 1932 et
905 1911 1051 1944 expressa
1075 1913 1110 1934 ac
1126 1902 1164 1935 de

409 1952 505 1984 verbo
522 1953 561 1985 ad
580 1954 727 1993 verbum,
750 1965 813 1987 non
835 1959 942 1987 autem
964 1966 1022 1998 per
1039 1956 1164 1989 clausu-

409 2007 454 2039 las
486 2008 653 2049 generales
683 2008 766 2041 idem
801 2009 1021 2053 importantes,
1044 2011 1163 2044 mentio

408 2072 463 2094 seu
491 2063 621 2105 quaevis
646 2063 707 2096 alia
736 2064 896 2107 expressio
921 2065 1087 2105 habenda,
1109 2073 1159 2099 aut

407 2116 514 2160 aliqua
531 2117 592 2149 alia
608 2117 764 2162 exquisita
776 2120 877 2151 t'orma
889 2120 997 2151 adhoc
1011 2122 1163 2154 servanda

408 2172 501 2209 foret,
524 2176 652 2205 tenores
667 2172 853 2206 huiusmodi
872 2174 1162 2218 praesentibuspro

407 2224 605 2257 sufficienter
622 2226 779 2269 expressis
804 2227 974 2267 habentes,
1003 2227 1065 2260 illis
1084 2228 1162 2261 alias

407 2278 438 2310 in
459 2290 517 2312 suo
530 2280 647 2312 robore
657 2281 890 2324 permansuris,
913 2281 972 2314 hac
993 2281 1161 2315 vicedum-

406 2338 500 2374 taxat,
524 2334 706 2378 specialiter
717 2340 747 2367 et
759 2345 906 2378 expresse
915 2336 1120 2379 derogamus,
1130 2343 1157 2370 et

405 2398 487 2431 quae
506 2389 657 2421 adversus
668 2388 841 2432 praeniissa
853 2388 975 2422 nemini
992 2391 1158 2433 suffragari

406 2452 497 2484 posse
519 2442 679 2481 volumus,
698 2443 868 2475 contrariis
884 2443 1156 2489 quibuscumque:

404 2496 455 2523 aut
485 2491 508 2522 si
536 2492 747 2535 patriarchis,
770 2492 978 2536 primatibus,
1002 2494 1159 2537 archiepi-

406 2540 511 2583 scopis
531 2546 561 2573 et.
576 2540 734 2585 episcopis
750 2543 795 2574 vel
807 2542 971 2585 quibusvis
983 2542 1062 2582 aliis,
1073 2554 1159 2576 com-

406 2590 548 2623 muniter
575 2592 622 2623 vel
651 2592 791 2632 divisim,
814 2593 853 2625 ab
878 2593 988 2626 eadem
1010 2593 1049 2625 sit
1077 2593 1157 2626 Sede.

406 2638 568 2672 indultum
603 2641 690 2683 quod
716 2641 891 2681 interdici,
926 2642 1078 2685 suspendi
1109 2643 1154 2675 vel

404 2688 680 2724 excommunicari
714 2700 779 2724 non
810 2691 927 2735 possint
961 2702 1019 2736 per
1049 2691 1157 2727 literas

229 287 277 314 An.
294 288 323 315 C.
344 288 411 317 1560

1022 294 1200 317 nt‘LLAtuttM
1224 293 1374 316 nomNt'u

1222 345 1415 388 apostolicas
1424 356 1489 378 non
1501 346 1654 379 facientes
1663 347 1790 390 plenam
1803 351 1834 379 et
1849 357 1975 390 expres-

1222 408 1288 430 sam
1314 410 1350 431 ac
1380 399 1419 432 de
1439 400 1536 432 verbo
1562 400 1601 432 ad
1627 400 1759 432 verbum
1785 400 1824 432 de
1850 400 1974 432 indulto

1221 451 1407 484 huiusmodi
1430 453 1640 485 mentionem.

1264 505 1279 548 ἓ
1300 505 1351 538 10.
1375 506 1412 538 Et
1431 505 1508 548 quia
1527 506 1656 539 difficile
1685 507 1767 540 foret
1791 512 1974 551 praesentes

1220 559 1327 592 literas
1347 559 1385 592 ad
1410 559 1547 603 singula,
1575 560 1608 593 in
1628 561 1746 604 quibus
1766 561 1845 594 sides
1865 562 1974 594 forsan

1221 612 1365 645 facienda
1392 613 1489 654 foret,
1518 614 1589 647 loca
1609 614 1744 655 deferri,
1775 615 1924 648 volumus
1944 620 1974 648 et

1219 667 1331 700 cadem
1342 665 1746 701 auctoritatedecernimus
1762 668 1849 711 quod
1860 679 1972 702 earum

1220 720 1440 763 transumptis,
1452 731 1550 753 manu
1563 720 1699 754 alieuius
1714 720 1829 754 notarii
1852 720 1972 765 publici

1218 773 1420 817 subscriptis,
1449 779 1480 806 et
1505 774 1609 816 sigillo
1635 774 1772 807 alieuius
1792 774 1902 807 curiae
1922 785 1973 808 ec-

1218 827 1414 860 ‹:lesiasticae
1435 829 1482 861 vel
1504 839 1662 872 personae
1692 829 1725 861 in
1745 828 1897 871 dignitate
1918 839 1971 862 ee-

1218 881 1394 914 clesiastica
1405 882 1597 915 constitutae
1606 882 1748 923 munitis,
1759 882 1868 915 eadem
1881 893 1972 926 pror-

1217 945 1270 967 sus
1286 934 1365 967 fides
1385 935 1578 968 adhiheatur
1589 935 1621 968 in
1633 935 1752 969 iudicio
1764 940 1794 968 et
1814 935 1900 975 alibi,
1916 936 1970 968 ubi

1216 999 1298 1031 opus
1308 989 1322 1020 f
1322 988 1416 1027 uerit,
1429 1000 1511 1032 quae
1520 988 1744 1032 praesentibus
1752 988 1969 1029 adhiberetur,

1216 1040 1241 1073 si
1261 1042 1366 1074 forent
1386 1042 1544 1075 exhibitae
1560 1043 1608 1075 vel
1625 1047 1781 1076 ostensae.

1259 1096 1273 1138 ἓ
1293 1095 1345 1128 11,
1364 1096 1520 1139 Quodque
1543 1096 1717 1140 publicatio
1734 1096 1966 1140 praesentium,

1215 1159 1289 1181 cuin
1310 1148 1495 1182 dimissione
1516 1150 1628 1193 copiae
1652 1150 1685 1182 in
1704 1149 1800 1183 valvis
1818 1149 1968 1183 basilicae

1215 1201 1608 1247 PrincipisApostolorum
1620 1209 1646 1236 et
1659 1203 1969 1247 CancellariaeApo-

1215 1254 1344 1288 stolieae
1364 1266 1401 1288 ac
1421 1255 1454 1288 in
1471 1256 1538 1289 acie
1558 1256 1669 1300 Campi
1689 1256 1815 1297 Florae,
1837 1256 1968 1290 eosdem

1214 1308 1374 1351 praefatos
1389 1313 1420 1342 et
1439 1319 1553 1342 eorum
1570 1309 1725 1353 singulos,
1744 1309 1839 1342 etiam
1855 1309 1969 1344 adicta

1213 1361 1307 1394 Curia
1317 1361 1476 1403 absentes,
1495 1363 1540 1396 sic
1558 1368 1593 1395 ut
1612 1363 1794 1407 praefertur
1813 1362 1967 1404 monitos,

1213 1420 1314 1448 arctet
1333 1420 1364 1447 et
1383 1415 1512 1454 afficiat,
1531 1416 1665 1460 perinde
1688 1427 1724 1449 ac
1740 1415 1765 1449 si
1780 1421 1967 1460 praesentes

1212 1468 1323 1501 literae
1344 1468 1389 1502 eis
1409 1480 1446 1501 ac
1469 1480 1582 1503 eorum
1604 1469 1736 1503 cuilibet
1756 1469 1967 1513 personaliter

1213 1521 1377 1556 intimatae
1398 1524 1514 1557 forent.

1255 1575 1340 1608 Nulli
1361 1587 1437 1619 ergo
1457 1581 1515 1610 etc.

1254 1630 1368 1663 Datum
1390 1631 1510 1665 Romae
1529 1632 1616 1676 apud
1632 1632 1786 1665 Sanctum
1806 1632 1962 1675 Marcum,

1209 1695 1293 1718 anno
1318 1685 1553 1719 Inearnationis
1581 1686 1762 1720 dominicae
1792 1686 1964 1720 millesimo

1209 1739 1466 1783 quingentesimo
1493 1740 1706 1784 sexagesimo,
1739 1740 1842 1784 pridie
1862 1751 1964 1775 nonas

1209 1795 1411 1837 septembris,
1430 1794 1637 1838 pontificatus
1657 1793 1757 1827 nostri
1777 1804 1862 1827 anno
1887 1804 1908 1827 1.

1239 1843 1299 1873 [tat.
1319 1844 1365 1873 (lie
1384 1845 1402 1873 1
1425 1844 1602 1882 septembris
1622 1844 1706 1879 1500,
1726 1844 1828 1883 pontif.
1852 1853 1898 1874 an.
1914 1853 1932 1874 1.

1542 1995 1619 2028 xlii.

1206 2064 1358 2096 lentiam,
1397 2064 1439 2096 ad
1477 2064 1629 2097 terminos
1666 2064 1747 2096 iuris
1783 2065 1962 2097 communis

1250 2117 1352 2149 lmtlcw
1363 2118 1462 2150 Pauli
1477 2118 1537 2157 IV,
1555 2118 1659 2150 vilicae
1678 2128 1772 2161 super
1787 2118 1960 2151 (cummaio-

1251 2171 1343 2203 „ihm
1363 2175 1391 2203 et
1413 2171 1624 2203 locationibus
1644 2171 1797 2204 honorum
1818 2172 1962 2204 ecclesia-

1248 2224 1414 2263 stieorum,
1429 2225 1532 2267 quoad
1547 2225 1842 2268 csmsaspendences
1862 2230 1891 2259 et
1909 2226 1960 2267 su-

1250 2281 1359 2318 turam
1385 2282 1413 2311 ct
1439 2278 1571 2311 lieentia
1595 2279 1761 2312 mm‘clemtel
1786 2280 1854 2312 iam
1873 2281 1957 2313 dcci-

1247 2342 1299 2363 sas
1322 2331 1345 2364 ¹.

1321 2400 1381 2428 Pius
1395 2401 1518 2436 Papa1v‚
1534 2403 1612 2430 motu
1628 2402 1749 2438 proprio,
1766 2403 1820 2430 etc.

1246 2458 1378 2491 Provida
1405 2459 1539 2492 Romani
1565 2460 1726 2494 Pontificis
1755 2460 1954 2506 circumspe-

1202 2511 1306 2544 ctione
1324 2512 1353 2553 ⁵2,
1367 2524 1497 2556 eaquae
1514 2514 1608 2547 certis
1624 2514 1834 2548 suadentibus
1849 2516 1954 2550 causis

1201 2572 1403 2607 emanarunt,
1418 2578 1454 2599 ex
1475 2567 1545 2601 aliis
1554 2579 1618 2601 non
1636 2568 1742 2601 minus
1753 2570 1954 2604 attendendis

1238 2623 1245 2647 1
1271 2621 1342 2646 Hanc
1359 2620 1456 2647 bullam
1474 2621 1546 2648 Pauli
1565 2623 1598 2650 1v
1619 2621 1735 2649 habesin
1755 2626 1826 2651 tomo
1837 2632 1951 2660 v¹,pag.

1199 2661 1258 2691 lt‘Jss,
1277 2662 1440 2692 Inl'tmclum,
1461 2671 1487 2690 n.
1506 2669 1544 2693 111,
1567 2663 1600 2689 ibi
1622 2662 1712 2690 videas
1734 2672 1803 2699 quae
1822 2665 1887 2692 dixi.

1233 2702 1249 2729 2
1269 2702 1484 2738 circumspectio,
1504 2703 1594 2732 Matth.
1610 2703 1648 2739 (n.
1671 2704 1720 2740 T.).

1995 293 2045 320 An.
2062 292 2092 320 C.
2107 293 2180 320 ¹560

2026 520 2176 548 Transumpto-

1990 557 2034 571 rum
2052 552 2110 572 [ides.

2013 1111 2085 1133 Forma
2100 1117 2121 1134 et
2137 1113 2170 1134 el-

1984 1142 2052 1164 tectus
2075 1144 2170 1170 pubtica-

1986 1175 2056 1195 tionis.

1994 2493 2112 2516 Exordium.
