2237 3100
170 244 221 272 An.
238 245 267 274 C.
287 247 355 276 ¹560

187 840 297 863 clausulae
307 843 345 864 de-

162 873 289 898 togaton-iae.

181 1964 332 1993 Transumpto-

147 2000 191 2016 rum
207 1995 266 2018 fides.

414 239 457 273 8⁶2

369 308 432 336 tate
461 303 650 346 fungentes,
676 304 772 337 etiam
807 313 979 337 causarum
1014 303 1124 337 Palatii

367 356 542 400 Apostolici
575 356 738 390 auditores
771 362 802 390 et
835 356 935 401 ipsius
962 357 1123 390 Ecclesiae

368 409 530 443 Romanae
547 410 737 450 cardinales,
756 410 881 443 sublata
896 410 942 443 eis
962 415 992 443 et
1008 421 1121 443 eorum

366 462 499 496 cuilibet
508 462 623 505 ‘quavis
638 463 732 496 aliter
742 463 905 496 iudicandi
917 468 947 495 et
962 463 1121 507 interpre-

365 515 452 548 tandi
470 515 620 549 facultate
640 521 669 549 et
691 516 897 556 auctoritate,
930 515 1066 549 iudicari
1091 523 1122 550 et

365 567 494 601 definiri
519 568 649 608 debere;
671 579 708 601 ac
731 568 889 611 quidquid
910 579 1003 602 secus
1023 580 1122 614 super

365 620 414 653 his
433 631 451 653 a
471 631 649 665 quoquam,
669 621 779 664 quavis
794 621 996 663 auctoritate,
1015 623 1119 657 scien-

364 678 412 707 ter
445 674 493 706 vel
527 673 732 716 ignoranter,
755 674 904 707 attentari
939 675 1118 720 contigerit,

362 726 490 759 irritum
511 732 541 760 et
561 727 656 760 inane
676 726 893 761 decernimus.

405 781 420 823 ἓ
440 780 470 814 6.
492 780 561 813 Non
579 780 780 814 obstantibus
795 782 980 826 praemissis
995 794 1032 817 ac
1047 784 1118 828 qui-

360 832 467 866 busvis
491 833 776 868 constitutionibus
805 841 835 868 et
860 836 1117 871 ordinationibus

360 886 564 930 apostolicis,
587 897 715 920 necnon
735 887 888 922 Gamerae
908 895 939 923 et
963 890 1114 924 ecclesia-

359 950 432 972 rum
456 950 493 973 ac
516 940 788 974 monasteriorum
810 947 840 975 et
859 941 1017 976 Ordinum
1033 955 1115 987 prae-

358 992 520 1026 dictorum
554 999 585 1027 et
613 994 780 1038 quibusvis
800 995 887 1036 aliis,
909 996 1005 1030 etiam
1025 997 1113 1031 iura-

357 1052 478 1087 mento,
501 1047 748 1081 confirmatione
769 1049 944 1092 apostolica
964 1051 1012 1083 vel
1033 1062 1113 1094 qua-

356 1099 401 1132 vis
420 1099 573 1134 firmitate
584 1100 645 1134 alia
657 1101 828 1142 roboratis,
851 1103 977 1136 statutis
992 1108 1023 1136 et
1038 1114 1113 1138 con-

356 1152 597 1194 suetudinibus,
619 1164 747 1187 necnon
769 1155 961 1198 privilegiis,
980 1156 1113 1191 indultis

355 1210 386 1238 et
404 1205 506 1239 literis
525 1207 721 1251 apostolicis,
734 1207 808 1248 illis,
827 1208 886 1241 sub
902 1209 1112 1253 quibuscum·
1132 1246 1133 1258 1

1132 1271 1133 1276 ¹
1154 1260 1177 1293 F
1180 1260 1345 1294 ranciscus
1365 1260 1534 1304 Rogerius,
1556 1260 1709 1304 magister
1724 1272 1908 1296 cursorum.

354 1311 508 1345 clausulis
542 1320 571 1346 et
606 1313 765 1356 decretis,
787 1314 819 1347 in
849 1325 967 1358 genere
1000 1317 1049 1350 vel
1078 1317 1132 1357 in¹

354 1364 474 1407 specie,
497 1364 593 1399 etiam
613 1372 705 1400 motu
729 1373 757 1400 et
783 1367 916 1401 scientia
936 1368 1107 1410 similibus,
1131 1375 1132 1378 ’

354 1269 416 1302 que
438 1259 603 1293 tenoribus
624 1265 654 1293 et
673 1260 785 1294 formis
800 1272 836 1294 ac
853 1273 927 1295 cum
948 1263 1112 1306 quibusvis

353 1418 515 1452 concessis
535 1424 566 1452 et
585 1420 773 1463 approbatis
793 1431 830 1454 ac
846 1412 1019 1455 innovatiss
1036 1423 1110 1462 Qui-

350 1470 413 1504 bus
438 1472 604 1513 omnibus‚
625 1473 756 1507 illorum
783 1479 910 1508 tenores
930 1477 1107 1519 praesenti·
1129 1507 1130 1519 ,

349 1523 411 1557 bus
430 1535 490 1569 pro
511 1525 709 1560 sufficienter
742 1528 900 1571 expressis
935 1529 1107 1571 habentes,
1128 1543 1130 1551 ⁴

349 1577 413 1610 illis
428 1578 507 1611 alias
526 1579 559 1612 in
580 1590 638 1612 suo
659 1580 776 1614 robore
792 1583 1024 1626 permansuris,
1046 1584 1108 1618 hac
1128 1595 1129 1598 ’

348 1631 418 1664 vice
438 1631 614 1675 dumtaxat,
629 1634 811 1678 specialiter
831 1641 859 1669 et
882 1647 1030 1681 expresse
1050 1639 1105 1672 de-
1127 1640 1129 1682 ξ

349 1694 514 1728 rogamus,
537 1696 574 1720 ac
591 1687 743 1721 omnibus
759 1688 833 1729 illis,
855 1701 939 1734 quae
959 1692 1059 1725 Iulius
1075 1698 1107 1726 et
1127 1708 1128 1712 ¹

347 1737 401 1770 alii
421 1739 687 1781 praedecessores
707 1742 841 1785 praefati
866 1743 898 1776 in
928 1743 1020 1778 dictis
1040 1746 1105 1780 suis

347 1789 449 1824 literis
470 1793 643 1826 voluerunt
665 1804 731 1827 non
756 1795 901 1836 obstare,
925 1798 1105 1843 ceterisque
1125 1811 1126 1814 ¹

348 1845 519 1880 contrariis
538 1847 812 1892 quibuscumque.

392 1899 406 1943 ἓ
428 1899 457 1932 7.
494 1900 532 1934 Et
564 1901 640 1944 quia
669 1902 799 1937 difficile
820 1904 901 1937 soret
919 1913 1104 1949 praesentes

347 1954 455 1988 literas
489 1956 527 1989 ad
553 1956 680 1999 singula
703 1969 851 2002 quaeque
871 1960 943 1992 loca
963 1960 1100 2002 deferri,

345 2009 495 2043 volumus
510 2014 540 2042 et
555 2010 650 2043 etiam
667 2012 870 2046 declaramus
890 2013 977 2056 quod
989 2024 1101 2047 earum

344 2127 442 2150 mann
464 2118 579 2151 notarii
613 2120 735 2162 publici
766 2120 968 2165 subscriptis,
992 2127 1021 2155 et
1042 2123 1099 2155 ali-

344 2170 438 2204 cuius
459 2171 591 2214 praelati
604 2173 707 2216 sigillo
729 2174 872 2215 munitis,
886 2176 996 2209 eadem
1008 2187 1100 2220 pror·
1120 2210 1121 2214 ,

343 2234 396 2257 sus
416 2224 507 2266 fides,
522 2225 555 2258 in
570 2225 690 2260 iudicio
711 2232 739 2260 et
757 2233 855 2269 extra,
870 2228 990 2273 ubique
1011 2230 1101 2263 adhi-

341 2277 472 2319 beatur,
495 2291 579 2323 quae
603 2282 827 2324 praesentibus
844 2282 1053 2318 adhiberetur
1073 2285 1098 2318 si

968 250 1147 274 BL'LLARJUM
1172 247 1323 271 Romnum

1166 302 1214 335 rio
1252 301 1425 334 contraire:
1453 301 1486 336 Si
1510 302 1582 345 quis
1607 308 1716 336 autem
1735 302 1797 336 hoc
1816 307 1920 336 atten-

1165 360 1233 388 tare
1254 355 1519 399 praesumpserit,
1541 354 1795 398 indignationem
1815 356 1920 390 omni-

1166 407 1306 452 potentis
1331 407 1387 440 Dei
1415 418 1452 440 ac
1480 408 1651 441 beatorum
1674 409 1759 442 Petri
1779 415 1811 443 et
1829 410 1920 443 Pauli

1142 453 1144 465 ¹
1164 461 1386 505 apostolorum
1409 460 1477 493 eius
1492 471 1525 494 se
1541 461 1665 494 noverit
1680 462 1903 497 incursurum.

1207 515 1321 548 Datum
1350 514 1470 547 Romae
1491 514 1577 558 apud
1598 514 1751 549 Sanctum
1769 516 1918 557 Petrum,

1162 578 1247 601 anno
1275 567 1509 601 lncarnationis
1542 567 1723 603 dominicae
1746 569 1918 604 millesimo

1160 621 1421 665 quingentesimo
1442 621 1650 664 sexagesimo,
1673 622 1769 656 nonis
1785 622 1917 657 februa-

1161 674 1216 714 rii,
1240 673 1447 718 pontificatus
1467 674 1567 707 nostri
1588 685 1673 709 anno
1693 686 1715 709 1.

1203 728 1296 761 Anno
1331 739 1349 760 a
1382 727 1545 761 nativitate
1577 728 1703 762 Domini
1742 729 1916 763 millesimo

1159 780 1418 824 quingentesimo
1434 780 1752 826 sexagesimoprimo,
1770 782 1917 816 indictio-

1158 844 1198 867 ne
1219 839 1346 877 quarta,
1369 833 1420 867 die
1439 844 1514 867 vero
1535 833 1775 879 decimaquinta
1795 836 1916 869 mensis

1157 887 1324 927 februarii,
1347 887 1555 931 pontificatus
1576 888 1768 921 sanctissimi
1783 889 1816 922 in
1827 889 1916 923 Chri-

1157 944 1205 973 sto
1233 941 1333 984 patris
1362 945 1392 973 et
1416 941 1450 973 D.
1474 941 1509 973 N.
1533 940 1568 973 D.
1596 940 1642 974 Pii
1673 941 1779 975 divina
1806 942 1913 987 provi—

1157 993 1263 1026 dentia
1283 993 1387 1037 Papae
1407 993 1443 1026 IV
1464 1004 1548 1027 anno
1569 1003 1604 1035 11,
1627 994 1853 1039 retroscriptae
1874 996 1913 1029 li-

1155 1052 1242 1080 terae
1259 1046 1369 1080 affixae
1388 1051 1418 1080 et
1438 1047 1620 1091 publicatae
1641 1048 1773 1081 suerunt
1792 1048 1825 1082 in
1843 1048 1912 1083 acie

1155 1100 1266 1144 Campi
1291 1101 1403 1135 Florae
1420 1105 1451 1134 et
1470 1100 1566 1134 valvis
1590 1101 1809 1136 Cancellariae
1829 1102 1912 1147 Apo-

1155 1153 1286 1187 stolicae
1306 1165 1364 1197 per
1389 1164 1447 1188 nos
1467 1154 1620 1187 Iacobum
1644 1154 1742 1188 Carra
1762 1160 1793 1188 et
1812 1155 1912 1189 Anto-

1155 1206 1246 1239 nium
1267 1207 1400 1249 Clerici,
1423 1217 1585 1241 cursores.

1480 1445 1580 1479 XXIV.

1151 1521 1365 1564 Confirmatio
1377 1526 1406 1554 et
1417 1532 1500 1555 ¹nova
1520 1523 1675 1555 concessio
1696 1524 1844 1557 omnium
1857 1524 1908 1566 fa-

1194 1576 1351 1608 cultatum
1371 1580 1400 1608 et
1416 1576 1663 1620 prirz'leyiomm
1680 1576 1714 1610 S.
1738 1577 1777 1611 R.
1795 1577 1838 1611 E.
1856 1589 1907 1611 ca—

1194 1629 1334 1662 merario
1365 1629 1518 1662 hactenus
1544 1641 1564 1662 α
1592 1630 1736 1664 Summis
1762 1631 1905 1675 Pontifi-

1192 1683 1279 1715 cibus
1300 1693 1528 1716 concessorum.

1239 1762 1301 1791 Pius
1320 1763 1461 1799 episcopus
1480 1771 1577 1793 servus
1600 1771 1741 1793 servorum
1756 1765 1817 1798 Dei.

1281 1814 1315 1842 ad
1339 1815 1503 1849 perpetuam
1528 1814 1570 1843 rei
1597 1815 1765 1843 memoriam.

1188 1884 1390 1919 Providentia
1401 1886 1536 1919 Romani
1547 1887 1711 1921 Pontificis
1720 1888 1899 1933 plurimum

1144 1939 1389 1984 circumspecta,
1399 1950 1643 1984 nonnumquam
1652 1952 1699 1982 ca,
1709 1953 1792 1985 quae,
1804 1943 1900 1977 certis

1143 1993 1352 2027 suadentibus
1363 1994 1479 2036 causis,
1492 2006 1550 2038 per
1559 1995 1628 2028 eius
1637 1996 1900 2040 praedecessores

1142 2154 1280 2195 reducit,
1302 2167 1339 2189 ac
1355 2156 1529 2200 quemlibet
1552 2157 1584 2189 in
1602 2167 1658 2190 sua
1677 2157 1899 2192 iurisdictione

1141 2214 1172 2242 et
1179 2209 1378 2252 possessione
1388 2215 1553 2243 conservat
1560 2215 1590 2243 et
1598 2216 1795 2252 manutenet,
1801 2217 1898 2254 prout

1140 2262 1286 2306 aequitas
1298 2264 1420 2304 suadet,
1435 2264 1507 2297 ctid
1530 2264 1562 2297 in
1582 2264 1718 2299 Domino
1739 2265 1897 2310 conspicit

1140 2316 1313 2350 salubriter
1332 2317 1493 2360 expedire.

1937 249 1988 274 An.
2006 249 2035 275 C.
2055 249 2124 277 ¹560

1943 746 2068 769 Publicatio.

1939 1908 2057 1932 Exordium.

342 2331 448 2364 forent
467 2333 625 2366 exhibitae
646 2334 692 2367 vel
714 2340 872 2370 ostensae.

386 2385 452 2427 §8
483 2385 569 2419 Nulli
603 2397 680 2431 ergo
710 2389 844 2423 omnino
866 2390 1036 2426 hominum
1058 2391 1096 2424 li-

167 2445 253 2468 smuo
274 2451 327 2475 ρο..
342 2439 412 2467 ceat
430 2434 515 2468 hanc
534 2435 685 2479 paginam
706 2444 890 2471 nostrarum
910 2440 1097 2474 declaratio-
1219 2477 1224 2482 ‚
1285 2477 1291 2482 ,

1118 2495 1119 2498 =
1139 2476 1309 2511 cardinalis
1321 2479 1358 2511 de
1368 2479 1480 2512 Sancta
1491 2478 1583 2512 Flora
1594 2484 1812 2524 nuncupatus,
1824 2491 1890 2515 mo-
1903 2488 2089 2549 gamul-guo&

139 2476 201 2499 ”²¹³2
341 2493 432 2523 num,
456 2483 673 2525 decretorum,
696 2488 952 2531 approbationis,
975 2490 1095 2523 confir-

340 2531 500 2572 mationis,
513 2533 738 2575 innovationis,
750 2536 949 2578 adiectionis,
973 2539 1093 2579 statuti,
1117 2531 1118 2562 l
1138 2530 1269 2571 dernus,
1292 2537 1320 2565 et
1337 2532 1476 2576 quiante
1492 2543 1566 2566 eum
1582 2543 1642 2576 pro
1654 2537 1799 2578 tempore
1818 2534 1939 2572 fue-111.
1956 2551 2059 2574 umnam.

342 2581 566 2622 ordinationis,
588 2584 814 2625 concessionis,
834 2586 1050 2629 derogationis
1066 2594 1097 2621 et
1117 2594 1118 2598 ’
1138 2589 1214 2617 runt
1229 2584 1260 2618 S·
1281 2584 1317 2619 R·
1340 2586 1374 2619 Ε.
1399 2586 1581 2628 οωῑὶθΓὶῑΓίἱ,
1598 2586 1700 2620 multa
1714 2592 1745 2621 et
1765 2587 1889 2623 diversa

343 2630 516 2667 voluntatis
535 2630 723 2679 infringere,
743 2634 791 2669 rel
812 2634 840 2670 ei
860 2646 942 2671 ausu
960 2640 1096 2672 temera-
1109 2658 1123 2706 1
1137 2637 1305 2684 privilegia
1327 2639 1372 2675 eis
1391 2650 1570 2687 eorumque
1592 2641 1822 2677 camerariatus
1839 2643 1888 2678 of-

1183 2369 1238 2412 §l
1253 2369 1334 2403 Sane
1344 2382 1418 2403 cum
1428 2371 1565 2405 dilectus
1574 2371 1660 2405 filius
1670 2377 1780 2405 noster
1790 2372 1892 2406 Guido
1919 2393 2093 2418 mmmmm.

1139 2423 1304 2464 Ascanius,
1333 2424 1363 2457 S.
1390 2425 1506 2458 Mariae
1522 2425 1554 2458 in
1565 2425 1713 2458 Via-Lata
1737 2425 1891 2461 diaconus
1904 2424 2039 2479 {ffinfg'ssf
2049 2427 2092 2486 ἐξ(
