2237 3100
210 218 261 245 An.
277 217 307 246 C.
324 217 391 246 1567

230 279 349 300 Decimum
357 280 391 301 de-

207 312 264 331 cimae
275 314 339 332 sextas
347 317 391 332 rno-

207 341 288 363 tentae,

226 1500 344 1522 Declaratio
353 1501 385 1521 de-

205 1533 271 1553 rimae
295 1533 386 1559 septima·

202 1562 320 1584 moloniae.

221 2381 340 2402 nectarntio
350 2383 384 2403 de-

197 2412 264 2432 cimae
295 2415 382 2433 octavae

198 2439 309 2462 molestiae

406 283 477 306 rum
507 272 567 307 sibi
588 273 729 316 irrogata
750 271 950 310 auctoritaie,
971 271 1029 314 ipsi
1047 282 1156 319 pers05

405 337 461 359 nas
481 327 657 370 regulares,
681 337 756 359 suae
778 324 974 358 iuridictioni
995 324 1155 357 subiicere.

404 381 535 415 omnino
556 382 697 421 student,
719 391 756 413 ac
776 380 905 413 decreto
926 378 1054 412 concilii
1075 390 1156 423 prse-

404 433 467 475 fati,
497 434 647 468 sessionis
680 443 738 467 xxv
758 432 861 477 capite
886 442 936 465 xiv
965 432 1061 473 edito,
1089 444 1154 478 quo

404 493 533 521 cavetur
563 487 649 532 quod
674 487 699 520 si
720 485 877 529 regularis
908 485 990 519 intra
1016 487 1156 520 claustra

402 540 550 581 existens,
573 546 603 574 et
629 546 717 574 extra
739 550 775 573 ea
795 540 838 573 ita
862 540 987 573 notorie
1013 540 1157 584 delique-

402 593 442 627 rit
468 600 503 627 ut.
518 595 641 638 populo
658 594 866 628 scandalosus
886 594 937 635 sit,
960 594 1099 628 termino
1115 595 1154 628 ab

402 647 555 692 episcopo
589 648 807 692 praefigendo,
841 660 859 681 a
892 659 950 682 suo
985 649 1154 693 superiore

401 700 534 734 omnino
545 702 711 746 puniatur,
734 702 783 736 sin
799 703 917 744 minus,
936 703 975 736 ab
992 704 1155 737 ordinario

401 748 592 794 delinquens
618 751 727 795 puniri
753 752 867 796 possit,
902 752 1026 793 confisi,
1061 753 1155 787 variis

402 798 615 844 indebitisque
636 801 875 845 gravaminilnis
895 802 1061 845 regulares
1085 803 1154 836 affi-

400 847 502 889 ciunt,
525 850 705 884 ordinarios
722 851 880 895 praefatos
901 852 1022 895 aliquid
1043 858 1154 885 contra

400 899 566 941 regulares
599 901 769 933 occasione
798 901 846 934 vel
876 911 971 934 causa
1002 900 1154 935 innovare

399 957 464 979 non
481 958 586 992 posse,
613 950 661 982 vel
677 950 795 983 debere
812 950 843 982 in
865 950 1014 984 claustris
1033 951 1153 994 degen-

399 1001 446 1028 tes
465 997 666 1039 huiusmodi,
680 999 982 1044 quovispraetcxtu,
1000 1000 1012 1023 1
1031 1012 1089 1034 nec
1099 1001 1155 1034 ali-

398 1055 481 1088 quos
496 1057 668 1090 processus
688 1054 801 1082 contra
823 1049 907 1092 ipsas
929 1060 1084 1094 personas
1102 1061 1153 1084 re-

399 1096 528 1138 gulares
552 1098 691 1132 formare
721 1105 776 1133 aut
804 1102 909 1134 tacere
942 1112 1035 1145 posse
1065 1102 1154 1135 volu-

399 1156 483 1187 mus,
496 1147 556 1180 nisi
578 1154 710 1193 propter
730 1149 935 1182 manifestum
952 1151 1151 1191 scandalum,

399 1200 430 1227 et
454 1206 587 1229 suorum
621 1197 777 1231 Ordinum
807 1199 1032 1242 superioribus
1064 1200 1154 1243 prins

399 1245 555 1279 consultis
567 1251 596 1279 et
608 1247 856 1291 negligentibus,
879 1247 1023 1292 alioquin
1045 1249 1153 1283 omnia

399 1299 429 1325 et
449 1294 574 1338 singula
595 1298 894 1342 contrapraemissa
915 1299 1002 1331 sactav
1018 1304 1048 1331 et
1067 1306 1154 1341 gesta

399 1353 435 1375 ac
456 1343 600 1377 facienda
622 1345 653 1378 in
682 1346 827 1380 futurum
850 1358 909 1391 pro
929 1348 1026 1380 nullis
1053 1354 1081 1382 et
1109 1349 1154 1382 in-

401 1392 490 1425 sectis
510 1393 701 1428 habeantur.

445 1442 498 1475 17.
528 1443 638 1488 Neque
658 1446 753 1478 etiam
776 1458 808 1479 se
837 1446 1054 1481 intromittant
1088 1449 1154 1481 ullo

401 1497 494 1535 pacto
515 1499 570 1526 aut
590 1494 698 1538 aliqua
723 1496 847 1530 ratione
869 1497 900 1529 in
921 1497 1154 1541 gubernatione

401 1547 630 1584 conventuum,
650 1549 714 1577 tam
741 1546 876 1579 fratrum
905 1558 1002 1590 quam
1028 1548 1154 1581 monia-

401 1591 479 1624 lium
501 1592 700 1635 huiusmodi,
733 1601 763 1627 ct
784 1595 913 1628 illorum
940 1596 1155 1630 correctioni-

400 1640 471 1681 bus,
494 1643 548 1675 sed
569 1643 677 1676 omnia
702 1644 760 1677 ista
781 1650 809 1677 ct
831 1646 893 1679 alia
910 1648 1093 1680 neccssaria
1115 1650 1153 1682 ad

401 1691 636 1725 correctionem
657 1698 688 1726 et
721 1693 991 1735 gubernationem
1019 1696 1153 1731 fratrum

399 1745 455 1772 aut
497 1740 685 1775 monialium
730 1743 916 1777 huiusmodi
947 1755 1061 1778 eorum
1100 1758 1155 1790 ge-

399 1789 564 1823 neralibus
610 1791 765 1826 ministris
803 1804 859 1826 seu
902 1795 1155 1838 provincialibus

398 1839 447 1871 vel
466 1839 537 1872 aliis
558 1851 670 1874 eorum
691 1847 746 1875 aut
766 1853 878 1876 earum
900 1845 1075 1888 respective
1100 1857 1154 1879 su-

400 1888 595 1931 perioribus,
613 1890 709 1924 etiam
722 1891 845 1925 ratione
862 1898 1015 1936 computa
1032 1895 1154 1928 sacien-

399 1936 430 1968 di
463 1948 538 1971 cum
564 1939 702 1983 syndicis
727 1946 945 1987 conventuum
967 1943 1154 1977 huiusmodi

399 1987 531 2020 omnino
552 1988 774 2033 relinquatur,
802 2001 861 2023 nee
896 1992 962 2024 ullo
993 1993 1088 2026 modo
1123 1994 1153 2026 in

401 2037 582 2079 praedictis,
600 2050 658 2082 per
668 2050 701 2072 se
712 2040 758 2073 vel
771 2040 862 2081 alios,
877 2052 909 2074 se
926 2041 1151 2076 intromittam.

442 2086 495 2119 18.
520 2087 646 2121 Fratres
659 2099 801 2132 quoque,
817 2088 842 2122 si
863 2090 1032 2133 contigerit
1043 2102 1098 2125 cos
1114 2093 1152 2125 ad

399 2134 584 2169 huiusmodi
605 2137 786 2171 ordinarios
802 2149 973 2171 recursum
990 2140 1119 2181 habere,
1136 2152 1153 2174 a

399 2185 549 2226 praefatis
580 2187 786 2229 generalibus
811 2188 964 2221 ministris
993 2201 1049 2223 seu
1076 2202 1153 2234 pro-

399 2232 599 2275 vincialibus,
624 2235 799 2279 prioribus,
827 2238 1012 2280 guardianis
1032 2244 1063 2271 et
1083 2240 1152 2273 aliis

399 2284 622 2327 superioribus
639 2286 787 2329 castigari
809 2292 837 2319 et
869 2287 979 2331 puniri
1009 2299 1101 2332 posse
1122 2296 1150 2323 et

399 2332 527 2374 debere,
555 2344 662 2378 neque
683 2335 768 2379 ipsos
788 2336 970 2370 ordinarios
1000 2339 1152 2380 praefatis

400 2382 624 2425 superioribus
643 2384 800 2418 Ordinum
822 2385 1009 2419 huiusmodi
1039 2388 1152 2421 ullate-

399 2439 460 2462 nus
478 2430 636 2466 inhibere.
658 2434 845 2473 Quinimmo
870 2436 1029 2479 praefatos
1055 2448 1150 2481 supc-

434 2503 445 2528 ¹
469 2502 506 2529 tta
527 2502 597 2530 hunc
617 2504 704 2531 locum
726 2505 787 2540 legit
811 2514 836 2541 p.
860 2506 945 2541 Ripoll
960 2527 964 2533 .
981 2530 985 2534 .
1001 2530 1006 2534 .
1022 2527 1027 2533 .
1041 2511 1151 2540 requia-

396 2550 438 2568 res
461 2545 488 2569 in
508 2545 632 2571 claustris
648 2548 768 2578 degentes
783 2549 944 2578 huiusmodi,
962 2551 1053 2580 quotis
1069 2558 1149 2581 prae-

396 2586 480 2616 textu,
504 2587 639 2611 occasione
667 2588 706 2614 vol
733 2595 823 2620 causa,
845 2590 974 2614 itinerare
1006 2598 1058 2616 non
1078 2598 1150 2622 posse

395 2626 435 2650 tet
449 2625 541 2651 debere
558 2625 594 2661 (a.
617 2627 656 2662 T.)

999 218 1177 243 BULLARIUM
1200 219 1351 244 ROMANUM

1959 220 2008 246 An.
2025 217 2056 245 C.
2074 218 2141 247 1567

1198 270 1299 304 riores
1328 281 1499 315 processus
1528 276 1639 306 contra
1672 272 1785 306 fratres
1813 283 1888 306 suos
1916 278 1945 306 et

1197 324 1352 357 moniales
1373 316 1568 363 huiusmodi,
1589 326 1718 369 quando
1736 336 1818 370 opus
1837 326 1944 367 fuerit,

1197 377 1282 410 circa
1312 377 1504 411 delictorum
1525 377 1766 421 inquisitionem
1785 380 1834 413 vel
1854 380 1948 414 casti-

1196 430 1356 474 gationem
1379 432 1483 465 facere
1508 443 1600 476 posse
1617 433 1833 475 decernimus,
1856 434 1945 468 invo-

1197 489 1266 518 cato
1293 485 1387 518 etiam
1404 486 1443 519 ad
1463 486 1538 528 hoc,
1557 486 1581 520 si
1602 497 1684 530 opus
1699 487 1807 528 suerit,
1824 488 1944 521 auxilio

1196 538 1320 572 brachii
1342 540 1526 573 saecularis.

1240 592 1293 626 19.
1321 593 1506 627 luhibemus
1535 594 1630 628 etiam
1659 595 1736 640 ipsis
1756 595 1944 638 ordinariis,
1974 606 2143 643 becumine-

1195 656 1235 679 ne
1266 647 1380 681 fratres
1409 653 1496 681 extra
1531 649 1671 682 claustra
1699 649 1850 692 degentes
1887 643 2142 691 suh22¹1221530f¹⁰⁰⁸⁶

1195 711 1309 734 eorum
1331 703 1531 746 protectione
1558 703 1725 748 recipiant,
1742 714 1873 748 eosque,
1896 703 1945 737 in-

1194 754 1265 787 vitis
1285 756 1351 788 suis
1371 756 1606 801 superioribus,
1632 756 1806 794 detineant.

1239 808 1292 842 ⁶20.
1325 810 1538 844 Prohibemus
1561 822 1691 856 quoque
1716 811 1835 845 eisdem
1862 811 1946 845 ordi·
1967 817 2145 868 ,ἱξεῡῑέτῡϋοινῑζ

1195 862 1304 904 uariis,
1329 874 1367 897 ne
1389 864 1497 908 aliquo
1519 865 1614 898 modo
1630 877 1663 899 se
1683 865 1898 899 intromittant
1913 866 1944 899 in
1960 853 2037 901 iiii'emn
2077 854 2131 870 ”¹⁰⁰

1194 916 1288 949 bonis
1321 918 1481 951 dictorum
1516 919 1651 952 fratrum
1685 925 1772 953 extra
1807 920 1946 954 claustra

1195 982 1329 1004 suorum
1346 972 1617 1006 monasteriorum
1638 984 1697 1018 pro
1719 980 1864 1019 tempore
1889 975 1944 1008 de-

1194 1025 1337 1067 gentium
1360 1026 1422 1060 sive
1443 1027 1680 1070 decedentium,
1701 1034 1741 1069 et,
1758 1029 1902 1072 quamvis
1914 1029 1946 1061 in

1194 1079 1305 1112 habitu
1345 1080 1407 1114 sive
1451 1081 1572 1126 absque
1604 1081 1715 1115 habitu
1746 1082 1944 1124 moriantur,

1194 1133 1342 1166 volumus
1363 1134 1450 1178 quod
1466 1146 1579 1168 eorum
1596 1135 1680 1168 bona
1698 1135 1831 1169 mobilia
1845 1141 1876 1169 et
1890 1136 1947 1169 im-

1195 1187 1326 1220 mobilia
1346 1188 1385 1221 ad
1406 1188 1557 1222 Ordinem
1587 1200 1685 1233 quem
1716 1190 1851 1233 professi
1872 1196 1946 1224 sunt

1195 1241 1373 1284 pertineant
1382 1242 1593 1286 ‚disponenda
1606 1243 1690 1276 iuxta
1701 1243 1946 1278 constitutiones

1195 1306 1251 1328 seu
1278 1296 1498 1330 ordinationes
1531 1298 1750 1341 praefatorum
1775 1297 1944 1339 Ordinum3

1195 1359 1300 1392 neque
1334 1349 1386 1382 illa
1421 1351 1574 1384 ordinarii
1616 1351 1750 1396 praefati
1784 1362 1946 1397 occupare

1195 1410 1415 1446 praesumant2
1438 1405 1537 1439 immo
1557 1406 1756 1448 huiusmodi,
1784 1411 1814 1439 et
1833 1407 1872 1440 ad
1891 1407 1946 1440 lia-

1195 1457 1296 1490 bitnm
1315 1458 1486 1501 Religionis
1497 1460 1738 1501 revertentium,
1746 1460 1830 1494 bona
1839 1461 1947 1494 onmia

1196 1512 1398 1545 monasteriis
1419 1513 1506 1557 ipsis,
1534 1525 1608 1547 cum
1638 1526 1675 1548 ea
1701 1525 1783 1558 quae
1808 1515 1947 1559 acquirit

1196 1576 1352 1599 monacus
1371 1566 1409 1599 de
1422 1566 1492 1600 iure
1510 1568 1705 1602 monasterio
1721 1569 1943 1613 acquirantur,

1196 1619 1357 1663 pertinere
1378 1621 1473 1654 etiam
1494 1621 1711 1656 decernimus.

1240 1674 1292 1707 0211.
1316 1676 1361 1709 Ac
1389 1676 1467 1720 ipsis
1498 1676 1681 1718 ordinariis,
1707 1688 1747 1710 ne
1773 1688 1945 1720 quascum-
1982 1688 2146 1726 nectareiqu-

1195 1739 1258 1772 que
1286 1729 1433 1770 uniones,
1463 1731 1558 1764 etiam
1589 1736 1778 1775 perpetuas,
1814 1743 1831 1765 a
1864 1732 1944 1766 Sede
1960 1726 2145 1774 ἷξξῖἑᾟξῃῗψω

1196 1782 1359 1825 praedicta
1379 1785 1426 1817 vel
1443 1784 1519 1817 alias
1533 1811 1540 1825 ,
1563 1790 1595 1818 ut
1616 1786 1814 1830 praefertur,
1841 1786 1948 1821 hacte-

1196 1846 1256 1868 nus
1276 1837 1374 1870 tactas
1407 1844 1436 1871 et
1458 1849 1516 1882 pro
1537 1843 1682 1883 tempore
1706 1839 1885 1880 faciendas,
1908 1841 1946 1874 de

1195 1889 1361 1924 beneficiis
1386 1892 1610 1925 ecclesiasticis
1636 1904 1692 1927 seu
1721 1893 1853 1927 illorum
1882 1895 1947 1928 l'ru-

1196 1943 1311 1985 ctibus,
1330 1945 1407 1989 quin
1424 1957 1519 1979 suum
1535 1946 1712 1980 sortiantur
1722 1948 1873 1981 effectum
1889 1947 1947 1981 im-

1195 1998 1341 2041 pediant,
1374 2000 1508 2033 omnino
1542 2001 1636 2034 etiam
1658 2002 1884 2046 prohibemus,
1916 2008 1946 2036 et

1195 2064 1348 2087 censuras
1364 2054 1596 2088 ecclesiasticas
1615 2061 1642 2088 et
1661 2056 1739 2089 alias
1754 2067 1873 2100 poenas
1889 2067 1946 2100 per

1194 2117 1248 2140 eos
1274 2107 1306 2139 in
1332 2109 1586 2142 contradictores
1607 2120 1665 2152 pro
1686 2114 1832 2154 tempore
1852 2111 1942 2151 latas,

1195 2161 1316 2194 nullius
1336 2172 1404 2195 esse
1426 2162 1550 2196 roboris
1566 2163 1612 2195 vel
1635 2164 1811 2204 u'ioi‘nenti,
1831 2164 1943 2197 simili-

1194 2219 1242 2247 ter
1261 2215 1467 2249 decernimus
1499 2223 1528 2250 et
1557 2217 1771 2252 declaramus.
1794 2218 1942 2262 Insuper,

1193 2269 1342 2303 volumus
1373 2271 1459 2313 quod
1493 2271 1625 2314 praefati
1657 2272 1837 2315 regulares,
1869 2272 1941 2316 qui-

1193 2322 1252 2355 bus
1272 2334 1349 2357 cura
1379 2324 1560 2358 animarum
1587 2331 1650 2366 est,
1678 2326 1801 2370 possint
1825 2336 1883 2370 per
1909 2337 1941 2359 se

1192 2378 1290 2420 ipsos,
1323 2379 1408 2411 iuxta
1429 2389 1562 2412 suorum
1583 2380 1788 2424 superiorum
1811 2380 1940 2413 ordina-

1193 2426 1324 2469 tionem,
1342 2433 1398 2461 aut
1413 2428 1492 2462 alios
1507 2429 1642 2462 vicarios
1659 2440 1716 2462 seu
1736 2429 1942 2473 cappellanos

1191 2477 1382 2518 saeculares,
1391 2477 1537 2521 ipsorum
1548 2477 1747 2522 regularium
1763 2482 1846 2511 nutu
1854 2489 1942 2513 amo-

1191 2524 1312 2565 ribiles,
1336 2527 1374 2559 ab
1395 2527 1440 2560 cis
1459 2527 1629 2571 deputatos
1648 2533 1679 2560 et
1706 2527 1744 2560 ab
1773 2527 1939 2562 ordinario

1191 2584 1249 2616 pro
1283 2575 1406 2609 idoneis
1444 2577 1626 2610 nominatos
1658 2582 1689 2610 et
1721 2576 1937 2620 approbatos,

1189 2626 1362 2666 praelatam
1380 2636 1490 2660 curam
1512 2637 1679 2661 exercere:
1708 2636 1812 2669 neque
1839 2637 1871 2659 in
1887 2638 1940 2660 eo-
