2237 3100
55 279 102 306 An.
121 277 149 305 C.
168 276 238 305 1569

97 1676 238 1698 Exci-ntorum

54 1709 171 1736 deputatio.

927 277 995 302 PIUS
1018 278 1037 301 V
1061 278 1108 301 PP.

251 328 397 362 omnium
409 327 483 362 inde
499 329 747 373 emergentium,
762 329 854 362 nobis
866 334 895 363 et
913 341 1007 374 prae-

250 382 343 415 dictis
369 382 621 423 suecessoribus,
656 387 691 416 ut
715 383 916 427 praedictum
947 390 1004 424 051,

250 435 344 476 facta,
363 435 467 469 causis
488 436 550 469 illis
570 436 735 470 dumtaxat
755 436 906 480 exceptis,
925 448 1007 481 quae

251 490 314 523 iarn
340 499 450 523 eoram
471 490 565 523 nobis
585 490 725 534 pendere
756 496 948 531 noscuntur,
971 502 1007 524 ac

250 542 345 577 etiam
362 543 411 584 iis,
429 554 520 588 quas,
546 544 669 577 ratione
682 544 891 577 ecelesiarum
903 550 932 578 et
944 555 1008 578 mo-

250 596 477 638 nasteriorum,
507 607 647 641 quorum
680 597 846 641 dispositio
868 599 899 630 in
930 608 1007 631 eon-

250 649 375 683 sistorio
397 650 467 683 sieri
488 651 654 683 consuevit
668 656 721 683 aut
743 651 848 691 debet,
866 651 1008 694 itemque

250 708 363 737 contra
397 703 578 737 ordinarios
612 704 782 737 collatores
798 731 805 744 ,
840 704 1008 748 episcopos

249 761 278 790 et
300 757 381 790 alios
401 757 587 801 superiores
614 758 787 801 praelatOS,
820 757 914 791 etiam
937 768 1007 791 car-

250 809 385 851 dinales,
417 811 529 844 haberi
550 811 732 854 eontigerit,
769 812 815 844 uti
849 812 913 844 iam
939 811 1008 844 aliis

249 863 492 897 nostrislittcris
506 869 659 897 statutum
681 870 738 905 est,
755 865 935 905 audiendis,
952 865 1007 898 ste-

250 916 395 950 cidendis
411 922 441 950 et
453 917 675 958 terminandis,
689 918 806 951 harum
820 918 900 951 serie
917 929 1008 963 pror-

249 981 304 1004 sus
340 970 511 1011 relaxatis,
542 971 748 1004 decernimus
785 972 826 1004 ita
856 972 1009 1015 deinceps

249 1033 308 1067 per
317 1027 541 1067 quoscumque
558 1023 681 1056 iudices
692 1024 873 1058 ordinarios
885 1026 1009 1059 0111010-

249 1082 350 1119 gatos,
373 1076 468 1109 etiam
500 1088 672 1110 causarum
693 1078 804 1111 Palatii
832 1079 1007 1122 Apostolici

250 1129 414 1163 auditores
434 1141 471 1163 ac
492 1131 675 1175 praedictae
703 1131 866 1165 Romanae
896 1133 1008 1167 Eccle-

251 1183 317 1217 siae
347 1184 538 1224 cardinales,
575 1185 700 1218 sublata
730 1185 775 1218 eis
804 1192 834 1219 et
862 1185 1007 1230 ipsorum

252 1237 449 1281 cuicumque
474 1237 585 1281 quavis
606 1238 699 1271 aliter
719 1238 884 1272 iudicandi
906 1246 934 1273 et
958 1242 1008 1274 in-

253 1291 449 1335 terpretandi
479 1291 630 1325 facultate
648 1296 676 1324 et
707 1293 910 1333 auctoritate,
940 1294 1010 1326 11111-

252 1355 315 1387 que
344 1344 494 1385 iudicari,
522 1344 727 1389 interpretari
748 1351 778 1379 et
798 1346 925 1380 definiri
953 1348 1009 1380 de-

251 1399 347 1438 bere,
369 1409 497 1431 necnon
524 1398 650 1431 irritum
672 1404 699 1432 et
722 1399 817 1432 inane
851 1399 1009 1444 quidquid

252 1462 344 1485 secus
355 1451 387 1484 in
400 1451 571 1495 praedietis
583 1463 640 1495 per
651 1464 887 1497 quoscumque,
901 1455 1010 1498 quavis

252 1505 455 1545 auctoritate,
485 1505 624 1539 scienter
642 1506 690 1538 vel
711 1505 911 1549 ignoranter,
935 1518 1011 1541 con-

253 1558 360 1602 tigerit
380 1559 540 1592 attentari.

297 1613 312 1655 g
332 1612 363 1646 9.
395 1612 553 1651 Quocirca
573 1612 725 1646 omnibus
744 1613 891 1647 locorum
923 1615 1010 1648 ordi-

253 1666 352 1699 nariis
385 1666 561 1699 districtius
593 1666 793 1709 iniungimus
819 1673 851 1700 ut
886 1668 918 1700 in
945 1669 1011 1701 suis

252 1719 390 1764 quisque
406 1719 563 1761 ecclesiis,
582 1720 774 1761 civitatibus,
808 1721 1012 1755 dioecesibus

253 1779 284 1807 01
297 1773 387 1814 10015,
414 1773 510 1806 etiam
526 1774 691 1818 exemptis,
706 1774 744 1806 ad
766 1775 929 1818 praedicta
943 1780 1010 1808 stu-

254 1826 342 1860 diose
362 1827 515 1867 attendat,
534 1832 564 1860 et
583 1832 743 1871 quatenus
769 1828 831 1860 illis
856 1829 1011 1861 relaxavi-

255 1891 339 1920 mus,
375 1879 407 1912 in
428 1879 654 1924 delinquentes
674 1891 782 1913 severe
807 1882 1010 1915 animadver-

255 1939 332 1974 tant,
353 1933 378 1966 si
396 1933 519 1968 divinae
534 1933 704 1967 Maiestatis
720 1934 877 1967 iudicium
894 1936 1011 1969 (lictae-

256 1998 320 2031 que
330 1987 421 2021 Sedis
440 1998 612 2021 censuram
632 1988 793 2021 voluerint
826 1989 954 2022 evitare.
977 1990 1012 2022 In

257 2040 371 2074 ceteris
390 2051 464 2074 vero
495 2041 600 2074 causis
621 2046 651 2074 et
682 2041 819 2084 negotiis
839 2042 945 2084 (1101115
983 2048 1014 2076 et

256 2094 429 2138 praedictis
449 2094 691 2128 successoribus
712 2095 865 2139 exceptis)
882 2096 1012 2129 eosdem

256 2148 404 2181 locorum
426 2147 617 2188 ordinarios,
637 2147 856 2192 praesentium
874 2149 1013 2182 auctori-

257 2206 329 2242 tate,
351 2202 538 2245 delegamus
553 2207 600 2242 ut,
622 2201 722 2245 gratia
744 2206 774 2234 et
797 2202 903 2235 favore
925 2208 1012 2245 post-

257 2254 379 2299 positis,
402 2266 461 2299 pro
474 2266 506 2289 se
522 2256 671 2299 quisque,
688 2266 762 2288 011111
779 2255 901 2288 venerit
922 2267 1011 2295 usus,

258 2313 370 2341 contra
390 2308 573 2353 praedictos
590 2318 703 2341 omnes
723 2309 782 2341 sub
804 2308 872 2351 ipsa
898 2319 1013 2352 excep-

258 2362 344 2395 tione
365 2362 617 2405 comprehensos
643 2361 814 2404 diligenter
834 2361 1011 2405 inquirant,

258 2426 397 2458 suasque
418 2415 643 2459 inquisitiones
664 2425 776 2447 omnes
801 2415 904 2457 sigillo
932 2415 1016 2448 obsi-

258 2470 369 2508 gnatas
384 2465 423 2497 ad
436 2464 632 2508 praedictam
645 2464 759 2497 Sedem
772 2464 1014 2507 quamprimum

258 2515 469 2553 transferant,
497 2519 532 2547 ut
562 2524 621 2546 nos
648 2518 678 2545 et
704 2513 859 2556 praedicti
890 2524 1017 2546 succes-

259 2573 358 2604 sores,
387 2563 419 2596 in
446 2562 551 2596 causis
574 2561 763 2595 huiusmodi
788 2562 1012 2606 procedentes,

1693 268 1755 302 757

1050 335 1079 363 et
1113 340 1339 374 quoscumque
1360 330 1448 369 alios⁷
1488 330 1584 364 etiam
1623 337 1799 375 exemptos,

1050 383 1143 417 etiam
1180 395 1237 427 per
1270 384 1410 418 edietum
1445 383 1625 428 publicum,
1667 384 1802 417 constito

1050 437 1140 482 prius
1175 438 1349 471 summarie
1383 443 1411 471 et
1447 437 1731 471 extraiudieialiter
1765 437 1803 471 de

1050 501 1115 524 non
1136 497 1204 525 tuto
1225 491 1264 524 ad
1284 491 1356 525 illos
1375 502 1518 532 accessu,
1543 491 1661 524 citandi
1682 496 1712 523 et
1733 501 1802 524 mo-

1051 545 1158 581 nendi:
1188 545 1297 589 eisque
1323 557 1358 579 ac
1383 545 1544 578 iudicibus
1578 544 1749 578 ordinariis
1774 550 1803 577 01

1051 597 1202 640 delegatis
1219 598 1352 642 aliisque
1365 599 1511 642 personis
1531 598 1803 641 quibuscumque,

1050 661 1090 683 ne
1121 651 1361 694 praedictorum
1397 652 1620 685 executionem
1654 661 1804 695 quoquo-

1051 704 1146 737 modo
1168 705 1356 749 impediant,
1373 706 1421 738 101
1442 706 1519 738 alias
1539 705 1650 738 inillis
1670 715 1738 738 sese
1758 704 1805 737 in-

1050 762 1234 800 terponant,
1258 759 1352 792 etiam
1371 770 1428 802 per
1444 758 1548 792 simile
1565 758 1706 792 edietum
1722 758 1805 791 inhi-

1050 811 1158 847 11011111,
1182 812 1310 844 eosdem
1331 823 1367 845 ao
1393 812 1472 845 alios
1493 812 1746 845 contradictores
1776 817 1804 845 et

1050 863 1187 897 rebelles
1207 876 1432 910 quoscumque
1446 877 1504 910 per
1516 876 1669 899 censuras
1685 871 1713 898 et
1729 875 1806 909 poe-

1050 927 1107 950 nas
1127 917 1359 951 ecclesiasticas
1379 930 1415 952 ac
1450 919 1558 952 onmia
1589 919 1650 951 alia
1669 919 1749 952 iuris
1776 924 1806 952 et

1050 970 1124 1003 facti
1141 971 1282 1004 remedia
1298 977 1483 1016 opportuna
1499 973 1727 1016 compellendi,
1747 983 1805 1005 au-

1050 1019 1161 1052 xilium
1182 1020 1307 1053 brachii
1329 1021 1514 1061 saecularis,
1532 1021 1806 1065 quandocumque

1051 1083 1133 1117 opus
1166 1073 1235 1113 erit,
1257 1074 1438 1114 invocandi;
1461 1080 1631 1117 ceteraque
1659 1075 1691 1108 in
1712 1086 1806 1119 prae-

1051 1127 1145 1160 dictis
1175 1128 1326 1160 omnibus
1347 1132 1377 1160 01
1398 1127 1531 1171 singulis
1556 1128 1737 1162 necessaria
1764 1129 1807 1161 sa-

1052 1181 1157 1213 ciendi
1180 1187 1210 1214 et
1242 1181 1435 1225 exequendi,
1459 1182 1587 1224 plenam
1609 1188 1639 1215 et
1672 1182 1805 1215 liberam

1052 1240 1164 1267 tenore
1203 1235 1423 1278 praesentium
1463 1235 1672 1269 concedimus
1704 1235 1807 1271 facul-

1052 1293 1161 1321 tatem.

1095 1341 1183 1385 git).
1214 1342 1282 1375 Non
1308 1342 1507 1376 obstantibus
1528 1343 1629 1377 felicis
1656 1345 1806 1378 reeorda-

1052 1395 1148 1428 tionis
1177 1396 1331 1429 Bonisacii
1352 1397 1456 1440 Papae
1476 1397 1587 1437 octavi,
1617 1398 1806 1441 praedeces-

1053 1450 1132 1481 soris
1152 1450 1266 1490 nostri,
1288 1450 1327 1482 de
1348 1461 1423 1489 una,
1444 1456 1473 1483 et
1495 1450 1527 1483 in
1549 1451 1685 1485 concilio
1710 1463 1808 1495 gene-

1053 1502 1111 1535 rali
1137 1502 1221 1535 edita
1259 1503 1298 1536 de
1337 1504 1464 1537 duabus
1497 1504 1630 1544 diaetis,
1671 1505 1807 1550 aliisque

1052 1556 1238 1599 apostolicis
1259 1557 1545 1591 constitutionibus
1579 1563 1609 1591 et
1629 1559 1807 1593 ordinatio-

1053 1609 1160 1650 nibus;
1187 1611 1339 1654 quodque
1360 1611 1531 1654 01115οο1115,
1551 1612 1759 1646 collatoribus
1779 1620 1809 1647 et

1053 1663 1203 1706 praelatis
1228 1664 1410 1708 praedietis,
1450 1664 1545 1697 etlam
1580 1666 1808 1708 cardinalibus,

1052 1718 1100 1749 101
1132 1717 1298 1760 quibusvis
1329 1718 1410 1758 aliis,
1443 1720 1662 1752 communiter
1684 1720 1732 1753 101
1760 1721 1808 1754 111-

1052 1770 1157 1811 1151111,
1197 1782 1214 1803 a
1254 1772 1418 1814 praedicta
1449 1772 1485 1804 sit
1525 1772 1605 1805 Sede
1649 1773 1809 1807 indultum

1053 1824 1101 1855 101
1122 1823 1154 1856 111
1174 1829 1340 1868 posterum
1362 1825 1522 1867 indulgeri
1543 1825 1708 1869 contingat
1724 1827 1810 1870 quod

1054 1873 1216 1913 interdici,
1232 1874 1386 1917 suspendi
1406 1874 1453 1906 101
1470 1875 1745 1908 excommunicari
1757 1882 1811 1909 aut

1055 1927 1167 1955 contra
1200 1923 1324 1956 indulta
1358 1923 1545 1956 huiusmodi
1579 1924 1618 1956 ad
1652 1924 1808 1958 iudicium

1054 1972 1138 2004 trahi
1159 1983 1224 2005 non
1252 1972 1373 2015 possint
1394 1983 1452 2016 per
1477 1972 1599 2005 litteras
1619 1974 1811 2016 apostolicas

1055 2032 1121 2054 non
1141 2021 1295 2054 facientes
1315 2021 1444 2065 plenam
1466 2026 1495 2053 et
1516 2032 1698 2064 expressam
1720 2028 1750 2055 et
1772 2022 1811 2055 ad

1054 2071 1187 2104 verbum
1200 2071 1238 2104 de
1254 2071 1380 2103 indulto
1396 2070 1583 2103 huiusmodi
1600 2071 1810 2111 mentionem,

1056 2125 1084 2152 et
1106 2120 1304 2163 quibuslibet
1324 2119 1393 2152 aliis
1405 2119 1588 2163 privilegiis,
1606 2119 1813 2162 indulgentiis

1056 2174 1085 2202 01
1105 2170 1219 2202 litteris
1235 2169 1433 2213 apostolicis,
1455 2168 1660 2211 generalibus
1678 2169 1727 2201 101
1743 2179 1812 2212 spe-

1056 2218 1204 2258 cialibus,
1235 2228 1520 2261 quorumcumque
1557 2223 1708 2250 tenorum
1746 2217 1812 2250 exi-

1057 2272 1150 2303 stant,
1163 2278 1221 2311 per
1231 2278 1326 2311 quae,
1341 2265 1564 2310 praesentibus
1576 2276 1640 2298 11011
1652 2276 1812 2310 expressa,

1056 2321 1110 2348 aut
1137 2316 1169 2349 in
1190 2322 1292 2349 totum
1309 2327 1374 2349 non
1395 2315 1523 2354 inserta,
1549 2314 1700 2347 effectum
1722 2325 1812 2357 prae-

1057 2365 1209 2405 sentium,
1229 2370 1283 2398 aut
1303 2364 1473 2397 attributae
1494 2363 1666 2406 praedictis
1682 2363 1813 2396 ordina-

1056 2414 1113 2446 riis
1138 2413 1368 2447 iurisdictionis
1398 2411 1566 2456 explicatio
1601 2422 1656 2445 seu
1691 2412 1812 2445 exerci-

1057 2463 1138 2495 tium
1149 2463 1195 2496 vel
1208 2462 1352 2495 executio
1363 2461 1512 2505 impediri
1523 2461 1624 2494 valeat
1634 2462 1814 2504 quomodo-

1058 2523 1199 2556 cumque
1211 2513 1259 2545 101
1271 2511 1405 2551 differri,
1420 2517 1449 2544 et
1461 2511 1499 2543 (10
1518 2510 1636 2554 quibus
1654 2522 1812 2554 quorum-

1058 2572 1119 2606 que
1138 2561 1210 2594 totis
1224 2561 1391 2594 tenoribus
1414 2560 1561 2592 habenda
1588 2560 1626 2592 sit
1647 2560 1680 2592 in
1696 2561 1814 2594 nostris

259 2611 346 2655 quod
367 2612 487 2645 iustum
500 2611 597 2644 fuerit
607 2611 832 2644 decernamus.
851 2610 913 2643 Nos
930 2610 1015 2643 enim
1058 2610 1171 2643 litteris
1192 2609 1312 2642 mentio
1334 2608 1498 2651 specialis,
1526 2608 1706 2653 ceterisque
1732 2621 1812 2645 con-

260 2659 394 2704 singulis
413 2659 585 2694 ordinariis
600 2660 677 2704 ipsis
696 2658 879 2703 praedictos
904 2669 1016 2693 omnes
1058 2659 1164 2693 trariis
1185 2658 1457 2704 quibuscumque.

1817 276 1866 304 An.
1885 277 1914 304 C.
1932 276 1999 306 ¹859

1835 1357 1948 1385 Derogutto
1958 1362 2008 1379 eou-

1822 1389 1943 1411 iratorum.
