2237 3100
115 228 164 255 Au.
185 229 213 256 C.
231 227 297 255 1565

311 279 534 324 praesentibus
546 290 604 323 pro
617 278 812 312 sufficienter
832 279 988 323 expressis
1004 280 1062 312 ha-

311 333 434 373 bente&
465 333 527 365 illis
547 333 624 366 alias
645 333 676 365 in
698 344 755 366 suo
777 333 893 365 robore
913 344 1062 377 perinan-

311 387 407 429 suris‚
430 388 490 420 hac
505 387 572 419 viee
590 388 762 426 dumtaxat,
780 387 961 430 specialiter
973 392 1063 420 etex-

311 451 420 484 presse
453 441 658 483 derogamus,
686 441 864 484 ceterisque
895 440 1063 474 contrariis

310 494 584 538 quibusfflmique.

354 549 369 591 ἓ
389 548 420 582 8.
443 548 598 581 Volumus
623 554 730 582 autem
752 554 785 581 ut
806 549 969 592 deinceps,
993 558 1064 591 per-

140 613 245 635 numiae
263 619 297 635 ex-
311 601 415 645 petuis
435 602 552 635 suturis
571 602 782 645 temporibus,
807 602 887 635 nulli
907 612 1062 645 quarum-

111 647 207 697 ζζξζῖζωζ
228 646 298 697 ‘3¹¹2'ssss
312 665 451 698 cumque
468 655 684 693 licentiarum,
707 656 801 688 etiam
823 666 859 687 ex
876 666 972 688 causa
988 665 1061 687 one-

110 709 231 766 ffiffuseffl
254 714 298 760 ffg'„
311 719 394 749 rosa,
432 709 555 741 etiamsi
586 709 717 753 propria
741 709 930 742 auctoritate
958 713 1061 741 extra-

111 771 189 792 vat-m.
311 761 373 795 ctio
410 761 472 794 illis
501 762 655 806 permissa
688 763 745 803 sit,
777 772 1003 795 concessarum
1032 766 1059 794 et

309 816 590 849 concedcndarum
611 817 730 860 vigore,
759 816 969 850 extractiones
989 826 1061 858 gra-

309 880 438 911 norum,
470 871 640 904 bladorum
663 877 693 904 et
716 871 917 914 leguminum
948 870 1061 902 huius-

308 924 409 965 modi,
421 924 542 968 absque
554 925 698 958 eiusdem
711 924 879 958 camerarii
890 923 1061 956 cardinalis

307 978 490 1022 patentibus
523 979 661 1023 desuper
695 978 909 1012 concedendis
942 977 1058 1017 literis,

307 1031 415 1076 aliquo
445 1037 538 1075 pacto
572 1032 604 1064 in
633 1037 698 1065 toto
719 1034 808 1065 Statu
838 1031 1059 1064 Ecclesiastico

307 1085 413 1118 facere
433 1085 556 1128 possint
582 1091 636 1118 aut
659 1086 794 1118 valeant.
816 1077 967 1128 Alioquin
986 1096 1060 1117 con-

308 1138 510 1172 trafacientes
531 1139 563 1172 in
583 1140 741 1183 praefatas
766 1150 886 1183 poenas
911 1138 1059 1171 incidisse

307 1198 338 1226 et
365 1192 539 1226 incurrisse
574 1193 788 1233 declaramus,
824 1198 855 1226 et
878 1192 917 1225 ab
946 1193 1059 1226 eodem

308 1246 470 1280 cardinale
492 1247 670 1280 camerario
691 1246 902 1280 declarandos
922 1257 990 1279 esse
1008 1246 1061 1279 de—

307 1300 470 1333 cernimus
490 1305 547 1334 etc.

351 1354 365 1397 ἓ
395 1354 425 1388 9.
458 1354 614 1398 Quodque
643 1355 709 1387 sola
742 1354 919 1398 praesentis
954 1359 1060 1387 motus

120 1416 173 1452 sna·
185 1417 292 1444 signatum
307 1407 431 1452 proprii
446 1408 610 1451 signatura
626 1407 764 1441 sufficiat
780 1412 810 1441 et
826 1407 946 1451 ubique
962 1408 1058 1440 tidem

108 1447 191 1469 'umen‘
307 1461 412 1503 saciat,
431 1462 465 1495 in
484 1462 604 1495 iudicio
617 1467 756 1501 etextrm
781 1473 988 1505 quacumtpie
1012 1474 1060 1494 re-

306 1516 382 1560 gula
417 1527 473 1550 scu
508 1516 735 1564 constitutione
769 1517 946 1560 apostolica
982 1527 1058 1550 con-

307 1571 404 1604 traria
429 1582 494 1605 non
520 1571 676 1604 obstante.

459 1625 578 1666 Placet,
601 1630 690 1658 motu
711 1625 854 1668 proprio.
879 1625 901 1657 Ι,

349 1678 464 1712 Datum
485 1679 605 1712 Romae
625 1678 711 1723 apud
730 1679 760 1712 S.
780 1679 931 1718 Marcum,
953 1677 1058 1711 idibus

305 1733 445 1775 augusti,
467 1743 552 1766 anno
577 1743 617 1766 vi.

345 1786 406 1817 Dat.
422 1787 468 1817 die
484 1788 520 1817 13
533 1787 960 1826 augusti1505711ontif.anno
980 1795 1016 1816 Π.

615 1947 742 1981 CXVIII.

309 2024 522 2068 Confirmatio
563 2026 770 2068 gyraticzrnm,
808 2025 1052 2068 prim'lesliorum

349 2083 379 2111 et
410 2078 579 2120 facultatis*
612 2079 788 2122 qvcaerendi
820 2079 1051 2121 eleemosynas,

350 2132 477 2173 abbati,
505 2134 675 2166 conventui
693 2137 721 2165 et
741 2133 900 2174 [ratribus
922 2132 1055 2165 Ordinis

348 2185 382 2218 S.
407 2186 547 2220 Antonii
584 2187 774 2219 Viennensis
812 2197 1051 2226 concessarum,

348 2245 503 2284 qnatenus
532 2241 665 2274 concilio
693 2241 882 2274 Tridentino
903 2252 969 2274 non
995 2242 1052 2274 (nl-

292 2282 300 2292 ⁶
347 2299 513 2328 versentur
532 2294 558 2326 ¹¹.

327 2367 390 2395 Pius
413 2366 484 2403 Papa
502 2366 545 2399 tv,
569 2367 602 2394 ad
619 2367 781 2402 perpetuam
799 2366 841 2395 rei
858 2366 1025 2395 memoriam.

346 2430 389 2463 Ex
410 2429 516 2463 debito
537 2429 705 2473 pastoralis
729 2428 826 2462 offleii
851 2428 952 2469 nobis,
984 2440 1051 2462 me-

129 2491 247 2514 Emrcnum.
303 2483 371 2516 ritis
391 2483 465 2516 licet
492 2483 684 2527 imparibuS,
713 2482 816 2516 divina
845 2482 1051 2527 dispositione

338 2549 349 2574 1
380 2548 417 2574 De
437 2546 588 2574 huiusmodi
608 2547 697 2581 gratiis
726 2550 751 2573 et
772 2546 914 2581 privilegiis
940 2546 999 2574 vide
1025 2547 1050 2573 in

301 2592 426 2620 Bonifacii
446 2592 505 2620 Vttl
525 2592 713 2619 constitutione
732 2600 781 2625 xi,
809 2591 842 2619 In
868 2595 1049 2625 dispositione,

302 2641 367 2666 tom.
387 2645 425 2671 iv,
442 2646 502 2673 pag.
526 2638 585 2665 ¹1⁸3.

990 226 1057 250 Plus
1077 226 1107 250 lv
1126 225 1172 249 PP.

1748 215 1811 249 379

1107 278 1288 316 commissi,
1317 279 1402 312 circa
1430 277 1698 311 monasteriorum
1727 284 1757 311 et
1783 279 1856 311 hos-

1106 333 1251 377 pitalium
1274 332 1476 366 infirmorum
1494 332 1697 374 aliorumque
1727 332 1855 376 piorum

1106 388 1252 419 locorum
1288 391 1402 418 statum
1438 396 1591 430 prospere
1628 385 1832 426 dirigendum
1847 413 1854 426 ,

1106 440 1315 483 infirmosque
1336 439 1367 471 in
1388 439 1453 472 suis
1482 439 1724 472 necessitatibus
1753 439 1858 471 suble-

1105 494 1223 526 vandos
1258 499 1409 537 paternae
1443 493 1568 536 pietatis
1606 494 1717 526 oculos
1752 493 1856 526 inten-

1106 548 1227 587 dentes,
1252 559 1297 589 ea,
1319 559 1401 591 quac
1419 559 1477 592 pro
1495 548 1625 581 illorum
1647 537 1856 580 subventione

1105 601 1144 634 ab
1165 602 1347 645 Apostoliea
1368 603 1447 635 Sede
1469 607 1672 639 emanarunt,
1700 606 1856 645 quantum

1105 654 1210 698 (salvis
1231 662 1415 688 ministeriun
1438 656 1568 688 Patrum
1595 654 1744 698 decretis)
1766 654 1857 687 nobis

1105 720 1141 741 ex
1157 709 1220 741 alto
1242 710 1449 753 permittitur,
1471 709 1713 753 approbationis
1729 714 1856 741 nostrae

1105 761 1246 795 subsidio
1263 762 1399 795 libenter
1414 763 1604 799 stabilimus,
1621 767 1650 795 et
1667 763 1697 794 in
1715 762 1763 794 liis
1779 762 1857 794 alias

1104 815 1306 859 disponinms
1332 822 1440 860 prout,
1464 816 1570 848 habita
1599 821 1781 860 temporum
1803 827 1854 848 ra-

1104 869 1201 908 tione,
1225 870 1417 913 cognitaque
1446 870 1678 903 miserabilium
1700 880 1855 914 persona—

1104 934 1175 955 rum
1207 929 1363 967 egestate,
1401 923 1619 967 conspicimus
1658 924 1691 956 in
1720 923 1855 957 Domino

1103 976 1275 1010 salubriter
1300 977 1462 1021 expedire.

1147 1032 1161 1073 ξ
1191 1030 1222 1063 ι1.
1257 1032 1338 1064 Sane
1370 1031 1510 1064 exhibita
1539 1031 1631 1065 nobis
1659 1042 1765 1075 nuper
1796 1042 1853 1074 pro

1102 1089 1191 1126 parte
1225 1084 1419 1118 dilectorum
1458 1086 1601 1118 filiorum
1635 1085 1785 1118 Ludoviei
1816 1086 1854 1119 do

1102 1138 1272 1180 LangiaeQ
1285 1138 1420 1180 abbatis,
1435 1144 1462 1172 et
1479 1144 1653 1172 conventus
1670 1138 1854 1172 monasterii

1102 1191 1139 1223 ad
1158 1191 1334 1224 Romanam
1353 1192 1529 1226 Ecclesiam
1550 1194 1640 1225 nullo
1662 1193 1767 1225 medio
1785 1204 1855 1236 per-

1102 1244 1232 1278 tinentis
1253 1246 1284 1279 S.
1308 1247 1435 1279 Antomi
1457 1247 1494 1280 de
1514 1247 1544 1280 S.
1569 1247 1716 1286 Antonio,
1729 1246 1855 1280 Ordinis

1102 1299 1132 1332 S.
1156 1300 1336 1343 Augustini,
1359 1301 1545 1334 Viennensis
1559 1301 1725 1341 dioecesis,
1744 1300 1853 1345 petitio

1102 1353 1283 1387 continebat
1306 1355 1404 1398 quod,
1427 1355 1502 1387 licet
1518 1354 1549 1387 in
1568 1355 1704 1388 concilio
1721 1354 1854 1387 Triden—

1104 1407 1169 1440 tino
1202 1413 1356 1440 statutum
1378 1408 1416 1441 sit
1450 1414 1485 1441 ut,
1506 1414 1693 1452 quaestores
1714 1409 1854 1441 eleemo-

1102 1472 1273 1504 synarnm,
1299 1473 1478 1506 eorumque
1509 1474 1627 1496 nomen
1648 1468 1675 1495 et
1698 1474 1774 1495 usus
1802 1463 1855 1495 de-

1101 1515 1211 1559 inceps
1236 1516 1267 1548 in
1297 1516 1558 1560 spiibuscumspie
1585 1516 1776 1550 christianae
1807 1528 1855 1549 re-

1102 1569 1228 1612 ligionis
1267 1570 1347 1603 locis
1386 1571 1513 1614 penitus
1548 1571 1756 1609 aboleantur,
1796 1582 1854 1603 nec

1101 1629 1287 1667 quaestores
1317 1624 1355 1657 ad
1384 1624 1526 1657 officium
1557 1630 1763 1669 quaestarum
1792 1625 1853 1657 hu-

1100 1677 1239 1710 iusmodi
1260 1678 1475 1711 exercendum
1497 1679 1658 1711 ullatenus
1686 1678 1854 1711 admittan-

1102 1737 1164 1772 tur,
1187 1731 1293 1775 ipsum
1315 1738 1421 1765 tamen
1443 1732 1617 1765 concilium
1639 1732 1854 1775 indulgentias

1101 1791 1131 1818 et.
1157 1786 1236 1818 alias
1265 1785 1447 1829 spirituales
1476 1787 1612 1830 gratias,
1642 1787 1760 1830 quibus
1790 1797 1854 1819 non

1100 1839 1171 1872 ideo
1193 1839 1418 1873 christifideles
1438 1840 1609 1883 privandos
1621 1852 1689 1874 esse
1709 1841 1850 1881 censuit,

1099 1893 1131 1926 in
1152 1898 1316 1937 posterum
1337 1905 1395 1937 per
1415 1894 1594 1927 ordinarios
1615 1895 1774 1933 locorum,
1801 1895 1854 1927 ad-

1098 1948 1206 1981 hibitis
1226 1948 1353 1981 duobus
1373 1949 1411 1981 dc
1428 1948 1581 1992 capitulo,
1605 1948 1718 1982 debitis
1728 1954 1852 1992 tempo-

1098 2001 1187 2034 ribus
1215 2003 1338 2046 populo
1367 2002 1579 2046 publicandas
1602 2013 1670 2035 esse
1698 2002 1851 2042 decrevit,

1098 2056 1176 2089 dans
1213 2056 1259 2088 illi
1290 2057 1473 2089 facultatem
1506 2057 1601 2089 etiam
1633 2057 1852 2100 eleei‘nosynas

1097 2109 1259 2142 hiusmodi
1285 2115 1380 2153 atque
1397 2110 1503 2142 oblata
1523 2110 1582 2143 sibi
1609 2110 1751 2143 caritatis
1775 2110 1851 2143 sub-

1097 2163 1187 2204 sidia,
1209 2164 1299 2197 nulla
1316 2175 1451 2207 prorsus
1472 2164 1621 2197 mercede
1642 2169 1786 2208 accepta,
1817 2164 1853 2197 fi-

1096 2217 1209 2250 deliter
1235 2218 1420 2261 colligendi,
1446 2223 1478 2251 ut
1496 2218 1625 2250 tandem
1646 2228 1759 2251 omnes
1778 2229 1850 2251 vere

1096 2271 1275 2315 intelligant
1307 2272 1462 2305 coelestes
1491 2272 1550 2305 hos
1577 2271 1740 2305 Ecclesiae
1780 2272 1850 2305 the-

1096 2337 1223 2367 530105,
1253 2337 1317 2359 non
1338 2327 1376 2359 ad
1397 2332 1584 2370 quaestum,
1608 2326 1662 2359 sed
1687 2326 1726 2359 ad
1747 2325 1849 2371 pieta—

1095 2385 1157 2413 tem
1184 2381 1337 2413 exerceri.

1139 2430 1153 2473 §
1174 2430 1205 2463 Ξ).
1228 2430 1260 2462 ΕΙ
1290 2440 1364 2463 cum
1382 2429 1613 2462 monasterium
1634 2429 1740 2473 ipsum
1761 2429 1847 2463 eius·
1875 2444 1914 2466 sei
1936 2444 2049 2471 hospitalia

1094 2489 1155 2521 que
1176 2479 1358 2523 hospitalia,
1383 2479 1622 2523 praeceptoriae
1643 2484 1673 2512 et
1692 2479 1773 2513 aliae
1792 2479 1846 2512 do·
1861 2477 1931 2498 ⁵⁴¹¹¹⁴'¹‘
1962 2478 2047 2498 ΔΝΜ

1095 2539 1167 2562 mus
1187 2539 1245 2572 per
1278 2529 1389 2562 orbem
1411 2528 1621 2562 christianum
1649 2529 1744 2569 longe
1770 2529 1847 2561 late·
1859 2509 2048 2560 Ῐιιιῡιῖιιι’1”ἶὶιιῖ.-ιῖῗῖ-

1093 2590 1156 2622 quc
1189 2577 1344 2622 dispersa,
1373 2578 1412 2610 ad
1438 2589 1525 2621 quae,
1551 2578 1749 2611 miserabiles
1774 2571 2048 2628 illae{⁴5¹ss'2fu„¹‚¹,'f0‘'‚.‘e‚‚'[s‚‡

1094 2638 1249 2671 personae
1289 2628 1451 2661 horrendo
1481 2627 1563 2661 sacri
1585 2627 1667 2671 ignis
1701 2627 1846 2661 cruciatu
1861 2633 1939 2660 absquo
1961 2632 2048 2654 consu-

1870 226 1918 250 An.
1937 225 1965 251 C.
1988 225 2054 251 ¹565

1896 1046 1975 1067 Concil.
1999 1045 2053 1067 Tria.

1869 1081 1978 1105 quaestum
2003 1084 2054 1104 pro-

1869 1110 1941 1130 hibuit.
