2237 3100
214 252 266 279 An.
283 250 313 278 C.
331 250 398 279 ¹568

215 767 277 794 {oiim

288 735 400 756 Obstantia

457 240 522 275 702

414 309 445 336 et
472 302 550 335 alias
575 311 696 346 poenas
721 310 780 344 per
795 310 849 332 eos
869 304 921 331 aut
945 297 1087 340 aliquem
1108 306 1161 329 eo-

412 366 485 389 rum
511 366 571 399 pro
598 360 744 397 tempore
771 353 850 385 latas
871 350 1079 390 incurrerint,
1113 350 1160 382 le-

412 408 531 453 gitimis
561 419 659 452 super
677 407 727 439 his
751 405 906 438 habendis
935 403 1064 437 servatis
1083 414 1160 448 pro-

413 462 566 501 cessibus,
587 461 619 493 in
639 461 709 492 illas
729 458 879 492 incidisse
899 457 1075 498 declarent,
1102 467 1162 490 nec

413 526 478 549 non
499 524 683 558 aggravare,
702 512 796 546 etiam
811 511 932 546 iteratis
951 511 1086 551 vicibus,
1104 522 1162 544 cu-

413 573 496 609 rent,
522 568 668 601 invocato
689 567 728 599 ad
748 567 793 606 id,
820 566 845 599 si
875 576 957 610 opus
977 565 1085 605 suerit,
1108 576 1163 598 au-

413 622 489 654 xilio
508 621 633 654 brachii
653 619 840 654 saecularis.

458 676 472 719 §
487 674 518 708 8.
545 675 615 708 Non
631 674 832 708 obstantibus
848 673 1044 717 praemissis,
1060 678 1164 706 ettam

413 728 600 762 huiusmodi
633 734 742 762 nostra
766 728 805 761 de
833 738 899 760 non
918 727 1062 760 tollendo
1093 726 1164 759 cui-
1185 740 1187 758 ς

413 793 511 826 quam
536 782 586 816 ius
607 782 802 826 quaesitum,
825 787 855 814 et
875 781 947 814 aliis
966 780 1163 824 apostolicis,

413 846 511 879 quam
537 835 568 868 in
590 835 757 878 quibusvis
777 834 1002 877 generalibus,
1034 833 1165 878 provin-

413 888 549 922 cialibus
581 890 628 922 vel
655 889 862 933 synodalibus
895 888 1040 922 conciliis
1060 887 1164 928 editis,

413 943 606 987 specialibus
620 944 668 976 vel
683 943 900 986 generalibus,
930 940 1167 975 constitutioni·
1188 959 1189 965 κ

412 995 473 1029 bus
492 1001 522 1030 et
546 996 818 1036 ordinationibus3
840 996 1090 1039 domorumque,
1113 994 1169 1028 Or-

412 1049 525 1083 dinum
553 1055 584 1083 ct
612 1050 760 1083 locorum
782 1049 1036 1093 praedictorum,
1072 1048 1168 1081 etiam

413 1104 608 1144 iuramento,
635 1103 883 1137 confirmatione
909 1102 1087 1147 apostolica
1120 1101 1168 1134 vel
1189 1100 1190 1115 ³

413 1157 524 1200 quavis
548 1157 700 1191 firmitate
717 1157 779 1190 alia
806 1156 976 1197 roboratis,
1006 1155 1168 1189 fundatio·
1190 1180 1191 1185 ,

414 1211 522 1252 nibus,
545 1211 692 1252 statutis,
723 1210 848 1251 usibus,
882 1210 1006 1243 naturis
1035 1215 1065 1243 et
1094 1219 1169 1242 con-

414 1263 651 1304 suetudinibus;
677 1263 853 1308 privilegiis
871 1274 1014 1307 quoque,
1038 1262 1170 1295 indultis

415 1323 446 1350 et
460 1316 574 1350 litteris
593 1317 796 1361 apostolicis,
821 1316 973 1349 fratribus
986 1315 1169 1349 lientlieaiii-
1190 1315 1191 1333 ³

414 1371 500 1404 tibus
524 1371 665 1404 aliorum
695 1370 852 1405 Ordinum
881 1370 1081 1414 quorumvis,
1113 1380 1169 1403 eo-

415 1436 553 1469 rumque
574 1425 731 1465 ecclesiis,
760 1424 933 1468 cappellis,
970 1423 1120 1457 domibus
1140 1428 1171 1456 et

417 1479 496 1513 locis
515 1485 546 1512 et
565 1478 809 1523 superioribus,
841 1478 874 1510 in
912 1477 1032 1521 ispecie
1063 1478 1112 1510 vel
1137 1477 1169 1509 in

413 1542 545 1575 genere,
567 1537 631 1565 tam
653 1543 711 1575 per
723 1531 826 1564 felicis
847 1529 1080 1564 rijecordationis
1100 1530 1169 1563 Six-
1190 1525 1192 1557 1³

416 1591 484 1618 tum
504 1587 624 1630 Papam
645 1586 694 1627 lv,
727 1596 825 1629 quam
845 1584 924 1618 alios
944 1594 1170 1627 quoscumque

414 1639 508 1672 Rom.
530 1640 702 1673 Pontifices
728 1639 994 1684 praedecessores
1024 1643 1169 1678 nostros,

415 1693 513 1727 etiam
533 1694 625 1727 Bulla
643 1694 765 1734 Aurea,
796 1693 887 1726 Mare
907 1692 1066 1736 Maymim
1087 1702 1171 1725 nun-

416 1753 544 1791 cupata,
567 1749 737 1788 contentis,
759 1757 796 1780 ac
811 1757 868 1790 per
886 1756 958 1787 nos,
981 1751 1071 1779 motu
1096 1755 1172 1789 pro-

415 1801 499 1845 prio,
522 1800 799 1841 consistorialiter,
832 1799 927 1833 etiam
949 1810 1008 1843 per
1037 1799 1168 1832 modum
1190 1789 1193 1834 i

416 1855 495 1898 legis
515 1861 546 1888 et
569 1855 677 1888 statuti
698 1853 866 1898 perpetui,
896 1853 1018 1886 iteratis
1037 1853 1170 1893 vicibus,

417 2028 454 2050 ac
473 2017 674 2050 irritantibus
701 2020 731 2048 et
749 2014 820 2048 aliis
847 2014 996 2054 decretis,
1019 2024 1172 2061 concessa

418 2081 476 2114 pro
495 2077 644 2115 tempore
664 2070 697 2102 in
719 2068 918 2102 contrarium
946 2068 1053 2101 forsan
1079 2078 1170 2101 reio·
1192 2098 1194 2115 a

419 2124 578 2164 cantibus,
601 2123 696 2157 etiam
718 2122 743 2155 si
765 2122 809 2155 eis
835 2131 982 2164 expresse
1006 2127 1172 2154 caveretur

419 2177 506 2221 quod
519 2177 579 2210 nisi
592 2187 651 2221 per
663 2175 763 2210 trinas
776 2174 940 2207 distinctas
952 2174 1084 2211 litteras,
1097 2184 1171 2206 cum

419 2231 576 2274 temporis
596 2229 765 2263 intervallo
792 2227 1001 2271 competenti,
1016 2227 1115 2260 ternis
1127 2227 1173 2259 di-

419 2284 542 2317 stinctis
561 2283 696 2323 vicibus,
719 2282 781 2315 illis
800 2292 882 2325 quos
902 2285 1103 2314 concernunt
1122 2280 1171 2312 in·
1192 2300 1194 2308 ⁴

419 2338 590 2378 timandas,
614 2337 804 2380 derogatum
825 2345 893 2368 esse
908 2345 973 2367 non
990 2340 1171 2374 censeatur,

420 2397 475 2424 aut
502 2392 564 2424 alia
595 2392 698 2424 forma
722 2390 754 2423 in
775 2389 807 2422 id
827 2387 979 2422 servanda
1007 2387 1065 2428 sit,
1097 2398 1172 2420 con-

421 2441 528 2480 cessis,
544 2439 731 2484 approbatis
747 2436 953 2477 etinnovatis,
970 2437 1087 2480 quibus
1101 2448 1171 2469 om-

421 2489 516 2522 nibus
536 2495 566 2522 et
586 2489 731 2531 singulis,
752 2488 846 2521 etiam
861 2487 884 2520 si
901 2487 939 2520 de
956 2486 1018 2518 illis
1039 2496 1170 2518 eorum—

422 2549 485 2581 que
499 2538 573 2570 totis
591 2537 756 2570 tenoribus
780 2535 940 2580 specialis,
970 2544 1119 2578 expressa
1143 2540 1172 2566 et

422 2586 584 2619 individua
605 2587 725 2619 mentio
750 2585 898 2618 habenda
918 2588 1015 2624 essct,
1041 2583 1171 2615 illorum
1193 2607 1195 2620 ,

1028 243 1208 268 BULLARIUM
1231 242 1383 268 ROMANUM

1202 295 1365 336 effectum,
1392 306 1429 328 ac
1449 296 1475 329 si
1495 295 1535 329 de
1556 296 1654 329 verbo
1673 296 1713 329 ad
1733 296 1879 337 verbum,
1901 295 1952 329 ni-

1202 349 1247 381 hil
1267 349 1395 392 penitus
1415 349 1546 390 omisso,
1578 349 1747 393 formaque
1770 350 1802 383 in
1822 350 1867 384 eis
1885 355 1951 383 tra-

1203 402 1268 436 dita
1283 403 1700 444 observata,insererentur,
1715 414 1775 447 pro
1793 403 1954 437 sufficicn-

1203 462 1252 489 ter
1272 456 1428 500 expressis
1447 457 1620 497 habentes,
1647 456 1710 490 illis
1734 456 1811 490 alias
1834 457 1868 489 in
1895 467 1954 490 suo

1204 510 1321 544 robore
1342 510 1578 554 permansuris,
1613 510 1675 544 hac
1703 510 1771 544 vice
1791 511 1956 544 dumtaxat

1205 564 1388 608 specialiter
1407 570 1439 598 et
1460 576 1609 610 expresse
1638 564 1792 598 latissime
1819 565 1955 608 deroga-

1206 629 1290 659 mus,
1304 623 1335 653 et
1356 619 1470 653 ceteris
1486 619 1657 652 contrariis
1677 619 1952 663 quibuscumque.

1185 700 1186 716 ,
1206 673 1266 705 Aut
1282 673 1306 705 si
1322 673 1496 716 aliquibus,
1512 673 1729 706 communiter
1747 672 1795 706 vel
1816 671 1955 712 divisim,

1207 726 1246 759 ab
1275 727 1460 771 Apostolica
1487 726 1527 760 sit.
1557 726 1637 760 Sede
1670 726 1831 760 indultum
1870 725 1958 770 quod

1186 780 1373 821 linterdici,
1406 780 1559 825 suspendi
1599 781 1648 814 vel
1683 778 1958 814 excommunicari

1187 850 1189 884 3
1208 844 1274 867 non
1302 833 1425 878 possint
1449 845 1507 879 per
1526 834 1648 868 litteras
1667 835 1861 879 apostolicas
1891 843 1958 867 non

1187 887 1361 921 *facientes
1395 888 1526 932 plenam
1560 893 1591 921 ct
1626 899 1808 933 expressam
1849 899 1888 922 ac
1919 887 1958 920 de

1209 942 1307 975 verbo
1337 942 1375 975 ad
1400 941 1534 975 verbum
1557 942 1596 975 de
1621 942 1747 976 indulto
1770 941 1958 975 huiusmodi

1189 1006 1246 1033 ,ac
1264 1005 1377 1028 eorum
1407 995 1574 1039 personis,
1608 995 1700 1037 locis,
1727 995 1900 1030 Ordinibus
1927 1000 1959 1029 et

1209 1049 1395 1082 nominibus
1415 1050 1625 1083 mentionem.

1254 1104 1269 1146 g
1294 1104 1324 1136 tl.
1361 1103 1397 1136 Et
1424 1103 1578 1146 quoniam
1603 1102 1732 1136 difficile
1762 1108 1845 1137 esset
1867 1113 1960 1147 prae-

1211 1162 1315 1189 sentes
1328 1156 1448 1190 litteras
1464 1157 1503 1190 ad
1515 1157 1641 1200 singula
1650 1167 1877 1201 quaecumque
1887 1157 1960 1191 loca

1211 1209 1341 1251 deferri,
1363 1210 1512 1243 volumus
1532 1215 1563 1244 et
1582 1210 1694 1244 eadem
1714 1210 1891 1254 apostoliea
1905 1220 1962 1243 au-

1190 1281 1191 1310 }
1211 1264 1356 1297 ctoritate
1374 1265 1468 1298 etiam
1491 1264 1696 1298 decernimus
1719 1264 1807 1308 quod
1830 1264 1960 1298 illarum

1211 1318 1375 1362 exemplis,
1397 1318 1492 1351 etiam
1523 1318 1702 1362 impressis,
1724 1329 1823 1351 manu
1843 1317 1962 1352 notarii

1190 1368 1191 1408 ἶ
1211 1372 1333 1415 publici
1369 1372 1571 1416 subscriptiS,
1616 1372 1786 1416 sigilloque
1823 1371 1962 1406 alicuius

1190 1413 1192 1435 ⁴
1211 1426 1345 1469 praelati
1375 1427 1422 1459 rel
1448 1437 1605 1470 personae
1626 1426 1659 1458 in
1684 1425 1837 1469 dignitate
1856 1425 1962 1459 eccle-

1190 1478 1338 1515 2siastica
1358 1480 1549 1513 constitutae
1579 1490 1634 1513 seu
1664 1479 1779 1513 Curiae
1812 1478 1963 1513 ecclesia-

1211 1532 1307 1566 sticae
1330 1533 1473 1574 munitis,
1506 1533 1539 1566 in
1571 1533 1693 1566 iudicio
1717 1538 1748 1566 et
1767 1538 1875 1574 extra,
1905 1532 1962 1566 uhi

1190 1559 1294 1661 1*opus
1317 1586 1432 1628 suerit,
1467 1587 1578 1620 eadem
1604 1597 1739 1631 prorsus
1766 1586 1848 1619 fides
1871 1585 1963 1619 adhi-

1190 1668 1192 1701 1
1211 1640 1336 1682 beatur,
1354 1651 1436 1684 quae
1456 1640 1664 1674 adhiberetur
1679 1640 1797 1674 eisdem
1813 1650 1962 1684 praescn-

1191 1695 1296 1739 [tihus
1328 1695 1558 1738 originalibus,
1597 1695 1622 1728 si
1655 1694 1885 1729 exhiberentur
1913 1695 1963 1728 vel

1212 1748 1469 1782 ostenderentur.

1255 1801 1369 1834 Datum
1389 1802 1511 1836 Romae
1543 1801 1630 1846 apud
1655 1802 1687 1836 S.
1719 1802 1864 1843 Petrum,
1904 1800 1964 1834 sub

1212 1908 1326 1941 lesimo
1345 1908 1602 1952 quingentesimo
1622 1908 1820 1952 sexagesimo
1841 1913 1964 1947 octavo,

1212 1962 1420 2006 pontificatus
1438 1961 1538 1995 nostri
1558 1972 1642 1995 anno
1661 1972 1708 1995 111.

1251 2019 1311 2049 Dat.
1329 2020 1376 2050 dic
1391 2020 1428 2050 ⁶27
1445 2021 1562 2059 augusti
1578 2021 1663 2057 1508,
1678 2020 1780 2060 pontif.
1793 2029 1869 2051 anno
1881 2028 1923 2051 111.

1192 2154 1194 2167 2
1543 2134 1616 2168 CIX.

1192 2218 1194 2246 ἦ
1214 2196 1337 2230 Contra
1355 2207 1564 2241 qzeosczmzquc
1591 2197 1737 2237 clericos,
1775 2191 1841 2230 idm
1859 2206 1965 2229 saecu-

1192 2251 1195 2270 l
1257 2251 1341 2283 lares
1355 2262 1451 2295 quam
1467 2251 1638 2295 reqalccres,
1665 2250 1803 2293 nefandi
1816 2249 1966 2283 criminis

1192 2309 1195 2323 ·
1258 2315 1325 2338 reos
1348 2305 1371 2338 ¹.

1312 2372 1374 2400 Pius
1393 2373 1534 2408 episcopus
1553 2380 1648 2401 servus
1668 2378 1807 2401 servorum
1825 2371 1888 2403 Dei.

1355 2423 1389 2450 ad
1408 2424 1571 2465 perpetuam
1589 2422 1631 2450 rei
1648 2421 1818 2450 memoriam.

1257 2481 1461 2514 llorrcndum
1482 2480 1561 2513 illud
1583 2481 1702 2521 scelus,
1727 2489 1793 2524 quo
1822 2478 1965 2523 pollutae

1213 2530 1423 2573 foedataequc
1451 2530 1592 2564 civitates
1611 2541 1629 2563 a
1647 2529 1815 2563 tremendo
1838 2527 1893 2561 Dei
1914 2527 1964 2560 iu-

1252 2599 1261 2623 l
1285 2596 1322 2622 Ad
1341 2596 1389 2623 hoc
1406 2596 1487 2623 habes
1497 2597 1574 2623 aliam
1588 2595 1666 2623 huius
1681 2594 1815 2623 Pontificis
1831 2594 1964 2621 constitu-

421 2635 567 2670 omnium
588 2641 615 2668 et
643 2635 844 2677 singulorum
877 2640 1017 2669 tenores,
1051 2632 1111 2664 vim
1143 2637 1171 2664 et
1215 2638 1311 2664 tionem
1332 2645 1369 2669 ix,
1388 2638 1452 2663 (ῑωιι
1467 2639 1596 2669 primum,
1610 2643 1668 2670 pag.
1690 2635 1740 2662 4513
1749 2634 1834 2664 ,liuius
1854 2634 1928 2662 tomi.

1967 245 2017 271 An.
2033 242 2064 270 C.
2079 243 2151 272 *18oe

2012 1119 2158 1146 Transumpii·

1973 1150 2033 1172 credi
2047 1150 2112 1171 iubet.

1191 1868 1193 1889 i
1212 1856 1333 1888 annulo
1353 1854 1534 1896 PiscatoriS,
1557 1855 1608 1888 dic
1627 1865 1710 1888 xxvii
1731 1854 1871 1898 augusti,
1893 1853 1965 1886 mil·
2002 1872 2008 1878 ·

417 1920 491 1943 cum
506 1908 683 1953 quibusvis,
705 1908 803 1940 ctiam
825 1906 1104 1949 derogatoriarum
1119 1906 1172 1940 dc·
1192 1920 1193 1925 ¹

417 1962 585 2006 rogatoriis
606 1962 741 2006 aliisque
757 1960 1002 2001 efficacioribus,
1019 1960 1172 1993 clausulis
1192 1985 1193 1988 η

2004 2496 2125 2518 Exordium.

2221 150 2227 159 ›
2206 0 2237 127 &ww

2219 2997 2230 3024 ἱ

2220 3038 2237 3071 ζ.
