2237 3100
193 246 239 272 An.
261 245 289 272 C.
307 244 373 274 ¹566

221 352 330 374 Decretum
350 355 375 375 ir·

192 389 265 406 rit-ins,

218 947 326 968 Clausulat‘
338 948 373 967 de>

192 982 319 1002 rogatoriae¹

219 1641 268 1663 Sola
288 1643 376 1667 signatu-

194 1682 216 1695 m
232 1674 313 1694 sufficit.

240 2477 351 2498 Exordium

431 231 496 266 482

433 302 448 343 ξ
462 300 493 333 5.
509 301 546 334 Et
557 301 600 335 sic
618 312 674 345 per
689 312 913 346 quoscumque
931 300 1061 335 iudices,
1077 301 1141 331 tam

389 354 570 388 ordinarios
596 366 692 398 quain
714 356 884 397 delegatos,
907 355 1058 392 iudicari,
1086 356 1141 389 de-

390 408 479 441 cerni
501 415 531 441 et
551 409 677 442 definiri
708 411 856 441 volumus·
881 415 911 441 et
937 410 1139 449 mandamns,

390 461 513 494 sublata
539 462 630 494 aliter
657 462 818 495 indicandi
850 468 879 494 et
909 463 1140 506 interpretandi

390 515 551 554 factitiam
575 515 701 547 irritum
723 526 852 559 quoqne
873 521 901 548 et
919 516 1012 549 inane
1034 517 1142 550 decer-

390 573 502 600 nentes
521 568 675 611 quicquid
694 569 725 600 in
751 570 950 602 contrarium
972 571 1142 614 contigerit

390 621 549 653 attentari.
572 621 727 653 Volumus
747 628 854 655 antem
871 624 958 666 quod
979 623 1017 656 de
1031 625 1141 657 subre-

390 674 498 716 ptione
519 680 544 706 et
577 674 768 718 obreptione
794 682 849 709 ant
874 677 1060 710 intentionis
1085 679 1139 711 do-

390 728 473 760 t'ectn
496 728 672 771 praesentis·
692 729 789 761 nostri
803 736 909 763 motus
920 731 1042 774 proprii
1058 743 1139 775 qno-

389 780 434 812 vis
451 782 545 814 niodo
566 782 686 826 opponi
709 794 772 816 non
786 783 896 827 possit,
919 790 1039 818 attento
1054 787 1139 829 qnod

390 840 477 867 motu
499 835 644 879 proprio.

432 887 502 929 §ti
540 888 607 921 Non
642 889 843 923 obstantibus
877 893 1072 935 praemissis,
1104 905 1141 925 ac

388 941 649 985 quilmscumque
662 943 833 986 privilegiis
845 950 876 976 et
888 945 1031 983 indultis,
1046 946 1139 979 etiam

389 994 554 1036 quibusvis
584 996 729 1039 personis
755 1009 792 1029 ac
813 998 985 1041 iudicibus,
1009 1002 1140 1035 ordina-

390 1047 445 1079 riis
474 1047 537 1080 sive
571 1049 735 1091 delegatis.
767 1050 863 1084 etiam
884 1053 1070 1087 dolianeriis
1093 1057 1140 1089 al-

390 1111 459 1133 mae
477 1101 580 1138 Urbis,
595 1109 742 1146 respectu
763 1105 965 1138 allidatortnn
987 1109 1139 1144 damnum

388 1154 533 1187 dantium
556 1156 586 1188 in
612 1157 772 1200 segetibus
801 1165 831 1191 et
859 1163 1018 1197 casalibus
1035 1167 1139 1207 Urbis,

391 1218 447 1249 per
466 1218 526 1241 nos
549 1214 580 1242 et
603 1222 826 1257 quoscumque
853 1215 1013 1251 Romanos
1034 1220 1141 1254 Ponti-

389 1262 466 1293 tices
487 1262 588 1304 editis,
618 1276 758 1308 quorum
784 1269 928 1303 omnium
958 1273 1141 1317 privilegio-

390 1326 461 1347 rum
488 1321 518 1348 et
538 1316 738 1352 indultorum
760 1326 887 1355 tenores
914 1325 964 1356 liic
986 1338 1044 1370 pro
1077 1330 1141 1361 sns—

389 1368 536 1402 ficienter
555 1373 724 1415 expressis,
748 1375 880 1418 perinde
901 1389 938 1410 ac
955 1379 979 1411 si
997 1381 1034 1413 de
1047 1383 1142 1415 verli«)

983 242 1164 268 BULLARIUM
1187 242 1340 268 ROMANUM

1185 294 1296 328 ficium
1317 297 1454 331 Senatus
1481 298 1632 333 Gamerae
1660 301 1754 334 Urbis
1775 308 1802 335 et
1832 302 1934 347 ipsius

1184 355 1424 383 conservatores
1445 359 1691 391 consueverunt,
1710 356 1757 387 vel
1779 357 1856 389 alias
1872 357 1934 389 illis

1184 412 1337 435 concessa
1356 404 1505 445 existunt,
1538 406 1718 440 munimine
1738 410 1932 452 apostolicae

1183 456 1421 498 superioritatis
1441 457 1472 489 in
1497 464 1661 501 posterum
1688 461 1884 496 roborentur
1904 469 1930 497 et

1184 508 1214 540 in
1237 520 1343 551 nsum,
1375 510 1400 542 si
1429 511 1534 545 adhuc
1564 523 1629 545 non
1659 514 1804 557 existant„
1836 517 1933 550 redu—

1183 568 1307 595 cantur.

1227 617 1241 659 ξ
1261 616 1292 649 1.
1312 617 1375 650 Nos
1396 618 1553 661 siqnidem
1573 620 1640 663 qui,
1661 621 1755 654 etiam
1778 622 1808 656 in
1830 623 1933 657 inino-

1183 669 1273 702 ribus
1294 671 1471 711 constituti,
1502 684 1630 717 sempor
1647 680 1678 707 et
1698 676 1850 710 continue
1871 677 1933 710 Ro-

1184 734 1313 757 manum
1322 726 1480 769 populum
1492 731 1626 770 paterno
1638 728 1817 762 dilectionis
1824 741 1934 764 amore

1183 778 1345 819 prosecuti
1365 790 1488 818 snmus,
1517 785 1548 813 ct
1576 780 1677 824 ipsius
1697 783 1872 826 privilegia,
1898 795 1935 817 ea

1184 830 1319 863 maxime
1339 842 1421 874 quac
1443 832 1617 866 christiano
1640 836 1762 879 populo
1787 847 1934 870 necessa-

1184 885 1227 916 ria
1253 891 1284 917 et
1309 885 1400 918 utilia
1433 897 1501 919 esse
1539 886 1706 927 videntur,
1742 890 1935 924 confirmare

1183 937 1438 977 consideramus,
1472 940 1571 973 felicis
1596 941 1827 976 recordationis
1846 944 1936 976 Pauli

1183 992 1285 1034 Papae
1307 992 1358 1031 Ill,
1382 993 1638 1035 praedecessoris
1658 996 1770 1037 nostri,
1789 997 1856 1039 qui,
1878 1008 1938 1041 per

1185 1056 1258 1077 suas
1280 1045 1310 1077 in
1340 1047 1443 1079 torma
1477 1048 1581 1081 brevis
1608 1048 1727 1089 literas,
1750 1049 1836 1094 ipsos
1863 1061 1938 1083 con-

1184 1104 1361 1131 servatores
1380 1104 1411 1132 et
1436 1102 1593 1144 populum
1615 1101 1645 1133 in
1658 1100 1809 1136 facultate
1829 1108 1860 1137 et
1875 1104 1939 1148 pri-

1185 1152 1298 1195 vilegio
1319 1154 1480 1198 mancipia
1500 1165 1660 1197 quaeque,
1689 1156 1811 1189 sclavos
1830 1157 1937 1200 vulga-

1185 1206 1262 1238 riter
1297 1213 1501 1250 nunssupata,
1520 1219 1602 1251 qnae
1618 1209 1775 1252 baptizata
1796 1214 1826 1243 et
1850 1210 1936 1243 chri-

1185 1259 1285 1292 stiana
1300 1260 1390 1303 prius
1407 1261 1488 1294 sacta
1510 1261 1640 1300 suerint,
1667 1263 1706 1295 ad
1726 1263 1863 1296 Senatus
1882 1263 1937 1297 Ca-

1186 1324 1291 1346 merae
1331 1314 1431 1357 ipsius
1471 1314 1562 1347 Urbis
1596 1315 1739 1348 officium
1773 1327 1811 1349 ao
1852 1316 1939 1350 illius

1185 1373 1425 1400 conservatores
1447 1379 1504 1411 pro
1526 1380 1639 1402 corum
1661 1369 1806 1403 libertate
1827 1371 1938 1404 confu-

389 1422 428 1454 ad
448 1423 582 1456 verbum
603 1425 722 1460 ingesta
742 1434 768 1459 01
788 1440 936 1472 <ww-4355„
958 1433 1074 1475 forem,
1089 1437 1143 1469 ha-
1184 1421 1314 1463 gientia,
1333 1428 1427 1465 prout
1446 1433 1482 1455 ex
1498 1423 1594 1455 veteri
1611 1423 1846 1457 consuetudine
1862 1424 1938 1457 hac-

390 1476 467 1509 beri.
478 1479 637 1520 volumus,
665 1482 845 1526 ceterisque
875 1488 1046 1521 contrariis
1071 1490 1142 1533 qui-

390 1530 603 1576 buscninque.

435 1587 449 1628 ς’
466 1585 496 1618 7.
516 1587 650 1630 thuod
667 1592 884 1633 praesentium
902 1596 969 1628 sola
981 1596 1145 1640 signatura

392 1639 529 1673 sufficiat
549 1648 580 1674 et
610 1643 728 1687 ubique
758 1648 853 1681 tidem
881 1650 991 1689 faciat,
1024 1658 1145 1688 attento

392 1695 479 1737 quod
503 1696 535 1728 in
562 1697 655 1731 Urbe.

569 1751 648 1793 Fiat,
666 1760 756 1788 motu
771 1758 913 1800 proprio.
928 1761 964 1792 M.

437 1804 550 1838 Datum
572 1807 691 1841 Romae
712 1812 797 1854 apud
819 1812 972 1847 Sanctum
989 1816 1144 1855 Marcum,

394 1857 506 1899 quinto
527 1860 598 1893 idus
618 1865 822 1906 septembris,
845 1878 965 1901 annor.

466 1912 524 1943 Dat.
542 1915 588 1944 «lie
607 1918 623 1943 lt
644 1922 716 1955 sept.
735 1919 820 1953 1566,
842 1922 943 1958 pontif.
967 1934 1044 1954 anno
1061 1936 1077 1955 1.

720 2041 821 2075 xxvi.

396 2103 505 2137 Sclcwi
524 2106 681 2150 baptizati
709 2112 752 2142 acl
780 2119 1013 2148 conservatores
1045 2118 1150 2151 almae

446 2158 539 2191 Urbis
552 2171 612 2203 pro
633 2163 779 2198 libertate
803 2168 1034 2210 consumentes,
1057 2171 1150 2204 liber-

445 2216 541 2246 tatem
573 2223 808 2260 consequuntur
837 2225 866 2252 et
895 2223 976 2254 vives
1009 2224 1151 2259 Romam

443 2267 624 2309 efficiuntur
646 2270 669 2302 1.

509 2348 569 2377 Pius
587 2350 657 2386 Papa
677 2353 713 2385 V.
734 2356 810 2383 motu
833 2359 959 2393 proprio.
985 2360 1039 2389 etc.

444 2424 581 2467 Dignum
608 2434 635 2461 et
658 2431 774 2465 rationi
801 2444 981 2478 congruum
1012 2450 1079 2471 esse
1111 2443 1151 2473 vi-

402 2477 495 2512 detur
515 2486 549 2513 ut
570 2493 618 2521 ea,
645 2496 727 2528 quae
753 2498 789 2521 ex
808 2490 905 2523 veteri
936 2492 1081 2528 instituto
1110 2497 1153 2529 of-

449 2545 458 2569 1
482 2546 536 2576 Hoc
554 2549 627 2583 prius
647 2554 738 2580 statuit
759 2554 855 2583 Paulus
873 2556 920 2587 111,
941 2558 987 2584 sed
1005 2562 1093 2592 postea
1112 2569 1153 2587 re-

404 2592 516 2617 vocavit.
545 2593 609 2621 Eius
633 2603 695 2630 ergo
710 2597 913 2624 constitutiones
934 2599 968 2624 uti
990 2600 1086 2627 otiosas
1102 2609 1152 2635 po-

405 2643 467 2661 nere
483 2632 571 2666 nolui,
588 2637 674 2661 stante
701 2635 747 2662 hac
767 2639 901 2671 postrema
921 2638 1017 2673 piaque
1035 2639 1153 2676 disposi-

405 2680 484 2707 tione-

1187 1481 1291 1513 temis,
1326 1480 1360 1507 ut
1386 1476 1453 1519 ipse
1483 1476 1713 1519 praedeeessor
1741 1483 1938 1519 narraverat,

1186 1534 1426 1563 conservatores
1442 1531 1588 1574 praefati,
1601 1536 1669 1564 tuni
1682 1542 1719 1563 ex
1730 1531 1860 1575 speciali
1877 1532 1942 1576 pri-

1186 1583 1300 1627 vrlegio
1316 1583 1506 1628 pontificali,
1521 1589 1588 1616 tuin
1600 1584 1760 1628 imperiali
1775 1590 1941 1629 potestate,

1187 1638 1229 1671 ab
1249 1649 1363 1682 aspero
1384 1639 1545 1671 servitutis
1564 1639 1640 1679 iugo
1656 1639 1818 1673 liberandi
1843 1640 1943 1673 facul-

1188 1698 1283 1726 tatem
1305 1693 1497 1733 habuerant,
1527 1692 1651 1726 etiamsi
1674 1694 1767 1737 lapsu
1787 1695 1942 1738 temporis

1188 1745 1354 1789 deperdita
1382 1745 1528 1786 fuissent,
1560 1746 1775 1789 reintegravit,
1805 1747 1943 1791 vestigiis

1190 1801 1401 1833 inhaerendo.

1234 1855 1248 1897 ξ
1282 1854 1312 1887 2.
1345 1855 1431 1887 Motu
1461 1854 1556 1887 simili
1588 1858 1619 1887 et
1645 1865 1682 1887 ex
1709 1861 1797 1888 certa
1834 1862 1943 1891 nostra

1189 1910 1322 1943 scientia
1347 1920 1383 1942 at:
1417 1909 1455 1942 de
1476 1909 1672 1952 apostolicae
1693 1911 1858 1954 potestatis
1876 1913 1944 1957 ple-

1190 1965 1348 2004 nitudine,
1374 1964 1503 1997 eosdem
1530 1970 1771 1998 conservatores
1791 1977 1850 2009 pro
1861 1971 1942 2000 tem-

1191 2032 1268 2065 pore
1285 2021 1454 2054 existentes
1474 2020 1605 2064 speciali
1625 2019 1731 2053 favore
1747 2031 1945 2066 prosequen-

1192 2081 1248 2115 tes,
1272 2086 1309 2108 ac
1329 2075 1437 2108 literas
1466 2074 1658 2118 apostolicas
1688 2075 1778 2108 Pauli
1808 2077 1943 2120 praede-

1192 2131 1340 2170 cessoris,
1367 2140 1404 2162 ac
1425 2130 1449 2163 si
1470 2129 1509 2162 de
1529 2129 1625 2162 verbo
1646 2130 1685 2162 ad
1705 2130 1838 2163 verbum
1859 2132 1943 2166 inse-

1192 2192 1352 2225 rerentur,
1376 2197 1436 2231 pro
1451 2185 1608 2230 expressis
1623 2186 1789 2226 hahentes,
1810 2187 1944 2232 illasque

1192 2243 1223 2275 in
1248 2248 1364 2283 totum,
1388 2243 1472 2275 iuxta
1493 2242 1622 2275 illarum
1643 2236 1944 2283 tenoremsconfir-

1193 2302 1327 2337 mantes,
1359 2297 1445 2341 ipsos
1473 2301 1713 2330 conservatores
1740 2307 1777 2329 ac
1802 2295 1945 2330 officium

1193 2352 1329 2385 Senatus
1348 2352 1500 2386 Gamerae
1516 2351 1611 2384 Urbis
1631 2350 1662 2383 in
1678 2350 1944 2392 iurisdictionem,

1194 2408 1377 2440 facultatem
1398 2412 1429 2441 et
1449 2412 1637 2452 potestatem
1664 2406 1824 2450 mancipia
1843 2416 1944 2449 quae-

1194 2474 1334 2507 cumque
1356 2464 1415 2496 snb
1434 2463 1509 2507 iugo
1526 2462 1687 2496 servitutis
1703 2460 1946 2504 quomodolibet

1194 2513 1334 2557 alligata,
1366 2513 1405 2545 ad
1432 2512 1617 2546 huiusmodi
1639 2512 1774 2545 Senatus
1789 2510 1945 2566 ‘Gamerae

1195 2563 1289 2596 Urbis
1312 2564 1454 2597 officium
1486 2575 1544 2608 pro
1575 2568 1719 2606 tempore
1748 2566 1885 2595 existens
1909 2572 1946 2594 ac

1197 2614 1295 2658 ipsius
1323 2613 1426 2650 Urbis·
1451 2620 1690 2649 conservatores
1715 2610 1942 2655 confugientia,

1195 2678 1231 2700 ac
1261 2667 1440 2701 libertatem
1472 2663 1694 2704 acclamantia,
1729 2672 1787 2707 per
1815 2661 1944 2695 eosdem

1951 251 2002 278 An.
2021 251 2049 278 C.
2065 253 2131 281 ¹566

2014 639 2089 661 Paulus
2104 639 2133 661 ill

1951 672 2087 697 reintegravit
2106 672 2133 691 ta-

1949 703 2049 723 rultatem
2085 709 2133 723 con-

1949 737 2082 754 servaturum
2098 733 2134 754 Ur-

1950 765 1989 787 bis.
2033 765 2133 786 libertate

1950 797 2040 817 {iuuandi
2058 798 2135 818 manci-

1949 829 1983 854 pia
1998 828 2022 848 ad
2038 834 2077 849 eos
2096 834 2133 855 pro

1949 859 2048 881 libertate
2063 859 2134 881 conlu-

1949 891 2035 916 gientiai

1994 1884 2031 1906 Hic
2047 1884 2144 1906 Pontitex

1959 1917 2055 1938 eamdem
2079 1915 2143 1937 tacut-

1959 1951 2023 1970 tatem
2069 1948 2144 1969 confir-

1960 1983 2010 2008 mai,
