2237 3100
234 276 285 302 An.
302 276 330 304 C.
351 276 418 304 1567

432 324 549 363 petuae
580 315 739 350 firmitatis
768 313 896 346 vinculo
930 309 1186 348 communimus,

432 373 620 416 supplentes
650 379 762 403 omncs
787 372 815 400 et
840 365 985 408 singulos
1020 368 1083 396 tam
1109 362 1189 394 iuris

431 435 529 468 quam
560 423 633 457 facti
663 422 818 459 desectus,
841 418 866 451 si
887 417 942 461 qui
958 416 1190 449 intervenerint

431 478 463 511 in
479 478 611 511 eisdem.
630 477 768 518 Insuper
780 472 916 516 priores,
931 471 1056 509 fratres,
1076 470 1189 503 domos

430 536 461 564 et
489 531 560 563 loca
585 529 739 572 praefata,
761 525 1014 568 universumque
1035 522 1187 556 Ordinem

430 584 462 616 in
488 592 588 626 regno
613 580 790 625 praedicto,
813 590 849 612 ac
874 577 983 611 omnia
1008 582 1036 609 et
1063 576 1188 619 singula

430 637 575 680 ipsorum
596 634 731 667 fratrum
753 638 784 666 et
803 631 931 666 Ordinis
961 636 1075 671 terraS,
1098 629 1187 662 villas

429 694 460 722 et
479 689 551 722 loca
570 688 610 721 ab
626 687 715 721 omni
740 685 962 719 iurisdictione
987 689 1018 716 et
1043 683 1189 727 superio-

428 743 520 775 ritate
530 750 815 785 quorumcumque
824 737 1076 778 ordinariorum,
1085 742 1188 771 recto-

429 806 502 829 rum
522 800 553 828 et
567 794 762 828 vicariorum
779 792 1033 836 praedictorum,
1052 802 1088 824 ac
1104 802 1185 835 quo—

429 849 550 882 rumvis
566 848 718 887 aliorum3
741 852 772 880 et
792 846 887 880 etiam
904 845 1073 888 utriusque
1094 855 1187 877 sexus

428 903 588 939 homines,
612 902 643 935 in
664 901 770 938 terris,
791 900 873 933 villis
902 904 932 933 et
955 898 1035 932 locis
1060 898 1187 932 Ordinis

428 955 615 990 huiusmodi
631 961 658 989 et
689 955 775 988 illius
797 954 933 987 fratrum
959 953 1123 995 degentes,
1146 953 1185 984 ab

427 1009 579 1043 omnibus
612 1008 761 1049 decimis,
798 1006 1015 1041 oblationibus
1053 1011 1084 1039 et
1117 1005 1186 1039 aliis

427 1064 691 1108 quibuscumque
704 1062 868 1101 oneribus,
890 1060 1061 1093 ordinariis
1082 1066 1109 1092 et
1131 1071 1184 1093 ex-

427 1115 669 1156 traordinariis,
715 1126 772 1159 per
810 1114 1011 1155 ordinarios,
1043 1119 1185 1147 rectores

426 1181 461 1203 ac
486 1170 622 1203 vicarios
645 1169 841 1213 praedictos,
876 1169 1020 1212 aliosque
1050 1167 1185 1200 clericos

426 1224 608 1258 saeculares
639 1234 676 1257 ac
701 1222 891 1267 quorumvis
917 1221 1074 1255 Ordinum
1103 1221 1183 1254 alio-

425 1287 498 1310 rum
519 1277 697 1320 regulares,
720 1276 759 1309 de
780 1276 864 1308 facto
885 1274 1044 1318 impositis
1069 1280 1099 1307 et
1127 1275 1184 1306 im-

425 1330 599 1373 ponendis,
627 1335 655 1363 et
686 1340 745 1373 per
772 1340 826 1362 cos
850 1328 966 1372 petitis,
1005 1339 1060 1361 seu
1088 1328 1183 1361 ctiam

424 1383 669 1426 quomodolibet
696 1382 884 1426 praetensis,
914 1393 951 1415 ac
977 1381 1057 1424 exigi
1084 1381 1184 1414 solitis

424 1442 455 1470 et
484 1437 636 1477 insolitis,
666 1436 755 1469 novis
788 1442 818 1469 et
852 1435 1013 1479 antiquis,
1056 1435 1183 1478 penitus

424 1495 454 1523 et
475 1489 608 1523 omnino
634 1489 665 1521 in
683 1494 839 1533 perpetuo
859 1488 1031 1521 eximimus
1056 1493 1084 1520 et
1107 1488 1185 1520 libe-

424 1554 559 1583 ramus,
593 1542 768 1576 districtius
802 1542 984 1575 inhibentes
1012 1541 1184 1585 praedictis

423 1598 573 1630 omnibus
604 1597 740 1640 singulis
765 1597 964 1637 rectoribus,
996 1596 1180 1637 ordinariis,

424 1651 575 1694 praelatis
589 1678 596 1691 ,
623 1650 846 1695 superioribus
863 1677 870 1690 ,
907 1650 1096 1692 ceterisque,
1118 1655 1181 1682 tam

422 1704 625 1737 secularibus
653 1715 751 1748 quam
793 1703 982 1747 quorumvis
1024 1702 1181 1736 Ordinum

423 1758 638 1801 regularibus,
662 1768 789 1791 necnon
808 1757 912 1797 laicis,
939 1757 1034 1789 etiam
1061 1757 1182 1789 utrius—

423 1822 485 1856 que
507 1822 610 1851 sexus,
634 1811 666 1844 in
692 1812 805 1845 eodem
832 1821 931 1854 regno
960 1810 1179 1850 existentibus,

423 1865 661 1908 cuiuscumque
686 1864 868 1908 dignitatis,
895 1869 994 1897 status
1015 1869 1045 1897 et
1073 1864 1183 1897 condi—

424 1919 518 1952 tionis
557 1919 695 1960 suerint,
727 1919 846 1962 quibus
872 1923 1059 1962 praesentes
1074 1918 1183 1951 literas

422 1973 469 2005 vel
486 1983 600 2005 eorum
626 1973 772 2016 exempla
796 1971 981 2005 authentica
997 1977 1181 2015 praesenta—

422 2026 565 2066 buntur,
588 2026 648 2058 sub
672 2025 1016 2059 excommunicationis
1050 2025 1182 2058 maioris

422 2090 458 2112 ac
485 2080 706 2123 suspensionis
727 2085 757 2113 et
772 2079 933 2112 interdic-ti
950 2078 1086 2122 aliisque
1111 2091 1181 2112 sen-

422 2133 540 2173 tentiis,
563 2133 710 2166 censuris
730 2138 759 2166 et
781 2132 895 2176 poenis
918 2133 1177 2174 eccelesiasticis,

421 2197 480 2230 per
499 2187 677 2230 quemlibet
693 2186 976 2219 contrat'acicntein
994 2196 1031 2219 eo
1048 2186 1117 2229 ipso
1133 2187 1181 2218 in-

422 2240 609 2280 currendis,
644 2251 684 2273 ne
713 2239 878 2284 praedicta
912 2239 1086 2282 impedire,
1125 2244 1180 2272 aut

421 2293 547 2336 priores
568 2299 598 2327 et
619 2293 734 2327 fratres
763 2293 945 2337 praedictos
969 2295 1001 2325 in
1016 2293 1176 2337 personis,

426 2347 523 2379 rebus
542 2352 573 2380 et
592 2347 697 2387 bonis,
720 2347 871 2391 pubblice
892 2346 1092 2390 velJocculte,
1108 2357 1178 2380 mo-

422 2399 550 2439 lestare,
568 2410 628 2433 nee
649 2400 743 2433 etiam
765 2400 947 2443 sepulturas
964 2399 994 2431 in
1016 2399 1108 2432 dictis
1128 2410 1179 2433 ec-

422 2452 526 2485 clesiis
547 2458 575 2485 et
597 2453 676 2486 locis
705 2453 904 2495 eligentium,
932 2452 1053 2495 primas
1087 2453 1177 2485 obla-

421 2501 534 2541 tiones,
559 2502 708 2534 ultimum
730 2503 800 2534 vale
820 2506 1035 2545 nuncupatas,
1068 2501 1100 2533 in
1126 2502 1178 2535 de-

422 2549 611 2583 trimentum
632 2550 708 2583 dicti
738 2550 874 2589 Ordinis,
887 2550 1013 2593 exigere
1038 2550 1177 2583 audeant

421 2599 653 2642 quoquomodo
669 2600 717 2632 vel
740 2604 957 2643 praesumant.
986 2599 1174 2638 Quinetiam

420 2648 498 2691 ipsis
514 2648 669 2683 universis
680 2653 710 2681 et
725 2649 871 2693 singulis,
889 2649 949 2682 sub
965 2648 1083 2683 eisdem
1098 2658 1174 2691 poe—

1029 254 1210 281 BULLARIUM
1234 253 1385 279 ROMANUM

1230 307 1290 347 nis,
1306 304 1526 350 praecipimus
1545 309 1581 337 ut
1606 303 1714 337 omnia
1748 309 1778 336 et
1805 311 1983 345 quaecum-

1230 370 1292 402 que
1326 362 1558 398 monumenta‚
1581 357 1678 399 ligna,
1703 356 1838 401 lapides,
1874 366 1926 389 res
1954 359 1985 387 et

1229 413 1314 446 bona
1336 411 1482 452 mobilia,
1508 421 1566 455 per
1586 420 1640 443 eos
1663 420 1721 443 seu
1741 419 1855 443 eorum
1893 414 1984 442 ante-

1230 476 1384 506 cessores,
1407 464 1669 509 quibuscumque
1689 462 1856 503 domibus,
1878 463 1983 496 eccle-

1229 519 1295 559 siis,
1309 518 1462 563 cappellis
1488 523 1518 552 et
1542 516 1657 551 ceteris
1686 515 1890 560 regularibus
1905 515 1985 549 locis

1228 573 1356 606 Ordinis
1371 577 1401 606 et
1417 571 1509 615 regni
1528 570 1728 610 huiusmodi,
1743 581 1762 603 a
1777 579 1985 613 quocumque

1230 631 1374 670 tempore
1396 626 1475 659 citra
1494 625 1664 665 abstracta,
1691 624 1808 664 ablata,
1831 628 1986 668 usurpata

1228 685 1259 713 et
1279 680 1417 721 detenta,
1442 684 1472 712 et
1492 679 1531 712 ad
1551 678 1676 719 domos,
1693 676 1845 712 ecclesias
1864 682 1895 710 et
1914 677 1986 710 loca

1228 733 1415 767 huiusmodi
1436 733 1613 777 spectantia
1624 738 1655 766 et
1670 731 1876 777 pertinentia,
1891 730 1984 765 Ordi-

1228 787 1273 828 ni,
1287 787 1449 828 domibus,
1472 786 1615 820 eeclesiis
1635 792 1666 819 et
1681 785 1834 819 fratribus
1854 784 1983 829 praedi-

1228 841 1285 873 ctis
1305 841 1409 874 statim
1427 841 1595 874 restituere
1611 846 1798 884 procurent.

1272 896 1286 937 g
1306 894 1337 928 3.
1374 895 1589 927 Decernentes
1614 893 1790 937 praemissa
1815 893 1926 927 omnia
1954 899 1985 928 et

1227 948 1353 991 singula
1374 959 1448 982 suos
1468 948 1601 981 effectus
1621 947 1766 992 plenarie
1781 947 1904 989 sortiri,
1924 958 1984 982 nec

1227 1002 1363 1045 priores,
1378 1002 1503 1045 fratres,
1521 1001 1634 1035 domos
1650 1007 1705 1035 aut
1724 1002 1795 1035 loca
1810 1001 1986 1046 praedicta,

1227 1066 1285 1088 nec
1307 1056 1507 1100 sepulturam
1533 1055 1576 1088 ibi
1596 1055 1760 1098 eligentes,
1783 1065 1843 1089 nec
1870 1066 1984 1090 eorum

1227 1119 1381 1152 personas
1405 1109 1568 1153 deinceps,
1596 1119 1694 1152 super
1719 1109 1764 1142 eis
1790 1114 1845 1143 aut
1870 1120 1985 1143 eorum

1226 1163 1346 1207 aliquo,
1372 1174 1430 1208 per
1444 1164 1592 1197 locorum
1613 1162 1806 1204 ordinarios,
1828 1168 1982 1206 rectoreS,

1226 1217 1411 1261 superiores
1428 1222 1458 1250 et
1474 1217 1646 1260 praelatos,
1673 1221 1704 1250 et
1727 1216 1808 1250 alios
1822 1217 1983 1260 praefatos

1225 1271 1272 1303 vel
1297 1282 1523 1315 quoscumque
1543 1270 1625 1303 alios
1648 1270 1772 1303 turbari
1802 1271 1852 1304 vel
1879 1271 1984 1315 impe-

1225 1324 1297 1357 diri.
1312 1325 1498 1364 Quinimmo
1514 1324 1602 1369 ipsos
1618 1330 1771 1364 rectores,
1788 1324 1981 1365 ordinarios,

1225 1378 1409 1428 superiQes
1426 1384 1456 1411 et
1471 1379 1632 1422 praelatos
1665 1378 1704 1411 ad
1727 1374 1983 1412 observationem

1226 1431 1441 1465 inviolabilem
1472 1432 1727 1475 praemissorum
1755 1431 1871 1474 teneri,
1893 1437 1925 1466 et
1943 1432 1983 1465 ad

1225 1485 1255 1517 id
1276 1485 1371 1518 etiam
1388 1486 1562 1526 sententiis,
1585 1485 1731 1519 censuris
1746 1490 1777 1518 et
1796 1486 1909 1529 poenis
1928 1496 1982 1520 ec-

1225 1538 1411 1573 clesiasticis
1443 1545 1474 1573 et
1512 1539 1708 1583 pecuniariis
1742 1540 1910 1584 compelli;
1945 1551 1983 1573 ac

1225 1598 1408 1636 praesentes
1418 1593 1534 1633 literas,
1544 1594 1634 1626 nullo
1650 1604 1806 1636 umquam
1824 1598 1982 1638 tempore,

1224 1647 1262 1679 de
1278 1647 1496 1691 subreptionis
1514 1648 1562 1680 vel
1585 1647 1785 1691 obreptionis
1810 1653 1866 1681 aut
1882 1648 1982 1681 nulli-

1225 1700 1295 1733 tatis
1305 1700 1394 1741 vitio,
1414 1712 1470 1734 seu
1486 1701 1673 1734 intentionis
1688 1706 1816 1734 nostrae
1843 1702 1892 1734 vel
1917 1701 1981 1734 alio

1223 1754 1376 1798 quopiam
1415 1755 1541 1787 defectu
1575 1755 1679 1787 notari
1712 1755 1761 1787 vel
1795 1754 1980 1799 impugnari

1224 1818 1327 1850 posse,
1357 1818 1416 1841 nec
1445 1809 1504 1841 sub
1535 1807 1711 1851 quibusvis,
1734 1808 1829 1841 etiam
1850 1808 1980 1841 illarum

1224 1866 1325 1894 totum
1356 1867 1501 1895 tenorem
1527 1861 1559 1894 in
1593 1872 1625 1895 se
1653 1861 1905 1903 continentibus,
1933 1872 1982 1895 re-

1223 1915 1458 1955 vocationibus,
1479 1915 1757 1959 suspensionibus,
1780 1914 1980 1949 limitationi-

1222 1967 1283 2001 bus
1312 1973 1367 2001 aut
1386 1968 1648 2011 derogationibus
1669 1979 1727 2011 per
1750 1978 1809 2001 nos
1835 1973 1891 2002 aut
1910 1979 1982 2003 suc-

1223 2032 1366 2055 cessores
1391 2027 1518 2055 nostros
1554 2022 1716 2055 Romanos
1741 2021 1914 2055 Pontifices
1932 2023 1980 2055 vel

1222 2075 1336 2108 Sedem
1356 2075 1566 2118 praedictam,
1581 2076 1640 2109 sub
1652 2075 1916 2119 quibuscumque
1931 2080 1979 2109 te-

1221 2130 1356 2163 noribus
1390 2135 1421 2163 et
1458 2129 1570 2163 formis
1584 2156 1591 2170 ,
1633 2141 1670 2163 ae
1704 2140 1779 2163 cum
1813 2128 1981 2173 quibusvis

1221 2184 1375 2216 clausulis
1400 2189 1430 2217 et
1454 2184 1609 2223 decretis,
1636 2194 1673 2217 ae
1698 2182 1981 2217 etiam-Cancella-

1221 2238 1286 2270 riae
1307 2237 1510 2281 Apostolicae
1540 2237 1662 2279 regulis
1686 2242 1717 2270 et
1736 2236 1807 2270 aliis
1827 2236 1982 2270 constitu·

1220 2290 1363 2324 tionibus
1387 2290 1479 2324 editis
1499 2296 1527 2323 et
1550 2289 1700 2330 edendis,
1732 2288 1978 2334 comprehendi,

1220 2346 1275 2378 sed
1295 2355 1423 2388 semper
1447 2345 1486 2377 ab
1515 2344 1578 2377 illis
1599 2349 1766 2388 exceptas,
1795 2348 1825 2377 et
1851 2342 1980 2387 quoties

1219 2399 1292 2431 illae
1304 2398 1514 2439 emanabant,
1528 2398 1622 2431 toties
1633 2398 1665 2431 in
1676 2397 1848 2441 pristinum
1861 2401 1979 2429 statum

1219 2452 1381 2485 restitutas
1409 2463 1446 2485 ac
1480 2452 1518 2485 de
1548 2462 1629 2485 novo
1656 2460 1825 2485 concessas
1852 2460 1920 2483 esse
1949 2454 1981 2483 et

1219 2500 1355 2534 censeri.
1383 2501 1502 2544 Sieque
1522 2512 1581 2544 per
1600 2509 1826 2544 quoscumque
1853 2498 1980 2531 iudices

1218 2550 1398 2583 ordinarios
1426 2555 1457 2583 et
1486 2549 1668 2592 delegatos,
1691 2549 1724 2581 in
1744 2547 1855 2591 quavis
1879 2557 1980 2580 causa

1217 2604 1247 2631 et
1267 2599 1428 2639 instantia,
1451 2598 1575 2632 sublata
1591 2598 1637 2631 eis
1653 2602 1683 2630 et
1703 2607 1817 2630 eorum
1844 2595 1980 2629 cuilibet

1216 2647 1326 2691 quavis
1353 2648 1446 2682 aliter
1474 2646 1637 2681 iudicandi
1671 2652 1699 2679 et
1735 2644 1977 2689 interpretandi

1997 249 2047 275 An.
2065 247 2094 275 C.
2113 247 2183 276 ¹56⁷
2233 224 2237 248 Ἀ

2037 897 2183 920 Praesenuum

1999 929 2136 951 observantia
2163 934 2184 951 et
2235 941 2237 944 .

1999 961 2094 983 (li-mitae.

2229 271 2237 297 t

2229 300 2237 339 2

2227 344 2237 403 ἒ

2226 405 2237 434 ‘l

2227 427 2237 492 i
