2237 3100
40 300 88 327 An.
107 299 136 326 C.
156 299 223 326 1562

83 356 222 377 Possessione

38 387 161 408 beneficior.
176 391 221 413 ele„

63 847 214 874 vectigalibus,

62 1114 139 1142 Spoliis
155 1113 221 1134 cleii-

36 1152 115 1168 corum.

917 300 984 324 ruis
1003 300 1033 324 lv
1053 300 1101 324 PP.

238 352 390 397 piscenda
410 351 611 396 possessione
630 351 866 386 beneficiorum
889 353 992 386 eccle-

237 406 452 446 siasticorum,
475 406 569 439 etiam
591 407 684 440 nobis
704 412 734 440 et
758 407 831 440 Sedi
856 407 992 450 Aposto-

236 460 318 493 licae
334 465 583 500 reservatorum;
595 466 624 494 et
636 460 898 504 prorogationem
911 465 992 492 tem-

236 514 324 558 poris
350 514 389 547 ad
422 514 637 557 expediendas
666 515 775 547 literas
802 513 993 557 apostolicas

235 578 519 612 quarumcumque
544 568 739 611 gratiarum,
762 573 817 601 aut
841 567 878 600 ad
905 568 992 600 solu-

234 620 355 654 tionem
371 621 622 654 annatarumvel
634 621 772 654 aliorum
791 620 912 653 iurium
929 621 994 652 col-

234 675 318 718 legio
339 674 552 708 cardinalium
574 680 628 708 aut
653 674 845 708 officialibus
869 673 993 706 debito-

234 739 308 761 rum
330 728 462 761 minime
484 728 663 762 concedere
683 729 819 761 valeant.

279 783 294 826 g
313 782 366 815 42.
386 782 521 816 Caveant
543 782 638 815 etiam
660 783 698 815 ab
719 781 925 826 impositione
947 781 993 813 vel

236 841 410 880 augmento
429 836 635 879 vectigalium
668 847 724 869 seu
758 835 920 868 datiorum
944 835 992 867 vel

236 890 369 923 illorum
404 889 620 923 diminutione
655 894 710 922 aut
739 888 927 922 alteratione
957 899 993 921 ex

235 954 443 987 quacumque
473 954 582 983 causa,
605 943 700 976 ctiam
722 942 885 987 publicam
907 941 993 974 utili-

234 1002 333 1031 tatem
345 1001 582 1040 eoncmnente

279 1051 294 1094 ἓ
314 1050 366 1083 13.
391 1050 453 1083 Sed
473 1061 532 1083 nec
554 1049 655 1093 spolia
677 1049 872 1082 clericorum
897 1048 991 1081 dece-

235 1093 462 1143 dentiumfaut
482 1103 623 1137 decimas
643 1103 690 1136 vel
712 1102 774 1135 alia
794 1102 914 1145 regalia
939 1107 994 1135 aut

235 1157 356 1190 credita
376 1156 497 1190 fiscalia
516 1157 549 1189 in
560 1161 627 1189 toto
646 1156 694 1188 vel
710 1155 742 1187 in
764 1161 854 1200 parte
871 1156 992 1188 donare

234 1211 283 1244 vel
299 1211 463 1244 remittere
481 1210 614 1254 possint.
632 1209 851 1243 Commissarii
867 1220 942 1243 vero
954 1210 992 1243 ad

194 1301 197 1304 ,
234 1264 413 1309 praemissa
438 1264 591 1307 exigenda
623 1268 653 1296 et
672 1264 908 1307 recuperanda,
928 1274 991 1296 non

64 1651 93 1673 De
128 1652 216 1673 elerico-

34 1689 78 1704 rum
94 1684 188 1704 tui-istnc.

234 1317 295 1351 nisi
320 1318 428 1351 idonei
448 1323 479 1351 et
498 1317 652 1361 probatae
671 1317 763 1357 vitae,
786 1317 913 1350 nullum
934 1317 991 1349 ha-

234 1372 346 1405 bentes
372 1371 405 1404 in
421 1382 457 1405 ea
478 1382 512 1404 re
538 1371 705 1411 interesse,
734 1370 989 1410 constituantur,

235 1425 291 1468 qui
312 1425 407 1458 etiam
428 1424 639 1458 iureiurando
665 1436 701 1457 ae
722 1424 846 1457 idoneis
867 1424 991 1457 cautio-

235 1478 331 1512 nibus
341 1479 379 1512 de
391 1489 505 1512 eorum
516 1478 624 1511 officio
634 1477 773 1511 fideliter
781 1482 811 1510 et
822 1477 993 1521 diligenter

236 1533 417 1565 exercendo
438 1531 691 1574 adstringantur.

280 1585 295 1629 ἓ
314 1585 368 1619 14.
391 1585 592 1619 Clericivero
602 1585 766 1625 Gamerae,
784 1585 991 1618 cumnullam

236 1638 492 1672 iurisdictionem
517 1644 552 1671 ut
572 1638 702 1681 singuli,
720 1638 911 1671 sedtantum
924 1639 991 1671 col-

234 1692 392 1735 legialiter
411 1698 441 1724 et
465 1692 498 1724 in
524 1692 618 1735 plena
639 1691 773 1724 Camera
794 1691 912 1724 babere
934 1702 991 1724 no-

234 1751 376 1786 scantur,
399 1745 479 1778 nihil
504 1745 673 1789 expediant
699 1744 845 1789 privatim
872 1750 899 1777 et
927 1745 991 1777 sin-

232 1800 401 1843 gulariter,
423 1810 483 1832 nec
504 1799 629 1842 aliquas
645 1798 753 1832 literas
769 1804 822 1831 aut
849 1804 993 1842 patentes

232 1854 271 1887 de
283 1864 491 1898 quacumque
508 1864 542 1886 re
554 1852 770 1893 subscribant,
785 1852 890 1885 nisiex
903 1864 992 1886 com-

183 1937 186 1939 ,
233 1907 385 1941 missione
398 1908 444 1941 eis
464 1908 546 1940 facta
559 1907 591 1939 in
603 1907 715 1939 eadem
738 1907 833 1950 plena
845 1906 989 1947 Camera,

86 2136 218 2159 Notariorum

35 2174 129 2195 munci-e,

61 2353 149 2377 indultis
162 2357 219 2377 eirca

36 2387 158 2414 spiritualia,

233 1961 265 1994 in
285 1972 350 2005 qua
375 1961 484 1994 onmia
505 1961 589 1993 clare
615 1966 646 1993 et
669 1960 817 1993 distincte
840 1961 989 2004 proponi,

233 2014 311 2047 acin
322 2014 405 2047 libro
414 2013 674 2057 propositionum
685 2013 832 2046 annotari
841 2014 990 2047 debeant.

278 2069 293 2112 ἓ
319 2068 372 2102 15.
402 2067 588 2110 Notariique
618 2067 649 2099 in
676 2067 933 2111 expeditionibus
963 2074 994 2101 et

235 2121 405 2164 scripturis
425 2121 566 2163 desuper
586 2120 807 2160 conficiendis,
825 2120 864 2152 de
876 2131 993 2164 propo-

235 2175 351 2208 sitione
364 2180 391 2208 et
406 2174 635 2208 commissione
651 2174 837 2206 huiusmodi
858 2175 993 2208 mentio-

235 2239 309 2261 nem
327 2239 511 2272 expressam
526 2228 646 2260 habere
667 2232 849 2260 teneantur.

278 2282 293 2326 ξ
314 2282 366 2322 16.
391 2282 494 2316 Sedet
519 2287 582 2314 tam
600 2281 799 2314 camerarius
819 2291 916 2325 quam
930 2282 993 2315 cle-

234 2335 293 2368 rici
309 2335 381 2380 ipsi,
392 2336 476 2368 ultra
493 2334 695 2378 proliibitain
709 2335 868 2378 praesenti
889 2336 990 2368 resor-

235 2389 389 2429 matione,
412 2400 429 2422 a
445 2388 707 2432 quibuscumque
720 2387 868 2429 licentiis,
882 2389 992 2432 gratiis

234 2448 265 2476 et
285 2443 418 2476 indultis
438 2443 477 2476 de
495 2443 592 2475 rebus
604 2442 825 2485 spiritualibus
841 2442 872 2474 in
889 2443 991 2476 forma

234 2492 373 2535 gratiosa
382 2493 429 2525 vel
443 2490 675 2531 commissaria,
698 2491 794 2524 etiam
815 2503 888 2525 cum
902 2493 990 2525 clau-

235 2542 314 2574 sulis
342 2540 552 2574 iustitieativis
581 2546 611 2573 et
640 2540 729 2580 alias,
753 2546 816 2573 tam
838 2541 870 2574 in
899 2541 991 2575 terris

235 2590 397 2624 Ecclesiae
414 2601 511 2634 quam
533 2595 620 2623 extra
642 2589 724 2630 illas,
744 2590 876 2623 omnino
897 2591 991 2624 absti-

235 2644 342 2673 neant.

279 2688 293 2731 ξ
312 2687 366 2721 17.
389 2688 425 2721 Et
441 2687 590 2722 similiter
609 2699 626 2721 a
646 2688 906 2732 quibuscumque
922 2689 991 2722 aliis

1682 293 1746 327 ⁶205

1037 352 1304 397 expeditionibus,
1319 363 1402 396 quae
1418 353 1488 391 sibi,
1511 354 1635 388 ratione
1651 366 1727 389 suae
1739 367 1792 389 or—

1036 406 1179 439 dinariae
1199 406 1443 447 iurisdictionis,
1467 413 1600 452 propter
1629 409 1792 453 publicam

1037 460 1207 493 utilitatem
1236 462 1285 494 rel
1313 461 1402 501 alias,
1426 472 1573 505 expresse
1598 474 1656 506 per
1685 463 1794 496 literas

1036 525 1167 547 suarum
1193 515 1382 548 facultatum
1414 526 1585 549 concessae
1606 526 1671 550 non
1699 528 1793 561 repc-

1036 567 1176 601 riuntur.
1191 569 1254 601 Nec
1275 574 1458 612 praetextus
1470 569 1714 603 consuetudinis
1739 576 1792 603 aut

1036 622 1127 664 quasi
1148 622 1371 665 possessionis,
1394 623 1488 656 etiam
1506 623 1747 666 antiquissimae
1764 630 1792 657 et

1037 674 1314 716 immemorabilis,
1344 676 1376 708 in
1397 676 1556 710 similibus
1577 677 1794 710 concedendis

1036 727 1081 759 eis
1091 728 1295 771 suffragetur,
1307 729 1401 762 etiam
1413 730 1436 762 si
1448 730 1650 763 consuetudo
1660 735 1691 764 et.
1701 731 1793 774 quasi

1037 781 1195 822 possessio
1211 781 1399 815 huiusmodi
1410 794 1468 826 per
1479 783 1587 816 literas
1607 783 1792 827 aliquorum

1036 833 1229 867 Pontificum
1245 837 1439 879 generaliter
1450 837 1647 881 approbatae
1659 838 1789 871 fuerint.

1080 888 1094 930 ξ
1119 888 1172 922 18.
1194 890 1315 923 Notarii
1340 901 1415 923 vero
1441 891 1593 925 Gamerae
1614 892 1792 926 abstineant

1035 942 1074 974 ab
1095 943 1331 976 extorsionibus
1348 949 1376 976 et
1398 944 1547 978 indebitis
1559 946 1790 987 exactionibus,

1036 1001 1147 1040 utpote
1160 1008 1217 1040 pro
1228 997 1479 1040 obligationibus
1491 999 1632 1032 solvendi
1646 1006 1790 1041 armatas,

1035 1061 1117 1093 quae
1137 1056 1244 1083 tamen
1264 1051 1296 1083 in
1313 1057 1465 1095 promptu
1486 1053 1665 1093 solvuntur,
1697 1060 1792 1098 prout

1035 1102 1192 1137 hactenus
1225 1110 1419 1148 usurpatum
1450 1116 1517 1138 esse
1547 1106 1743 1150 accepimus,
1764 1113 1793 1140 et

1035 1156 1105 1189 aliis
1125 1157 1324 1197 huiusmodi,
1348 1168 1447 1201 super
1466 1158 1585 1201 quibus
1605 1165 1635 1191 et
1655 1159 1726 1193 aliis
1738 1171 1795 1204 per

1035 1215 1221 1253 praesentes
1247 1210 1372 1243 statutis
1392 1216 1421 1243 et
1442 1211 1625 1255 prohibitis,
1649 1223 1793 1245 eamera-

1035 1263 1102 1296 rius
1123 1275 1159 1296 ac
1195 1264 1264 1297 eius
1283 1264 1422 1297 vicarius
1451 1265 1637 1308 diligentem
1658 1266 1794 1310 inquisi-

1035 1316 1154 1350 tionem
1173 1318 1327 1351 adbibere
1348 1324 1377 1351 et
1389 1319 1615 1362 delinquentes
1627 1320 1795 1363 condignis

1035 1371 1148 1413 poenis
1166 1382 1224 1415 pro
1250 1373 1346 1405 modo
1368 1374 1483 1417 culpae
1504 1373 1620 1416 punire
1641 1374 1790 1408 debeant.

1079 1425 1165 1467 §ta
1198 1426 1279 1459 Sede
1308 1431 1414 1459 autem
1436 1427 1620 1470 Apostolica
1647 1433 1790 1469 vacante,

1035 1477 1179 1511 officium
1202 1480 1384 1521 camerarii,
1407 1481 1494 1523 quod
1516 1491 1573 1524 per
1589 1481 1791 1515 constitutio-

1035 1541 1108 1564 nem
1130 1532 1201 1575 piae
1233 1534 1409 1566 memoriae
1435 1534 1607 1567 Clementis
1631 1535 1735 1578 Papae
1755 1535 1790 1575 V,

1035 1584 1130 1617 etiam
1160 1586 1417 1629 praedecessoris
1444 1586 1561 1626 nostri,
1592 1587 1624 1620 in
1654 1587 1793 1621 concilio

1035 1638 1204 1671 Viennensi
1227 1639 1358 1680 editam,
1385 1641 1503 1673 durare
1524 1640 1727 1681 decernitur,
1751 1641 1792 1674 ita

1035 1692 1153 1725 durare
1174 1693 1378 1727 declaramus
1402 1699 1437 1727 ut
1470 1700 1534 1727 tarn
1557 1694 1625 1738 ipse
1646 1705 1791 1728 camera-

1036 1744 1102 1777 rius
1117 1757 1215 1789 quam
1237 1746 1458 1790 praesidentes
1488 1752 1519 1780 et
1536 1747 1646 1780 elerici
1676 1759 1712 1781 ac
1732 1758 1792 1782 no-

1037 1797 1107 1830 tarii
1129 1799 1284 1842 praedicti
1310 1810 1375 1833 non
1396 1801 1501 1833 solum
1524 1812 1572 1841 ea,
1594 1812 1676 1845 quae
1698 1812 1792 1846 prae-

1035 1852 1793 1899 senticonstitutioneprohibenturetquae,Pon—

1036 1906 1120 1939 tifice
1140 1906 1275 1947 vivente,
1295 1907 1389 1940 etiam
1402 1919 1461 1950 pro
1472 1908 1615 1941 eiusdem
1627 1909 1792 1942 Pontificis

1036 1961 1214 1993 reverentia
1247 1966 1300 1993 aut
1336 1960 1413 1994 alias
1438 1962 1683 2005 quomodolibet
1701 1974 1791 1997 exer-

1036 2025 1107 2047 cere
1124 2020 1154 2047 et
1174 2014 1325 2058 expedire
1345 2026 1411 2048 non
1428 2022 1678 2056 consueverunt,
1702 2017 1793 2050 mini-

1036 2078 1085 2100 me
1103 2074 1273 2112 usurpent,
1296 2069 1350 2101 sed
1371 2074 1495 2102 tantum
1517 2070 1673 2103 exactioni
1692 2081 1792 2114 pecu-

1036 2121 1163 2155 niarum
1194 2122 1347 2156 Gamerae
1380 2123 1583 2166 Apostolicae
1610 2123 1791 2157 debitarum

1035 2186 1071 2208 ac
1102 2175 1230 2208 illarum
1252 2177 1460 2209 reservationi
1485 2187 1613 2211 necnon
1634 2177 1791 2222 provisio-

1035 2228 1130 2262 nibus
1146 2229 1268 2262 ratione
1290 2229 1380 2263 Sedis
1400 2231 1734 2264 vacantisnecessario
1746 2231 1791 2264 fa-

1035 2282 1170 2320 ciendis,
1184 2282 1374 2316 incumbere
1384 2289 1413 2315 et
1422 2288 1593 2327 propterea
1605 2295 1621 2316 a
1632 2285 1791 2317 solutione

1034 2335 1218 2369 debitorum
1239 2342 1311 2369 ante
1332 2336 1496 2369 Pontificis
1517 2337 1640 2370 obitum
1662 2344 1790 2372 contra-

1035 2395 1174 2430 ctorum,
1197 2396 1251 2424 aut
1272 2391 1404 2424 illorum
1425 2391 1643 2425 declaratione
1663 2393 1711 2425 vel
1733 2403 1790 2426 no-

1034 2445 1174 2484 vatione,
1203 2456 1240 2477 ac
1261 2444 1423 2478 rationum
1449 2445 1638 2479 solidatione
1659 2452 1689 2479 et
1718 2447 1790 2490 qui-

1034 2493 1237 2537 buscumque
1258 2494 1328 2527 aliis
1349 2494 1619 2537 expeditionibus,
1640 2501 1705 2528 tam
1718 2507 1789 2539 gra-

1034 2543 1109 2575 tiam
1135 2554 1232 2586 quani
1253 2543 1405 2576 iustitiam
1436 2549 1491 2576 aut
1520 2544 1648 2577 illarum
1674 2556 1789 2578 execu-

1034 2591 1152 2624 tionem
1170 2592 1415 2635 quomodolibet
1426 2593 1709 2634 coneernemitms,
1723 2604 1790 2627 om-

1034 2641 1111 2673 nino
1131 2641 1293 2675 abstinere
1313 2641 1462 2674 debeant.

1078 2690 1093 2733 ξ
1112 2689 1166 2724 20.
1186 2690 1366 2724 Districtius
1384 2690 1566 2725 inhibentes
1589 2691 1732 2735 praefato
1752 2702 1787 2724 ac

1808 303 1860 329 An.
1880 303 1907 329 C.
1926 304 1993 331 1562

1849 363 1993 391 Expeitiiioni-

1809 394 1854 419 bns,

1859 907 1992 929 Notat-inrum

1808 940 1972 965 extorsionibus,

1834 1444 1947 1465 Camermvn
1973 1447 1994 1465 et

1807 1476 1933 1496 clericorum
1961 1474 1993 1495 os-

1808 1508 1854 1527 flcio
1877 1513 1913 1533 pst]
1938 1510 1993 1527 lein<

1809 1543 1859 1564 pore
1879 1537 1940 1558 Sedis
1955 1543 1994 1557 va-

1808 1570 1883 1590 ciniis.
