<?xml version="1.0" encoding="UTF-8"?>
<!DOCTYPE html PUBLIC "-//W3C//DTD XHTML 1.0 Transitional//EN"
    "http://www.w3.org/TR/xhtml1/DTD/xhtml1-transitional.dtd">
<html xmlns="http://www.w3.org/1999/xhtml" xml:lang="en" lang="en">
 <head>
  <title>
</title>
<meta http-equiv="Content-Type" content="text/html;charset=utf-8" />
  <meta name='ocr-system' content='tesseract 3.04.00' />
  <meta name='ocr-capabilities' content='ocr_page ocr_carea ocr_par ocr_line ocrx_word'/>
</head>
<body>
  <div class='ocr_page' id='page_1' title='image "./bullarumdiplomat07cath_1009.png"; bbox 0 0 2237 3100; ppageno 0'>
   <div class='ocr_carea' id='block_1_1' title="bbox 21 302 196 331">
    <p class='ocr_par' dir='ltr' id='par_1_1' title="bbox 21 302 196 331">
     <span class='ocr_line' id='line_1_1' title="bbox 21 302 196 331; baseline -0.011 0"><span class='ocrx_word' id='word_1_1' title='bbox 21 303 69 331; x_wconf 77' lang='lat' dir='ltr'>An.</span> <span class='ocrx_word' id='word_1_2' title='bbox 84 303 112 330; x_wconf 93' lang='lat' dir='ltr'>C.</span> <span class='ocrx_word' id='word_1_3' title='bbox 133 302 196 330; x_wconf 79' lang='lat'><strong>1571</strong></span> 
     </span>
    </p>
   </div>
   <div class='ocr_carea' id='block_1_2' title="bbox 17 364 201 633">
    <p class='ocr_par' dir='ltr' id='par_1_2' title="bbox 17 364 201 633">
     <span class='ocr_line' id='line_1_2' title="bbox 53 364 200 385; baseline 0 0"><span class='ocrx_word' id='word_1_4' title='bbox 53 364 200 385; x_wconf 69' lang='lat' dir='ltr'>Prneservano</span> 
     </span>
     <span class='ocr_line' id='line_1_3' title="bbox 20 396 200 417; baseline -0.006 0"><span class='ocrx_word' id='word_1_5' title='bbox 20 397 92 417; x_wconf 76' lang='lat' dir='ltr'>iuriam</span> <span class='ocrx_word' id='word_1_6' title='bbox 113 396 200 416; x_wconf 78' lang='lat' dir='ltr'>aliarum</span> 
     </span>
     <span class='ocr_line' id='line_1_4' title="bbox 19 426 201 449; baseline -0.016 0"><span class='ocrx_word' id='word_1_7' title='bbox 19 426 156 449; x_wconf 74' lang='lat' dir='ltr'>ecclesiarum</span> <span class='ocrx_word' id='word_1_8' title='bbox 180 430 201 447; x_wconf 77' lang='grc' dir='ltr'>οι</span> 
     </span>
     <span class='ocr_line' id='line_1_5' title="bbox 26 458 199 479; baseline -0.006 0"><span class='ocrx_word' id='word_1_9' title='bbox 26 458 199 479; x_wconf 68' lang='lat' dir='ltr'>monasteriorum</span> 
     </span>
     <span class='ocr_line' id='line_1_6' title="bbox 18 489 200 517; baseline 0 -8"><span class='ocrx_word' id='word_1_10' title='bbox 18 489 82 517; x_wconf 73' lang='lat' dir='ltr'>quoad</span> <span class='ocrx_word' id='word_1_11' title='bbox 90 489 143 508; x_wconf 78' lang='lat' dir='ltr'>bona</span> <span class='ocrx_word' id='word_1_12' title='bbox 150 492 200 509; x_wconf 84' lang='lat' dir='ltr'>tem-</span> 
     </span>
     <span class='ocr_line' id='line_1_7' title="bbox 18 519 200 546; baseline 0 -6"><span class='ocrx_word' id='word_1_13' title='bbox 18 519 95 546; x_wconf 70' lang='lat' dir='ltr'>putatia</span> <span class='ocrx_word' id='word_1_14' title='bbox 113 522 133 539; x_wconf 75' lang='lat' dir='ltr'>et</span> <span class='ocrx_word' id='word_1_15' title='bbox 157 526 200 540; x_wconf 88' lang='lat' dir='ltr'>mo-</span> 
     </span>
     <span class='ocr_line' id='line_1_8' title="bbox 18 550 200 571; baseline -0.011 0"><span class='ocrx_word' id='word_1_16' title='bbox 18 550 111 571; x_wconf 70' lang='lat' dir='ltr'>nasicrin</span> <span class='ocrx_word' id='word_1_17' title='bbox 134 551 153 569; x_wconf 85' lang='lat' dir='ltr'>in</span> <span class='ocrx_word' id='word_1_18' title='bbox 171 550 200 570; x_wconf 91' lang='grc' dir='ltr'>Ιο-</span> 
     </span>
     <span class='ocr_line' id='line_1_9' title="bbox 17 581 199 602; baseline -0.005 0"><span class='ocrx_word' id='word_1_19' title='bbox 17 581 46 602; x_wconf 75' lang='lat' dir='ltr'>ci!</span> <span class='ocrx_word' id='word_1_20' title='bbox 61 581 199 602; x_wconf 61' lang='lat' dir='ltr'>dismemhia-</span> 
     </span>
     <span class='ocr_line' id='line_1_10' title="bbox 17 613 183 633; baseline -0.012 0"><span class='ocrx_word' id='word_1_21' title='bbox 17 613 42 633; x_wconf 70' lang='lat' dir='ltr'>tis</span> <span class='ocrx_word' id='word_1_22' title='bbox 62 613 183 633; x_wconf 62' lang='lat' dir='ltr'>existentia.</span> 
     </span>
    </p>
   </div>
   <div class='ocr_carea' id='block_1_3' title="bbox 20 2498 138 2523">
    <p class='ocr_par' dir='ltr' id='par_1_3' title="bbox 20 2498 138 2523">
     <span class='ocr_line' id='line_1_11' title="bbox 20 2498 138 2523; baseline 0.008 -2"><span class='ocrx_word' id='word_1_23' title='bbox 20 2498 138 2523; x_wconf 76' lang='lat' dir='ltr'>onrdtum.</span> 
     </span>
    </p>
   </div>
   <div class='ocr_carea' id='block_1_4' title="bbox 899 303 1082 332">
    <p class='ocr_par' dir='ltr' id='par_1_4' title="bbox 899 303 1082 332">
     <span class='ocr_line' id='line_1_12' title="bbox 899 303 1082 332; baseline -0.005 -5"><span class='ocrx_word' id='word_1_24' title='bbox 899 303 969 332; x_wconf 71' lang='lat' dir='ltr'>rit&#39;s</span> <span class='ocrx_word' id='word_1_25' title='bbox 993 303 1012 328; x_wconf 81' lang='lat' dir='ltr'><strong>V</strong></span> <span class='ocrx_word' id='word_1_26' title='bbox 1036 303 1082 327; x_wconf 84' lang='lat' dir='ltr'>PP.</span> 
     </span>
    </p>
   </div>
   <div class='ocr_carea' id='block_1_5' title="bbox 202 354 972 1631">
    <p class='ocr_par' dir='ltr' id='par_1_5' title="bbox 203 354 972 1354">
     <span class='ocr_line' id='line_1_13' title="bbox 216 354 972 398; baseline 0.003 -11"><span class='ocrx_word' id='word_1_27' title='bbox 216 354 295 388; x_wconf 80' lang='lat' dir='ltr'>fensi</span> <span class='ocrx_word' id='word_1_28' title='bbox 317 360 345 387; x_wconf 85' lang='lat' dir='ltr'>et</span> <span class='ocrx_word' id='word_1_29' title='bbox 366 354 475 398; x_wconf 86' lang='lat' dir='ltr'>Campi</span> <span class='ocrx_word' id='word_1_30' title='bbox 499 354 636 388; x_wconf 83' lang='lat' dir='ltr'>Fellonis</span> <span class='ocrx_word' id='word_1_31' title='bbox 658 356 876 394; x_wconf 83' lang='lat' dir='ltr'>monasteriis,</span> <span class='ocrx_word' id='word_1_32' title='bbox 900 357 972 389; x_wconf 88' lang='lat' dir='ltr'>illo-</span> 
     </span>
     <span class='ocr_line' id='line_1_14' title="bbox 216 408 971 452; baseline 0.003 -12"><span class='ocrx_word' id='word_1_33' title='bbox 216 418 354 451; x_wconf 81' lang='lat' dir='ltr'>rumque</span> <span class='ocrx_word' id='word_1_34' title='bbox 375 408 591 452; x_wconf 76' lang='lat' dir='ltr'>praesulibus,</span> <span class='ocrx_word' id='word_1_35' title='bbox 615 409 784 441; x_wconf 79' lang='lat' dir='ltr'>abbatibus</span> <span class='ocrx_word' id='word_1_36' title='bbox 805 420 860 442; x_wconf 76' lang='lat' dir='ltr'>seu</span> <span class='ocrx_word' id='word_1_37' title='bbox 882 420 971 442; x_wconf 89' lang='lat' dir='ltr'>com-</span> 
     </span>
     <span class='ocr_line' id='line_1_15' title="bbox 216 461 970 505; baseline 0.003 -13"><span class='ocrx_word' id='word_1_38' title='bbox 216 461 438 501; x_wconf 82' lang='lat' dir='ltr'>mendatariis,</span> <span class='ocrx_word' id='word_1_39' title='bbox 471 472 558 494; x_wconf 90' lang='lat' dir='ltr'>nunc</span> <span class='ocrx_word' id='word_1_40' title='bbox 586 467 615 494; x_wconf 85' lang='lat' dir='ltr'>et</span> <span class='ocrx_word' id='word_1_41' title='bbox 642 473 700 505; x_wconf 90' lang='lat' dir='ltr'>pro</span> <span class='ocrx_word' id='word_1_42' title='bbox 731 467 876 505; x_wconf 80' lang='lat' dir='ltr'>tempore</span> <span class='ocrx_word' id='word_1_43' title='bbox 905 463 970 495; x_wconf 81' lang='lat' dir='ltr'>cxi-</span> 
     </span>
     <span class='ocr_line' id='line_1_16' title="bbox 215 513 969 558; baseline 0.003 -13"><span class='ocrx_word' id='word_1_44' title='bbox 215 513 372 547; x_wconf 86' lang='lat' dir='ltr'>stentibus</span> <span class='ocrx_word' id='word_1_45' title='bbox 406 514 598 558; x_wconf 86' lang='lat' dir='ltr'>praedictis,</span> <span class='ocrx_word' id='word_1_46' title='bbox 628 525 686 558; x_wconf 88' lang='lat' dir='ltr'>per</span> <span class='ocrx_word' id='word_1_47' title='bbox 716 515 969 558; x_wconf 75' lang='lat' dir='ltr'>separationem,</span> 
     </span>
     <span class='ocr_line' id='line_1_17' title="bbox 214 567 969 611; baseline 0.003 -13"><span class='ocrx_word' id='word_1_48' title='bbox 214 567 534 600; x_wconf 88' lang='lat' dir='ltr'>dismembrationem</span> <span class='ocrx_word' id='word_1_49' title='bbox 553 572 583 599; x_wconf 86' lang='lat' dir='ltr'>et</span> <span class='ocrx_word' id='word_1_50' title='bbox 602 568 840 611; x_wconf 80' lang='lat' dir='ltr'>exemptionem</span> <span class='ocrx_word' id='word_1_51' title='bbox 856 568 969 601; x_wconf 87' lang='lat' dir='ltr'>huius-</span> 
     </span>
     <span class='ocr_line' id='line_1_18' title="bbox 213 620 970 664; baseline 0.003 -12"><span class='ocrx_word' id='word_1_52' title='bbox 213 620 299 653; x_wconf 89' lang='lat' dir='ltr'>modi</span> <span class='ocrx_word' id='word_1_53' title='bbox 321 621 428 663; x_wconf 84' lang='lat' dir='ltr'>quoad</span> <span class='ocrx_word' id='word_1_54' title='bbox 448 621 533 653; x_wconf 83' lang='lat' dir='ltr'>bona</span> <span class='ocrx_word' id='word_1_55' title='bbox 558 620 761 664; x_wconf 86' lang='lat' dir='ltr'>temporalia,</span> <span class='ocrx_word' id='word_1_56' title='bbox 785 621 810 653; x_wconf 88' lang='lat' dir='ltr'>si</span> <span class='ocrx_word' id='word_1_57' title='bbox 835 632 917 664; x_wconf 82' lang='lat' dir='ltr'>quac</span> <span class='ocrx_word' id='word_1_58' title='bbox 939 621 970 654; x_wconf 85' lang='lat' dir='ltr'>in</span> 
     </span>
     <span class='ocr_line' id='line_1_19' title="bbox 211 672 969 717; baseline 0.001 -12"><span class='ocrx_word' id='word_1_59' title='bbox 211 672 304 706; x_wconf 87' lang='lat' dir='ltr'>dictis</span> <span class='ocrx_word' id='word_1_60' title='bbox 324 673 404 706; x_wconf 88' lang='lat' dir='ltr'>Iocis</span> <span class='ocrx_word' id='word_1_61' title='bbox 424 674 463 705; x_wconf 87' lang='lat' dir='ltr'>ab</span> <span class='ocrx_word' id='word_1_62' title='bbox 485 674 530 706; x_wconf 87' lang='lat' dir='ltr'>eis</span> <span class='ocrx_word' id='word_1_63' title='bbox 546 674 714 717; x_wconf 66' lang='lat' dir='ltr'>separatis,</span> <span class='ocrx_word' id='word_1_64' title='bbox 730 674 969 707; x_wconf 81' lang='lat' dir='ltr'>dismembratis</span> 
     </span>
     <span class='ocr_line' id='line_1_20' title="bbox 210 727 969 770; baseline 0.001 -11"><span class='ocrx_word' id='word_1_65' title='bbox 210 732 241 759; x_wconf 82' lang='lat' dir='ltr'>et</span> <span class='ocrx_word' id='word_1_66' title='bbox 261 727 416 770; x_wconf 84' lang='lat' dir='ltr'>exemptis</span> <span class='ocrx_word' id='word_1_67' title='bbox 437 727 624 760; x_wconf 85' lang='lat' dir='ltr'>huiusmodi</span> <span class='ocrx_word' id='word_1_68' title='bbox 642 728 792 763; x_wconf 68' lang='lat' dir='ltr'>habeant:</span> <span class='ocrx_word' id='word_1_69' title='bbox 816 733 845 760; x_wconf 87' lang='lat' dir='ltr'>et</span> <span class='ocrx_word' id='word_1_70' title='bbox 862 728 969 770; x_wconf 86' lang='lat' dir='ltr'>quoad</span> 
     </span>
     <span class='ocr_line' id='line_1_21' title="bbox 210 780 969 824; baseline 0 -11"><span class='ocrx_word' id='word_1_71' title='bbox 210 780 472 824; x_wconf 75' lang='lat' dir='ltr'>superioritatem</span> <span class='ocrx_word' id='word_1_72' title='bbox 489 792 586 824; x_wconf 86' lang='lat' dir='ltr'>quam</span> <span class='ocrx_word' id='word_1_73' title='bbox 618 781 769 814; x_wconf 75' lang='lat' dir='ltr'>Fart&#39;ense</span> <span class='ocrx_word' id='word_1_74' title='bbox 799 786 829 814; x_wconf 82' lang='lat' dir='ltr'>et</span> <span class='ocrx_word' id='word_1_75' title='bbox 858 781 969 824; x_wconf 82' lang='lat' dir='ltr'>Campi</span> 
     </span>
     <span class='ocr_line' id='line_1_22' title="bbox 209 833 968 867; baseline 0.001 -1"><span class='ocrx_word' id='word_1_76' title='bbox 209 833 349 866; x_wconf 78' lang='lat' dir='ltr'>Fellonis</span> <span class='ocrx_word' id='word_1_77' title='bbox 383 835 579 867; x_wconf 82' lang='lat' dir='ltr'>monasteria</span> <span class='ocrx_word' id='word_1_78' title='bbox 609 840 640 867; x_wconf 87' lang='lat' dir='ltr'>et</span> <span class='ocrx_word' id='word_1_79' title='bbox 670 835 801 867; x_wconf 89' lang='lat' dir='ltr'>illorum</span> <span class='ocrx_word' id='word_1_80' title='bbox 837 835 968 867; x_wconf 81' lang='lat' dir='ltr'>abbates</span> 
     </span>
     <span class='ocr_line' id='line_1_23' title="bbox 208 887 967 929; baseline 0 -9"><span class='ocrx_word' id='word_1_81' title='bbox 208 897 264 920; x_wconf 89' lang='lat' dir='ltr'>seu</span> <span class='ocrx_word' id='word_1_82' title='bbox 289 887 557 921; x_wconf 84' lang='lat' dir='ltr'>commendatarii</span> <span class='ocrx_word' id='word_1_83' title='bbox 575 888 774 929; x_wconf 81' lang='lat' dir='ltr'>huiusmodi,</span> <span class='ocrx_word' id='word_1_84' title='bbox 794 889 826 921; x_wconf 91' lang='lat' dir='ltr'>in</span> <span class='ocrx_word' id='word_1_85' title='bbox 853 899 967 921; x_wconf 87' lang='lat' dir='ltr'>mona-</span> 
     </span>
     <span class='ocr_line' id='line_1_24' title="bbox 207 939 967 985; baseline 0 -11"><span class='ocrx_word' id='word_1_86' title='bbox 207 939 312 974; x_wconf 84' lang='lat' dir='ltr'>steriis</span> <span class='ocrx_word' id='word_1_87' title='bbox 336 951 393 974; x_wconf 90' lang='lat' dir='ltr'>seu</span> <span class='ocrx_word' id='word_1_88' title='bbox 428 941 625 984; x_wconf 74' lang='lat' dir='ltr'>prioratibus</span> <span class='ocrx_word' id='word_1_89' title='bbox 654 942 858 985; x_wconf 72' lang='lat' dir='ltr'>regularibus</span> <span class='ocrx_word' id='word_1_90' title='bbox 892 941 967 975; x_wconf 89' lang='lat' dir='ltr'>dicti</span> 
     </span>
     <span class='ocr_line' id='line_1_25' title="bbox 206 994 966 1040; baseline -0.001 -12"><span class='ocrx_word' id='word_1_91' title='bbox 206 994 346 1030; x_wconf 79' lang='lat' dir='ltr'>Ordinis.</span> <span class='ocrx_word' id='word_1_92' title='bbox 370 994 402 1027; x_wconf 91' lang='lat' dir='ltr'>in</span> <span class='ocrx_word' id='word_1_93' title='bbox 424 995 503 1028; x_wconf 83' lang='lat' dir='ltr'>locis</span> <span class='ocrx_word' id='word_1_94' title='bbox 523 995 679 1040; x_wconf 70' lang='lat' dir='ltr'>separatis</span> <span class='ocrx_word' id='word_1_95' title='bbox 700 995 875 1039; x_wconf 80' lang='lat' dir='ltr'>praedictis</span> <span class='ocrx_word' id='word_1_96' title='bbox 900 995 966 1028; x_wconf 83' lang='lat' dir='ltr'>exi-</span> 
     </span>
     <span class='ocr_line' id='line_1_26' title="bbox 206 1048 965 1094; baseline 0.001 -13"><span class='ocrx_word' id='word_1_97' title='bbox 206 1048 376 1088; x_wconf 79' lang='lat' dir='ltr'>stentibus,</span> <span class='ocrx_word' id='word_1_98' title='bbox 399 1049 537 1089; x_wconf 87' lang='lat' dir='ltr'>habent,</span> <span class='ocrx_word' id='word_1_99' title='bbox 569 1050 696 1082; x_wconf 89' lang='lat' dir='ltr'>nullum</span> <span class='ocrx_word' id='word_1_100' title='bbox 728 1049 965 1094; x_wconf 77' lang='lat' dir='ltr'>praeiudicium</span> 
     </span>
     <span class='ocr_line' id='line_1_27' title="bbox 205 1101 965 1147; baseline 0.004 -13"><span class='ocrx_word' id='word_1_101' title='bbox 205 1101 374 1143; x_wconf 85' lang='lat' dir='ltr'>inseratur,</span> <span class='ocrx_word' id='word_1_102' title='bbox 395 1102 450 1135; x_wconf 88' lang='lat' dir='ltr'>sed</span> <span class='ocrx_word' id='word_1_103' title='bbox 471 1103 645 1147; x_wconf 86' lang='lat' dir='ltr'>episcopus</span> <span class='ocrx_word' id='word_1_104' title='bbox 658 1103 757 1147; x_wconf 81' lang='lat' dir='ltr'>Ripae</span> <span class='ocrx_word' id='word_1_105' title='bbox 779 1104 965 1137; x_wconf 83' lang='lat' dir='ltr'>Transonae</span> 
     </span>
     <span class='ocr_line' id='line_1_28' title="bbox 205 1155 966 1200; baseline 0.003 -12"><span class='ocrx_word' id='word_1_106' title='bbox 205 1155 238 1188; x_wconf 91' lang='lat' dir='ltr'>in</span> <span class='ocrx_word' id='word_1_107' title='bbox 258 1156 462 1189; x_wconf 85' lang='lat' dir='ltr'>monasteriis</span> <span class='ocrx_word' id='word_1_108' title='bbox 486 1157 660 1200; x_wconf 88' lang='lat' dir='ltr'>praedictis</span> <span class='ocrx_word' id='word_1_109' title='bbox 676 1168 747 1190; x_wconf 89' lang='lat' dir='ltr'>eam</span> <span class='ocrx_word' id='word_1_110' title='bbox 768 1162 893 1190; x_wconf 86' lang='lat' dir='ltr'>tantum</span> <span class='ocrx_word' id='word_1_111' title='bbox 911 1158 966 1190; x_wconf 83' lang='lat' dir='ltr'>ba-</span> 
     </span>
     <span class='ocr_line' id='line_1_29' title="bbox 203 1209 966 1255; baseline 0.001 -13"><span class='ocrx_word' id='word_1_112' title='bbox 203 1209 278 1243; x_wconf 88' lang='lat' dir='ltr'>beat</span> <span class='ocrx_word' id='word_1_113' title='bbox 293 1215 324 1243; x_wconf 88' lang='lat' dir='ltr'>et</span> <span class='ocrx_word' id='word_1_114' title='bbox 343 1215 490 1244; x_wconf 85' lang='lat' dir='ltr'>exerceat</span> <span class='ocrx_word' id='word_1_115' title='bbox 510 1210 779 1251; x_wconf 88' lang='lat' dir='ltr'>iurisdictionem,</span> <span class='ocrx_word' id='word_1_116' title='bbox 796 1222 893 1255; x_wconf 82' lang='lat' dir='ltr'>quam</span> <span class='ocrx_word' id='word_1_117' title='bbox 915 1221 966 1244; x_wconf 92' lang='lat' dir='ltr'>ce-</span> 
     </span>
     <span class='ocr_line' id='line_1_30' title="bbox 205 1262 964 1307; baseline 0.001 -11"><span class='ocrx_word' id='word_1_118' title='bbox 205 1262 263 1296; x_wconf 86' lang='lat' dir='ltr'>teri</span> <span class='ocrx_word' id='word_1_119' title='bbox 284 1262 427 1307; x_wconf 84' lang='lat' dir='ltr'>episcopi</span> <span class='ocrx_word' id='word_1_120' title='bbox 447 1262 479 1296; x_wconf 92' lang='lat' dir='ltr'>in</span> <span class='ocrx_word' id='word_1_121' title='bbox 501 1263 660 1297; x_wconf 83' lang='lat' dir='ltr'>similibus</span> <span class='ocrx_word' id='word_1_122' title='bbox 675 1264 796 1297; x_wconf 82' lang='lat' dir='ltr'>habere</span> <span class='ocrx_word' id='word_1_123' title='bbox 817 1269 848 1297; x_wconf 88' lang='lat' dir='ltr'>et</span> <span class='ocrx_word' id='word_1_124' title='bbox 873 1274 964 1297; x_wconf 85' lang='lat' dir='ltr'>exer—</span> 
     </span>
     <span class='ocr_line' id='line_1_31' title="bbox 204 1317 414 1354; baseline 0.005 -5"><span class='ocrx_word' id='word_1_125' title='bbox 204 1326 278 1350; x_wconf 86' lang='lat' dir='ltr'>cere</span> <span class='ocrx_word' id='word_1_126' title='bbox 298 1317 414 1354; x_wconf 81' lang='lat' dir='ltr'>solent.</span> 
     </span>
    </p>

    <p class='ocr_par' dir='ltr' id='par_1_6' title="bbox 247 1369 872 1415">
     <span class='ocr_line' id='line_1_32' title="bbox 247 1369 872 1415; baseline 0.003 -12"><span class='ocrx_word' id='word_1_127' title='bbox 247 1369 332 1403; x_wconf 88' lang='lat' dir='ltr'>Nulli</span> <span class='ocrx_word' id='word_1_128' title='bbox 353 1381 431 1414; x_wconf 82' lang='lat' dir='ltr'>ergo</span> <span class='ocrx_word' id='word_1_129' title='bbox 451 1376 509 1405; x_wconf 81' lang='lat' dir='ltr'>etc.</span> <span class='ocrx_word' id='word_1_130' title='bbox 533 1372 565 1404; x_wconf 85' lang='lat' dir='ltr'>Si</span> <span class='ocrx_word' id='word_1_131' title='bbox 587 1371 661 1415; x_wconf 84' lang='lat' dir='ltr'>quis</span> <span class='ocrx_word' id='word_1_132' title='bbox 681 1377 791 1405; x_wconf 88' lang='lat' dir='ltr'>autem</span> <span class='ocrx_word' id='word_1_133' title='bbox 813 1377 872 1406; x_wconf 70' lang='lat' dir='ltr'>etc.</span> 
     </span>
    </p>

    <p class='ocr_par' dir='ltr' id='par_1_7' title="bbox 202 1424 964 1566">
     <span class='ocr_line' id='line_1_33' title="bbox 246 1424 963 1469; baseline 0.001 -11"><span class='ocrx_word' id='word_1_134' title='bbox 246 1424 315 1458; x_wconf 85' lang='lat' dir='ltr'>Dat.</span> <span class='ocrx_word' id='word_1_135' title='bbox 338 1425 458 1458; x_wconf 87' lang='lat' dir='ltr'>Romae</span> <span class='ocrx_word' id='word_1_136' title='bbox 479 1425 565 1469; x_wconf 90' lang='lat' dir='ltr'>apud</span> <span class='ocrx_word' id='word_1_137' title='bbox 586 1425 617 1459; x_wconf 82' lang='lat' dir='ltr'>S.</span> <span class='ocrx_word' id='word_1_138' title='bbox 641 1426 784 1465; x_wconf 77' lang='lat' dir='ltr'>Petrum,</span> <span class='ocrx_word' id='word_1_139' title='bbox 809 1437 893 1459; x_wconf 86' lang='lat' dir='ltr'>anno</span> <span class='ocrx_word' id='word_1_140' title='bbox 912 1427 963 1459; x_wconf 87' lang='lat' dir='ltr'>ln-</span> 
     </span>
     <span class='ocr_line' id='line_1_34' title="bbox 202 1478 964 1524; baseline 0.004 -14"><span class='ocrx_word' id='word_1_141' title='bbox 202 1478 398 1512; x_wconf 88' lang='lat' dir='ltr'>carnationis</span> <span class='ocrx_word' id='word_1_142' title='bbox 427 1479 608 1513; x_wconf 78' lang='lat' dir='ltr'>dominicae</span> <span class='ocrx_word' id='word_1_143' title='bbox 628 1489 766 1521; x_wconf 67' lang='lat' dir='ltr'>nomin,</span> <span class='ocrx_word' id='word_1_144' title='bbox 795 1480 964 1524; x_wconf 81' lang='lat' dir='ltr'>pontifica-</span> 
     </span>
     <span class='ocr_line' id='line_1_35' title="bbox 202 1532 542 1566; baseline 0.003 -2"><span class='ocrx_word' id='word_1_145' title='bbox 202 1536 254 1564; x_wconf 85' lang='lat' dir='ltr'>tus</span> <span class='ocrx_word' id='word_1_146' title='bbox 273 1532 375 1565; x_wconf 85' lang='lat' dir='ltr'>nostri</span> <span class='ocrx_word' id='word_1_147' title='bbox 396 1543 481 1566; x_wconf 87' lang='lat' dir='ltr'>anno</span> <span class='ocrx_word' id='word_1_148' title='bbox 501 1543 542 1565; x_wconf 74' lang='lat' dir='ltr'>vt.</span> 
     </span>
    </p>

    <p class='ocr_par' dir='ltr' id='par_1_8' title="bbox 257 1588 901 1631">
     <span class='ocr_line' id='line_1_36' title="bbox 257 1588 901 1631; baseline 0.003 -12"><span class='ocrx_word' id='word_1_149' title='bbox 257 1588 320 1619; x_wconf 85' lang='lat' dir='ltr'>Dat.</span> <span class='ocrx_word' id='word_1_150' title='bbox 337 1590 383 1620; x_wconf 90' lang='lat' dir='ltr'>die</span> <span class='ocrx_word' id='word_1_151' title='bbox 400 1590 438 1620; x_wconf 76' lang='lat' dir='ltr'>to</span> <span class='ocrx_word' id='word_1_152' title='bbox 452 1590 519 1620; x_wconf 91' lang='lat' dir='ltr'>iulii</span> <span class='ocrx_word' id='word_1_153' title='bbox 540 1591 626 1627; x_wconf 77' lang='lat'><strong>1571,</strong></span> <span class='ocrx_word' id='word_1_154' title='bbox 644 1591 748 1631; x_wconf 84' lang='lat' dir='ltr'>pontif.</span> <span class='ocrx_word' id='word_1_155' title='bbox 769 1601 846 1621; x_wconf 83' lang='lat' dir='ltr'>anno</span> <span class='ocrx_word' id='word_1_156' title='bbox 862 1600 901 1621; x_wconf 79' lang='lat' dir='ltr'>vi.</span> 
     </span>
    </p>
   </div>
   <div class='ocr_carea' id='block_1_6' title="bbox 504 1765 657 1799">
    <p class='ocr_par' dir='ltr' id='par_1_9' title="bbox 504 1765 657 1799">
     <span class='ocr_line' id='line_1_37' title="bbox 504 1765 657 1799; baseline -0.013 0"><span class='ocrx_word' id='word_1_157' title='bbox 504 1765 657 1799; x_wconf 67' lang='lat' dir='ltr'>CXCVIII.</span> 
     </span>
    </p>
   </div>
   <div class='ocr_carea' id='block_1_7' title="bbox 198 1835 960 2262">
    <p class='ocr_par' dir='ltr' id='par_1_10' title="bbox 198 1835 960 2262">
     <span class='ocr_line' id='line_1_38' title="bbox 198 1835 959 1884; baseline 0.001 -10"><span class='ocrx_word' id='word_1_158' title='bbox 198 1835 351 1875; x_wconf 80' lang='lat' dir='ltr'>Facultas</span> <span class='ocrx_word' id='word_1_159' title='bbox 385 1842 610 1884; x_wconf 68' lang='lat' dir='ltr'>praelatormn</span> <span class='ocrx_word' id='word_1_160' title='bbox 649 1841 784 1875; x_wconf 74' lang='lat' dir='ltr'>Ordinis</span> <span class='ocrx_word' id='word_1_161' title='bbox 814 1842 959 1883; x_wconf 75' lang='lat' dir='ltr'>fratrum</span> 
     </span>
     <span class='ocr_line' id='line_1_39' title="bbox 241 1896 960 1929; baseline 0.001 -1"><span class='ocrx_word' id='word_1_162' title='bbox 241 1896 513 1929; x_wconf 73' lang='lat' dir='ltr'>Praedicatorum</span> <span class='ocrx_word' id='word_1_163' title='bbox 528 1896 562 1929; x_wconf 85' lang='lat' dir='ltr'>S.</span> <span class='ocrx_word' id='word_1_164' title='bbox 590 1897 754 1929; x_wconf 72' lang='lat' dir='ltr'>Domz&#39;nlci</span> <span class='ocrx_word' id='word_1_165' title='bbox 773 1897 960 1929; x_wconf 64' lang='lat' dir='ltr'>absolvendi</span> 
     </span>
     <span class='ocr_line' id='line_1_40' title="bbox 241 1949 958 1991; baseline 0 -9"><span class='ocrx_word' id='word_1_166' title='bbox 241 1960 313 1982; x_wconf 79' lang='lat' dir='ltr'>suos</span> <span class='ocrx_word' id='word_1_167' title='bbox 345 1949 466 1991; x_wconf 77' lang='lat' dir='ltr'>fratres</span> <span class='ocrx_word' id='word_1_168' title='bbox 486 1954 515 1982; x_wconf 79' lang='lat' dir='ltr'>ct</span> <span class='ocrx_word' id='word_1_169' title='bbox 540 1950 716 1989; x_wconf 75' lang='lat' dir='ltr'>moniales,</span> <span class='ocrx_word' id='word_1_170' title='bbox 751 1955 779 1982; x_wconf 79' lang='lat' dir='ltr'>et</span> <span class='ocrx_word' id='word_1_171' title='bbox 810 1961 881 1982; x_wconf 74' lang='lat' dir='ltr'>cum</span> <span class='ocrx_word' id='word_1_172' title='bbox 913 1951 958 1982; x_wconf 77' lang='lat' dir='ltr'>cis</span> 
     </span>
     <span class='ocr_line' id='line_1_41' title="bbox 240 2003 954 2047; baseline -0.001 -11"><span class='ocrx_word' id='word_1_173' title='bbox 240 2003 464 2046; x_wconf 73' lang='lat' dir='ltr'>dispensandi,</span> <span class='ocrx_word' id='word_1_174' title='bbox 482 2004 565 2036; x_wconf 67' lang='lat' dir='ltr'>sicut</span> <span class='ocrx_word' id='word_1_175' title='bbox 576 2005 715 2047; x_wconf 77' lang='lat' dir='ltr'>episcopi</span> <span class='ocrx_word' id='word_1_176' title='bbox 731 2014 802 2036; x_wconf 71' lang='lat' dir='ltr'>cnm</span> <span class='ocrx_word' id='word_1_177' title='bbox 818 2004 954 2042; x_wconf 73' lang='lat' dir='ltr'>clericis,</span> 
     </span>
     <span class='ocr_line' id='line_1_42' title="bbox 240 2057 957 2090; baseline 0 -1"><span class='ocrx_word' id='word_1_178' title='bbox 240 2057 413 2090; x_wconf 71' lang='lat' dir='ltr'>interdicto</span> <span class='ocrx_word' id='word_1_179' title='bbox 434 2058 478 2089; x_wconf 68' lang='lat' dir='ltr'>eis</span> <span class='ocrx_word' id='word_1_180' title='bbox 492 2068 550 2090; x_wconf 73' lang='lat' dir='ltr'>usu</span> <span class='ocrx_word' id='word_1_181' title='bbox 574 2058 738 2090; x_wconf 71' lang='lat' dir='ltr'>cruciatae</span> <span class='ocrx_word' id='word_1_182' title='bbox 752 2058 801 2089; x_wconf 65' lang='lat' dir='ltr'>ccl</span> <span class='ocrx_word' id='word_1_183' title='bbox 821 2058 957 2090; x_wconf 69' lang='lat' dir='ltr'>alterius</span> 
     </span>
     <span class='ocr_line' id='line_1_43' title="bbox 236 2111 956 2154; baseline 0 -11"><span class='ocrx_word' id='word_1_184' title='bbox 236 2111 407 2154; x_wconf 73' lang='lat' dir='ltr'>privilcyiz&#39;</span> <span class='ocrx_word' id='word_1_185' title='bbox 439 2112 481 2144; x_wconf 76' lang='lat' dir='ltr'>acl</span> <span class='ocrx_word' id='word_1_186' title='bbox 512 2112 673 2154; x_wconf 71' lang='lat' dir='ltr'>cligyendos</span> <span class='ocrx_word' id='word_1_187' title='bbox 705 2112 899 2153; x_wconf 66' lang='lat' dir='ltr'>consessores</span> <span class='ocrx_word' id='word_1_188' title='bbox 927 2116 956 2143; x_wconf 71' lang='lat' dir='ltr'>el</span> 
     </span>
     <span class='ocr_line' id='line_1_44' title="bbox 239 2164 956 2198; baseline 0 -1"><span class='ocrx_word' id='word_1_189' title='bbox 239 2164 431 2197; x_wconf 74' lang='lat' dir='ltr'>obtinendas</span> <span class='ocrx_word' id='word_1_190' title='bbox 468 2165 627 2198; x_wconf 72' lang='lat' dir='ltr'>eiusmodi</span> <span class='ocrx_word' id='word_1_191' title='bbox 669 2165 884 2197; x_wconf 70' lang='lat' dir='ltr'>absolutiones</span> <span class='ocrx_word' id='word_1_192' title='bbox 926 2169 956 2197; x_wconf 81' lang='lat' dir='ltr'>et</span> 
     </span>
     <span class='ocr_line' id='line_1_45' title="bbox 240 2219 540 2262; baseline 0 -11"><span class='ocrx_word' id='word_1_193' title='bbox 240 2219 497 2262; x_wconf 73' lang='lat' dir='ltr'>dispensationes</span> <span class='ocrx_word' id='word_1_194' title='bbox 514 2219 540 2251; x_wconf 51' lang='lat'>¹1.</span> 
     </span>
    </p>
   </div>
   <div class='ocr_carea' id='block_1_8' title="bbox 282 2307 861 2396">
    <p class='ocr_par' dir='ltr' id='par_1_11' title="bbox 282 2307 861 2396">
     <span class='ocr_line' id='line_1_46' title="bbox 282 2307 861 2344; baseline 0.002 -9"><span class='ocrx_word' id='word_1_195' title='bbox 282 2307 344 2336; x_wconf 82' lang='lat' dir='ltr'>Pius</span> <span class='ocrx_word' id='word_1_196' title='bbox 364 2307 507 2344; x_wconf 72' lang='lat' dir='ltr'>episeopus</span> <span class='ocrx_word' id='word_1_197' title='bbox 528 2315 623 2337; x_wconf 80' lang='lat' dir='ltr'>servus</span> <span class='ocrx_word' id='word_1_198' title='bbox 644 2315 785 2337; x_wconf 84' lang='lat' dir='ltr'>servorum</span> <span class='ocrx_word' id='word_1_199' title='bbox 804 2308 861 2341; x_wconf 83' lang='lat' dir='ltr'>Dei.</span> 
     </span>
     <span class='ocr_line' id='line_1_47' title="bbox 346 2361 808 2396; baseline 0.002 -7"><span class='ocrx_word' id='word_1_200' title='bbox 346 2362 379 2389; x_wconf 78' lang='lat' dir='ltr'>ad</span> <span class='ocrx_word' id='word_1_201' title='bbox 395 2362 558 2396; x_wconf 77' lang='lat' dir='ltr'>perpetuam</span> <span class='ocrx_word' id='word_1_202' title='bbox 577 2361 618 2389; x_wconf 85' lang='lat' dir='ltr'>rei</span> <span class='ocrx_word' id='word_1_203' title='bbox 638 2362 808 2390; x_wconf 79' lang='lat' dir='ltr'>memoriam.</span> 
     </span>
    </p>
   </div>
   <div class='ocr_carea' id='block_1_9' title="bbox 192 2432 951 2531">
    <p class='ocr_par' dir='ltr' id='par_1_12' title="bbox 192 2432 951 2531">
     <span class='ocr_line' id='line_1_48' title="bbox 238 2432 951 2477; baseline 0.001 -11"><span class='ocrx_word' id='word_1_204' title='bbox 238 2433 373 2466; x_wconf 89' lang='lat' dir='ltr'>Romani</span> <span class='ocrx_word' id='word_1_205' title='bbox 403 2432 569 2466; x_wconf 80' lang='lat' dir='ltr'>Pontificis</span> <span class='ocrx_word' id='word_1_206' title='bbox 598 2433 835 2477; x_wconf 85' lang='lat' dir='ltr'>circumspecta</span> <span class='ocrx_word' id='word_1_207' title='bbox 860 2433 951 2467; x_wconf 81' lang='lat' dir='ltr'>beni-</span> 
     </span>
     <span class='ocr_line' id='line_1_49' title="bbox 192 2486 951 2531; baseline 0.001 -11"><span class='ocrx_word' id='word_1_208' title='bbox 192 2486 313 2530; x_wconf 84' lang='lat' dir='ltr'>gnitas,</span> <span class='ocrx_word' id='word_1_209' title='bbox 348 2487 494 2520; x_wconf 82' lang='lat' dir='ltr'>honestis</span> <span class='ocrx_word' id='word_1_210' title='bbox 527 2487 707 2530; x_wconf 86' lang='lat' dir='ltr'>petentium</span> <span class='ocrx_word' id='word_1_211' title='bbox 740 2487 832 2527; x_wconf 76' lang='lat' dir='ltr'>votis,</span> <span class='ocrx_word' id='word_1_212' title='bbox 869 2499 951 2531; x_wconf 87' lang='lat' dir='ltr'>quae</span> 
     </span>
    </p>
   </div>
   <div class='ocr_carea' id='block_1_10' title="bbox 189 2562 952 2732">
    <p class='ocr_par' dir='ltr' id='par_1_13' title="bbox 189 2562 952 2732">
     <span class='ocr_line' id='line_1_50' title="bbox 229 2562 952 2590; baseline 0 0"><span class='ocrx_word' id='word_1_213' title='bbox 229 2564 240 2590; x_wconf 86' lang='lat'>1</span> <span class='ocrx_word' id='word_1_214' title='bbox 262 2562 318 2590; x_wconf 81' lang='lat' dir='ltr'>Alia</span> <span class='ocrx_word' id='word_1_215' title='bbox 338 2562 370 2588; x_wconf 87' lang='lat' dir='ltr'>de</span> <span class='ocrx_word' id='word_1_216' title='bbox 387 2562 426 2588; x_wconf 88' lang='lat' dir='ltr'>his</span> <span class='ocrx_word' id='word_1_217' title='bbox 447 2562 573 2589; x_wconf 83' lang='lat' dir='ltr'>fratribus</span> <span class='ocrx_word' id='word_1_218' title='bbox 590 2562 650 2588; x_wconf 82' lang='lat' dir='ltr'>vide</span> <span class='ocrx_word' id='word_1_219' title='bbox 663 2563 687 2588; x_wconf 89' lang='lat' dir='ltr'>in</span> <span class='ocrx_word' id='word_1_220' title='bbox 704 2563 811 2590; x_wconf 85' lang='lat' dir='ltr'>Honorii</span> <span class='ocrx_word' id='word_1_221' title='bbox 830 2563 865 2590; x_wconf 87' lang='lat'>111</span> <span class='ocrx_word' id='word_1_222' title='bbox 889 2571 952 2590; x_wconf 90' lang='lat' dir='ltr'>con-</span> 
     </span>
     <span class='ocr_line' id='line_1_51' title="bbox 189 2607 950 2642; baseline 0.003 -9"><span class='ocrx_word' id='word_1_223' title='bbox 189 2607 330 2634; x_wconf 82' lang='lat' dir='ltr'>stitutione</span> <span class='ocrx_word' id='word_1_224' title='bbox 341 2615 370 2639; x_wconf 77' lang='lat' dir='ltr'>n,</span> <span class='ocrx_word' id='word_1_225' title='bbox 385 2608 556 2639; x_wconf 54' lang='lat' dir='ltr'>Reza&#39;yiosam,</span> <span class='ocrx_word' id='word_1_226' title='bbox 570 2611 632 2633; x_wconf 86' lang='lat' dir='ltr'>tom.</span> <span class='ocrx_word' id='word_1_227' title='bbox 650 2613 690 2639; x_wconf 77' lang='lat'>111,</span> <span class='ocrx_word' id='word_1_228' title='bbox 709 2615 766 2642; x_wconf 78' lang='lat' dir='ltr'>pag.</span> <span class='ocrx_word' id='word_1_229' title='bbox 787 2608 857 2640; x_wconf 79' lang='lat'>3093</span> <span class='ocrx_word' id='word_1_230' title='bbox 877 2612 902 2635; x_wconf 84' lang='lat' dir='ltr'>et</span> <span class='ocrx_word' id='word_1_231' title='bbox 918 2608 950 2635; x_wconf 81' lang='lat' dir='ltr'>de</span> 
     </span>
     <span class='ocr_line' id='line_1_52' title="bbox 189 2651 947 2682; baseline 0.003 -4"><span class='ocrx_word' id='word_1_232' title='bbox 189 2651 328 2679; x_wconf 84' lang='lat' dir='ltr'>sororibus</span> <span class='ocrx_word' id='word_1_233' title='bbox 351 2651 411 2679; x_wconf 77' lang='lat' dir='ltr'>vide</span> <span class='ocrx_word' id='word_1_234' title='bbox 436 2651 525 2678; x_wconf 81' lang='lat' dir='ltr'>itidem</span> <span class='ocrx_word' id='word_1_235' title='bbox 552 2651 576 2678; x_wconf 87' lang='lat' dir='ltr'>in</span> <span class='ocrx_word' id='word_1_236' title='bbox 604 2652 748 2679; x_wconf 85' lang='lat' dir='ltr'>Innocentii</span> <span class='ocrx_word' id='word_1_237' title='bbox 772 2652 819 2682; x_wconf 85' lang='lat' dir='ltr'>vn</span> <span class='ocrx_word' id='word_1_238' title='bbox 844 2653 947 2680; x_wconf 86' lang='lat' dir='ltr'>consti-</span> 
     </span>
     <span class='ocr_line' id='line_1_53' title="bbox 191 2696 721 2732; baseline 0.002 -10"><span class='ocrx_word' id='word_1_239' title='bbox 191 2696 293 2724; x_wconf 78' lang='lat' dir='ltr'>tutione</span> <span class='ocrx_word' id='word_1_240' title='bbox 308 2703 327 2730; x_wconf 84' lang='lat'>1,</span> <span class='ocrx_word' id='word_1_241' title='bbox 347 2698 429 2730; x_wconf 78' lang='lat' dir='ltr'>Sedis,</span> <span class='ocrx_word' id='word_1_242' title='bbox 448 2699 512 2724; x_wconf 88' lang='lat' dir='ltr'>tom.</span> <span class='ocrx_word' id='word_1_243' title='bbox 530 2702 569 2730; x_wconf 81' lang='lat' dir='ltr'>iv,</span> <span class='ocrx_word' id='word_1_244' title='bbox 586 2704 646 2732; x_wconf 71' lang='lat' dir='ltr'>pag.</span> <span class='ocrx_word' id='word_1_245' title='bbox 659 2697 721 2724; x_wconf 82' lang='lat'>656.</span> 
     </span>
    </p>
   </div>
   <div class='ocr_carea' id='block_1_11' title="bbox 1013 294 1970 692">
    <p class='ocr_par' dir='ltr' id='par_1_14' title="bbox 1013 294 1968 611">
     <span class='ocr_line' id='line_1_54' title="bbox 1664 294 1968 335; baseline 0 -3"><span class='ocrx_word' id='word_1_246' title='bbox 1664 294 1721 329; x_wconf 84' lang='lat'>931</span> <span class='ocrx_word' id='word_1_247' title='bbox 1790 308 1837 333; x_wconf 71' lang='lat' dir='ltr'>An.</span> <span class='ocrx_word' id='word_1_248' title='bbox 1857 309 1884 334; x_wconf 81' lang='lat' dir='ltr'>c.</span> <span class='ocrx_word' id='word_1_249' title='bbox 1906 307 1968 335; x_wconf 72' lang='lat'>¹571</span> 
     </span>
     <span class='ocr_line' id='line_1_55' title="bbox 1017 356 1771 400; baseline 0.003 -11"><span class='ocrx_word' id='word_1_250' title='bbox 1017 366 1231 398; x_wconf 84' lang='lat' dir='ltr'>personarum</span> <span class='ocrx_word' id='word_1_251' title='bbox 1247 356 1306 389; x_wconf 88' lang='lat' dir='ltr'>sub</span> <span class='ocrx_word' id='word_1_252' title='bbox 1321 356 1498 400; x_wconf 74' lang='lat' dir='ltr'>Religionis·</span> <span class='ocrx_word' id='word_1_253' title='bbox 1516 357 1592 400; x_wconf 73' lang='lat' dir='ltr'>iugo</span> <span class='ocrx_word' id='word_1_254' title='bbox 1608 358 1771 391; x_wconf 79' lang='lat' dir='ltr'>Altissimo</span> 
     </span>
     <span class='ocr_line' id='line_1_56' title="bbox 1015 409 1772 445; baseline 0.004 -4"><span class='ocrx_word' id='word_1_255' title='bbox 1015 409 1242 442; x_wconf 82' lang='lat' dir='ltr'>famulantium</span> <span class='ocrx_word' id='word_1_256' title='bbox 1260 416 1377 443; x_wconf 87' lang='lat' dir='ltr'>statum</span> <span class='ocrx_word' id='word_1_257' title='bbox 1394 415 1423 443; x_wconf 76' lang='lat' dir='ltr'>et</span> <span class='ocrx_word' id='word_1_258' title='bbox 1440 410 1602 444; x_wconf 81' lang='lat' dir='ltr'>salubrem</span> <span class='ocrx_word' id='word_1_259' title='bbox 1623 411 1772 445; x_wconf 87' lang='lat' dir='ltr'>directio-</span> 
     </span>
     <span class='ocr_line' id='line_1_57' title="bbox 1014 463 1770 507; baseline 0.004 -13"><span class='ocrx_word' id='word_1_260' title='bbox 1014 473 1089 495; x_wconf 85' lang='lat' dir='ltr'>nem</span> <span class='ocrx_word' id='word_1_261' title='bbox 1110 464 1289 507; x_wconf 73' lang='lat' dir='ltr'>respiciunt</span> <span class='ocrx_word' id='word_1_262' title='bbox 1322 464 1361 496; x_wconf 88' lang='lat' dir='ltr'>ad</span> <span class='ocrx_word' id='word_1_263' title='bbox 1393 463 1608 497; x_wconf 79' lang='lat' dir='ltr'>exauditionis</span> <span class='ocrx_word' id='word_1_264' title='bbox 1635 464 1770 507; x_wconf 81' lang='lat' dir='ltr'>gratiam</span> 
     </span>
     <span class='ocr_line' id='line_1_58' title="bbox 1014 515 1772 561; baseline 0.005 -14"><span class='ocrx_word' id='word_1_265' title='bbox 1014 515 1153 548; x_wconf 79' lang='lat' dir='ltr'>libenter</span> <span class='ocrx_word' id='word_1_266' title='bbox 1172 516 1321 557; x_wconf 79' lang='lat' dir='ltr'>admittit,</span> <span class='ocrx_word' id='word_1_267' title='bbox 1343 523 1371 550; x_wconf 89' lang='lat' dir='ltr'>et</span> <span class='ocrx_word' id='word_1_268' title='bbox 1389 517 1772 561; x_wconf 83' lang='lat' dir='ltr'>favoribusprosequitur</span> 
     </span>
     <span class='ocr_line' id='line_1_59' title="bbox 1013 569 1216 611; baseline 0.005 -11"><span class='ocrx_word' id='word_1_269' title='bbox 1013 569 1216 611; x_wconf 84' lang='lat' dir='ltr'>opportunis.</span> 
     </span>
    </p>

    <p class='ocr_par' dir='ltr' id='par_1_15' title="bbox 1057 622 1970 692">
     <span class='ocr_line' id='line_1_60' title="bbox 1057 622 1970 668; baseline 0.008 -14"><span class='ocrx_word' id='word_1_270' title='bbox 1057 622 1071 664; x_wconf 63' lang='lat' dir='ltr'>g</span> <span class='ocrx_word' id='word_1_271' title='bbox 1093 622 1123 654; x_wconf 82' lang='lat'>1.</span> <span class='ocrx_word' id='word_1_272' title='bbox 1148 623 1270 666; x_wconf 79' lang='lat' dir='ltr'>Exponi</span> <span class='ocrx_word' id='word_1_273' title='bbox 1294 624 1388 657; x_wconf 91' lang='lat' dir='ltr'>nobis</span> <span class='ocrx_word' id='word_1_274' title='bbox 1408 635 1514 668; x_wconf 85' lang='lat' dir='ltr'>nuper</span> <span class='ocrx_word' id='word_1_275' title='bbox 1534 624 1607 657; x_wconf 87' lang='lat' dir='ltr'>fecit</span> <span class='ocrx_word' id='word_1_276' title='bbox 1634 624 1771 658; x_wconf 85' lang='lat' dir='ltr'>dilectus</span> <span class='ocrx_word' id='word_1_277' title='bbox 1813 639 1889 661; x_wconf 64' lang='lat' dir='ltr'>renuo</span> <span class='ocrx_word' id='word_1_278' title='bbox 1907 640 1970 661; x_wconf 65' lang='lat' dir='ltr'>om-</span> 
     </span>
     <span class='ocr_line' id='line_1_61' title="bbox 1786 673 1826 692; baseline 0 -1"><span class='ocrx_word' id='word_1_279' title='bbox 1786 673 1826 692; x_wconf 70' lang='lat' dir='ltr'>nin.</span> 
     </span>
    </p>
   </div>
   <div class='ocr_carea' id='block_1_12' title="bbox 999 674 1963 2110">
    <p class='ocr_par' dir='ltr' id='par_1_16' title="bbox 1003 674 1769 1788">
     <span class='ocr_line' id='line_1_62' title="bbox 1012 674 1769 721; baseline 0.009 -16"><span class='ocrx_word' id='word_1_280' title='bbox 1012 674 1099 707; x_wconf 83' lang='lat' dir='ltr'>tilius</span> <span class='ocrx_word' id='word_1_281' title='bbox 1129 677 1218 719; x_wconf 83' lang='lat' dir='ltr'>prior</span> <span class='ocrx_word' id='word_1_282' title='bbox 1248 678 1456 720; x_wconf 77' lang='lat' dir='ltr'>provincialis</span> <span class='ocrx_word' id='word_1_283' title='bbox 1481 678 1667 721; x_wconf 85' lang='lat' dir='ltr'>provinciae</span> <span class='ocrx_word' id='word_1_284' title='bbox 1696 678 1769 711; x_wconf 88' lang='lat' dir='ltr'>His-</span> 
     </span>
     <span class='ocr_line' id='line_1_63' title="bbox 1013 728 1766 772; baseline 0.009 -14"><span class='ocrx_word' id='word_1_285' title='bbox 1013 728 1138 770; x_wconf 85' lang='lat' dir='ltr'>paniae,</span> <span class='ocrx_word' id='word_1_286' title='bbox 1161 729 1289 763; x_wconf 82' lang='lat' dir='ltr'>Ordinis</span> <span class='ocrx_word' id='word_1_287' title='bbox 1319 732 1456 764; x_wconf 82' lang='lat' dir='ltr'>fratrum</span> <span class='ocrx_word' id='word_1_288' title='bbox 1488 731 1766 772; x_wconf 86' lang='lat' dir='ltr'>Praedicatorum‚</span> 
     </span>
     <span class='ocr_line' id='line_1_64' title="bbox 1011 781 1767 823; baseline 0.009 -11"><span class='ocrx_word' id='word_1_289' title='bbox 1011 781 1098 823; x_wconf 90' lang='lat' dir='ltr'>quod</span> <span class='ocrx_word' id='word_1_290' title='bbox 1125 792 1199 815; x_wconf 89' lang='lat' dir='ltr'>cum</span> <span class='ocrx_word' id='word_1_291' title='bbox 1221 783 1252 815; x_wconf 90' lang='lat' dir='ltr'>in</span> <span class='ocrx_word' id='word_1_292' title='bbox 1274 783 1363 817; x_wconf 82' lang='lat' dir='ltr'>bulla</span> <span class='ocrx_word' id='word_1_293' title='bbox 1382 784 1549 818; x_wconf 83' lang='lat' dir='ltr'>Cruciatae</span> <span class='ocrx_word' id='word_1_294' title='bbox 1575 785 1710 818; x_wconf 83' lang='lat' dir='ltr'>Sanctae</span> <span class='ocrx_word' id='word_1_295' title='bbox 1738 791 1767 819; x_wconf 89' lang='lat' dir='ltr'>et</span> 
     </span>
     <span class='ocr_line' id='line_1_65' title="bbox 1011 834 1768 882; baseline 0.008 -16"><span class='ocrx_word' id='word_1_296' title='bbox 1011 834 1081 867; x_wconf 85' lang='lat' dir='ltr'>aliis</span> <span class='ocrx_word' id='word_1_297' title='bbox 1106 835 1294 879; x_wconf 72' lang='lat' dir='ltr'>privilegiis,</span> <span class='ocrx_word' id='word_1_298' title='bbox 1317 848 1400 880; x_wconf 82' lang='lat' dir='ltr'>quae</span> <span class='ocrx_word' id='word_1_299' title='bbox 1419 838 1458 870; x_wconf 82' lang='lat' dir='ltr'>ab</span> <span class='ocrx_word' id='word_1_300' title='bbox 1483 838 1667 882; x_wconf 81' lang='lat' dir='ltr'>Apostolica</span> <span class='ocrx_word' id='word_1_301' title='bbox 1686 838 1768 872; x_wconf 84' lang='lat' dir='ltr'>Sede</span> 
     </span>
     <span class='ocr_line' id='line_1_66' title="bbox 1011 888 1765 935; baseline 0.008 -16"><span class='ocrx_word' id='word_1_302' title='bbox 1011 888 1143 921; x_wconf 86' lang='lat' dir='ltr'>concedi</span> <span class='ocrx_word' id='word_1_303' title='bbox 1179 890 1297 930; x_wconf 72' lang='lat' dir='ltr'>solent,</span> <span class='ocrx_word' id='word_1_304' title='bbox 1333 890 1428 924; x_wconf 78' lang='lat' dir='ltr'>deau-</span> <span class='ocrx_word' id='word_1_305' title='bbox 1461 891 1597 924; x_wconf 78' lang='lat' dir='ltr'>facultas</span> <span class='ocrx_word' id='word_1_306' title='bbox 1626 892 1765 935; x_wconf 83' lang='lat' dir='ltr'>eligendi</span> 
     </span>
     <span class='ocr_line' id='line_1_67' title="bbox 1010 941 1766 989; baseline 0.008 -17"><span class='ocrx_word' id='word_1_307' title='bbox 1010 941 1227 975; x_wconf 80' lang='lat' dir='ltr'>confessorem</span> <span class='ocrx_word' id='word_1_308' title='bbox 1257 943 1429 981; x_wconf 72' lang='lat' dir='ltr'>idoneum,</span> <span class='ocrx_word' id='word_1_309' title='bbox 1456 945 1495 977; x_wconf 86' lang='lat' dir='ltr'>ab</span> <span class='ocrx_word' id='word_1_310' title='bbox 1523 944 1689 978; x_wconf 87' lang='lat' dir='ltr'>ordinario</span> <span class='ocrx_word' id='word_1_311' title='bbox 1709 956 1766 989; x_wconf 87' lang='lat' dir='ltr'>ap-</span> 
     </span>
     <span class='ocr_line' id='line_1_68' title="bbox 1009 994 1767 1042; baseline 0.008 -16"><span class='ocrx_word' id='word_1_312' title='bbox 1009 994 1195 1037; x_wconf 90' lang='lat' dir='ltr'>probatum,</span> <span class='ocrx_word' id='word_1_313' title='bbox 1221 996 1276 1039; x_wconf 87' lang='lat' dir='ltr'>qui</span> <span class='ocrx_word' id='word_1_314' title='bbox 1295 997 1394 1040; x_wconf 79' lang='lat' dir='ltr'>possit</span> <span class='ocrx_word' id='word_1_315' title='bbox 1415 998 1640 1031; x_wconf 86' lang='lat' dir='ltr'>christifideles</span> <span class='ocrx_word' id='word_1_316' title='bbox 1657 999 1767 1042; x_wconf 67' lang='lat' dir='ltr'>absol-</span> 
     </span>
     <span class='ocr_line' id='line_1_69' title="bbox 1009 1049 1765 1093; baseline 0.007 -13"><span class='ocrx_word' id='word_1_317' title='bbox 1009 1058 1082 1081; x_wconf 77' lang='lat' dir='ltr'>vere</span> <span class='ocrx_word' id='word_1_318' title='bbox 1107 1059 1124 1080; x_wconf 85' lang='lat' dir='ltr'>a</span> <span class='ocrx_word' id='word_1_319' title='bbox 1145 1049 1272 1082; x_wconf 80' lang='lat' dir='ltr'>casibus</span> <span class='ocrx_word' id='word_1_320' title='bbox 1300 1050 1466 1084; x_wconf 88' lang='lat' dir='ltr'>ordinario</span> <span class='ocrx_word' id='word_1_321' title='bbox 1487 1052 1670 1093; x_wconf 73' lang='lat' dir='ltr'>reservatis,</span> <span class='ocrx_word' id='word_1_322' title='bbox 1698 1059 1727 1086; x_wconf 88' lang='lat' dir='ltr'>et</span> <span class='ocrx_word' id='word_1_323' title='bbox 1748 1063 1765 1085; x_wconf 86' lang='lat' dir='ltr'>a</span> 
     </span>
     <span class='ocr_line' id='line_1_70' title="bbox 1009 1101 1766 1148; baseline 0.007 -14"><span class='ocrx_word' id='word_1_324' title='bbox 1009 1101 1203 1145; x_wconf 83' lang='lat' dir='ltr'>quibusdam</span> <span class='ocrx_word' id='word_1_325' title='bbox 1225 1103 1320 1136; x_wconf 77' lang='lat' dir='ltr'>ctiam</span> <span class='ocrx_word' id='word_1_326' title='bbox 1343 1115 1425 1148; x_wconf 82' lang='lat' dir='ltr'>quac</span> <span class='ocrx_word' id='word_1_327' title='bbox 1446 1105 1549 1138; x_wconf 82' lang='lat' dir='ltr'>dictae</span> <span class='ocrx_word' id='word_1_328' title='bbox 1571 1105 1643 1138; x_wconf 80' lang='lat' dir='ltr'>Scdi</span> <span class='ocrx_word' id='word_1_329' title='bbox 1661 1115 1766 1140; x_wconf 88' lang='lat' dir='ltr'>reser-</span> 
     </span>
     <span class='ocr_line' id='line_1_71' title="bbox 1009 1157 1765 1199; baseline 0.008 -13"><span class='ocrx_word' id='word_1_330' title='bbox 1009 1161 1077 1187; x_wconf 81' lang='lat' dir='ltr'>vata</span> <span class='ocrx_word' id='word_1_331' title='bbox 1095 1161 1181 1195; x_wconf 70' lang='lat' dir='ltr'>sunt,</span> <span class='ocrx_word' id='word_1_332' title='bbox 1216 1157 1357 1199; x_wconf 71' lang='lat' dir='ltr'>religiosi</span> <span class='ocrx_word' id='word_1_333' title='bbox 1382 1158 1458 1190; x_wconf 83' lang='lat' dir='ltr'>dicti</span> <span class='ocrx_word' id='word_1_334' title='bbox 1479 1158 1605 1191; x_wconf 77' lang='lat' dir='ltr'>Ordinis</span> <span class='ocrx_word' id='word_1_335' title='bbox 1625 1170 1681 1191; x_wconf 88' lang='lat' dir='ltr'>seu</span> <span class='ocrx_word' id='word_1_336' title='bbox 1712 1170 1765 1192; x_wconf 85' lang='lat' dir='ltr'>co-</span> 
     </span>
     <span class='ocr_line' id='line_1_72' title="bbox 1008 1210 1765 1246; baseline 0.008 -6"><span class='ocrx_word' id='word_1_337' title='bbox 1008 1219 1080 1241; x_wconf 90' lang='lat' dir='ltr'>rum</span> <span class='ocrx_word' id='word_1_338' title='bbox 1107 1210 1256 1242; x_wconf 85' lang='lat' dir='ltr'>nonnulli</span> <span class='ocrx_word' id='word_1_339' title='bbox 1288 1211 1383 1243; x_wconf 76' lang='lat' dir='ltr'>ctiam</span> <span class='ocrx_word' id='word_1_340' title='bbox 1415 1210 1464 1244; x_wconf 92' lang='lat' dir='ltr'>his</span> <span class='ocrx_word' id='word_1_341' title='bbox 1490 1212 1698 1245; x_wconf 81' lang='lat' dir='ltr'>facultatibus</span> <span class='ocrx_word' id='word_1_342' title='bbox 1718 1213 1765 1246; x_wconf 86' lang='lat' dir='ltr'>uti</span> 
     </span>
     <span class='ocr_line' id='line_1_73' title="bbox 1008 1265 1764 1309; baseline 0.007 -15"><span class='ocrx_word' id='word_1_343' title='bbox 1008 1270 1233 1305; x_wconf 76' lang='lat' dir='ltr'>praesumunt,</span> <span class='ocrx_word' id='word_1_344' title='bbox 1256 1271 1284 1296; x_wconf 79' lang='lat' dir='ltr'>ct</span> <span class='ocrx_word' id='word_1_345' title='bbox 1307 1265 1436 1297; x_wconf 86' lang='lat' dir='ltr'>illarum</span> <span class='ocrx_word' id='word_1_346' title='bbox 1458 1271 1625 1309; x_wconf 75' lang='lat' dir='ltr'>praetextu</span> <span class='ocrx_word' id='word_1_347' title='bbox 1643 1266 1764 1309; x_wconf 86' lang='lat' dir='ltr'>eligunt</span> 
     </span>
     <span class='ocr_line' id='line_1_74' title="bbox 1008 1317 1765 1364; baseline 0.005 -16"><span class='ocrx_word' id='word_1_348' title='bbox 1008 1317 1225 1350; x_wconf 84' lang='lat' dir='ltr'>confessorem</span> <span class='ocrx_word' id='word_1_349' title='bbox 1247 1318 1422 1362; x_wconf 90' lang='lat' dir='ltr'>aliquando</span> <span class='ocrx_word' id='word_1_350' title='bbox 1444 1324 1573 1362; x_wconf 85' lang='lat' dir='ltr'>praeter</span> <span class='ocrx_word' id='word_1_351' title='bbox 1594 1329 1648 1352; x_wconf 88' lang='lat' dir='ltr'>eos</span> <span class='ocrx_word' id='word_1_352' title='bbox 1670 1320 1726 1364; x_wconf 91' lang='lat' dir='ltr'>qui</span> <span class='ocrx_word' id='word_1_353' title='bbox 1747 1331 1765 1353; x_wconf 90' lang='lat' dir='ltr'>a</span> 
     </span>
     <span class='ocr_line' id='line_1_75' title="bbox 1007 1369 1765 1414; baseline 0.007 -13"><span class='ocrx_word' id='word_1_354' title='bbox 1007 1369 1072 1402; x_wconf 76' lang='lat' dir='ltr'>suis</span> <span class='ocrx_word' id='word_1_355' title='bbox 1092 1371 1254 1413; x_wconf 85' lang='lat' dir='ltr'>praelatis,</span> <span class='ocrx_word' id='word_1_356' title='bbox 1277 1382 1336 1414; x_wconf 86' lang='lat' dir='ltr'>pro</span> <span class='ocrx_word' id='word_1_357' title='bbox 1357 1371 1526 1405; x_wconf 82' lang='lat' dir='ltr'>audiendis</span> <span class='ocrx_word' id='word_1_358' title='bbox 1547 1383 1661 1406; x_wconf 86' lang='lat' dir='ltr'>eorum</span> <span class='ocrx_word' id='word_1_359' title='bbox 1689 1384 1765 1406; x_wconf 88' lang='lat' dir='ltr'>con-</span> 
     </span>
     <span class='ocr_line' id='line_1_76' title="bbox 1007 1423 1764 1469; baseline 0.007 -14"><span class='ocrx_word' id='word_1_360' title='bbox 1007 1423 1208 1464; x_wconf 84' lang='lat' dir='ltr'>fessionibus,</span> <span class='ocrx_word' id='word_1_361' title='bbox 1226 1424 1369 1468; x_wconf 80' lang='lat' dir='ltr'>deputati</span> <span class='ocrx_word' id='word_1_362' title='bbox 1383 1431 1468 1466; x_wconf 80' lang='lat' dir='ltr'>sunt,</span> <span class='ocrx_word' id='word_1_363' title='bbox 1487 1425 1575 1469; x_wconf 88' lang='lat' dir='ltr'>quod</span> <span class='ocrx_word' id='word_1_364' title='bbox 1589 1426 1764 1469; x_wconf 83' lang='lat' dir='ltr'>aliquando</span> 
     </span>
     <span class='ocr_line' id='line_1_77' title="bbox 1006 1476 1760 1521; baseline 0.005 -12"><span class='ocrx_word' id='word_1_365' title='bbox 1006 1476 1037 1509; x_wconf 91' lang='lat' dir='ltr'>in</span> <span class='ocrx_word' id='word_1_366' title='bbox 1067 1477 1205 1521; x_wconf 75' lang='lat' dir='ltr'>speciale</span> <span class='ocrx_word' id='word_1_367' title='bbox 1240 1489 1354 1511; x_wconf 76' lang='lat' dir='ltr'>corum</span> <span class='ocrx_word' id='word_1_368' title='bbox 1384 1479 1485 1521; x_wconf 70' lang='lat' dir='ltr'>vergit</span> <span class='ocrx_word' id='word_1_369' title='bbox 1518 1478 1760 1513; x_wconf 83' lang='lat' dir='ltr'>detrimentum.</span> 
     </span>
     <span class='ocr_line' id='line_1_78' title="bbox 1004 1530 1765 1575; baseline 0.005 -13"><span class='ocrx_word' id='word_1_370' title='bbox 1004 1530 1109 1569; x_wconf 78' lang='lat' dir='ltr'>Quare</span> <span class='ocrx_word' id='word_1_371' title='bbox 1139 1531 1327 1574; x_wconf 85' lang='lat' dir='ltr'>praedictus</span> <span class='ocrx_word' id='word_1_372' title='bbox 1358 1531 1448 1575; x_wconf 90' lang='lat' dir='ltr'>prior</span> <span class='ocrx_word' id='word_1_373' title='bbox 1474 1531 1568 1565; x_wconf 91' lang='lat' dir='ltr'>nobis</span> <span class='ocrx_word' id='word_1_374' title='bbox 1595 1532 1765 1566; x_wconf 89' lang='lat' dir='ltr'>humiliter</span> 
     </span>
     <span class='ocr_line' id='line_1_79' title="bbox 1005 1584 1763 1629; baseline 0.005 -13"><span class='ocrx_word' id='word_1_375' title='bbox 1005 1584 1182 1628; x_wconf 87' lang='lat' dir='ltr'>supplicari</span> <span class='ocrx_word' id='word_1_376' title='bbox 1216 1584 1292 1618; x_wconf 84' lang='lat' dir='ltr'>fecit</span> <span class='ocrx_word' id='word_1_377' title='bbox 1325 1591 1487 1628; x_wconf 85' lang='lat' dir='ltr'>quatenus</span> <span class='ocrx_word' id='word_1_378' title='bbox 1511 1585 1544 1618; x_wconf 90' lang='lat' dir='ltr'>in</span> <span class='ocrx_word' id='word_1_379' title='bbox 1578 1586 1763 1629; x_wconf 79' lang='lat' dir='ltr'>praemissis</span> 
     </span>
     <span class='ocr_line' id='line_1_80' title="bbox 1004 1637 1762 1682; baseline 0.005 -12"><span class='ocrx_word' id='word_1_380' title='bbox 1004 1643 1187 1681; x_wconf 86' lang='lat' dir='ltr'>opportune</span> <span class='ocrx_word' id='word_1_381' title='bbox 1221 1637 1392 1681; x_wconf 87' lang='lat' dir='ltr'>providere</span> <span class='ocrx_word' id='word_1_382' title='bbox 1425 1639 1464 1672; x_wconf 89' lang='lat' dir='ltr'>de</span> <span class='ocrx_word' id='word_1_383' title='bbox 1492 1638 1690 1682; x_wconf 80' lang='lat' dir='ltr'>benignitate</span> <span class='ocrx_word' id='word_1_384' title='bbox 1728 1652 1762 1674; x_wconf 88' lang='lat' dir='ltr'>a-</span> 
     </span>
     <span class='ocr_line' id='line_1_81' title="bbox 1003 1691 1399 1735; baseline -0.003 -11"><span class='ocrx_word' id='word_1_385' title='bbox 1003 1692 1160 1735; x_wconf 87' lang='lat' dir='ltr'>postolica</span> <span class='ocrx_word' id='word_1_386' title='bbox 1180 1691 1399 1735; x_wconf 83' lang='lat' dir='ltr'>dignaremur.</span> 
     </span>
     <span class='ocr_line' id='line_1_82' title="bbox 1047 1744 1760 1788; baseline 0.008 -12"><span class='ocrx_word' id='word_1_387' title='bbox 1047 1744 1103 1788; x_wconf 60' lang='lat'>§2</span> <span class='ocrx_word' id='word_1_388' title='bbox 1118 1744 1444 1788; x_wconf 50' lang='lat' dir='ltr'>Nosigituuhuiusm.</span> <span class='ocrx_word' id='word_1_389' title='bbox 1457 1746 1760 1782; x_wconf 79' lang='lat' dir='ltr'>inconvenientibus</span> 
     </span>
    </p>

    <p class='ocr_par' dir='ltr' id='par_1_17' title="bbox 999 1792 1963 2110">
     <span class='ocr_line' id='line_1_83' title="bbox 1002 1792 1963 1850; baseline 0.008 -20"><span class='ocrx_word' id='word_1_390' title='bbox 1002 1797 1131 1831; x_wconf 85' lang='lat' dir='ltr'>obviare</span> <span class='ocrx_word' id='word_1_391' title='bbox 1157 1798 1320 1839; x_wconf 77' lang='lat' dir='ltr'>volentes,</span> <span class='ocrx_word' id='word_1_392' title='bbox 1339 1809 1376 1832; x_wconf 86' lang='lat' dir='ltr'>ac</span> <span class='ocrx_word' id='word_1_393' title='bbox 1401 1800 1552 1833; x_wconf 85' lang='lat' dir='ltr'>eumdem</span> <span class='ocrx_word' id='word_1_394' title='bbox 1572 1800 1716 1844; x_wconf 88' lang='lat' dir='ltr'>priorem</span> <span class='ocrx_word' id='word_1_395' title='bbox 1741 1813 1759 1836; x_wconf 86' lang='lat' dir='ltr'>a</span> <span class='ocrx_word' id='word_1_396' title='bbox 1775 1792 1963 1850; x_wconf 48' lang='grc' dir='ltr'>ξζξζξηζξῖοᾞ</span> 
     </span>
     <span class='ocr_line' id='line_1_84' title="bbox 1000 1851 1961 1908; baseline 0.008 -24"><span class='ocrx_word' id='word_1_397' title='bbox 1000 1851 1166 1895; x_wconf 79' lang='lat' dir='ltr'>quibusvis</span> <span class='ocrx_word' id='word_1_398' title='bbox 1187 1853 1550 1893; x_wconf 81' lang='lat' dir='ltr'>excommunicationis,</span> <span class='ocrx_word' id='word_1_399' title='bbox 1570 1856 1757 1898; x_wconf 87' lang='lat' dir='ltr'>suspensio·</span> <span class='ocrx_word' id='word_1_400' title='bbox 1771 1860 1961 1908; x_wconf 39' lang='lat' dir='ltr'>[gffffffflfflssfflw</span> 
     </span>
     <span class='ocr_line' id='line_1_85' title="bbox 1002 1894 1950 1953; baseline 0.007 -16"><span class='ocrx_word' id='word_1_401' title='bbox 1002 1905 1049 1938; x_wconf 77' lang='lat' dir='ltr'>nis</span> <span class='ocrx_word' id='word_1_402' title='bbox 1066 1912 1094 1939; x_wconf 87' lang='lat' dir='ltr'>et</span> <span class='ocrx_word' id='word_1_403' title='bbox 1108 1906 1271 1940; x_wconf 81' lang='lat' dir='ltr'>interdicti</span> <span class='ocrx_word' id='word_1_404' title='bbox 1289 1907 1424 1951; x_wconf 85' lang='lat' dir='ltr'>aliisque</span> <span class='ocrx_word' id='word_1_405' title='bbox 1441 1908 1624 1949; x_wconf 84' lang='lat' dir='ltr'>sententiis,</span> <span class='ocrx_word' id='word_1_406' title='bbox 1643 1920 1757 1943; x_wconf 88' lang='lat' dir='ltr'>censu-</span> <span class='ocrx_word' id='word_1_407' title='bbox 1773 1894 1833 1953; x_wconf 41' lang='lat' dir='ltr'>ariis</span> <span class='ocrx_word' id='word_1_408' title='bbox 1854 1895 1872 1908; x_wconf 51' lang='grc' dir='ltr'><strong>Η</strong></span> <span class='ocrx_word' id='word_1_409' title='bbox 1926 1895 1950 1908; x_wconf 57' lang='grc' dir='ltr'>ω</span> 
     </span>
     <span class='ocr_line' id='line_1_86' title="bbox 1000 1950 1961 2007; baseline 0.011 -15"><span class='ocrx_word' id='word_1_410' title='bbox 1000 1959 1043 1992; x_wconf 85' lang='lat' dir='ltr'>ris</span> <span class='ocrx_word' id='word_1_411' title='bbox 1059 1960 1224 2003; x_wconf 81' lang='lat' dir='ltr'>etpoenis,</span> <span class='ocrx_word' id='word_1_412' title='bbox 1239 1971 1257 1993; x_wconf 87' lang='lat' dir='ltr'>a</span> <span class='ocrx_word' id='word_1_413' title='bbox 1278 1960 1347 1994; x_wconf 90' lang='lat' dir='ltr'>iure</span> <span class='ocrx_word' id='word_1_414' title='bbox 1369 1961 1416 1994; x_wconf 80' lang='lat' dir='ltr'>vel</span> <span class='ocrx_word' id='word_1_415' title='bbox 1437 1960 1632 2003; x_wconf 85' lang='lat' dir='ltr'>abhomine‚</span> <span class='ocrx_word' id='word_1_416' title='bbox 1646 1963 1757 2007; x_wconf 76' lang='lat' dir='ltr'>quavis</span> <span class='ocrx_word' id='word_1_417' title='bbox 1771 1950 1887 2001; x_wconf 52' lang='lat' dir='ltr'>ffiiiigifd</span> <span class='ocrx_word' id='word_1_418' title='bbox 1903 1950 1961 2002; x_wconf 58' lang='lat'>02¹5?</span> 
     </span>
     <span class='ocr_line' id='line_1_87' title="bbox 1000 2011 1949 2060; baseline 0.006 -14"><span class='ocrx_word' id='word_1_419' title='bbox 1000 2013 1169 2047; x_wconf 89' lang='lat' dir='ltr'>occasione</span> <span class='ocrx_word' id='word_1_420' title='bbox 1180 2013 1228 2046; x_wconf 89' lang='lat' dir='ltr'>vel</span> <span class='ocrx_word' id='word_1_421' title='bbox 1239 2024 1346 2054; x_wconf 87' lang='lat' dir='ltr'>causa,</span> <span class='ocrx_word' id='word_1_422' title='bbox 1363 2013 1444 2053; x_wconf 83' lang='lat' dir='ltr'>latis,</span> <span class='ocrx_word' id='word_1_423' title='bbox 1455 2015 1479 2047; x_wconf 87' lang='lat' dir='ltr'>si</span> <span class='ocrx_word' id='word_1_424' title='bbox 1490 2015 1609 2058; x_wconf 81' lang='lat' dir='ltr'>quibus</span> <span class='ocrx_word' id='word_1_425' title='bbox 1620 2027 1757 2060; x_wconf 88' lang='lat' dir='ltr'>quomo·</span> <span class='ocrx_word' id='word_1_426' title='bbox 1772 2011 1894 2038; x_wconf 62' lang='lat' dir='ltr'>“³⁵⁵⁰mm’</span> <span class='ocrx_word' id='word_1_427' title='bbox 1939 2019 1949 2034; x_wconf 67' lang='lat'><strong>⁰</strong></span> 
     </span>
     <span class='ocr_line' id='line_1_88' title="bbox 999 2068 1957 2110; baseline 0.006 -8"><span class='ocrx_word' id='word_1_428' title='bbox 999 2068 1119 2102; x_wconf 81' lang='lat' dir='ltr'>delibet</span> <span class='ocrx_word' id='word_1_429' title='bbox 1153 2069 1325 2103; x_wconf 86' lang='lat' dir='ltr'>innodatus</span> <span class='ocrx_word' id='word_1_430' title='bbox 1366 2070 1487 2110; x_wconf 73' lang='lat' dir='ltr'>existit,</span> <span class='ocrx_word' id='word_1_431' title='bbox 1528 2071 1566 2103; x_wconf 85' lang='lat' dir='ltr'>ad</span> <span class='ocrx_word' id='word_1_432' title='bbox 1603 2071 1754 2106; x_wconf 75' lang='lat' dir='ltr'>effectum</span> <span class='ocrx_word' id='word_1_433' title='bbox 1770 2075 1853 2096; x_wconf 51' lang='grc' dir='ltr'>(ΝΜ</span> <span class='ocrx_word' id='word_1_434' title='bbox 1883 2081 1957 2097; x_wconf 55' lang='lat'>‘²⁵0³-</span> 
     </span>
    </p>
   </div>
   <div class='ocr_carea' id='block_1_13' title="bbox 1843 1762 1964 1784">
    <p class='ocr_par' dir='ltr' id='par_1_18' title="bbox 1843 1762 1964 1784">
     <span class='ocr_line' id='line_1_89' title="bbox 1843 1762 1964 1784; baseline 0.008 -1"><span class='ocrx_word' id='word_1_435' title='bbox 1843 1762 1964 1784; x_wconf 78' lang='lat' dir='ltr'>necnrauo</span> 
     </span>
    </p>
   </div>
   <div class='ocr_carea' id='block_1_14' title="bbox 993 1920 1960 2638">
    <p class='ocr_par' dir='ltr' id='par_1_19' title="bbox 1872 1920 1960 1945">
     <span class='ocr_line' id='line_1_90' title="bbox 1872 1920 1960 1945; baseline 0.023 -6"><span class='ocrx_word' id='word_1_436' title='bbox 1872 1920 1960 1945; x_wconf 74' lang='lat' dir='ltr'>privile⁴</span> 
     </span>
    </p>

    <p class='ocr_par' dir='ltr' id='par_1_20' title="bbox 1153 2043 1958 2128">
     <span class='ocr_line' id='line_1_91' title="bbox 1770 2043 1958 2065; baseline 0.011 -2"><span class='ocrx_word' id='word_1_437' title='bbox 1770 2043 1927 2065; x_wconf 75' lang='lat' dir='ltr'>ahsolutionem</span> <span class='ocrx_word' id='word_1_438' title='bbox 1947 2051 1958 2065; x_wconf 80' lang='lat' dir='ltr'>a</span> 
     </span>
     <span class='ocr_line' id='line_1_92' title="bbox 1153 2107 1831 2128; baseline 0.009 -8"><span class='ocrx_word' id='word_1_439' title='bbox 1153 2123 1158 2128; x_wconf 46' lang='lat'><em>,</em></span> <span class='ocrx_word' id='word_1_440' title='bbox 1770 2107 1831 2128; x_wconf 69' lang='lat' dir='ltr'>utin.</span> 
     </span>
    </p>

    <p class='ocr_par' dir='ltr' id='par_1_21' title="bbox 998 2124 1752 2169">
     <span class='ocr_line' id='line_1_93' title="bbox 998 2124 1752 2169; baseline 0.007 -14"><span class='ocrx_word' id='word_1_441' title='bbox 998 2128 1218 2167; x_wconf 77' lang='lat' dir='ltr'>praesentium</span> <span class='ocrx_word' id='word_1_442' title='bbox 1259 2124 1422 2156; x_wconf 85' lang='lat' dir='ltr'>dumtaxat</span> <span class='ocrx_word' id='word_1_443' title='bbox 1466 2126 1752 2169; x_wconf 86' lang='lat' dir='ltr'>consequendum,</span> 
     </span>
    </p>

    <p class='ocr_par' dir='ltr' id='par_1_22' title="bbox 997 2177 1753 2214">
     <span class='ocr_line' id='line_1_94' title="bbox 997 2177 1753 2214; baseline 0.007 -5"><span class='ocrx_word' id='word_1_444' title='bbox 997 2177 1113 2210; x_wconf 89' lang='lat' dir='ltr'>harum</span> <span class='ocrx_word' id='word_1_445' title='bbox 1153 2177 1234 2211; x_wconf 84' lang='lat' dir='ltr'>serie</span> <span class='ocrx_word' id='word_1_446' title='bbox 1268 2178 1469 2212; x_wconf 81' lang='lat' dir='ltr'>absolventes</span> <span class='ocrx_word' id='word_1_447' title='bbox 1503 2185 1533 2212; x_wconf 82' lang='lat' dir='ltr'>ct</span> <span class='ocrx_word' id='word_1_448' title='bbox 1568 2179 1753 2214; x_wconf 86' lang='lat' dir='ltr'>absolutum</span> 
     </span>
    </p>

    <p class='ocr_par' dir='ltr' id='par_1_23' title="bbox 997 2231 1754 2277">
     <span class='ocr_line' id='line_1_95' title="bbox 997 2231 1754 2277; baseline 0.007 -14"><span class='ocrx_word' id='word_1_449' title='bbox 997 2231 1064 2263; x_wconf 86' lang='lat' dir='ltr'>fore</span> <span class='ocrx_word' id='word_1_450' title='bbox 1085 2237 1262 2271; x_wconf 87' lang='lat' dir='ltr'>censentes,</span> <span class='ocrx_word' id='word_1_451' title='bbox 1294 2231 1482 2265; x_wconf 85' lang='lat' dir='ltr'>huiusmodi</span> <span class='ocrx_word' id='word_1_452' title='bbox 1508 2233 1754 2277; x_wconf 85' lang='lat' dir='ltr'>supplicationi-</span> 
     </span>
    </p>

    <p class='ocr_par' dir='ltr' id='par_1_24' title="bbox 997 2284 1754 2325">
     <span class='ocr_line' id='line_1_96' title="bbox 997 2284 1754 2325; baseline 0.008 -8"><span class='ocrx_word' id='word_1_453' title='bbox 997 2284 1058 2317; x_wconf 86' lang='lat' dir='ltr'>bus</span> <span class='ocrx_word' id='word_1_454' title='bbox 1078 2284 1234 2325; x_wconf 69' lang='lat' dir='ltr'>inclinati,</span> <span class='ocrx_word' id='word_1_455' title='bbox 1273 2286 1369 2318; x_wconf 88' lang='lat' dir='ltr'>talem</span> <span class='ocrx_word' id='word_1_456' title='bbox 1404 2286 1646 2320; x_wconf 84' lang='lat' dir='ltr'>concessionem</span> <span class='ocrx_word' id='word_1_457' title='bbox 1683 2299 1754 2323; x_wconf 87' lang='lat' dir='ltr'>cru·</span> 
     </span>
    </p>

    <p class='ocr_par' dir='ltr' id='par_1_25' title="bbox 996 2338 1752 2377">
     <span class='ocr_line' id='line_1_97' title="bbox 996 2338 1752 2377; baseline 0.009 -7"><span class='ocrx_word' id='word_1_458' title='bbox 996 2338 1097 2371; x_wconf 86' lang='lat' dir='ltr'>ciatae</span> <span class='ocrx_word' id='word_1_459' title='bbox 1131 2344 1260 2372; x_wconf 86' lang='lat' dir='ltr'>sanctae</span> <span class='ocrx_word' id='word_1_460' title='bbox 1299 2344 1327 2372; x_wconf 85' lang='lat' dir='ltr'>et</span> <span class='ocrx_word' id='word_1_461' title='bbox 1365 2339 1504 2372; x_wconf 85' lang='lat' dir='ltr'>aliorum</span> <span class='ocrx_word' id='word_1_462' title='bbox 1550 2340 1752 2377; x_wconf 87' lang='lat' dir='ltr'>indultorum</span> 
     </span>
    </p>

    <p class='ocr_par' dir='ltr' id='par_1_26' title="bbox 995 2391 1751 2437">
     <span class='ocr_line' id='line_1_98' title="bbox 995 2391 1751 2437; baseline 0.008 -14"><span class='ocrx_word' id='word_1_463' title='bbox 995 2391 1261 2435; x_wconf 84' lang='lat' dir='ltr'>particularium,</span> <span class='ocrx_word' id='word_1_464' title='bbox 1290 2398 1447 2435; x_wconf 86' lang='lat' dir='ltr'>quantum</span> <span class='ocrx_word' id='word_1_465' title='bbox 1479 2393 1518 2426; x_wconf 91' lang='lat' dir='ltr'>ad</span> <span class='ocrx_word' id='word_1_466' title='bbox 1547 2394 1751 2437; x_wconf 87' lang='lat' dir='ltr'>praedictum</span> 
     </span>
    </p>

    <p class='ocr_par' dir='ltr' id='par_1_27' title="bbox 994 2444 1753 2488">
     <span class='ocr_line' id='line_1_99' title="bbox 994 2444 1753 2488; baseline 0.008 -11"><span class='ocrx_word' id='word_1_467' title='bbox 994 2445 1167 2478; x_wconf 87' lang='lat' dir='ltr'>articulum</span> <span class='ocrx_word' id='word_1_468' title='bbox 1186 2444 1325 2488; x_wconf 80' lang='lat' dir='ltr'>eligendi</span> <span class='ocrx_word' id='word_1_469' title='bbox 1346 2444 1577 2487; x_wconf 85' lang='lat' dir='ltr'>confessorem,</span> <span class='ocrx_word' id='word_1_470' title='bbox 1600 2453 1629 2480; x_wconf 85' lang='lat' dir='ltr'>et</span> <span class='ocrx_word' id='word_1_471' title='bbox 1648 2447 1753 2483; x_wconf 85' lang='lat' dir='ltr'>absol-</span> 
     </span>
    </p>

    <p class='ocr_par' dir='ltr' id='par_1_28' title="bbox 993 2494 1750 2535">
     <span class='ocr_line' id='line_1_100' title="bbox 993 2494 1750 2535; baseline 0.005 -9"><span class='ocrx_word' id='word_1_472' title='bbox 993 2494 1087 2527; x_wconf 77' lang='lat' dir='ltr'>vendi</span> <span class='ocrx_word' id='word_1_473' title='bbox 1107 2504 1124 2526; x_wconf 85' lang='lat' dir='ltr'>a</span> <span class='ocrx_word' id='word_1_474' title='bbox 1145 2494 1274 2527; x_wconf 84' lang='lat' dir='ltr'>casibus</span> <span class='ocrx_word' id='word_1_475' title='bbox 1294 2494 1479 2535; x_wconf 82' lang='lat' dir='ltr'>reservatis,</span> <span class='ocrx_word' id='word_1_476' title='bbox 1501 2506 1575 2528; x_wconf 91' lang='lat' dir='ltr'>cum</span> <span class='ocrx_word' id='word_1_477' title='bbox 1596 2496 1750 2531; x_wconf 84' lang='lat' dir='ltr'>fratribus</span> 
     </span>
    </p>

    <p class='ocr_par' dir='ltr' id='par_1_29' title="bbox 994 2542 1750 2580">
     <span class='ocr_line' id='line_1_101' title="bbox 994 2542 1750 2580; baseline 0.007 -6"><span class='ocrx_word' id='word_1_478' title='bbox 994 2547 1025 2574; x_wconf 88' lang='lat' dir='ltr'>et</span> <span class='ocrx_word' id='word_1_479' title='bbox 1058 2542 1225 2575; x_wconf 89' lang='lat' dir='ltr'>sororibus</span> <span class='ocrx_word' id='word_1_480' title='bbox 1258 2542 1455 2576; x_wconf 87' lang='lat' dir='ltr'>monialibus</span> <span class='ocrx_word' id='word_1_481' title='bbox 1487 2544 1583 2578; x_wconf 85' lang='lat' dir='ltr'>totius</span> <span class='ocrx_word' id='word_1_482' title='bbox 1620 2544 1750 2580; x_wconf 88' lang='lat' dir='ltr'>Ordinis</span> 
     </span>
    </p>

    <p class='ocr_par' dir='ltr' id='par_1_30' title="bbox 993 2591 1748 2638">
     <span class='ocr_line' id='line_1_102' title="bbox 993 2591 1748 2638; baseline 0.005 -14"><span class='ocrx_word' id='word_1_483' title='bbox 993 2591 1170 2635; x_wconf 85' lang='lat' dir='ltr'>praedicti,</span> <span class='ocrx_word' id='word_1_484' title='bbox 1202 2597 1267 2625; x_wconf 84' lang='lat' dir='ltr'>tam</span> <span class='ocrx_word' id='word_1_485' title='bbox 1287 2592 1473 2636; x_wconf 81' lang='lat' dir='ltr'>provinciae</span> <span class='ocrx_word' id='word_1_486' title='bbox 1493 2593 1666 2638; x_wconf 88' lang='lat' dir='ltr'>Hispaniae</span> <span class='ocrx_word' id='word_1_487' title='bbox 1686 2595 1748 2628; x_wconf 88' lang='lat' dir='ltr'>hu-</span> 
     </span>
    </p>
   </div>
   <div class='ocr_carea' id='block_1_15' title="bbox 991 2639 1747 2733">
    <p class='ocr_par' dir='ltr' id='par_1_31' title="bbox 991 2639 1747 2733">
     <span class='ocr_line' id='line_1_103' title="bbox 991 2639 1747 2685; baseline 0.008 -13"><span class='ocrx_word' id='word_1_488' title='bbox 991 2639 1131 2674; x_wconf 88' lang='lat' dir='ltr'>iusmodi</span> <span class='ocrx_word' id='word_1_489' title='bbox 1152 2651 1249 2684; x_wconf 89' lang='lat' dir='ltr'>quam</span> <span class='ocrx_word' id='word_1_490' title='bbox 1271 2646 1359 2674; x_wconf 86' lang='lat' dir='ltr'>extra</span> <span class='ocrx_word' id='word_1_491' title='bbox 1379 2652 1449 2675; x_wconf 88' lang='lat' dir='ltr'>eam</span> <span class='ocrx_word' id='word_1_492' title='bbox 1465 2642 1614 2685; x_wconf 84' lang='lat' dir='ltr'>ubilibet,</span> <span class='ocrx_word' id='word_1_493' title='bbox 1638 2644 1747 2678; x_wconf 90' lang='lat' dir='ltr'>locum</span> 
     </span>
     <span class='ocr_line' id='line_1_104' title="bbox 991 2688 1746 2733; baseline 0.008 -12"><span class='ocrx_word' id='word_1_494' title='bbox 991 2688 1125 2723; x_wconf 88' lang='lat' dir='ltr'>minime</span> <span class='ocrx_word' id='word_1_495' title='bbox 1144 2689 1276 2731; x_wconf 88' lang='lat' dir='ltr'>habere,</span> <span class='ocrx_word' id='word_1_496' title='bbox 1299 2701 1359 2725; x_wconf 87' lang='lat' dir='ltr'>nec</span> <span class='ocrx_word' id='word_1_497' title='bbox 1380 2691 1516 2733; x_wconf 83' lang='lat' dir='ltr'>censeri,</span> <span class='ocrx_word' id='word_1_498' title='bbox 1538 2692 1593 2726; x_wconf 89' lang='lat' dir='ltr'>sed</span> <span class='ocrx_word' id='word_1_499' title='bbox 1614 2697 1746 2728; x_wconf 85' lang='lat' dir='ltr'>nostrae</span> 
     </span>
    </p>
   </div>
  </div>
 </body>
</html>
