2237 3100
44 268 95 296 An.
111 269 141 296 C.
160 269 228 296 1565

79 2435 147 2456 verba
157 2441 204 2463 cap.
215 2436 236 2457 5.

927 270 997 294 PIUS

244 321 277 355 in
285 321 438 355 fratribus
450 322 597 355 voluntas
608 332 674 356 non
685 322 885 367 acquirendi,
904 323 999 356 etiam

244 375 270 408 si
289 375 321 408 in
342 385 455 408 eorum
472 375 632 415 manibus,
654 387 712 420 pro
728 386 841 409 eorum
859 376 1000 409 necessi-

245 427 371 468 tatibus,
383 428 523 472 pecunia
534 429 703 469 inferatur,
721 440 786 463 non
807 434 914 462 tamen
931 440 999 463 eam

244 481 417 525 recipiunt,
441 482 619 515 secundum
635 483 722 525 quod
737 483 880 527 receptio
901 483 933 515 111
950 493 1001 516 00-

244 545 318 567 rum
351 535 474 577 Regula
507 535 682 569 inhibetur.
726 537 815 569 Unde
856 537 1002 579 sequitur

244 587 331 630 quod
347 587 638 632 fratrestangentes
657 590 840 632 pecuniam,
861 590 1002 633 {legulae

244 639 390 684 ipsorum
416 651 481 674 non
512 643 740 675 contradicunt
773 643 827 675 illo
864 643 1002 686 simplici

243 698 349 734 tactu;
370 694 425 727 sed
445 705 552 738 neque
568 706 626 739 per
645 696 707 729 hoc
726 696 840 728 vitium
857 696 1003 740 proprie-

244 746 316 779 tatis
332 752 437 790 potest
450 747 495 780 eis
512 748 663 781 adscribi.
686 749 803 781 Verum
829 754 876 782 est
895 754 1003 782 tamen

243 800 331 844 quod
350 800 449 844 prisci
462 801 507 833 illi
529 807 636 845 patres
660 802 761 835 nostri
781 802 877 835 etiam
893 813 911 835 a
928 813 1004 836 con-

243 858 330 887 tactu
350 854 565 897 pecuniarum
586 856 765 889 voluntarie
785 856 1000 897 abstinebant,

243 911 312 940 tum
333 917 373 940 ne
394 907 595 951 simplicibus
619 920 656 941 ex
675 909 737 942 hoc
758 909 889 953 aliquod
909 920 1002 942 scan-

244 961 354 995 dalum
374 961 527 1002 oriretur,
550 967 580 995 et
594 968 743 1006 putarent
763 963 835 997 illos
850 974 1004 996 acetttuu-

243 1015 347 1048 landis
376 1016 525 1059 pecuniis
550 1017 720 1057 insudare,
754 1022 823 1050 tum
853 1018 929 1061 quia
949 1028 1003 1051 ei:-

245 1068 454 1113 periebantur
480 1081 555 1113 erga
583 1081 615 1103 se
642 1071 816 1104 ferventem
843 1071 923 1104 adeo
944 1081 1003 1116 po-

245 1122 399 1164 pulorum
416 1122 631 1164 devotionem,
654 1129 690 1157 ut
709 1124 789 1157 nihil
813 1125 878 1158 suis
895 1135 1005 1158 neces-

247 1174 393 1209 sitatibus
414 1177 601 1210 defuturum
622 1189 778 1221 umquam
805 1179 1001 1212 dubitarent.

246 1228 327 1262 Cum
352 1235 459 1263 autem
486 1231 697 1264 deferbuisset
726 1231 854 1272 caritas,
887 1233 1005 1265 et‘fre-

246 1292 350 1326 quens
378 1283 513 1316 fratrum
535 1295 693 1317 numerus
713 1295 750 1317 ex
764 1285 1006 1318 advenientibus

247 1335 391 1377 quotidie
408 1337 621 1381 eleemosynis
641 1338 812 1370 sustentari
833 1339 1003 1382 nequiret,

247 1398 288 1421 ne
308 1389 451 1422 studium
482 1400 592 1423 sacrae
613 1391 794 1434 theologiae
815 1397 845 1424 et
870 1391 1007 1425 aliarum

248 1441 471 1483 scientiarum,
492 1444 524 1476 in
553 1444 672 1487 quibus
697 1444 782 1478 Ordo
803 1450 913 1478 noster
932 1445 1008 1477 insi-

248 1495 319 1538 gnis
334 1506 462 1539 semper
488 1496 616 1529 habitus
642 1502 704 1537 est,
738 1498 848 1542 inopia
878 1508 1007 1541 pessum
1028 1510 1029 1521 ¹

248 1547 320 1590 iret,
343 1550 465 1593 placuit
477 1551 611 1584 summis
630 1550 854 1592 Pontificibus,
868 1558 899 1585 et
914 1563 1007 1596 prae-

249 1602 343 1646 cipue
359 1604 492 1638 Martino
513 1605 627 1648 quinto
648 1610 679 1639 et
699 1605 786 1639 Sixto
810 1606 866 1646 lv,
897 1606 1008 1639 nobis-

249 1666 324 1689 cum
358 1657 546 1701 dispensare
579 1663 614 1691 ut
644 1670 680 1692 ex
714 1659 808 1692 bonis
844 1659 1009 1693 Romanae

248 1708 410 1744 Ecclesiae
430 1716 573 1744 nostram
593 1711 737 1756 inopiam
757 1713 874 1753 levare,
891 1718 920 1746 et
938 1724 1008 1747 cre-

250 1767 301 1795 cta
326 1762 496 1797 literarum
529 1765 694 1809 gymnasia
724 1776 914 1799 conservare
937 1777 1010 1810 pos-

250 1827 370 1850 semus.
407 1817 584 1851 Novissime
617 1828 693 1851 vero
723 1819 762 1851 ad
797 1819 1031 1852 conscientias*

250 1874 377 1903 nostras
401 1871 580 1914 pacandas,
609 1872 647 1904 ad
669 1873 905 1916 scrupulosque
926 1873 1009 1905 evel-

250 1923 376 1964 lendos,
390 1924 445 1967 qui
458 1925 490 1957 in
501 1926 663 1959 mentibus
680 1926 892 1959 imbecillium
909 1937 1010 1969 quan-

251 1976 359 2020 doque
379 1979 606 2020 emergebant,
639 1979 735 2012 etiam
755 1979 937 2012 dominium
958 1991 1009 2013 re·
1030 1969 1031 2004 i

251 2040 325 2063 rum
344 2031 379 2064 in
400 2032 583 2072 communi,
607 2044 785 2077 earumque
806 2033 1009 2066 administra-

251 2084 296 2117 tio
308 2094 327 2117 a
341 2090 451 2117 sancta
468 2085 670 2119 oecumenica
685 2086 870 2119 Tridentina
890 2087 1011 2130 syuodo

253 2148 407 2171 concessa
426 2138 520 2172 nobis
540 2144 597 2172 est.
633 2139 720 2179 Quae
750 2139 896 2180 materia,
929 2151 1011 2184 quo-

253 2192 339 2224 niam
361 2192 545 2225 communis
574 2198 621 2225 est.
642 2202 716 2226 cum
738 2203 775 2225 ea
804 2204 886 2236 quae
908 2195 1011 2238 capite

253 2249 340 2277 sexto
351 2249 519 2285 tractatur,
531 2245 569 2278 ad
580 2246 685 2289 ipsum
703 2246 812 2279 locum
824 2246 1008 2280 remittitur.

563 2349 637 2382 CAP.
665 2349 698 2381 V.

315 2424 449 2458 Fratres
469 2424 531 2465 illi,
554 2425 666 2468 quibus
686 2424 774 2458 dedit
792 2425 952 2458 Dominus

421 2474 568 2516 qratiam
590 2473 765 2506 laborandi
784 2478 842 2506 etc.

1022 269 1053 293 tv
1071 268 1121 292 1³1³.

1042 322 1220 354 fomentum
1244 325 1302 352 est.
1338 318 1554 358 Quamobrem
1586 317 1738 351 statuitur
1764 324 1800 352 ut

1042 375 1096 415 hi,
1131 374 1187 417 qui
1213 374 1244 406 in
1269 371 1370 405 literis
1394 371 1443 404 vel
1470 371 1502 404 in
1531 371 1656 404 musica
1681 381 1745 405 non
1767 383 1799 405 se

1044 433 1208 468 exercent,
1240 431 1451 460 exerceantur
1477 425 1510 457 in
1535 425 1644 469 aliquo
1672 426 1798 467 officio,

1044 482 1155 514 ianuas
1175 492 1233 525 pro
1255 481 1405 514 clausura
1422 479 1600 519 observent,
1622 480 1732 513 hortos
1749 491 1802 513 co-

1044 535 1121 572 lant,
1144 533 1281 566 infirmis
1301 538 1331 566 et
1351 533 1383 565 in
1404 532 1505 575 gradu
1523 532 1689 565 collocatis
1703 532 1803 576 patri-

1044 587 1104 620 bus
1133 587 1288 624 serviant,
1318 591 1447 620 verrant
1475 586 1623 626 domum,
1649 586 1804 620 accedant

1044 640 1082 672 ad
1111 640 1347 683 eleemosynam
1376 639 1545 682 petendam
1567 644 1598 672 et
1621 639 1738 673 similia
1759 641 1803 673 fa-

1045 693 1142 733 ciant,
1165 693 1284 736 quibus
1300 693 1463 731 otiositati,
1477 693 1638 725 malorum
1656 693 1802 726 omnium

1045 746 1200 786 sentinae,
1223 750 1408 778 occurrant.

1089 798 1148 838 Qui
1167 809 1242 831 vero
1262 799 1335 832 laici
1361 799 1497 838 fuerint,
1526 809 1591 831 11011
1612 799 1801 842 permittan-

1045 857 1098 884 tur
1118 852 1243 885 deferre
1273 857 1426 885 coronam
1456 852 1489 885 in
1511 852 1633 896 capite,
1664 854 1719 886 sed
1740 864 1804 887 ser-

1044 905 1128 937 viant
1150 905 1300 948 publicae
1327 905 1457 938 utilitati
1479 910 1509 938 et
1533 912 1692 948 cogantur
1717 907 1804 940 iuxta

1045 958 1200 1001 Regulam
1218 969 1277 1002 pro
1294 958 1384 991 horis
1400 958 1565 992 canonicis
1581 960 1688 994 dicere
1704 961 1806 994 Pater

1045 1016 1164 1052 noster,
1188 1017 1265 1052 eto,
1284 1016 1380 1054 atque
1404 1012 1494 1045 nullo
1522 1018 1668 1056 tempore
1693 1014 1807 1049 admit-

1045 1070 1155 1098 tantur
1175 1066 1214 1098 ad
1230 1076 1338 1098 sacros
1353 1065 1483 1099 ordines
1504 1066 1736 1110 suscipiendos.

1092 1118 1151 1157 Qui
1189 1119 1350 1152 voluerint
1384 1119 1493 1152 literas
1517 1119 1652 1161 discere,
1689 1123 1806 1155 exami-

1047 1179 1166 1206 nentur
1185 1172 1275 1216 prius
1300 1183 1316 1205 a
1346 1172 1535 1216 provinciali
1568 1174 1743 1217 magistro,
1772 1182 1808 1210 ut

1048 1226 1073 1258 si
1094 1237 1148 1259 eos
1170 1226 1303 1259 idoneos
1323 1226 1363 1259 ad
1383 1226 1528 1268 graviora
1555 1227 1660 1260 studia
1680 1228 1809 1263 invene-

1048 1279 1102 1319 rit,
1132 1279 1302 1312 certiorem
1337 1279 1432 1312 saciat
1457 1281 1640 1322 generalem
1661 1280 1805 1322 Ordinis,

1049 1333 1104 1376 qui
1125 1333 1157 1365 in
1173 1333 1283 1376 aliquo
1300 1333 1477 1376 Religionis
1492 1334 1657 1378 gymnasio
1678 1345 1732 1368 eos
1744 1336 1810 1369 col-

1049 1386 1152 1419 locet:
1176 1386 1329 1419 collocari
1343 1397 1418 1419 vero
1439 1397 1498 1431 pro
1512 1388 1733 1421 baccalaureis
1743 1399 1808 1422 non

1049 1440 1187 1484 possint,
1216 1440 1271 1483 qui
1292 1440 1382 1484 prius
1409 1441 1442 1473 in
1462 1441 1630 1474 dialectica
1650 1452 1715 1475 non
1736 1454 1810 1486 pro-

1050 1493 1195 1533 fecerint,
1214 1494 1503 1538 cdnclusionesque
1516 1493 1595 1527 inea
1611 1495 1809 1538 professione

1050 1548 1229 1581 honorilice
1247 1559 1311 1581 non
1333 1547 1554 1581 sustinuerint.
1578 1548 1637 1588 Qui
1653 1560 1712 1592 per
1727 1550 1810 1582 mul-

1051 1607 1099 1634 tos
1130 1612 1232 1634 annos
1256 1601 1289 1634 in
1309 1601 1423 1635 studiis
1449 1612 1514 1634 non
1543 1602 1760 1646 profecerint,
1791 1613 1810 1636 a

1051 1655 1222 1699 gymnasiis
1238 1659 1459 1695 amoveantur,
1487 1660 1516 1688 et
1542 1655 1596 1687 alii
1621 1655 1756 1689 studiosi
1776 1656 1809 1689 in

1051 1720 1166 1742 eorum
1186 1710 1295 1742 locum
1316 1709 1545 1752 subrogentur.
1580 1718 1582 1722 ·

1095 1762 1302 1796 Baccalaurei
1323 1768 1353 1796 et
1373 1763 1522 1796 doctores
1539 1763 1704 1797 studentes
1720 1774 1809 1798 exer-

1051 1814 1171 1848 cebunt
1191 1826 1224 1849 se
1252 1815 1434 1849 alternatim
1460 1815 1670 1857 lectionibus,
1703 1816 1811 1861 dispu-

1051 1868 1225 1902 tationibus
1241 1875 1271 1902 et
1295 1869 1601 1913 praedicationibus,
1620 1874 1655 1902 ut
1670 1869 1738 1903 istis
1754 1870 1811 1903 tri-

1051 1923 1112 1955 bus
1132 1923 1228 1955 simul
1249 1928 1448 1959 assuescant:
1469 1923 1531 1956 hoc
1549 1924 1635 1956 enim
1652 1924 1748 1957 modo
1764 1925 1810 1958 ci-

1051 1976 1114 2008 tius
1134 1976 1167 2008 in
1187 1977 1270 2010 viros
1291 1977 1434 2009 eruditos
1455 1977 1598 2010 evadent.

1097 2030 1219 2063 Minora
1238 2029 1407 2063 literarum
1436 2030 1601 2073 gymnasia
1632 2029 1675 2063 ita
1705 2031 1812 2075 dispo-

1031 2088 1188 2126 ,nanum
1214 2089 1250 2116 ut
1278 2083 1437 2127 quaedam
1466 2083 1608 2126 logicae,
1650 2084 1809 2126 quaedam

1054 2137 1279 2182 philosophiae
1300 2137 1405 2171 studio
1430 2137 1591 2182 applicata
1611 2138 1685 2178 sint,
1708 2144 1744 2171 ut
1764 2138 1814 2171 iu-

1052 2202 1165 2232 venes,
1198 2192 1253 2235 qui
1275 2192 1396 2225 dedunt
1416 2202 1449 2225 se
1469 2191 1582 2231 literis,
1616 2201 1675 2235 per
1694 2192 1814 2234 gradus

1026 2277 1027 2280 ,
1053 2246 1244 2288 ascendant,
1277 2252 1307 2279 et
1326 2257 1392 2280 non
1421 2245 1543 2290 possint
1569 2246 1602 2278 in
1635 2245 1814 2280 maioribus

1054 2300 1224 2341 constitui,
1260 2300 1316 2343 qui
1349 2300 1382 2333 in
1412 2298 1592 2332 minoribus
1618 2299 1730 2332 saltem
1756 2310 1815 2344 per

1053 2353 1229 2387 triennium
1253 2364 1320 2387 non
1345 2353 1502 2387 steterint.
1535 2353 1689 2387 Similiter
1708 2358 1739 2386 et.
1767 2354 1814 2387 le-

1055 2413 1162 2441 ctores
1182 2418 1246 2441 non
1267 2407 1345 2441 fiant
1366 2412 1514 2450 regentes
1531 2406 1563 2439 in
1580 2405 1815 2440 celebrioribus

1033 2492 1034 2498 ἵ
1056 2455 1187 2496 Studiis,
1211 2456 1271 2488 nisi
1292 2456 1325 2489 in
1345 2455 1526 2489 minoriljuis
1546 2455 1638 2499 prius
1658 2454 1814 2488 eruditio-

1033 2501 1129 2537 ι’110111
1151 2515 1241 2537 suam
1266 2509 1412 2537 testatam
1446 2504 1590 2537 fecerint.
1619 2504 1653 2536 In
1685 2503 1815 2537 maiori-

1689 255 1752 289 407
1811 265 1863 292 An.
1880 264 1911 291 c.
1929 264 1998 292 1565

1840 810 1907 836 Super
1919 809 2004 830 exorci-

1817 843 1846 862 tto
1861 841 1948 861 fratrum
1965 840 2005 860 lni-

1818 879 1888 894 corum
1901 888 1906 897 ,

1835 1132 1901 1160 Super
1913 1134 2006 1154 numine

1821 1165 1964 1191 recipiendor.
1983 1166 2007 1185 ad

1823 1197 1904 1222 studia,

1851 1777 1918 1804 Super
1929 1778 2011 1798 exeret-

1823 1808 1853 1829 tlo
1873 1809 2009 1834 studentium,

1851 2040 1919 2068 Super
1940 2042 2012 2068 dispc-

1826 2073 1904 2093 :ition-
1925 2079 2012 2100 gyruum-

1826 2109 1904 2124 noruni
1911 2119 1917 2129 ‚

79 2567 240 2590 Deetarnuosu-
298 2554 333 2587 In
353 2555 416 2588 hoc
437 2553 579 2598 capitulo
604 2553 717 2586 heatus
741 2553 933 2586 Franciseus
952 2553 1014 2587 hoc

49 2600 241 2652 ,ῖΤζζωωθῇξῑζζῗζῗ
255 2613 359 2636 unum
380 2603 546 2637 contendit
570 2608 605 2636 ut
633 2603 745 2636 fratres
768 2603 816 2635 sui
838 2603 938 2636 otium
964 2602 1013 2636 fu-

256 2652 358 2695 giant,
393 2653 478 2696 quod
509 2652 656 2685 omnium
678 2652 837 2684 malorum
869 2651 959 2684 radix
984 2657 1015 2684 et

1034 2571 1035 2600 ,
1055 2553 1116 2586 bus
1137 2553 1269 2594 Studiis,
1291 2553 1348 2586 11111
1360 2558 1433 2586 sunt
1453 2552 1635 2595 theologiae
1651 2552 1814 2596 professo-

1055 2613 1118 2643 res,
1141 2603 1226 2635 ultra
1244 2602 1424 2636 ordinarios
1435 2603 1572 2635 lectores
1592 2601 1811 2642 scholasticos,

1034 2652 1213 2700 {habeatur
1236 2652 1332 2685 lectio
1358 2651 1475 2685 Sacrae
1509 2651 1711 2694 Scripturae‚
1747 2660 1813 2683 non

53 2663 121 2682 nrum
128 2676 133 2686 ,
