2237 3100
838 262 934 287 INDEX
945 262 1146 287 RUBRICARUM

1657 254 1672 287 ‘1
1679 254 1743 288 047

336 323 442 350 torum
472 317 622 357 licentIa,
656 315 840 348 nullatenus
867 316 905 348 ad
934 316 995 349 alia
1037 315 1175 349 CXXXV.
1191 314 1324 348 Cosmus
1336 313 1482 354 Medices,
1503 314 1702 358 reipublicae
1717 316 1785 349 Flo-

334 371 406 404 loca
425 381 458 403 se
478 370 651 403 transferre
671 368 807 413 possint,
830 368 904 401 74⁶2.

246 424 372 458 CXXVI.
395 423 576 457 Stationum
597 421 811 465 indulgentias
835 432 894 466 per
909 422 995 455 chri-

336 477 499 516 stifideles,
520 476 627 509 tamin
657 475 828 508 Liberiana
860 476 996 508 Sanctae

335 530 452 563 Mariae
472 529 599 562 Maioris
618 528 762 569 basilica,
780 539 878 572 quam
895 527 927 560 in
943 539 995 561 ec-

338 583 434 617 clesia
458 583 593 617 Sanctae
617 582 732 616 Mariae
758 582 789 615 in
814 581 993 622 Dominica,

335 637 455 670 lucrari
475 636 631 677 decernit,
650 635 725 669 743.

246 690 385 724 CXXVII.
404 691 521 724 Contra
537 690 735 724 offendentes
753 694 882 729 statum,
898 699 948 722 res
966 694 995 721 et

335 754 490 788 personas
518 743 709 777 sanctissimi
739 743 835 776 officii
860 742 995 786 Inquisi-

338 797 621 831 tionishaereticae
632 796 806 841 pravitatis,
819 806 996 839 eorumque

337 851 421 884 filios
445 862 573 885 necnon
600 851 775 895 complices
794 856 825 884 et
844 851 995 889 fautores,

246 958 401 992 CXXVIII.
429 959 627 992 Reformatio
659 957 929 992 Poenitentiariae
954 958 995 990 Α-

334 1013 510 1056 postolicae
535 1018 566 1046 et
595 1012 664 1046 eius
688 1012 897 1052 officialium,
918 1010 992 1044 746.

248 1065 377 1099 CXXIX.
392 1066 553 1100 Limitatio
563 1067 795 1100 nonnullarum
806 1066 996 1099 facultatum

336 1119 468 1153 maioris
510 1119 748 1163 poenitentiarii
787 1120 997 1164 eiusdemque

335 1172 570 1214 ministrorum,
593 1173 668 1208 750.

245 1224 360 1259 CXXX.
383 1226 563 1270 Scriptores
583 1233 614 1261 et
635 1233 862 1271 procuratores
881 1226 996 1260 Poeni-

335 1280 502 1314 tentiariae
531 1282 735 1325 Apostolicae
759 1282 798 1315 ad
832 1281 996 1315 Cancella-

335 1334 416 1367 riam
442 1335 659 1379 Apostolicam
690 1335 940 1375 transferuntur,
966 1340 997 1368 et

335 1387 508 1432 scriptores
520 1395 549 1422 et
566 1394 794 1432 procuratores
815 1389 996 1422 litterarum

334 1441 471 1475 minoris
490 1442 610 1484 gratiae
630 1442 857 1482 instituuntur,
876 1442 950 1476 7502.

245 1492 375 1528 CXXXI.
398 1495 576 1529 Declaratio
599 1507 733 1529 casuum
767 1507 804 1530 ac
829 1507 997 1541 praesum-

334 1548 493 1592 ptionum,
513 1549 545 1582 in
569 1550 689 1583 caussis
709 1550 924 1584 confidentiae
940 1550 996 1584 he-

334 1602 502 1643 neficialiS,
520 1609 632 1636 contra
656 1614 890 1647 quoscumque,
902 1604 996 1637 etiam

332 1656 364 1690 S.
383 1655 420 1689 R.
436 1656 471 1689 E.
487 1657 679 1699 cardinales,
706 1669 780 1691 cum
796 1658 997 1702 appositione

334 1721 527 1754 poenarum,
551 1711 626 1745 754.

244 1762 386 1796 CXXXII.
414 1764 504 1803 Quod
518 1766 653 1798 facultas
668 1765 814 1808 erigendi
835 1767 998 1811 cappellas

334 1817 458 1851 Rosarii
486 1818 526 1851 sit
550 1819 753 1852 solummodo
783 1820 926 1862 magistri
946 1832 999 1864 ge-

334 1871 453 1904 neralis
483 1871 612 1905 Ordinis
641 1872 673 1906 S.
709 1873 866 1906 Dominici
901 1880 931 1907 et
959 1875 998 1907 ab

333 1935 371 1957 eo
397 1925 642 1969 deputatorum,
663 1932 694 1959 et
707 1927 885 1961 confratres
904 1928 997 1962 soda-

332 1978 459 2012 litatum
492 1980 615 2013 Rosarii
641 1981 681 2013 ab
706 1980 752 2013 eis
777 1981 997 2015 institutarum

334 2031 515 2067 oblationes
531 2039 561 2067 et
576 2035 691 2077 legata,
706 2034 738 2067 in
754 2034 824 2079 pios
836 2046 913 2068 usus
925 2047 998 2069 con-

333 2087 496 2127 vertenda,
513 2088 658 2132 recipere
669 2089 811 2129 valeant,
829 2088 998 2133 indulgen-

335 2139 458 2184 tiasque
494 2141 546 2174 liic
585 2142 774 2175 enunciatas
801 2153 999 2187 consequan—

335 2198 398 2234 tur,
422 2193 498 2228 758.

379 2246 534 2291 Sequitur
579 2248 640 2282 alia
679 2250 867 2283 constitutio
903 2262 1000 2295 super

334 2302 518 2344 praedictis,
543 2301 617 2337 760.

246 2352 403 2389 CXXXIII.
431 2356 473 2389 De
490 2356 711 2390 baccalaureis
731 2363 762 2390 et
787 2357 947 2400 magistris
968 2358 998 2391 in

334 2409 511 2452 Aragoniae
523 2411 686 2453 provincia
697 2410 824 2444 Ordinis
835 2412 1000 2446 Praedica-

334 2463 441 2491 torum
462 2460 621 2500 creandis,
648 2460 724 2493 760.

246 2505 399 2540 CXXXIV.
427 2508 637 2543 Confirmatio
658 2516 689 2543 et
708 2509 881 2544 declaratio
906 2512 1001 2555 privi-

337 2556 496 2599 legiorum
516 2564 547 2591 et
570 2558 748 2601 gratiarum
776 2559 903 2602 collegii
923 2560 1001 2593 scri-

336 2611 465 2649 ptorum
503 2607 636 2641 archivii
673 2607 788 2642 Curiae
827 2608 1000 2650 Romanae,

339 2653 413 2688 7602.

1124 368 1269 401 rentinae
1298 367 1378 406 dux,
1416 367 1549 411 eiusque
1583 378 1788 401 successores

1126 422 1233 463 magni
1247 422 1346 454 duces
1359 421 1505 455 Etruriae
1521 427 1685 461 creantur,
1708 422 1784 456 763.

1037 474 1190 508 CXXXVI.
1228 474 1344 508 Contra
1373 486 1427 509 cos
1458 475 1525 518 qui,
1555 476 1592 508 ad
1625 476 1788 509 evitandas

1125 540 1260 561 suorum
1281 529 1439 562 scelerum
1461 539 1598 573 poenas,
1618 540 1651 563 se
1680 530 1788 563 (livino

1125 582 1253 615 servitio
1270 583 1431 623 dedicant,
1446 582 1520 616 767.

1038 633 1204 667 CXXXVII.
1229 636 1369 675 lndulta,
1387 636 1508 678 gratiae
1530 641 1561 669 ct
1582 635 1789 679 indulgentiae

1126 688 1397 722 confraternitatis
1417 689 1556 723 nationis
1580 690 1787 731 Florentinte,

1126 742 1184 773 sul]
1210 742 1411 775 invocatione
1432 743 1464 776 S.
1488 743 1616 777 Ioannis
1640 744 1789 788 Baptistae

1126 794 1291 835 Decollati,
1314 796 1358 828 De
1373 796 1598 830 Misericordia
1618 808 1788 842 nuncupa-

1127 852 1198 887 tae,
1233 859 1336 892 nuper
1372 850 1404 882 in
1435 849 1519 883 Urbe
1554 850 1718 884 institutae
1749 851 1788 884 ad

1126 901 1289 934 caritative
1310 904 1556 936 confortandum
1576 904 1625 938 via
1650 905 1789 939 iustitiae

1126 954 1429 1000 morituros,eisque
1448 957 1665 992 ecclesiastica
1684 970 1788 993 sacra-

1125 1009 1788 1047 mentasubministrandumeteorumtlem

1126 1072 1261 1105 corpora
1279 1064 1513 1106 sepeliendum,
1535 1064 1610 1099 768.

1038 1114 1221 1149 CXXXVIII.
1248 1116 1457 1151 Confirmatio
1478 1124 1509 1151 et
1528 1118 1690 1152 innovatio
1708 1131 1789 1163 qua-

1126 1180 1341 1213 rumcumque
1365 1171 1554 1215 gratiarum,
1577 1178 1607 1205 ct
1627 1172 1791 1217 signanter

1126 1224 1392 1265 praecedentiae,
1426 1225 1582 1259 haetenus
1613 1237 1789 1271 congrega-

1130 1276 1208 1309 tioni
1244 1278 1475 1311 canonicorum
1507 1280 1720 1313 saecularium
1755 1281 1787 1315 S.

1126 1329 1255 1373 Georgii
1276 1331 1308 1364 in
1329 1332 1406 1375 Alga
1427 1333 1630 1366 Venetiarum
1656 1345 1789 1368 conces-

1126 1395 1248 1425 sarum,
1271 1390 1302 1418 et
1321 1387 1486 1419 concessio
1498 1387 1644 1420 omnium
1659 1388 1789 1432 privile·

1127 1438 1255 1481 giorum
1273 1439 1344 1472 aliis
1358 1440 1543 1481 Ordinibus,
1560 1441 1656 1475 etiam
1671 1442 1790 1476 Mendi-

1129 1492 1283 1534 cantium,
1309 1504 1536 1528 concessorum
1558 1501 1588 1528 et
1608 1496 1789 1530 conceden-

1128 1546 1256 1587 dorum,
1281 1546 1356 1580 7702.
1741 1565 1744 1568 ·

1039 1598 1195 1633 CXXXIX.
1212 1599 1395 1634 Confratres
1406 1601 1461 1635 SS.
1479 1601 1601 1635 Rosarii
1615 1602 1790 1647 privilegiis

1126 1658 1157 1686 et
1177 1653 1387 1697 indulgentiis
1411 1661 1580 1696 ornantur,
1601 1655 1675 1689 774.

1038 1704 1122 1739 CXL.
1146 1707 1348 1750 Indulgentia
1379 1708 1595 1742 confratribus
1619 1709 1790 1743 Societatis

1126 1759 1271 1794 Nominis
1296 1761 1350 1794 Dei
1372 1772 1535 1803 concessa,
1563 1761 1637 1796 777.

1038 1812 1136 1846 CXLI.
1159 1813 1369 1848 Confirmatio
1400 1816 1594 1849 concordiae
1628 1816 1711 1850 inter
1737 1827 1788 1850 ar-

1126 1867 1369 1912 chiepiscopum
1412 1869 1706 1913 Compostellanum
1759 1876 1790 1904 et

1126 1927 1202 1950 suos
1240 1917 1462 1961 suffraganeos
1493 1929 1672 1963 eorumque
1706 1919 1790 1964 capi-

1128 1967 1207 2007 tula,
1230 1966 1305 2000 777.

1039 2014 1152 2048 CXLII.
1179 2015 1389 2050 Confirmatio
1403 2017 1595 2050 concordiae
1609 2018 1693 2052 inter
1708 2030 1788 2063 prce-

1127 2065 1297 2106 sidentem,
1321 2066 1490 2110 episcopos
1511 2072 1542 2099 et
1562 2067 1703 2112 capitula
1716 2080 1789 2114 pro-

1126 2114 1249 2148 vinciae
1269 2115 1443 2155 Toletanae,
1467 2116 1542 2150 780.

1040 2162 1166 2197 CXLIII.
1206 2164 1376 2197 Revocatio
1411 2165 1633 2206 indultorum,
1661 2173 1791 2211 praeter

1128 2214 1208 2247 iuris
1228 2214 1410 2247 communis
1435 2215 1679 2257 dispositionem
1710 2227 1788 2250 con-

1129 2274 1312 2303 cessorum,
1343 2263 1520 2307 reeipiendi
1550 2266 1599 2298 vel
1628 2266 1788 2300 retinendi

1129 2312 1297 2356 religiosos
1316 2313 1448 2346 alterius
1465 2313 1604 2355 Ordinis,
1627 2315 1724 2349 etiam
1744 2317 1789 2349 Ia-

1129 2362 1238 2402 xioris,
1263 2362 1337 2395 783.

1041 2410 1164 2445 CXLIV.
1180 2412 1375 2444 Reformatio
1390 2412 1486 2445 oflicii
1504 2414 1698 2447 correctoris
1709 2414 1789 2448 Can-

1129 2460 1278 2494 cellariac
1310 2461 1512 2504 Apostolicae
1544 2467 1574 2495 et
1607 2463 1788 2497 litterarum

1129 2509 1263 2543 minoris
1300 2509 1461 2550 iustitiae,
1513 2512 1787 2547 contradictarum

1129 2565 1403 2602 nuncupatarum,
1429 2559 1504 2593 785.

1172 2608 1323 2651 Sequitur
1346 2609 1521 2643 declaratio
1546 2611 1710 2654 praedictte
1736 2622 1787 2645 re-

1130 2658 1344 2700 formationis,
1367 2657 1442 2693 787.
