2237 3100
272 289 321 314 An.
341 287 371 314 C.
392 288 456 314 liffi't

289 1087 378 1108 Auditor
399 1086 419 1106 C.
437 1091 460 1106 0-

276 1121 365 1139 xecutor
376 1119 461 1144 deputa>

277 1152 339 1171 tatur.

317 1360 378 1380 Fides
401 1362 461 1380 tran-

277 1392 365 1418 sumptis
388 1391 463 1415 dandi»,

277 1425 352 1445 additts
363 1423 463 1444 el-vusulin

277 1455 415 1476 irritantibus.

516 273 581 306 ⁹296

473 347 510 369 ex
536 345 631 368 causa
653 343 801 372 onerosa,
824 331 944 364 eisdem
970 328 1160 372 provinciis²
1184 327 1226 358 ei-

472 389 635 426 vitatibus,
658 386 753 420 terris
773 391 799 417 et
822 384 901 416 locis
934 393 969 414 ac
992 381 1150 424 personis,
1170 390 1227 423 per
1247 392 1248 404 t

472 450 696 486 quoscumque
722 439 883 471 Romanos
905 434 1078 468 Pontifices
1106 439 1136 465 et
1169 432 1226 465 Ca-

473 506 595 529 meram
631 494 754 536 ipsam,
782 490 878 523 etiam
913 498 983 527 nos,
1006 492 1036 519 et
1061 491 1226 530 praetextu

473 547 670 585 donationis,
693 542 912 577 concessionis
941 546 969 573 et
995 540 1133 572 aliarum
1167 539 1249 571 dis-=

474 601 714 646 pensationum,
738 597 834 630 etiam
869 600 958 627 motu
981 598 1011 625 et
1031 593 1164 626 scientia
1185 592 1227 624 si-

473 655 605 688 milibus
631 664 667 685 ac
688 652 766 684 alias
789 649 970 687 concessis,
994 647 1179 691 approbatis
1199 651 1230 679 et

474 707 647 745 innovatis,
670 716 749 748 quas
769 709 800 736 et
819 713 914 747 quae⁷
929 702 1060 734 illorum
1082 701 1228 733 omnium

473 761 535 793 vim
558 766 585 793 et
609 760 772 794 effectum,
794 757 881 789 datas
902 760 929 788 et
952 756 1087 787 tenores
1101 765 1159 798 pro
1181 764 1230 787 ex—

474 813 593 858 pressis
612 813 779 851 habentes,
802 810 842 843 ad
862 810 1013 843 effectum
1035 808 1229 852 praemisso-

474 875 769 905 rum‚revocainus‚
784 863 949 896 irritamus
965 867 995 894 et
1009 862 1228 901 annullamus,

475 921 619 963 illisque⁴
639 918 820 962 specialiter
852 923 880 950 et
916 926 1064 960 expresse
1100 915 1231 957 deroga-

476 985 560 1006 mus.

520 1025 610 1070 §48
644 1025 678 1057 Et
709 1025 855 1067 insuper,
887 1033 946 1066 pro
978 1022 1232 1066 praemissorum

477 1080 625 1113 omnium
655 1077 918 1115 conservatione,
942 1075 1122 1119 praefatum
1144 1075 1233 1107 audi-

477 1140 580 1167 torem
601 1132 753 1165 Gamerae
774 1131 806 1163 in
828 1135 1087 1163 conservatorem
1109 1135 1137 1161 et
1159 1139 1232 1160 exe-

478 1192 625 1221 cutorem
644 1185 820 1229 praesentis
841 1190 968 1216 nostrae
985 1182 1183 1222 intentionis,
1197 1192 1233 1214 ac

478 1240 625 1274 omnium
647 1244 675 1272 et
702 1238 906 1281 singulorum
937 1237 969 1269 in
999 1248 1034 1268 ea
1065 1240 1233 1268 contento-

478 1304 551 1326 rum
573 1291 756 1336 specialiter
776 1296 806 1324 et
826 1300 974 1333 expresse
995 1289 1143 1328 facimus,
1160 1299 1236 1321 con-

479 1347 642 1379 stituimus
675 1351 703 1378 et
738 1345 942 1388 deputamus.
975 1343 1123 1376 Volentes
1148 1343 1235 1386 quod

479 1399 699 1444 praesentium
726 1398 954 1441 transumptis,
977 1397 1072 1430 etiam
1098 1397 1234 1439 impres-

480 1455 534 1493 sis,
558 1454 663 1496 sigillo
684 1458 712 1485 ct
734 1463 832 1485 manu
852 1452 991 1485 alicuius
1011 1451 1145 1494 praelati
1166 1461 1235 1482 mu—

479 1507 565 1547 nitis,
579 1507 650 1539 talis
667 1512 697 1539 et
717 1511 803 1539 tanta
819 1506 898 1538 fides
914 1505 1116 1543 adhibeatur,
1132 1504 1237 1546 qualis

479 1568 509 1596 et
520 1567 641 1605 quanta
658 1559 883 1605 praesentibus
899 1559 1107 1592 adhiberetur
1123 1557 1147 1591 si
1164 1558 1236 1591 illae

479 1616 511 1648 in
528 1615 635 1648 medio
656 1614 858 1657 originaliter
878 1613 1110 1645 exhiberentur
1124 1612 1172 1645 vel
1189 1622 1237 1645 os—

480 1668 702 1702 tenderentur.
717 1668 777 1699 Aut
795 1667 818 1699 si
832 1666 1006 1710 aliquibus,
1020 1666 1238 1698 communiter

478 1722 527 1754 rel
548 1720 892 1764 dirisim,apraedicta
914 1721 950 1752 sit
973 1719 1054 1752 Sede
1076 1719 1237 1751 indultum

478 1776 565 1819 quod
587 1775 750 1815 interdici,
773 1774 926 1817 suspendi
948 1774 995 1806 vel
1016 1773 1238 1806 excommuni-

482 1831 547 1863 cari
575 1841 638 1862 non
665 1830 785 1873 possint
818 1840 875 1871 per
904 1828 1014 1860 literas
1047 1827 1240 1870 apostolicas

484 1895 548 1917 non
568 1883 723 1916 facientes
742 1883 873 1926 plenam
894 1887 921 1914 et
945 1892 1129 1925 expressam
1146 1892 1183 1913 ac
1201 1881 1239 1913 de

483 1937 580 1970 verbo
614 1937 652 1969 ad
682 1935 815 1968 verbum
838 1935 876 1967 de
897 1934 1022 1967 indulto
1053 1934 1239 1966 huiusmodi

484 1990 704 2029 mentionem,
736 1994 764 2021 et
800 1988 996 2031 quibuslibet
1032 1988 1104 2020 aliis
1137 1988 1240 2020 dictae

484 2044 574 2078 Sedis
590 2043 736 2083 indultis,
751 2042 958 2085 generalibus
970 2042 1017 2074 vel
1029 2042 1239 2085 specialibus,

483 2107 771 2142 ‹piorumcumque
805 2101 957 2128 tenorum
992 2095 1147 2134 existant,
1185 2106 1242 2137 per

483 2162 578 2195 quae.
602 2150 826 2195 praesentibus
847 2160 912 2182 non
928 2159 1076 2193 expressa
1092 2150 1138 2182 vel
1160 2154 1241 2181 tota-

484 2205 556 2238 liter
575 2215 639 2237 non
656 2204 787 2244 inserta,
806 2203 941 2236 effectus
956 2213 1068 2235 earum
1091 2202 1241 2245 impediri

482 2259 583 2291 valeat
612 2257 858 2301 quomodolibet
891 2257 938 2296 vel
972 2256 1117 2296 differri,
1145 2261 1173 2288 et
1205 2256 1243 2288 de

483 2312 603 2355 quibus
642 2321 929 2354 quorumcumque
964 2310 1038 2342 totis
1075 2309 1243 2342 tenoribus

484 2365 631 2398 habenda
651 2365 689 2398 sit
707 2365 738 2397 in
760 2364 880 2397 eisdem
906 2363 1008 2396 literis
1029 2363 1149 2395 mentio
1171 2373 1243 2405 spe-

484 2419 586 2452 cialis.
614 2419 676 2451 Nos
697 2418 784 2451 enim
812 2428 848 2450 ex
868 2427 956 2450 nunc
978 2417 1107 2449 irritum
1130 2416 1242 2449 decer-

485 2468 594 2500 nimus
614 2472 645 2499 et
665 2467 770 2507 inane,
792 2467 816 2499 si
830 2477 923 2499 secus
940 2477 1038 2510 super
1059 2466 1108 2497 liis
1128 2476 1145 2498 a
1161 2476 1243 2509 quo-

485 2527 604 2559 quam,
640 2515 751 2558 quavis
783 2515 986 2553 auctoritate,
1023 2514 1163 2547 scienter
1196 2516 1242 2547 vel

485 2565 684 2608 ignoranter,
698 2564 866 2606 contigerit
884 2565 1043 2597 attentari.
1063 2564 1149 2596 Nulli
1168 2574 1243 2603 ergo

487 2619 544 2648 etc.

1070 274 1249 299 nstitutum
1275 272 1425 296 ROMANL‘M

2037 264 2089 290 An.
2101 263 2131 290 C.
2158 262 2233 291 utem

1269 334 1353 357 anno
1374 322 1607 356 incarnationis
1640 320 1822 354 dominicae
1851 319 2023 353 millesimo

1268 376 1529 421 quingentesimo
1550 374 1746 417 sexagesimo
1768 378 1893 417 quarte,
1918 372 2023 417 pridie

1269 440 1371 463 nonas
1391 429 1545 467 octobris,
1561 426 1768 471 pontificatus
1778 425 1880 459 nostri
1892 436 1977 460 anno
1992 435 2021 458 v.

1270 562 1422 605 Sequitur
1453 560 1593 602 facultas
1628 558 1827 590 thesaurarii
1848 557 1960 599 Papae
1980 556 2026 588 Io-

1316 614 1414 646 candi
1434 617 1462 645 et
1483 611 1676 655 disponendi
1700 611 1736 643 de
1773 611 1868 643 dictis
1902 609 2027 642 cancel-

1317 667 1423 699 tarsis.

1392 747 1454 774 Pius
1471 747 1541 782 Papa
1559 745 1602 778 lV,
1622 746 1698 774 motu
1715 745 1836 781 proprio,
1852 746 1907 773 etc.

1317 819 1477 851 Continua
1511 823 1651 851 mentem
1689 821 1831 850 nostram
1857 815 2029 849 solicitudo

1272 883 1385 905 vexare
1406 883 1469 904 non
1491 877 1594 904 cessat
1618 876 1650 904 ut
1672 871 1758 903 circa
1787 881 1824 903 ea
1852 880 1947 913 quae,
1970 880 2029 912 pro

1274 931 1460 958 nestrorum
1486 930 1513 957 et
1541 924 1631 957 Sedis
1649 923 1858 966 *Apostolicae
1883 923 2029 956 subdito-

1275 990 1347 1012 rum
1370 979 1523 1018 utilitate,
1546 979 1743 1020 illorumque
1773 987 1900 1010 necnon
1921 976 2030 1009 civita-

1274 1040 1355 1071 tum,
1380 1038 1540 1065 terrarum
1562 1038 1592 1064 et
1612 1032 1760 1064 locorum
1794 1031 1894 1063 nostri
1924 1030 2031 1063 Status

1275 1085 1491 1119 Ecclesiastici
1539 1095 1692 1128 prospera
1725 1083 1912 1127 salubrique
1944 1083 2030 1116 dire-

1276 1139 1402 1176 ctione,
1430 1150 1447 1171 a
1473 1139 1566 1172 nobis
1590 1143 1803 1178 emanarunt,
1826 1138 1869 1170 ita
1901 1137 2032 1182 provide

1276 1193 1480 1225 attendamus
1498 1193 1595 1235 quod,
1628 1204 1685 1236 per
1714 1191 1958 1235 ampliationem
1985 1191 2031 1223 fa-

1277 1246 1434 1278 cultatum
1466 1257 1679 1289 personarum
1700 1246 1840 1288 desuper
1864 1244 2032 1288 deputata—

1278 1310 1349 1331 runi
1371 1310 1407 1332 ac
1429 1299 1499 1331 aliis
1518 1299 1575 1331 viis
1595 1298 1800 1342 opportunis,
1823 1297 1955 1330 illorum
1976 1296 2033 1330 de-

1277 1352 1342 1384 bita
1367 1352 1513 1385 executio
1548 1362 1643 1384 suum
1669 1350 1795 1384 Felicem
1827 1350 2033 1394 celeremque

1279 1411 1498 1449 consequatur
1518 1405 1682 1438 effectum.

1322 1460 1336 1500 ξ
1363 1459 1389 1491 l.
1412 1459 1492 1492 Cum
1515 1458 1623 1502 itaque
1643 1469 1701 1491 nos
1722 1468 1827 1501 nuper
1847 1462 1904 1491 etc.
1927 1458 1956 1491 1.
2049 1469 2095 1490 Ana
2109 1468 2237 1489 Pacensi:

1323 1514 1337 1553 ξ
1357 1512 1387 1544 2).
1412 1512 1464 1551 Et,
1489 1512 1566 1545 sieut
1585 1513 1784 1556 accepimus,
1801 1511 1886 1545 idem
1905 1511 2036 1544 thesau-
2062 1522 2087 1543 Et
2112 1522 2172 1542 modo
2197 1521 2232 1542 αιι

1279 1566 1385 1598 rarius
1417 1567 1455 1599 ad
1486 1566 1702 1599 venditionem
1736 1570 1766 1598 et
1793 1565 2035 1598 concessionem
2049 1552 2234 1605 {ssfflffssffssmdfciss

1280 1620 1484 1661 singulorum
1506 1620 1689 1653 officiorum
1710 1619 1917 1659 huiusmodi,
1939 1619 2036 1653 certis
2050 1612 2190 1667 {}2{{¹¹³¹⁵³⁵
2207 1613 2237 1635 ¹⁰·

1280 1673 1583 1715 supervenientibus
1627 1673 1777 1716 legitimis
1820 1672 1925 1705 causis
1943 1699 1950 1712 ‚
1993 1672 2037 1705 ita

1281 1733 1429 1770 prompte
1449 1753 1455 1766 ,
1491 1726 1571 1759 citra
1609 1736 1702 1768 grave
1741 1726 1845 1758 dictae
1882 1725 2036 1759 Gamerae

1282 1780 1435 1812 daumum
1457 1785 1484 1811 et
1507 1779 1759 1823 praeiudicium,
1783 1779 1958 1822 procedere
1984 1789 2038 1813 ne-

1282 1839 1391 1877 queat:
1414 1834 1537 1866 idcirco
1559 1844 1628 1872 nos,
1652 1833 1797 1866 eiusdem
1814 1833 1967 1866 Gamerae
1988 1833 2037 1865 in-

1283 1886 1469 1928 demnitati,
1492 1891 1651 1930 quantum
1673 1886 1705 1917 in
1724 1885 1817 1918 nobis
1837 1892 1898 1927 est,
1920 1835 2052 1926 consu-E

1282 1941 1372 1981 lere,
1396 1946 1426 1973 et
1455 1941 1479 1973 si
1510 1951 1574 1973 non
1600 1940 1809 1979 venditionis,
1836 1940 1948 1973 saltem
1977 1928 2052 1973 alia³

1284 2004 1348 2026 non
1371 1995 1478 2027 nunus
1499 1994 1557 2038 ipsi
1579 1993 1731 2027 Gamerae
1752 1994 1923 2026 commoda
1943 1999 2040 2038 atque

1284 2047 1354 2079 utili
1388 2047 1453 2087 ria,
1476 2048 1515 2080 de
1549 2047 1626 2090 ipsis
1650 2047 1764 2079 officiis
1789 2047 1981 2090 disponere,
2003 2058 2040 2080 ac

1284 2100 1357 2140 alia,
1373 2111 1455 2143 quae
1477 2111 1534 2143 per
1545 2111 1603 2132 nos
1620 2100 1651 2132 in
1668 2100 1762 2133 dictis
1781 2100 1882 2145 literis
1900 2099 2041 2144 desuper

1285 2158 1400 2186 statuta
1425 2159 1500 2186 sunt
1528 2159 1559 2186 et
1592 2154 1759 2193 ordinata,
1782 2153 1963 2186 executioni
1983 2154 2039 2187 de-

1284 2206 1368 2239 bitae
1398 2207 1594 2239 demandare
1625 2206 1780 2246 volentes;
1807 2205 2040 2251 literarumque

1285 2260 1524 2303 praedictarum
1550 2260 1690 2293 veriores
1715 2265 1859 2300 tenores,
1882 2271 1918 2293 ac
1953 2260 1977 2293 si
2002 2261 2041 2294 de

1285 2313 1382 2346 verbo
1407 2314 1445 2346 ad
1476 2314 1610 2347 verbum
1632 2314 1863 2353 insererentur,
1887 2324 2040 2357 praesen-

1285 2367 1371 2400 tibus
1409 2378 1468 2411 pro
1506 2367 1664 2411 expressis
1700 2367 1870 2407 habentes,
1898 2368 2041 2410 praefato

1285 2421 1409 2454 Donato
1429 2421 1586 2453 Matthaeo
1612 2421 1731 2459 Minali,
1746 2420 1913 2459 moderno,
1935 2425 1965 2453 et
1980 2431 2040 2464 pro

1286 2475 1432 2513 tempore
1457 2469 1603 2502 existenti
1629 2469 1830 2502 thesaurario
1854 2474 1965 2502 nostro
1986 2480 2041 2512 ge-

1288 2519 1388 2551 nerali
1411 2518 1610 2557 lmiusmodi,
1633 2523 1668 2551 ut
1683 2519 1766 2550 ultra
1783 2528 1847 2557 eas,
1869 2519 2041 2560 quas,lite-

1288 2578 1398 2600 rarum
1420 2568 1608 2600 earumdem
1628 2567 1755 2609 vigore,
1779 2572 1842 2599 tam
1864 2567 1949 2600 circa
1970 2567 2041 2600 offi-

2070 831 2189 852 Exordium.

1325 2632 1332 2656 ¹
1354 2630 1493 2656 Omittitur
1506 2629 1641 2656 residuum
1653 2630 1814 2661 narrativae,
1827 2630 1886 2664 quia
1899 2629 1954 2665 ipsa
1971 2629 2041 2656 hutta

530 2664 646 2698 Datum
668 2663 787 2697 Romae
807 2663 894 2708 apud
915 2662 1070 2697 Sanctum
1090 2662 1242 2704 Petrum,
1260 2669 1270 2718 1
1287 2673 1327 2697 est
1343 2677 1411 2705 quae
1427 2669 1571 2705 praecedit,
