2237 3100
3 286 51 315 Διι.
69 283 101 313 C.
119 283 187 311 ¹563

875 279 944 303 PIUS
963 279 994 303 lv
1012 276 1060 301 Pr.

200 335 300 377 tione,
321 333 567 380 approbatione,
603 333 792 374 adiectione,
826 334 955 377 supple-

1639 263 1702 298 6267
1763 276 1812 303 An.
1829 276 1865 306 c..
1880 275 1945 303 ¹564

1293 327 1451 362 LXXXIX.

201 389 298 430 tione,
327 389 554 429 concessione,
577 389 718 428 decreto,
739 387 955 421 (ῘθῦῙὲὶΓίὶῑῘΟΠθ
999 397 1186 431 Iurisdictio
1211 396 1376 430 consulum
1396 396 1477 429 artis
1506 395 1748 427 merciariormn

202 449 234 478 et
251 443 459 488 derogatione
493 454 530 476 ac
558 442 628 476 aliis
648 442 843 486 praemissis,
873 452 955 484 quae

201 497 255 531 hic
283 508 342 541 pro
376 497 572 531 sufficienter
596 497 635 530 ad
655 501 779 540 partem
813 495 956 539 repetitis

200 551 394 592 habeantur,
416 556 575 596 perpetuo
593 552 626 584 in
645 551 748 584 forma
764 549 901 593 gratiosa
913 550 958 582 la-

202 605 322 639 tissime
334 605 554 646 extendendis,
571 616 608 638 ex
625 610 711 638 certa
731 609 840 637 nostra
851 602 956 637 scien-

201 658 256 700 tia,
283 665 315 693 et
333 659 373 692 ad
401 665 593 704 perpetuam
625 658 672 692 rei
694 658 897 692 memoriam.
919 657 957 690 Et

202 724 276 747 cum
297 713 504 758 deputatione
535 720 744 747 executorum
765 718 957 757 opportuna,

201 767 256 813 qui
277 768 425 802 assistant
442 795 449 809 ,
472 779 546 802 cum
567 774 723 813 potestate
744 767 863 801 citandi
883 771 956 806 etc„

202 822 297 856 etiam
319 833 376 866 per
391 822 532 856 edictum
553 827 625 862 etc„
648 822 743 855 etiam
764 822 866 855 dictos
881 831 958 853 con-

202 882 379 910 servatores
396 881 451 910 etc.
475 876 640 909 inhibendi
662 881 734 917 etc„
757 876 850 909 etiam
863 874 959 908 simili

202 929 306 964 edicto
327 931 529 974 aggravandi,
556 930 798 974 reaggravandi.
826 929 959 963 interdi-

203 983 296 1018 cendi
315 988 373 1017 etc.
386 1012 393 1025 ‚
425 984 571 1017 invocato
591 989 648 1017 etc.
666 980 789 1016 brachii
820 984 961 1016 saecula-

203 1037 247 1070 ris
257 1041 331 1078 etc„
350 1048 424 1071 cum
445 1037 652 1080 derogatione
673 1036 912 1070 constitutionis
922 1037 960 1069 de

203 1100 269 1123 una
288 1095 319 1124 et
339 1090 477 1131 duabus,
500 1101 565 1124 non
587 1096 694 1123 tamen
714 1090 819 1123 tribus
844 1089 958 1129 diaetis,

203 1154 240 1177 ac
259 1154 545 1188 quorumcumque
565 1149 758 1177 statutorum
775 1148 848 1184 etc„
863 1143 960 1187 privi-

203 1197 364 1240 legiorum
383 1225 390 1238 ,
417 1197 617 1230 indultorum
639 1202 670 1230 et
689 1197 856 1230 literarum
887 1208 963 1241 apo-

204 1251 392 1284 stolicarum
409 1250 586 1295 quibusvis,
604 1250 700 1283 etiam
721 1250 752 1283 S.
775 1251 813 1283 R.
835 1250 870 1283 E.
891 1262 961 1284 car—

204 1303 377 1344 dinalibus,
413 1314 541 1337 necnon
570 1303 662 1336 dictis
682 1304 963 1337 conservatoribus

204 1363 235 1391 et
254 1357 325 1391 aliis
344 1357 605 1402 quibuscumque
619 1384 626 1398 ,
650 1358 709 1390 sub
735 1357 900 1401 quibusvis
919 1363 964 1391 te-

204 1411 341 1445 noribus
360 1416 391 1445 et
410 1411 534 1451 formis,
552 1422 589 1444 ac
606 1421 680 1444 cum
701 1410 866 1455 quibusvis
877 1412 963 1444 clau-

205 1465 284 1499 sulis
308 1470 339 1498 et
358 1465 495 1499 decretis
516 1465 547 1497 in
567 1464 765 1498 contrarium
786 1465 964 1509 quomodo-

205 1519 295 1561 libet,
318 1520 414 1552 etiam
436 1519 563 1563 aequali
596 1525 687 1552 motu
707 1524 780 1559 etc„
803 1519 965 1553 concessis

206 1578 237 1607 et
260 1573 496 1614 concedendis,
519 1584 660 1617 quorum
691 1573 837 1606 oninium
871 1579 963 1607 teno-

206 1638 257 1661 res
276 1632 333 1661 εἰς.
357 1627 510 1661 latissime
532 1628 667 1671 exprimi
687 1627 823 1671 possint,
846 1627 885 1660 ad
918 1629 964 1661 ef-

207 1682 325 1716 fectum
361 1681 550 1715 sufficientis
569 1682 787 1725 derogationis
821 1693 962 1722 eorum,

206 1736 248 1769 ita
267 1736 355 1780 quod
375 1746 440 1769 non
461 1736 587 1769 obstent
598 1740 671 1776 etc„
684 1735 837 1769 latissime
859 1742 965 1769 exten—

207 1789 333 1823 dendis.
360 1789 397 1822 Et
418 1790 506 1833 quod
530 1790 784 1834 praemissorum
819 1790 964 1823 omnium

209 1848 240 1876 et
273 1843 478 1886 singulorum
512 1843 717 1886 aliorumque
758 1843 843 1876 circa
877 1854 966 1887 prae-

209 1896 306 1930 missa
325 1897 583 1930 necessariorum
611 1897 715 1930 maior
729 1902 760 1930 et
779 1897 886 1930 verior
897 1908 966 1940 spe-

210 1950 348 1984 cificatio
378 1956 408 1984 et
423 1951 586 1995 expressio
601 1950 670 1984 fieri
682 1951 792 1995 possit,
814 1951 846 1983 in
866 1950 966 1983 literis

209 2015 268 2049 per
284 2005 380 2038 breve
414 2010 561 2037 nostrum
583 2015 640 2038 seu
675 2004 818 2037 osticium
840 2010 967 2037 contra-

209 2057 368 2090 dictarum
389 2057 422 2090 in
451 2058 554 2090 forma
574 2057 724 2099 gratiosa,
747 2057 772 2089 si
791 2057 966 2097 videbitur,

210 2110 428 2155 expediendis3
455 2121 511 2144 seu
531 2111 618 2154 quod
651 2110 828 2155 praesentis
862 2116 967 2144 motus

211 2164 336 2209 proprii
356 2165 424 2197 sola
444 2164 610 2207 signatura
630 2165 767 2198 sufficiat
787 2170 817 2197 et
846 2165 966 2208 ubique

210 2218 307 2252 fidem
329 2219 434 2259 faciat,
457 2218 488 2251 in
514 2218 633 2251 iudicio
654 2224 684 2252 et
708 2224 795 2251 extra
812 2246 819 2259 ,
856 2219 967 2261 regula

212 2272 374 2306 contraria
394 2282 459 2305 non
479 2272 636 2305 obstante.

254 2326 369 2360 Datum
390 2326 510 2359 Romae
527 2326 612 2370 apud
633 2326 663 2360 S.
686 2326 830 2367 Petrum,
852 2331 967 2369 quarto

214 2379 286 2414 idus
306 2380 502 2422 novembris,
525 2391 610 2413 anno
630 2386 757 2423 quarto.

230 2434 290 2464 Dat.
304 2435 399 2465 dieto
411 2434 581 2465 novembris
601 2435 688 2470 1563,
707 2434 809 2474 pontif.
825 2444 900 2464 anno
914 2443 951 2465 tv.

537 2576 705 2583 ...—

1255 451 1360 484 almae
1386 449 1491 483 Urbis.

1118 533 1181 562 Pius
1194 534 1263 568 Papa
1279 532 1323 565 tv,
1337 532 1415 560 motu
1430 531 1553 567 proprio,
1568 531 1621 559 eto.

1044 605 1122 638 Cum
1144 605 1295 649 pastorali
1316 609 1426 637 nostro
1446 602 1612 637 incumbat
1631 600 1748 641 officio,
1792 610 1909 632 Exordium.

1000 659 1086 691 iuxta
1107 658 1180 691 facti
1210 658 1400 702 exigentiam
1429 663 1459 691 et
1488 663 1672 701 temporum
1701 666 1752 689 va-

1001 711 1141 751 rietates,
1164 723 1387 756 quoscumque
1408 712 1446 744 ad
1468 722 1541 744 suas
1560 709 1754 744 iurisdictio-

1001 776 1057 799 nes
1076 771 1262 811 temporum
1283 766 1463 800 calamitate
1484 766 1642 809 collapsas
1661 764 1753 798 resti-

1001 825 1091 853 tuere
1113 826 1140 853 et
1164 820 1372 864 reintegrare.

1046 873 1060 917 ξ
1079 874 1112 907 ’1.
1134 874 1209 915 Nos,
1228 875 1427 907 attendentes
1442 874 1575 907 dilectos
1591 874 1675 907 filios
1690 873 1756 907 col·
1770 877 1954 929 chpwfyfwes

1002 927 1121 969 legium
1143 933 1173 961 et
1197 928 1436 961 universitatem
1459 927 1705 960 merciariorum
1726 932 1756 960 et
1770 915 1833 975 ruia¹5
1847 914 1956 960 υῗιῖἷπῃξῑῖ

1002 980 1064 1014 illis
1089 981 1334 1015 adhaerentium
1356 981 1453 1014 huius
1473 981 1576 1014 almae
1601 981 1696 1014 Urbis
1726 986 1754 1013 et
1770 975 1814 1023 ffl,
1829 972 1955 1022 mssfflfhss‘,

1003 1034 1117 1067 Curiae
1145 1040 1273 1068 nostrae
1307 1046 1373 1070 non
1396 1034 1542 1068 modicae
1572 1034 1699 1067 utilitati
1726 1039 1755 1067 et
1770 1032 1955 1085 ἱῇῐῖὺξ“ξὲζξέζῖζέ

1003 1088 1240 1130 commoditati,
1283 1089 1383 1122 immo
1425 1087 1521 1121 etiam
1554 1087 1754 1127 necessitati,
1772 1098 1803 1116 ius
1820 1097 1917 1116 dicerent
1931 1096 1957 1115 de

1004 1142 1080 1174 dum
1120 1142 1207 1175 varia
1236 1142 1424 1186 praesertim
1454 1141 1666 1175 mercimonia
1695 1128 1958 1180 hu-{fbhuuffad’paeriiasss

1004 1205 1100 1228 mano
1121 1195 1194 1229 usui
1228 1196 1376 1240 apprime
1406 1195 1599 1235 necessaria,
1629 1194 1757 1237 longin-

1004 1249 1076 1293 quis
1097 1260 1133 1282 ex
1154 1249 1311 1293 partibus,
1335 1249 1482 1283 maximis
1501 1259 1615 1283 eorum
1636 1241 1761 1282 nedum

1005 1303 1200 1347 sumptibus,
1218 1314 1330 1336 verum
1351 1303 1446 1336 etiam
1468 1314 1562 1348 saepe
1583 1302 1758 1347 dispendiis

1006 1367 1042 1390 ac
1062 1356 1228 1390 laboribus
1249 1363 1277 1390 et
1298 1357 1465 1401 periculis,
1483 1357 1626 1401 quotidie
1647 1356 1686 1390 ad
1701 1356 1759 1390 Ur-

1005 1411 1079 1443 bem
1101 1416 1132 1444 et
1151 1411 1280 1444 Curiam
1302 1411 1472 1455 praefatas,
1495 1410 1633 1444 maxima
1663 1410 1758 1443 etiam

1007 1475 1081 1497 cum
1102 1464 1305 1507 vectigalium
1327 1470 1355 1497 et
1381 1465 1601 1508 portoriorum
1631 1468 1760 1497 sanctae

1006 1517 1167 1551 Ecclesiae
1188 1518 1295 1551 fructu
1316 1523 1346 1551 et
1366 1518 1520 1558 utilitate,
1549 1523 1635 1551 terra
1660 1516 1759 1550 mari-

1007 1582 1069 1614 que
1090 1571 1209 1604 velmnt
1229 1576 1259 1604 et
1274 1571 1345 1605 vehi
1362 1577 1550 1616 procurant,
1574 1571 1756 1605 consulere.

1006 1625 1042 1658 Et
1064 1631 1235 1669 propterea
1255 1625 1387 1658 dilectos
1407 1625 1490 1658 filios
1520 1631 1760 1659 conservatores

1007 1679 1110 1712 almae
1132 1679 1243 1719 Urbis,
1275 1679 1516 1712 considerantes
1540 1679 1669 1712 eosdem
1697 1679 1762 1712 col—

1007 1733 1126 1775 legium
1156 1739 1184 1766 et
1207 1733 1464 1773 universitatem,
1495 1732 1646 1776 illiusque
1665 1732 1762 1776 parti—

1009 1787 1134 1819 culares
1154 1786 1313 1823 homines,
1335 1798 1393 1831 pro
1418 1797 1531 1819 eorum
1553 1787 1683 1820 creditis
1699 1787 1762 1820 exi-

1008 1840 1130 1883 gendis,
1154 1851 1263 1874 coram
1285 1841 1416 1873 diversis
1436 1840 1530 1874 Urbis
1546 1840 1762 1873 tribunalibus

1009 1899 1038 1927 et
1059 1894 1231 1934 iudicibus,
1263 1894 1409 1926 maximis
1438 1905 1512 1927 cum
1541 1894 1707 1927 laboribus
1733 1900 1763 1928 et

1008 1948 1184 1991 dispendiis
1204 1948 1381 1991 defatigari,
1400 1953 1430 1980 et
1447 1958 1482 1981 ea
1501 1948 1539 1980 de
1552 1958 1657 1988 causa,
1678 1948 1762 1981 bona

1008 2007 1037 2034 et
1068 2001 1279 2035 mercimonia
1308 2001 1495 2034 huiusmodi
1525 2001 1595 2034 fieri
1616 2002 1760 2043 cariora,

1009 2055 1129 2088 eisdem
1150 2055 1285 2098 collegio
1306 2061 1336 2088 et
1357 2054 1567 2095 universitati,
1590 2061 1624 2088 ut
1644 2066 1761 2089 consu-

1009 2109 1109 2141 latum
1131 2114 1161 2142 et
1184 2109 1349 2154 peculiare
1379 2108 1534 2149 tribunal,
1566 2108 1605 2141 ad
1625 2109 1761 2142 aliarum

1009 2162 1127 2195 artium
1148 2168 1178 2195 et
1199 2162 1388 2206 praesertim
1410 2167 1627 2195 mercatorum
1650 2163 1760 2204 instar,

1010 2222 1236 2250 construerent
1256 2222 1284 2249 et
1308 2216 1478 2259 erigerent,
1510 2216 1708 2250 commisisse
1733 2222 1764 2250 ct

1010 2270 1190 2311 mandasse,
1214 2270 1333 2303 eisdem
1355 2270 1459 2303 solum
1482 2275 1512 2302 et
1532 2270 1640 2303 locum
1662 2270 1701 2303 ad
1717 2270 1764 2303 di-

1010 2329 1096 2356 ctum
1118 2324 1260 2357 tribunal
1281 2330 1311 2357 et
1338 2324 1542 2357 consulatum
1570 2329 1762 2358 construen-

1010 2377 1098 2418 dum,
1119 2378 1263 2422 inibique
1284 2378 1323 2411 de
1344 2378 1441 2410 rebus
1466 2378 1504 2410 ad
1526 2388 1638 2410 eorum
1660 2384 1761 2412 artem

1010 2432 1229 2475 spectantibus
1258 2437 1287 2465 et
1326 2432 1562 2475 pertinentibus
1600 2432 1763 2465 iusdicen-

1010 2482 1101 2522 dum,
1132 2492 1310 2525 causasque
1336 2482 1384 2515 sui
1405 2482 1465 2514 sori
1486 2482 1761 2524 cognoscendum,

1010 2536 1109 2574 prout
1123 2531 1201 2564 alias
1217 2537 1462 2572 consueverant,
1486 2531 1674 2574 assignasse.

1055 2580 1070 2621 ξ
1090 2579 1121 2612 Ξ.
1140 2581 1184 2613 Ac
1199 2580 1300 2613 felicis
1315 2580 1548 2614 recordationis
1563 2580 1764 2614 Bonifacium
1791 2587 1881 2608 Senam
1900 2585 1961 2608 Urbis

1011 2628 1129 2673 Papam
1142 2640 1278 2670 nonum,
1289 2630 1573 2674 praedecessorem
1595 2635 1741 2663 nostrum
1755 2656 1762 2670 ,
1779 2623 1834 2670 ffiss'fff'
1837 2624 1873 2670 ⁰1¹}
1893 2618 1962 2671 ἓξὲξ

1013 2688 1069 2710 seu
1090 2677 1129 2711 de
1153 2677 1240 2712 illius
1267 2679 1419 2713 mandato
1447 2679 1611 2723 quondam
1643 2678 1763 2712 Zacha-
1779 2687 1912 2707 universitati
1930 2685 1963 2707 1⁴-
