2237 3100
189 191 239 217 An.
258 191 288 218 C.
306 192 372 219 ¹565

234 2497 379 2525 Hospitalique

195 2534 292 2559 Capuann
326 2535 381 2550 conr

196 2566 295 2588 manicam

386 244 549 289 ptionem,
584 244 829 285 subiectionem,
865 244 1134 289 prohibitionem,

387 299 617 339 extensionem,
640 298 893 342 ampliationem,
925 298 1086 330 indultum
1107 302 1137 329 et

386 352 671 397 dispensationem,
690 352 833 395 regulam
850 356 879 384 et
899 351 1134 384 ordinationem

386 406 706 450 praenominatorum
725 410 753 437 et
766 404 902 437 aliorum
915 404 1135 437 Romanorum

385 458 577 492 Pontificum
606 458 892 502 praedecessorum
927 457 1134 497 huiusmodi,

386 523 512 546 necnon
537 512 645 544 onmia
666 517 693 544 et
722 510 847 553 singula
869 510 1044 554 privilegia,
1076 511 1136 544 im-

386 566 570 602 munitates,
593 564 816 604 antelationes,
844 564 1075 607 exemptiones,
1098 565 1136 597 li-
1156 559 1158 566 ’

385 619 534 658 bertates,
558 618 804 662 praerogativas,
827 617 1053 661 indulgentias,
1088 619 1135 651 iu-

385 673 472 705 dulta
493 671 670 715 spiritualia
691 677 719 704 et
741 672 942 715 temporalia,
966 671 1087 705 favores
1108 680 1135 706 et
1156 662 1158 705 i

384 725 512 769 gratias,
535 725 630 758 etiam
667 736 723 769 per
751 725 883 758 modum
918 726 1138 759 communica-

385 779 480 812 tionis
501 784 531 811 et
551 779 745 812 extensionis
774 779 893 813 eisdem
923 779 1073 824 hospitali
1108 786 1134 813 ct

385 832 516 865 militiae
537 843 572 865 ac
593 832 659 865 suis
688 844 805 876 magno
826 833 990 876 magistro,
1029 833 1135 865 militi-

384 887 456 926 bus,
481 885 627 930 personis
647 893 674 919 et
698 887 862 927 membris,
885 898 943 930 per
978 887 1137 919 llonianos

385 940 556 973 Pontifices
576 946 606 973 et>
627 940 739 973 Sedem
763 940 963 977 huiusmodi,
986 940 1044 972 sul·
1065 941 1136 983 qui-

384 995 587 1036 buscumque
609 994 775 1027 tenoribus
796 1000 822 1027 et
846 994 970 1034 formis,
1001 1006 1035 1026 ac
1063 1006 1135 1027 cum

384 1047 550 1090 quibusvis
567 1047 722 1081 clausulis
743 1054 771 1081 et
802 1047 939 1081 decretis
968 1048 1135 1084 hactenus,

386 1102 417 1134 in
437 1111 554 1144 genere
576 1102 622 1134 vel
644 1100 676 1134 in
697 1102 816 1145 specio,
835 1112 996 1136 concessa,
1017 1112 1137 1145 appro-

385 1155 458 1187 bata
478 1160 508 1187 et
542 1154 710 1196 innox‘ataj,
746 1166 872 1187 necnon
894 1166 967 1188 cum
987 1155 1138 1189 omnibus

385 1214 413 1242 et
435 1207 570 1251 singulis
591 1208 623 1241 in
648 1209 694 1241 eis
715 1208 872 1242 contentis
889 1209 1055 1244 clausulis,
1078 1209 1138 1242 sin·
1158 1203 1159 1206 ¹

385 1262 476 1305 gulas
515 1262 704 1295 eorumdem
738 1263 1037 1306 praedecessorum,
1075 1269 1136 1295 tam

386 1315 445 1348 sub
467 1315 600 1358 plumbo
635 1327 732 1359 quam
754 1317 787 1348 iu
808 1317 911 1349 forma
926 1316 1030 1349 brevis
1045 1327 1138 1360 expc-

386 1370 476 1409 ditas,
498 1368 607 1402 literas
619 1380 653 1402 ac
675 1369 906 1407 ordinationes,
929 1375 1056 1409 statuta,
1079 1376 1139 1403 sta-

386 1423 567 1462 bilimenta,
589 1434 679 1463 usus,
703 1423 954 1457 consuetudines
988 1430 1015 1455 et
1044 1430 1138 1456 natu-

387 1488 439 1510 ras
469 1476 502 1509 in
523 1476 643 1509 eisdem
677 1477 841 1521 hospitali,
863 1477 976 1509 militia
998 1483 1025 1510 et
1053 1478 1138 1511 Reli-

386 1532 481 1576 gione
501 1530 585 1563 edita
605 1536 635 1563 et
656 1531 850 1590 introducta,
873 1537 902 1564 et
918 1542 1139 1575 quascumque

388 1584 580 1630 apostolicas
625 1585 767 1629 aliasque
806 1586 946 1629 desuper
980 1586 1141 1618 consec-tas

388 1641 507 1679 literas,
537 1638 599 1671 sub
620 1639 881 1683 quibuscumque
913 1639 1078 1672 tenoribus
1111 1646 1139 1672 et

389 1693 512 1733 formis,
535 1693 631 1726 etiam
652 1699 742 1726 motu
764 1699 791 1725 et
815 1693 947 1726 scientia
982 1693 1141 1726 similibus
1162 1684 1163 1699 ³

389 1759 426 1781 ac
447 1747 525 1780 alias
545 1747 787 1790 quomodolibet
806 1758 970 1787 concessa,
989 1759 1064 1780 cuni
1077 1759 1141 1780 om-
1162 1736 1163 1790 }

390 1802 485 1835 nibus
509 1807 537 1834 et
560 1801 695 1843 singulis
715 1801 851 1835 decretis
871 1807 901 1834 et
922 1801 991 1833 aliis
1011 1802 1141 1835 clausu-

389 1858 428 1889 lis
443 1856 475 1889 in
496 1855 542 1888 eis
562 1856 731 1895 contentis,
753 1855 878 1899 aliaque
899 1856 1008 1888 omnia
1030 1862 1057 1888 et
1076 1856 1141 1889 sin-

389 1911 463 1953 gula
498 1909 571 1942 inde
596 1915 706 1942 secuta
740 1920 965 1952 quaecumque
985 1937 991 1946 ,
1028 1921 1140 1943 eorum

390 1964 537 1997 omnium
558 1968 698 2004 tenores,
721 1974 756 1996 ac
778 1964 803 1996 si
824 1963 862 1995 de
888 1963 984 1995 verbo
1005 1964 1042 1995 ad
1072 1975 1142 1997 ver—

390 2019 480 2055 bum,
498 2017 579 2050 nihil
595 2018 724 2061 penitus
744 2017 875 2057 omisso,
899 2017 1007 2049 inserti
1025 2018 1140 2057 forent,

392 2071 615 2116 praesentibus
634 2082 694 2114 pro
715 2071 872 2115 expressis
893 2076 922 2103 et
940 2070 1066 2103 insertis
1085 2072 1142 2103 ha-

391 2125 503 2158 bentes
537 2126 547 2165 (
564 2131 723 2168 quatenus
756 2124 894 2158 decretis
928 2125 1057 2157 concilii
1077 2125 1143 2157 Tri-

392 2179 514 2212 dentini
530 2186 638 2212 tamen
659 2190 723 2212 non
744 2182 951 2222 repugnent),
969 2178 1144 2222 apostolica

394 2233 594 2269 auctoritate,
610 2239 722 2266 tenore
734 2233 966 2277 praesentium,
986 2239 1144 2276 perpetuo

393 2287 624 2331 approbamus,
649 2287 881 2320 confirmamus
906 2297 941 2318 ac
963 2285 1056 2318 ctiam
1079 2287 1144 2329 ple-

394 2340 482 2374 narie
503 2341 694 2374 innovamus
714 2348 745 2374 et.
765 2339 985 2379 concedimus,
1003 2339 1144 2373 aciuno-

394 2396 459 2423 vata
482 2397 509 2423 et
533 2402 685 2424 concessa
705 2401 773 2423 esse
792 2390 952 2422 volumus.

439 2439 516 2483 338.
534 2441 666 2473 Necnon
677 2440 732 2472 illa
742 2440 782 2472 ad
797 2439 955 2483 hospitale
966 2438 1145 2481 praefatum

395 2489 434 2522 ad
458 2500 610 2534 praesens
630 2490 661 2521 in
688 2489 840 2533 Capuana
860 2493 889 2521 et
909 2498 974 2520 non
996 2486 1146 2520 Hieroso-

396 2540 548 2583 lymitana
563 2538 687 2571 civitate
708 2538 895 2577 consistens,
914 2537 1066 2579 illiusque
1084 2547 1147 2568 ma-
1168 2574 1169 2578 Ἰ

396 2589 545 2632 gistrum,
566 2588 702 2632 priores,
728 2592 963 2632 praeceptores,
986 2587 1098 2619 fratres
1118 2590 1145 2618 et
1168 2599 1169 2618 1

1165 2629 1170 2642 l

980 192 1161 215 BL‘LLARIL’M
1185 191 1337 215 ROMANL'M

1178 254 1331 287 personas
1365 242 1526 285 praefatos
1559 241 1759 274 extendimus
1793 246 1824 274 et
1860 251 1929 273 am-

1155 316 1158 367 t
1178 296 1330 339 pliamusss,
1353 306 1454 338 eaque
1476 294 1585 328 omnia
1605 294 1707 327 valida
1726 300 1755 327 et
1788 294 1931 327 efficacia

1179 349 1315 381 existere
1332 354 1360 381 et
1392 354 1583 391 perpetuam
1599 347 1725 380 roboris
1744 348 1930 380 firmitatem

1178 401 1336 442 obtinere,
1359 412 1498 445 suosque
1527 401 1661 433 effectus
1693 401 1799 434 sortiri
1820 412 1857 434 ac
1890 401 1930 434 ab

1156 426 1158 496 l
1178 456 1342 495 omnibus,
1360 455 1471 499 quavis
1482 454 1635 498 dignitate
1647 460 1675 486 et
1688 454 1930 498 praeeminentia

1180 509 1386 552 fulgentibus,
1407 508 1501 541 etiam
1523 508 1582 540 sub
1602 507 1778 548 sententiis,
1813 519 1929 541 censu-

1156 598 1158 605 ,
1179 563 1222 595 ris
1242 568 1270 594 et
1293 562 1405 606 poenis
1433 562 1465 595 in
1499 561 1544 594 eis
1568 561 1748 602 contentis,
1771 567 1930 606 perpetuo

1156 607 1158 655 f
1179 615 1406 649 inviolabiliter
1426 616 1587 649 observari
1608 615 1824 648 decernimus.

1223 670 1236 711 ξ
1256 669 1309 703 39.
1330 671 1461 702 Necnon
1479 669 1650 713 hospitale,
1673 669 1807 712 eiusque
1826 681 1929 704 mem-

1178 724 1234 756 bra
1256 730 1284 756 et
1307 723 1499 767 pertinentia
1522 722 1668 755 universa
1687 723 1838 757 adversus
1858 736 1930 769 sup-

1179 777 1361 821 pressiones
1381 783 1407 809 et
1444 775 1665 817 extintsstiones,
1693 777 1930 821 appropriatio-

1179 842 1246 866 nes„
1269 830 1511 875 applicationes.
1539 830 1686 870 uniones,
1721 831 1929 873 annexiones,

1181 884 1460 928 itu-orporationes
1481 890 1507 917 et
1531 884 1610 916 alias
1626 884 1803 917 contrarias
1822 885 1931 930 dispo-

1158 980 1159 985 1
1180 937 1311 970 sitiones
1332 938 1407 970 olim
1431 949 1487 981 per
1513 943 1640 970 sanctae
1676 938 1851 972 memoriae
1884 940 1932 972 ln-

1179 991 1366 1024 nocentium
1388 992 1451 1024 Ylll
1472 997 1499 1023 et
1514 991 1604 1023 Pium
1622 991 1646 1023 ΙΙ
1669 1002 1704 1024 ac
1726 992 1832 1025 forsan
1853 993 1934 1027 alios

1157 1046 1341 1081 ,Romanos
1375 1045 1547 1078 Pontifices
1580 1044 1675 1077 etiam
1706 1046 1933 1089 praedecesso-

1158 1131 1159 1134 ,
1181 1110 1230 1131 res
1251 1105 1390 1137 nostros,
1417 1105 1445 1131 et
1481 1098 1596 1131 Sedent
1617 1099 1807 1142 praefatam,
1838 1100 1934 1134 etiam

1180 1152 1455 1187 consistorialiter,
1487 1152 1534 1185 vel
1564 1158 1653 1185 motu
1683 1158 1714 1185 et
1742 1153 1874 1188 seientia
1897 1165 1935 1188 ac

1180 1205 1344 1249 potestatis
1364 1205 1565 1249 plenitudine
1587 1205 1757 1247 similibus,
1779 1207 1936 1242 hactenus

1180 1259 1425 1301 quomodolibet
1455 1265 1630 1299 emanatas,
1657 1260 1690 1292 in
1711 1261 1883 1303 pristinum
1905 1267 1936 1295 et

1181 1324 1268 1348 vum,
1292 1313 1322 1345 in
1344 1324 1421 1356 quo,
1450 1319 1622 1356 antequam
1644 1313 1717 1347 illae
1733 1321 1932 1356 emanarent,

1158 1411 1160 1414 Α
1181 1373 1284 1407 eraut,
1317 1372 1447 1408 statum,
1480 1367 1600 1400 eisdem
1621 1368 1811 1402 auctoritate
1840 1375 1870 1402 et
1891 1375 1935 1402 te-

1159 1427 1161 1429 “
1182 1432 1260 1454 nore
1282 1420 1492 1459 restituinms,
1530 1422 1718 1465 reponimus
1738 1427 1769 1455 et
1788 1423 1934 1466 plenarie

1159 1466 1162 1505 l
1182 1474 1439 1517 reintegramus,
1463 1486 1498 1508 ac
1524 1475 1671 1508 restituta
1689 1502 1696 1515 ,
1732 1476 1872 1520 reposita
1904 1482 1936 1509 et

1160 1520 1325 1573 'plenarie
1346 1529 1540 1572 reintegrata
1567 1540 1635 1562 esse
1665 1529 1872 1563 decernimus
1905 1535 1936 1563 et

1160 1579 1394 1623 [declaramus.
1418 1583 1548 1616 Necnon
1568 1582 1678 1615 literas
1702 1583 1776 1616 inde
1808 1594 1936 1617 emana-

1183 1643 1239 1676 tas,
1261 1637 1435 1681 omniaque
1456 1642 1485 1670 et
1506 1637 1632 1680 singula
1652 1636 1684 1669 in
1712 1637 1757 1670 eis
1784 1643 1936 1671 contenta

1183 1691 1428 1735 suppressiones
1448 1697 1478 1723 et
1507 1690 1716 1724 extinctiones
1748 1691 1935 1726 huiusmodi

1183 1745 1425 1786 concernentia,
1447 1744 1638 1778 auctoritate
1663 1749 1693 1777 et
1713 1751 1824 1779 tenore
1844 1757 1936 1790 prae-

1162 1808 1163 1817 *
1183 1799 1277 1832 dictis
1296 1809 1496 1834 revocamus,
1525 1809 1699 1839 cassamus,
1722 1799 1887 1834 irritamus
1906 1807 1938 1834 et

1162 1843 1165 1868 ¹*
1184 1853 1402 1891 annullamus,
1424 1864 1461 1886 ac
1481 1864 1541 1897 pro
1556 1853 1722 1894 revocatis,
1739 1853 1845 1894 cassis,
1864 1854 1936 1888 irri-

1185 1908 1223 1939 tis
1243 1918 1278 1939 ac
1313 1907 1411 1939 nullis
1431 1913 1461 1939 et
1496 1907 1620 1940 insectis
1640 1913 1669 1940 et
1688 1907 1809 1941 viribus
1829 1909 1936 1942 omni-

1184 1961 1245 1993 bus
1265 1960 1373 1993 vacuis
1392 1961 1503 1994 haberi
1529 1962 1690 1994 volumus.

1229 2015 1243 2057 ἒ
1264 2015 1316 2047 40.
1340 2015 1375 2048 Et
1402 2015 1517 2058 potiori
1549 2026 1607 2059 pro
1635 2016 1772 2056 cautela,
1795 2015 1938 2059 inprae-

1185 2071 1248 2101 t'ato
1269 2069 1419 2112 hospitali
1441 2069 1654 2101 eamdemmet
1681 2069 1936 2113 praeceptoriam

1186 2123 1312 2167 quaein
1324 2133 1374 2163 eo,
1398 2127 1430 2154 ut
1448 2123 1641 2166 praefertur,
1664 2128 1743 2162 erat,
1766 2134 1849 2167 quae
1864 2134 1939 2157 con-

1185 2176 1343 2210 vennialis
1364 2182 1393 2209 et
1414 2183 1509 2220 caput
1532 2177 1668 2208 aliarum
1704 2177 1940 2221 praeceptoria-

1187 2242 1259 2264 rum
1289 2230 1364 2263 dicti
1384 2229 1511 2263 Ordinis
1531 2229 1660 2266 existat,
1688 2241 1725 2263 ac
1752 2229 1936 2274 privilegiis,

1188 2284 1332 2324 indultis,
1356 2284 1529 2323 favoribus,
1553 2283 1823 2327 exemptionibus,
1846 2283 1940 2317 liber-

1188 2338 1317 2377 tatibus,
1340 2337 1630 2377 iurisdictionibus,
1648 2337 1893 2371 auctoritatibus
1910 2343 1942 2371 et

1188 2387 1405 2421 facultatibus,
1427 2398 1462 2419 ac
1484 2388 1615 2421 demum
1631 2387 1758 2420 iuribus
1777 2387 1939 2428 omnihus,

1188 2436 1307 2479 quibus
1340 2443 1412 2469 ante
1438 2437 1524 2469 illius
1557 2435 1801 2480 suppressiones
1827 2441 1857 2468 et
1890 2447 1940 2469 ex-

1189 2486 1362 2518 tinctiones
1382 2486 1562 2529 praedictas
1582 2485 1741 2521 utebatur,
1758 2484 1941 2528 potiebatur

1189 2541 1215 2567 et
1239 2535 1409 2577 gaudebat,
1433 2535 1491 2575 uti,
1506 2534 1601 2579 potiri
1619 2540 1646 2567 et
1664 2534 1803 2577 gaudere
1815 2533 1939 2574 debeat,

1189 2595 1225 2617 ac
1247 2584 1279 2616 in
1299 2594 1412 2617 eorum
1447 2584 1593 2617 omnium
1627 2582 1827 2628 possessione
1859 2582 1939 2616 reali

1163 2004 1165 2026 l

1946 188 1997 214 An.
2015 187 2044 214 C.
2061 187 2128 214 ¹565

2001 687 2130 715 Omnemque

1945 726 2005 746 turpi
2012 720 2089 750 ession.
2098 725 2131 740 re-

1945 754 2015 775 voc-'¹¹3
2035 759 2054 767 ‚-

1978 2029 2075 2058 lttndqun
2104 2035 2138 2051 ca-

1951 2065 1989 2088 put
2004 2061 2092 2082 -ititiae
2116 2061 2137 2082 S.

1952 2091 2023 2113 Lami
2056 2093 2137 2113 consti-

1952 2124 1999 2148 tuin

2181 769 2190 779 .

2207 238 2235 1003 aaa...annaxa‘mfflfflfflmw
2212 206 2215 208 ·
2210 165 2212 171 ·
2214 126 2219 130 ·
2209 57 2226 86 :a
