2237 3100
222 263 273 290 An.
291 264 320 291 C.
340 261 407 290 1566

258 1113 364 1139 Pauperes
381 1114 400 1133 iu

218 1144 317 1165 ecclesiis
345 1144 402 1164 elee-

217 1182 314 1202 mosynas
328 1180 401 1202 petere

216 1213 257 1227 non
292 1208 403 1233 permuta-

216 1241 255 1261 tur,
273 1239 319 1257 dum
333 1238 402 1257 diviua

216 1269 351 1289 celebrantur
368 1269 390 1288 of

217 1301 269 1319 ticia.

271 2019 398 2038 thuim-runi

215 2051 320 2076 rapsaein
330 2049 399 2069 cerle-

214 2083 251 2100 (ἰῆς
271 2086 333 2106 super
354 2083 399 2099 ter-

213 2118 255 2132 ram
281 2112 398 2131 existenti-s

213 2146 357 2162 anime-autur.

243 2384 344 2410 Vestaque
358 2390 400 2402 nin-

215 2421 253 2434 nr<
291 2420 399 2435 veneren-
416 2430 421 2435 .

214 2449 247 2465 tur
260 2446 276 2465 1.

464 252 529 287 436

422 315 513 348 foeda
533 313 694 358 colloquia
711 324 784 347 cum
801 313 947 358 personis
961 313 1172 356 quibuscum-

420 379 484 412 que
518 369 678 409 habuerit,
714 368 824 400 decem
858 377 1034 399 aureorum
1067 376 1171 409 poena

422 422 607 462 mulctetur,
625 426 679 454 aut
690 420 767 453 alias
779 419 991 463 corporaliter
1004 419 1167 462 puniatur.

420 475 606 508 Mandamus
626 479 791 517 praetcrea
812 472 962 505 omnibus
987 477 1017 505 et
1037 471 1171 514 singulis

420 528 665 566 cathedralium,
691 526 933 568 collegiatarum
955 531 985 557 et
1004 524 1172 569 parocbia-

420 581 498 612 lium
533 579 742 613 ecclesiarum
773 578 943 621 capitulis,
974 578 1167 618 rectoribus,

419 633 555 673 vicariis,
577 632 729 672 sacristis,
748 631 884 665 ostiariis
900 637 930 664 ct
944 631 1169 675 aliisipsarum

419 686 617 725 custodibus,
643 690 802 729 quatenus
826 685 986 729 praefatos
1007 695 1119 717 omnes
1138 684 1170 716 in

419 738 562 771 ecclesiis
595 738 819 782 delinquentes
848 737 1051 779 admoneant,
1085 743 1116 771 et
1138 743 1171 770 ut

419 792 449 824 iu
470 792 515 825 eis
534 791 628 824 vetita
648 792 718 825 fieri
739 803 803 825 non
825 791 1026 836 permittant,
1042 792 1091 825 vel
1107 791 1169 824 sal-

419 850 480 877 tem
502 845 579 888 ipsis
595 844 766 877 ordinariis
781 846 828 879 vel
845 845 1036 878 officialibus
1053 843 1170 877 nostris

417 898 600 941 puniendos
620 897 777 939 del'erant3
800 899 886 942 quod
904 898 928 931 si
944 899 1049 932 faeere
1064 898 1170 941 negle-

415 951 531 990 xerint,
564 961 701 994 poenam
730 952 870 985 duorum
896 962 1072 985 aureorum
1102 950 1169 984 vice

416 1005 560 1048 qualibet
580 1005 759 1038 incurrent.

459 1057 474 1100 ἓ
494 1058 525 1091 5.
548 1058 712 1101 Pauperes
727 1069 858 1102 quoque
874 1058 1097 1091 mendicantes
1113 1068 1169 1091 seu

415 1111 634 1154 eleemosynas
654 1116 798 1155 petentes
820 1122 876 1155 per
897 1111 1066 1149 ecclesias,
1087 1116 1169 1144 tem-

416 1174 493 1208 pore
510 1164 694 1204 missarum,
712 1164 1003 1208 praedicationum,
1016 1164 1169 1197 aliorum-

416 1228 478 1260 que
500 1218 680 1250 divinorum
702 1219 896 1259 officiorum,
910 1218 954 1251 irc
967 1228 1031 1251 non
1049 1218 1166 1258 sinant,

416 1271 469 1303 sed
495 1281 549 1304 cos
578 1271 617 1303 ad
646 1272 748 1304 valvas
772 1271 983 1305 eeclesiarum
1014 1276 1096 1304 stare
1122 1272 1168 1303 sa-

415 1323 511 1364 ciant,
535 1325 594 1357 sub
620 1335 724 1368 poena
752 1325 892 1357 duorum
918 1335 1093 1357 aureorum
1115 1335 1167 1357 ca-

414 1376 524 1421 pitulis
554 1377 729 1420 infligenda
753 1389 812 1422 pro
837 1378 981 1421 qualibet
1004 1378 1084 1419 vice,
1107 1377 1167 1410 nisi

414 1441 469 1463 eos
497 1429 569 1463 eiiei
596 1431 791 1471 curaverint,
819 1437 846 1463 et
874 1431 1024 1475 parochis
1044 1430 1167 1463 dimidii

414 1483 515 1516 aurci.
539 1483 717 1526 Religiosis,
740 1484 835 1517 etiam
857 1484 1085 1517 claustralibus
1105 1484 1167 1517 sive

414 1537 627 1578 regularibus,
644 1537 863 1581 praecipimus,
880 1538 913 1570 in
924 1537 1038 1570 virtute
1050 1542 1167 1570 sanctae

414 1589 625 1629 obedientiae,
648 1596 683 1623 ut
703 1591 735 1623 in
756 1591 901 1623 ecclesiis
928 1591 994 1623 suis
1014 1591 1169 1634 deputent

413 1642 552 1686 aliquem
574 1644 629 1686 qui
651 1643 728 1676 tales
744 1643 861 1683 eiiciat·7
875 1649 905 1676 et
925 1645 949 1677 si
971 1644 1168 1687 negligentes

414 1696 545 1737 suerint,
557 1697 742 1739 gravissime
755 1697 793 1729 ab
810 1697 974 1731 ordinario
992 1697 1169 1741 corripian-

414 1754 478 1789 tur,
501 1750 587 1792 quod
610 1750 633 1781 si
652 1749 697 1782 illi
719 1760 833 1793 parcre
846 1751 1076 1790 recusaverint,
1094 1761 1167 1793 gra-

412 1801 555 1834 vissimas
568 1813 678 1845 poenas
695 1803 873 1844 incurrent,
888 1810 928 1841 et,
940 1815 1000 1847 pro
1015 1805 1168 1848 qualitate

414 1865 645 1898 personarum,
677 1856 771 1888 etiam
796 1857 1009 1899 corporaliter
1028 1858 1167 1901 punien-

414 1913 467 1940 tur
487 1908 619 1940 arbitrio
641 1914 750 1941 nostro
779 1909 840 1941 sive
862 1910 1080 1953 superiorum.

459 1961 524 2003 {th
552 1961 586 1993 Et
616 1967 651 1993 ut
675 1962 707 1994 iu
733 1963 878 1995 ecclesiis
906 1963 987 1996 nibil
1016 1964 1168 1997 indecens

415 2014 631 2058 relinquatur,
656 2015 751 2047 iidem
777 2016 965 2059 provideant
992 2023 1024 2049 ut
1054 2028 1168 2061 capsae

415 2078 528 2101 omncs
553 2073 581 2101 et
622 2068 767 2111 deposita
796 2080 852 2102 seu
881 2070 942 2102 alia
976 2071 1167 2103 cadaverum

415 2120 595 2153 conditoria
611 2132 709 2164 super
724 2124 841 2154 terram
859 2122 1023 2155 existentia
1036 2124 1167 2156 omnine

415 2179 635 2214 amoveantur,
660 2181 753 2217 prout
776 2175 854 2208 alias
874 2180 1028 2208 statutum
1045 2177 1116 2216 fuit,
1139 2182 1169 2210 et

414 2227 640 2260 det'unctoiaim
659 2238 796 2271 corpora
817 2228 848 2261 in
866 2229 984 2262 tumbis
1000 2230 1168 2273 profundis

415 2281 497 2313 infra
519 2287 636 2313 terram
664 2282 876 2314 collocentur.

459 2333 473 2374 ἓ
495 2334 525 2366 7.
549 2334 627 2366 Cum
646 2345 719 2367 vero
741 2335 867 2367 dierum
890 2335 1042 2367 festorum
1059 2335 1168 2369 obser-

414 2381 497 2413 vatio
518 2382 556 2413 ad
578 2382 642 2418 θοι,
653 2384 776 2416 cultum
794 2383 932 2416 maxime
949 2384 1118 2426 pertiiieat,
1138 2390 1168 2417 et

415 2440 445 2461 m
460 2431 528 2472 lege
539 2431 642 2464 diviua
660 2433 891 2476 praecipiatur,
910 2433 1075 2475 cupientes
1087 2434 1166 2466 abu-

414 2489 467 2510 sus
485 2490 609 2521 pravos,
636 2481 690 2522 qui
719 2492 755 2513 ex
785 2491 898 2514 eorum
934 2481 1166 2514 inobservantia

416 2526 630 2567 invaluerunt,
643 2530 775 2562 omnino
792 2530 965 2572 corrigere,
977 2535 1007 2562 et
1022 2530 1167 2573 antiquo-

453 2595 461 2620 1
488 2594 525 2619 Ad
543 2594 592 2620 boc
610 2595 689 2622 babes
709 2596 806 2623 Concil.
834 2592 917 2622 Tridj

415 2633 593 2660 Invocatz'moe.

942 2604 1006 2623 sess.
1035 2604 1103 2628 xxv,
1131 2600 1167 2623 De

1017 260 1195 285 BULLARIUM
1219 261 1370 287 ROMANUM

1212 324 1287 346 rum
1307 323 1470 346 canonum
1501 318 1617 347 statuta
1636 319 1845 355 renovantes,
1873 323 1966 346 man-

1214 366 1329 399 damus
1345 372 1381 398 ut
1400 376 1512 399 omnes
1536 366 1603 400 dies
1623 367 1790 408 dominici,
1820 373 1850 401 et
1872 377 1965 411 prae-

1214 418 1309 461 cipue
1330 419 1361 451 in
1382 419 1541 452 honorem
1556 419 1625 459 Dei,
1644 420 1758 453 Beatae
1773 420 1889 454 Mariae
1900 419 1968 453 Vir-

1213 471 1307 514 ginis,
1318 471 1510 504 Sanctorum
1523 471 1749 516 Apostolorum
1762 473 1878 514 feriati,
1893 483 1966 506 cum

1213 524 1301 558 omni
1323 525 1528 557 veneratione
1552 524 1774 566 observentur,
1801 532 1832 559 et
1855 536 1968 559 omnes

1214 577 1244 610 in
1266 577 1379 610 diebus
1399 578 1551 621 praefatis
1571 577 1724 611 ecclesias
1749 579 1966 622 frequentent,

1213 630 1328 663 divinis
1348 630 1461 664 officiis
1481 631 1592 663 devote
1618 631 1795 672 intendant,
1818 632 1857 665 ab
1878 631 1967 665 omni

1213 683 1325 716 illicito
1346 688 1376 716 et
1391 683 1496 716 servili
1518 694 1615 727 opere
1631 684 1822 725 abstineant,
1841 695 1968 718 merca-

1214 742 1263 769 tus
1287 746 1353 769 non
1381 736 1471 777 fiant,
1498 737 1651 780 profanae
1679 737 1918 780 negociationes
1938 743 1969 771 et

1213 784 1410 822 iudiciorum
1440 790 1594 834 strepitus
1624 790 1868 833 conquiescant.
1907 790 1967 830 Qui

1212 853 1287 875 vcro
1309 843 1341 874 in
1369 842 1484 876 diebus
1504 843 1655 886 praefatis
1675 854 1756 887 opus
1780 843 1912 888 aliquod
1932 843 1969 876 il-

1212 895 1337 928 licitum
1364 896 1476 929 secisse
1502 896 1722 939 deprehensus
1742 897 1851 937 suerit,
1873 907 1967 940 prae-

1213 954 1260 982 ter
1280 948 1417 982 divinam
1440 949 1609 990 ultionem,
1626 955 1657 982 et
1672 950 1880 984 amissionem
1900 949 1968 983 ani-

1213 1002 1347 1035 malium
1363 1003 1482 1046 quibus
1499 1003 1538 1036 ad
1553 1009 1718 1036 vecturam
1734 1009 1856 1045 utetur,
1869 1003 1964 1036 etiam

1211 1065 1322 1098 graves
1342 1066 1463 1099 poenas
1474 1056 1619 1089 incurret.
1634 1055 1768 1089 arbitrio
1783 1061 1893 1090 nostro
1910 1066 1965 1089 seu

1211 1108 1320 1141 vicarii
1333 1109 1433 1142 nostri
1455 1109 1487 1142 in
1508 1109 1604 1149 Urbc;
1622 1109 1654 1142 in
1670 1109 1741 1142 aliis
1756 1114 1864 1143 autern
1876 1109 1966 1150 locis,

1212 1161 1345 1194 arbitrio
1371 1162 1613 1195 ordinariorum
1638 1163 1686 1196 vel
1706 1162 1846 1196 aliorum
1863 1163 1965 1206 magi-

1212 1220 1375 1255 tratuum,
1407 1215 1449 1248 ita
1481 1221 1516 1247 ut
1541 1215 1761 1259 praeventioni
1795 1217 1887 1249 locus
1913 1217 1962 1249 sit.

1210 1267 1333 1306 Quibus
1353 1269 1506 1301 omnibus
1538 1268 1680 1302 districte
1696 1269 1916 1313 praecipimus
1931 1273 1967 1301 ut

1210 1321 1290 1354 haec
1310 1321 1482 1364 diligenter
1501 1322 1662 1355 observari
1683 1326 1872 1366 procurent,
1895 1322 1967 1355 illas

1211 1374 1305 1406 etiarn
1329 1375 1523 1415 festivitates,
1547 1385 1630 1419 quae
1650 1375 1737 1408 iuxta
1758 1375 1964 1409 consuetudi-

1982 260 2033 288 Αιι.
2053 259 2083 288 C.
2102 261 2170 288 ¹566

1210 1437 1284 1459 nem
1310 1428 1458 1460 locorum
1485 1428 1673 1461 solemniter
1702 1429 1860 1462 celebrari
1885 1439 1965 1462 con·
2013 1469 2019 1474 ,

1210 1486 1395 1521 sueverunt,
1427 1481 1513 1514 iuxta
1539 1481 1735 1515 laudabilem
1756 1482 1965 1516 consuetudi-

1210 1544 1296 1573 nem,
1319 1534 1425 1568 (lebita
1446 1545 1520 1567 cum
1542 1535 1722 1568 reverentia
1739 1535 1902 1569 observari
1916 1535 1964 1569 fa-

1210 1586 1307 1627 ciant,
1330 1587 1388 1620 sub
1410 1587 1522 1630 poenis
1542 1587 1675 1621 arbitrio
1696 1588 1841 1632 ipsorum
1862 1589 1964 1633 impo-

1210 1640 1324 1674 nendis
1344 1646 1373 1673 et
1389 1640 1606 1673 moderandis.

1254 1694 1268 1736 ἓ
1289 1693 1320 1726 8.
1350 1694 1386 1726 Et
1414 1699 1446 1726 ut
1473 1693 1668 1727 simoniacae
1694 1695 1857 1738 pravitatis
1876 1695 1964 1729 labes

1210 1756 1343 1790 prorsus
1377 1747 1556 1787 aboleatur,
1587 1748 1834 1782 constitutiones
1873 1753 1963 1782 aute-

1211 1810 1376 1832 cessorum
1406 1805 1594 1833 nostrorum
1625 1806 1738 1834 contra
1770 1802 1966 1835 simoniacos

1211 1852 1322 1894 editas,
1335 1858 1365 1885 et
1385 1853 1574 1896 pracsertim
1587 1854 1676 1886 Pauli
1690 1854 1724 1895 Il,
1740 1854 1967 1888 inviolabiliter

1211 1905 1374 1938 observari
1392 1907 1596 1946 mandamus,
1611 1912 1641 1940 et
1661 1907 1886 1951 delinquentes
1900 1913 1964 1942 tarn

1211 1958 1243 1990 in
1273 1969 1440 1992 sacrorum
1470 1960 1620 1993 ordinum
1650 1961 1837 2004 receptione
1867 1972 1964 2005 quam

1211 2011 1242 2043 in
1254 2012 1488 2045 beneficiorum
1501 2013 1716 2055 assecutione,
1730 2015 1855 2048 statutis
1869 2014 1965 2048 etiam

1212 2065 1344 2098 inferius
1374 2066 1486 2109 poenis
1519 2071 1627 2099 nostra
1661 2068 1852 2101 auctoritate
1881 2068 1964 2101 affici

1210 2119 1371 2152 volumus.
1407 2119 1610 2162 Quicumque
1648 2120 1746 2163 igitur
1778 2121 1964 2155 detestabile

1211 2172 1334 2204 crimen
1355 2172 1551 2206 simoniacae
1576 2174 1739 2217 pravitatis
1766 2175 1965 2208 commisisse

1211 2225 1376 2258 convictus
1404 2225 1500 2259 suerit
1527 2226 1559 2258 in
1588 2227 1824 2271 consequendis
1844 2227 1964 2261 ordini-

1211 2279 1282 2317 bus,
1306 2288 1343 2311 eo
1360 2278 1428 2322 ipso
1445 2279 1482 2312 sit
1499 2279 1538 2312 ab
1554 2280 1686 2313 illorum
1703 2281 1891 2314 executione
1907 2291 1965 2324 per

1211 2332 1417 2372 decennium,
1441 2333 1508 2365 sine
1539 2344 1594 2376 spe
1619 2333 1878 2377 dispensationis,
1896 2344 1964 2367 sus-

1212 2395 1340 2428 pensus,
1354 2391 1384 2418 et
1395 2396 1453 2428 per
1465 2396 1586 2418 annum
1599 2387 1786 2420 carceribus
1797 2386 1963 2430 mancipe-

1211 2440 1273 2466 tur.
1286 2433 1345 2472 oui
1357 2433 1526 2475 dignitates
1538 2435 1773 2467 ecclesiasticas
1787 2434 1962 2468 simoniace

1210 2482 1501 2525 acquisiverit,illis
1517 2483 1556 2515 sit
1576 2483 1644 2526 ipso
1666 2483 1736 2516 iure
1757 2483 1909 2526 privatus,
1931 2490 1963 2517 et

1210 2529 1242 2562 in
1262 2530 1408 2562 futurum
1429 2530 1580 2564 inhabilis
1600 2532 1638 2564 ad
1665 2542 1717 2565 eas
1741 2537 1771 2565 et
1787 2542 1960 2574 quascum—

1210 2590 1273 2622 que
1294 2579 1372 2612 alias
1392 2580 1591 2613 obtinemias.
1614 2581 1672 2619 Qui
1693 2581 1885 2614 beneficium
1906 2587 1962 2614 aut

1212 2628 1357 2662 officium
1384 2629 1638 2663 ecclesiasticum
1669 2629 1843 2663 simoniace
1862 2629 1961 2674 adep-

1331 2741 1356 2762 S

2032 1716 2163 1739 simoniaco-

1978 1754 2023 1769 rum
2039 1754 2129 1776 poenae.
