<?xml version="1.0" encoding="UTF-8"?>
<!DOCTYPE html PUBLIC "-//W3C//DTD XHTML 1.0 Transitional//EN"
    "http://www.w3.org/TR/xhtml1/DTD/xhtml1-transitional.dtd">
<html xmlns="http://www.w3.org/1999/xhtml" xml:lang="en" lang="en">
 <head>
  <title>
</title>
<meta http-equiv="Content-Type" content="text/html;charset=utf-8" />
  <meta name='ocr-system' content='tesseract 3.04.00' />
  <meta name='ocr-capabilities' content='ocr_page ocr_carea ocr_par ocr_line ocrx_word'/>
</head>
<body>
  <div class='ocr_page' id='page_1' title='image "./bullarumdiplomat07cath/bullarumdiplomat07cath_0667.png"; bbox 0 0 2237 3100; ppageno 0'>
   <div class='ocr_carea' id='block_1_1' title="bbox 83 2041 269 2156">
    <p class='ocr_par' dir='ltr' id='par_1_1' title="bbox 83 2041 269 2156">
     <span class='ocr_line' id='line_1_1' title="bbox 83 2041 267 2068; baseline 0.005 -7"><span class='ocrx_word' id='word_1_1' title='bbox 83 2044 116 2062; x_wconf 79' lang='lat' dir='ltr'>tra</span> <span class='ocrx_word' id='word_1_2' title='bbox 152 2041 267 2068; x_wconf 79' lang='lat' dir='ltr'>spoliorum</span> 
     </span>
     <span class='ocr_line' id='line_1_2' title="bbox 83 2071 267 2098; baseline 0.011 -6"><span class='ocrx_word' id='word_1_3' title='bbox 83 2071 223 2098; x_wconf 79' lang='lat' dir='ltr'>collectores,</span> <span class='ocrx_word' id='word_1_4' title='bbox 241 2079 267 2094; x_wconf 81' lang='lat' dir='ltr'>ne</span> 
     </span>
     <span class='ocr_line' id='line_1_3' title="bbox 84 2104 269 2131; baseline 0.011 -7"><span class='ocrx_word' id='word_1_5' title='bbox 84 2104 175 2131; x_wconf 80' lang='lat' dir='ltr'>desuper</span> <span class='ocrx_word' id='word_1_6' title='bbox 195 2110 218 2125; x_wconf 76' lang='lat' dir='ltr'>se</span> <span class='ocrx_word' id='word_1_7' title='bbox 235 2106 269 2126; x_wconf 85' lang='lat' dir='ltr'>in-</span> 
     </span>
     <span class='ocr_line' id='line_1_4' title="bbox 83 2136 208 2156; baseline 0.008 -1"><span class='ocrx_word' id='word_1_8' title='bbox 83 2136 208 2156; x_wconf 73' lang='lat' dir='ltr'>tramittant.</span> 
     </span>
    </p>
   </div>
   <div class='ocr_carea' id='block_1_2' title="bbox 83 279 263 308">
    <p class='ocr_par' dir='ltr' id='par_1_2' title="bbox 83 279 263 308">
     <span class='ocr_line' id='line_1_5' title="bbox 83 279 263 308; baseline -0.006 -1"><span class='ocrx_word' id='word_1_9' title='bbox 83 281 131 307; x_wconf 73' lang='lat' dir='ltr'>An.</span> <span class='ocrx_word' id='word_1_10' title='bbox 149 280 177 307; x_wconf 87' lang='lat' dir='ltr'>C.</span> <span class='ocrx_word' id='word_1_11' title='bbox 197 279 263 308; x_wconf 65' lang='lat'>¹567</span> 
     </span>
    </p>
   </div>
   <div class='ocr_carea' id='block_1_3' title="bbox 105 331 1033 646">
    <p class='ocr_par' dir='ltr' id='par_1_3' title="bbox 105 331 1033 646">
     <span class='ocr_line' id='line_1_6' title="bbox 278 331 1033 376; baseline 0.004 -13"><span class='ocrx_word' id='word_1_12' title='bbox 278 332 338 363; x_wconf 85' lang='lat' dir='ltr'>bus</span> <span class='ocrx_word' id='word_1_13' title='bbox 357 331 605 372; x_wconf 84' lang='lat' dir='ltr'>beneficiorum,</span> <span class='ocrx_word' id='word_1_14' title='bbox 617 344 699 376; x_wconf 82' lang='lat' dir='ltr'>quae</span> <span class='ocrx_word' id='word_1_15' title='bbox 716 333 793 366; x_wconf 83' lang='lat' dir='ltr'>duni</span> <span class='ocrx_word' id='word_1_16' title='bbox 811 332 960 374; x_wconf 82' lang='lat' dir='ltr'>viverent,</span> <span class='ocrx_word' id='word_1_17' title='bbox 979 334 1033 366; x_wconf 90' lang='lat' dir='ltr'>ob-</span> 
     </span>
     <span class='ocr_line' id='line_1_7' title="bbox 278 384 1030 431; baseline 0.004 -14"><span class='ocrx_word' id='word_1_18' title='bbox 278 384 432 426; x_wconf 74' lang='lat' dir='ltr'>tinebant,</span> <span class='ocrx_word' id='word_1_19' title='bbox 448 385 605 430; x_wconf 86' lang='lat' dir='ltr'>aequisita</span> <span class='ocrx_word' id='word_1_20' title='bbox 622 386 752 427; x_wconf 80' lang='lat' dir='ltr'>suerint,</span> <span class='ocrx_word' id='word_1_21' title='bbox 771 387 830 420; x_wconf 87' lang='lat' dir='ltr'>snb</span> <span class='ocrx_word' id='word_1_22' title='bbox 851 387 1030 431; x_wconf 87' lang='lat' dir='ltr'>spoliorum</span> 
     </span>
     <span class='ocr_line' id='line_1_8' title="bbox 278 439 1033 485; baseline 0.003 -14"><span class='ocrx_word' id='word_1_23' title='bbox 278 439 494 482; x_wconf 76' lang='lat' dir='ltr'>appellatione</span> <span class='ocrx_word' id='word_1_24' title='bbox 510 440 644 474; x_wconf 89' lang='lat' dir='ltr'>minime</span> <span class='ocrx_word' id='word_1_25' title='bbox 659 440 799 479; x_wconf 82' lang='lat' dir='ltr'>veniant,</span> <span class='ocrx_word' id='word_1_26' title='bbox 818 452 876 474; x_wconf 72' lang='lat' dir='ltr'>net·</span> <span class='ocrx_word' id='word_1_27' title='bbox 892 452 950 485; x_wconf 85' lang='lat' dir='ltr'>pro</span> <span class='ocrx_word' id='word_1_28' title='bbox 963 452 1033 484; x_wconf 84' lang='lat' dir='ltr'>spo-</span> 
     </span>
     <span class='ocr_line' id='line_1_9' title="bbox 279 492 857 538; baseline 0.005 -14"><span class='ocrx_word' id='word_1_29' title='bbox 279 492 329 525; x_wconf 85' lang='lat' dir='ltr'>liis</span> <span class='ocrx_word' id='word_1_30' title='bbox 350 493 416 526; x_wconf 91' lang='lat' dir='ltr'>ullo</span> <span class='ocrx_word' id='word_1_31' title='bbox 437 493 534 526; x_wconf 89' lang='lat' dir='ltr'>modo</span> <span class='ocrx_word' id='word_1_32' title='bbox 555 495 697 537; x_wconf 87' lang='lat' dir='ltr'>reputari</span> <span class='ocrx_word' id='word_1_33' title='bbox 724 494 857 538; x_wconf 75' lang='lat' dir='ltr'>possint.</span> 
     </span>
     <span class='ocr_line' id='line_1_10' title="bbox 323 546 1032 593; baseline 0.001 -13"><span class='ocrx_word' id='word_1_34' title='bbox 323 548 342 589; x_wconf 99' lang='lat' dir='ltr'>Q</span> <span class='ocrx_word' id='word_1_35' title='bbox 358 546 389 580; x_wconf 85' lang='grc'>6.</span> <span class='ocrx_word' id='word_1_36' title='bbox 403 547 676 592; x_wconf 80' lang='lat' dir='ltr'>Praeterea‚quod</span> <span class='ocrx_word' id='word_1_37' title='bbox 688 549 815 581; x_wconf 91' lang='lat' dir='ltr'>nullum</span> <span class='ocrx_word' id='word_1_38' title='bbox 827 549 1032 593; x_wconf 55' lang='lat' dir='ltr'>spoliun‘ttla-</span> 
     </span>
     <span class='ocr_line' id='line_1_11' title="bbox 105 602 1032 646; baseline -0.001 -10"><span class='ocrx_word' id='word_1_39' title='bbox 105 608 198 636; x_wconf 57' lang='lat' dir='ltr'>Spolium</span> <span class='ocrx_word' id='word_1_40' title='bbox 222 614 263 629; x_wconf 71' lang='lat' dir='ltr'>nou</span> <span class='ocrx_word' id='word_1_41' title='bbox 279 610 387 634; x_wconf 83' lang='lat' dir='ltr'>merae</span> <span class='ocrx_word' id='word_1_42' title='bbox 416 603 579 645; x_wconf 75' lang='lat' dir='ltr'>praefatae</span> <span class='ocrx_word' id='word_1_43' title='bbox 612 602 682 635; x_wconf 88' lang='lat' dir='ltr'>fieri</span> <span class='ocrx_word' id='word_1_44' title='bbox 695 629 702 643; x_wconf 87' lang='lat'>,</span> <span class='ocrx_word' id='word_1_45' title='bbox 724 614 782 636; x_wconf 85' lang='lat' dir='ltr'>nec</span> <span class='ocrx_word' id='word_1_46' title='bbox 811 603 986 646; x_wconf 81' lang='lat' dir='ltr'>quicquam</span> <span class='ocrx_word' id='word_1_47' title='bbox 1017 614 1032 635; x_wconf 88' lang='lat' dir='ltr'>a</span> 
     </span>
    </p>
   </div>
   <div class='ocr_carea' id='block_1_4' title="bbox 78 642 1032 847">
    <p class='ocr_par' dir='ltr' id='par_1_4' title="bbox 78 642 1032 847">
     <span class='ocr_line' id='line_1_12' title="bbox 80 642 1030 667; baseline 0.001 -7"><span class='ocrx_word' id='word_1_48' title='bbox 80 642 150 666; x_wconf 81' lang='lat' dir='ltr'>potest</span> <span class='ocrx_word' id='word_1_49' title='bbox 165 642 265 667; x_wconf 73' lang='lat' dir='ltr'>praeteu—</span> <span class='ocrx_word' id='word_1_50' title='bbox 327 654 332 659; x_wconf 86' lang='lat'>.</span> <span class='ocrx_word' id='word_1_51' title='bbox 421 656 426 660; x_wconf 93' lang='lat'>.</span> <span class='ocrx_word' id='word_1_52' title='bbox 549 656 554 660; x_wconf 92' lang='lat'>.</span> <span class='ocrx_word' id='word_1_53' title='bbox 896 657 900 661; x_wconf 94' lang='lat'>.</span> <span class='ocrx_word' id='word_1_54' title='bbox 1026 657 1030 661; x_wconf 94' lang='lat'>.</span> 
     </span>
     <span class='ocr_line' id='line_1_13' title="bbox 79 654 1032 700; baseline -0.001 -10"><span class='ocrx_word' id='word_1_55' title='bbox 79 671 98 692; x_wconf 68' lang='lat' dir='ltr'>ai</span> <span class='ocrx_word' id='word_1_56' title='bbox 121 676 160 698; x_wconf 74' lang='lat' dir='ltr'>per</span> <span class='ocrx_word' id='word_1_57' title='bbox 184 671 264 692; x_wconf 82' lang='lat' dir='ltr'>obitum</span> <span class='ocrx_word' id='word_1_58' title='bbox 278 654 444 698; x_wconf 81' lang='lat' dir='ltr'>qu1busv1s</span> <span class='ocrx_word' id='word_1_59' title='bbox 474 657 653 700; x_wconf 80' lang='lat' dir='ltr'>spoliorum</span> <span class='ocrx_word' id='word_1_60' title='bbox 674 656 826 690; x_wconf 83' lang='lat' dir='ltr'>Camerae</span> <span class='ocrx_word' id='word_1_61' title='bbox 846 657 1032 690; x_wconf 85' lang='lat' dir='ltr'>lunusmodi</span> 
     </span>
     <span class='ocr_line' id='line_1_14' title="bbox 80 702 264 723; baseline 0.005 -1"><span class='ocrx_word' id='word_1_62' title='bbox 80 703 196 723; x_wconf 79' lang='lat' dir='ltr'>obtinentis</span> <span class='ocrx_word' id='word_1_63' title='bbox 223 702 264 723; x_wconf 87' lang='lat' dir='ltr'>be-</span> 
     </span>
     <span class='ocr_line' id='line_1_15' title="bbox 79 733 265 760; baseline 0 -6"><span class='ocrx_word' id='word_1_64' title='bbox 79 733 155 754; x_wconf 79' lang='lat' dir='ltr'>nencia</span> <span class='ocrx_word' id='word_1_65' title='bbox 170 733 265 760; x_wconf 82' lang='lat' dir='ltr'>velpeu-</span> 
     </span>
     <span class='ocr_line' id='line_1_16' title="bbox 78 762 1031 816; baseline 0.001 -20"><span class='ocrx_word' id='word_1_66' title='bbox 78 765 208 816; x_wconf 51' lang='lat' dir='ltr'>{ffeejoesssmt</span> <span class='ocrx_word' id='word_1_67' title='bbox 229 769 265 785; x_wconf 70' lang='lat'>²¹·</span> <span class='ocrx_word' id='word_1_68' title='bbox 280 762 378 805; x_wconf 81' lang='lat' dir='ltr'>possit</span> <span class='ocrx_word' id='word_1_69' title='bbox 398 773 456 805; x_wconf 90' lang='lat' dir='ltr'>per</span> <span class='ocrx_word' id='word_1_70' title='bbox 472 762 596 796; x_wconf 88' lang='lat' dir='ltr'>obitum</span> <span class='ocrx_word' id='word_1_71' title='bbox 614 763 712 801; x_wconf 84' lang='lat' dir='ltr'>illius,</span> <span class='ocrx_word' id='word_1_72' title='bbox 725 763 794 807; x_wconf 84' lang='lat' dir='ltr'>qui,</span> <span class='ocrx_word' id='word_1_73' title='bbox 809 764 886 797; x_wconf 88' lang='lat' dir='ltr'>dum</span> <span class='ocrx_word' id='word_1_74' title='bbox 904 764 1031 803; x_wconf 78' lang='lat' dir='ltr'>viveret,</span> 
     </span>
     <span class='ocr_line' id='line_1_17' title="bbox 79 828 172 847; baseline -0.011 0"><span class='ocrx_word' id='word_1_75' title='bbox 79 828 172 847; x_wconf 71' lang='lat' dir='ltr'>ducatos.</span> 
     </span>
    </p>
   </div>
   <div class='ocr_carea' id='block_1_5' title="bbox 225 709 1041 2725">
    <p class='ocr_par' dir='ltr' id='par_1_5' title="bbox 225 709 1038 1941">
     <span class='ocr_line' id='line_1_18' title="bbox 279 709 1033 753; baseline 0.003 -12"><span class='ocrx_word' id='word_1_76' title='bbox 279 709 508 742; x_wconf 74' lang='lat' dir='ltr'>collectoribus</span> <span class='ocrx_word' id='word_1_77' title='bbox 544 710 589 742; x_wconf 81' lang='lat' dir='ltr'>vel</span> <span class='ocrx_word' id='word_1_78' title='bbox 625 710 916 743; x_wconf 86' lang='lat' dir='ltr'>subcollectorilms</span> <span class='ocrx_word' id='word_1_79' title='bbox 952 710 1033 753; x_wconf 73' lang='lat' dir='ltr'>exigi</span> 
     </span>
     <span class='ocr_line' id='line_1_19' title="bbox 225 801 1033 860; baseline 0.001 -12"><span class='ocrx_word' id='word_1_80' title='bbox 225 801 263 816; x_wconf 64' lang='lat' dir='ltr'><strong>m</strong></span> <span class='ocrx_word' id='word_1_81' title='bbox 279 827 381 849; x_wconf 87' lang='lat' dir='ltr'>unum</span> <span class='ocrx_word' id='word_1_82' title='bbox 397 817 445 849; x_wconf 86' lang='lat' dir='ltr'>vel</span> <span class='ocrx_word' id='word_1_83' title='bbox 459 817 553 860; x_wconf 90' lang='lat' dir='ltr'>plura</span> <span class='ocrx_word' id='word_1_84' title='bbox 569 816 727 849; x_wconf 81' lang='lat' dir='ltr'>beneficia</span> <span class='ocrx_word' id='word_1_85' title='bbox 743 817 959 851; x_wconf 79' lang='lat' dir='ltr'>ecclesiastica</span> <span class='ocrx_word' id='word_1_86' title='bbox 977 817 1033 850; x_wconf 81' lang='lat' dir='ltr'>ob-</span> 
     </span>
     <span class='ocr_line' id='line_1_20' title="bbox 257 871 1033 915; baseline 0 -12"><span class='ocrx_word' id='word_1_87' title='bbox 257 904 261 908; x_wconf 77' lang='grc'><em>,</em></span> <span class='ocrx_word' id='word_1_88' title='bbox 279 871 423 912; x_wconf 78' lang='lat' dir='ltr'>tinuerit,</span> <span class='ocrx_word' id='word_1_89' title='bbox 447 871 540 904; x_wconf 88' lang='lat' dir='ltr'>cuius</span> <span class='ocrx_word' id='word_1_90' title='bbox 560 871 607 904; x_wconf 84' lang='lat' dir='ltr'>vel</span> <span class='ocrx_word' id='word_1_91' title='bbox 628 882 770 915; x_wconf 92' lang='lat' dir='ltr'>quorum</span> <span class='ocrx_word' id='word_1_92' title='bbox 786 871 881 904; x_wconf 89' lang='lat' dir='ltr'>simul</span> <span class='ocrx_word' id='word_1_93' title='bbox 899 873 1033 911; x_wconf 79' lang='lat' dir='ltr'>fructus,</span> 
     </span>
     <span class='ocr_line' id='line_1_21' title="bbox 278 925 1033 969; baseline 0 -11"><span class='ocrx_word' id='word_1_94' title='bbox 278 925 422 958; x_wconf 88' lang='lat' dir='ltr'>redditus</span> <span class='ocrx_word' id='word_1_95' title='bbox 441 931 473 959; x_wconf 84' lang='lat' dir='ltr'>et</span> <span class='ocrx_word' id='word_1_96' title='bbox 499 931 672 969; x_wconf 87' lang='lat' dir='ltr'>proventus</span> <span class='ocrx_word' id='word_1_97' title='bbox 693 925 820 969; x_wconf 75' lang='lat' dir='ltr'>triginta</span> <span class='ocrx_word' id='word_1_98' title='bbox 841 926 1033 959; x_wconf 74' lang='lat' dir='ltr'>ducatorum</span> 
     </span>
     <span class='ocr_line' id='line_1_22' title="bbox 277 979 1033 1020; baseline 0.001 -9"><span class='ocrx_word' id='word_1_99' title='bbox 277 979 348 1012; x_wconf 87' lang='lat' dir='ltr'>auri</span> <span class='ocrx_word' id='word_1_100' title='bbox 375 979 413 1012; x_wconf 91' lang='lat' dir='ltr'>de</span> <span class='ocrx_word' id='word_1_101' title='bbox 443 979 589 1020; x_wconf 87' lang='lat' dir='ltr'>Camera,</span> <span class='ocrx_word' id='word_1_102' title='bbox 619 980 799 1014; x_wconf 86' lang='lat' dir='ltr'>secundum</span> <span class='ocrx_word' id='word_1_103' title='bbox 826 990 1033 1013; x_wconf 72' lang='lat' dir='ltr'>commulnem</span> 
     </span>
     <span class='ocr_line' id='line_1_23' title="bbox 277 1033 1034 1075; baseline 0.001 -10"><span class='ocrx_word' id='word_1_104' title='bbox 277 1033 547 1075; x_wconf 82' lang='lat' dir='ltr'>aestimationem,</span> <span class='ocrx_word' id='word_1_105' title='bbox 575 1035 715 1068; x_wconf 85' lang='lat' dir='ltr'>valorem</span> <span class='ocrx_word' id='word_1_106' title='bbox 729 1045 874 1067; x_wconf 90' lang='lat' dir='ltr'>annuum</span> <span class='ocrx_word' id='word_1_107' title='bbox 896 1044 960 1067; x_wconf 90' lang='lat' dir='ltr'>non</span> <span class='ocrx_word' id='word_1_108' title='bbox 981 1045 1034 1066; x_wconf 77' lang='lat' dir='ltr'>ex-</span> 
     </span>
     <span class='ocr_line' id='line_1_24' title="bbox 277 1087 1036 1132; baseline 0.001 -12"><span class='ocrx_word' id='word_1_109' title='bbox 277 1087 445 1127; x_wconf 81' lang='lat' dir='ltr'>cesserint,</span> <span class='ocrx_word' id='word_1_110' title='bbox 465 1094 519 1121; x_wconf 91' lang='lat' dir='ltr'>aut</span> <span class='ocrx_word' id='word_1_111' title='bbox 539 1088 594 1131; x_wconf 88' lang='lat' dir='ltr'>qui</span> <span class='ocrx_word' id='word_1_112' title='bbox 611 1088 783 1132; x_wconf 79' lang='lat' dir='ltr'>pensiones</span> <span class='ocrx_word' id='word_1_113' title='bbox 799 1098 923 1121; x_wconf 86' lang='lat' dir='ltr'>annuas</span> <span class='ocrx_word' id='word_1_114' title='bbox 938 1099 1036 1132; x_wconf 81' lang='lat' dir='ltr'>super</span> 
     </span>
     <span class='ocr_line' id='line_1_25' title="bbox 277 1139 1035 1185; baseline 0.003 -12"><span class='ocrx_word' id='word_1_115' title='bbox 277 1139 443 1183; x_wconf 73' lang='lat' dir='ltr'>quibusvis</span> <span class='ocrx_word' id='word_1_116' title='bbox 463 1141 624 1174; x_wconf 87' lang='lat' dir='ltr'>fructibus</span> <span class='ocrx_word' id='word_1_117' title='bbox 644 1141 869 1175; x_wconf 79' lang='lat' dir='ltr'>ecclesiasticis</span> <span class='ocrx_word' id='word_1_118' title='bbox 881 1153 983 1185; x_wconf 77' lang='lat' dir='ltr'>usque</span> <span class='ocrx_word' id='word_1_119' title='bbox 997 1143 1035 1175; x_wconf 87' lang='lat' dir='ltr'>ad</span> 
     </span>
     <span class='ocr_line' id='line_1_26' title="bbox 278 1193 1036 1239; baseline 0.003 -12"><span class='ocrx_word' id='word_1_120' title='bbox 278 1193 402 1227; x_wconf 90' lang='lat' dir='ltr'>dictum</span> <span class='ocrx_word' id='word_1_121' title='bbox 412 1195 552 1228; x_wconf 86' lang='lat' dir='ltr'>valorem</span> <span class='ocrx_word' id='word_1_122' title='bbox 565 1195 732 1229; x_wconf 80' lang='lat' dir='ltr'>annuatim</span> <span class='ocrx_word' id='word_1_123' title='bbox 744 1196 1036 1239; x_wconf 77' lang='lat' dir='ltr'>perceperit,dum-</span> 
     </span>
     <span class='ocr_line' id='line_1_27' title="bbox 280 1248 1035 1293; baseline 0.003 -12"><span class='ocrx_word' id='word_1_124' title='bbox 280 1248 376 1282; x_wconf 90' lang='lat' dir='ltr'>modo</span> <span class='ocrx_word' id='word_1_125' title='bbox 397 1253 504 1282; x_wconf 88' lang='lat' dir='ltr'>tamen</span> <span class='ocrx_word' id='word_1_126' title='bbox 532 1249 558 1282; x_wconf 88' lang='lat' dir='ltr'>is</span> <span class='ocrx_word' id='word_1_127' title='bbox 585 1260 618 1282; x_wconf 87' lang='lat' dir='ltr'>se</span> <span class='ocrx_word' id='word_1_128' title='bbox 637 1249 677 1282; x_wconf 89' lang='lat' dir='ltr'>ab</span> <span class='ocrx_word' id='word_1_129' title='bbox 699 1250 787 1282; x_wconf 89' lang='lat' dir='ltr'>omni</span> <span class='ocrx_word' id='word_1_130' title='bbox 809 1249 919 1282; x_wconf 85' lang='lat' dir='ltr'>illicita</span> <span class='ocrx_word' id='word_1_131' title='bbox 935 1261 1035 1293; x_wconf 72' lang='lat' dir='ltr'>nego-</span> 
     </span>
     <span class='ocr_line' id='line_1_28' title="bbox 281 1302 1038 1347; baseline 0.001 -12"><span class='ocrx_word' id='word_1_132' title='bbox 281 1302 412 1336; x_wconf 89' lang='lat' dir='ltr'>tiatione</span> <span class='ocrx_word' id='word_1_133' title='bbox 445 1308 476 1336; x_wconf 88' lang='lat' dir='ltr'>et</span> <span class='ocrx_word' id='word_1_134' title='bbox 502 1314 520 1336; x_wconf 87' lang='lat' dir='ltr'>a</span> <span class='ocrx_word' id='word_1_135' title='bbox 545 1303 645 1336; x_wconf 84' lang='lat' dir='ltr'>sacris</span> <span class='ocrx_word' id='word_1_136' title='bbox 668 1303 850 1336; x_wconf 86' lang='lat' dir='ltr'>canonibus</span> <span class='ocrx_word' id='word_1_137' title='bbox 874 1303 1038 1347; x_wconf 84' lang='lat' dir='ltr'>prohibita</span> 
     </span>
     <span class='ocr_line' id='line_1_29' title="bbox 279 1356 1038 1400; baseline 0.001 -12"><span class='ocrx_word' id='word_1_138' title='bbox 279 1356 484 1390; x_wconf 83' lang='lat' dir='ltr'>abstinuerit.</span> <span class='ocrx_word' id='word_1_139' title='bbox 504 1357 546 1389; x_wconf 89' lang='lat' dir='ltr'>lta</span> <span class='ocrx_word' id='word_1_140' title='bbox 558 1357 659 1400; x_wconf 72' lang='lat' dir='ltr'>quod,</span> <span class='ocrx_word' id='word_1_141' title='bbox 678 1356 787 1399; x_wconf 78' lang='lat' dir='ltr'>siquis</span> <span class='ocrx_word' id='word_1_142' title='bbox 799 1356 960 1389; x_wconf 82' lang='lat' dir='ltr'>dictorum</span> <span class='ocrx_word' id='word_1_143' title='bbox 973 1358 1038 1391; x_wconf 83' lang='lat' dir='ltr'>col-</span> 
     </span>
     <span class='ocr_line' id='line_1_30' title="bbox 279 1410 1036 1454; baseline 0.001 -11"><span class='ocrx_word' id='word_1_144' title='bbox 279 1411 441 1444; x_wconf 88' lang='lat' dir='ltr'>lectorum</span> <span class='ocrx_word' id='word_1_145' title='bbox 461 1410 583 1454; x_wconf 87' lang='lat' dir='ltr'>aliquid</span> <span class='ocrx_word' id='word_1_146' title='bbox 604 1421 640 1444; x_wconf 81' lang='lat' dir='ltr'>ex</span> <span class='ocrx_word' id='word_1_147' title='bbox 661 1410 755 1443; x_wconf 83' lang='lat' dir='ltr'>bonis</span> <span class='ocrx_word' id='word_1_148' title='bbox 773 1410 963 1454; x_wconf 87' lang='lat' dir='ltr'>quorumvis</span> <span class='ocrx_word' id='word_1_149' title='bbox 980 1412 1036 1444; x_wconf 78' lang='lat' dir='ltr'>(lc-</span> 
     </span>
     <span class='ocr_line' id='line_1_31' title="bbox 280 1463 1038 1508; baseline 0.003 -12"><span class='ocrx_word' id='word_1_150' title='bbox 280 1465 481 1505; x_wconf 85' lang='lat' dir='ltr'>functorum,</span> <span class='ocrx_word' id='word_1_151' title='bbox 504 1464 559 1508; x_wconf 91' lang='lat' dir='ltr'>qui</span> <span class='ocrx_word' id='word_1_152' title='bbox 580 1463 698 1497; x_wconf 77' lang='lat' dir='ltr'>similia</span> <span class='ocrx_word' id='word_1_153' title='bbox 717 1464 875 1498; x_wconf 85' lang='lat' dir='ltr'>beneficia</span> <span class='ocrx_word' id='word_1_154' title='bbox 891 1464 1038 1498; x_wconf 89' lang='lat' dir='ltr'>obtinue—</span> 
     </span>
     <span class='ocr_line' id='line_1_32' title="bbox 280 1517 1035 1563; baseline 0.001 -12"><span class='ocrx_word' id='word_1_155' title='bbox 280 1518 362 1559; x_wconf 84' lang='lat' dir='ltr'>rint,</span> <span class='ocrx_word' id='word_1_156' title='bbox 388 1529 445 1551; x_wconf 90' lang='lat' dir='ltr'>seu</span> <span class='ocrx_word' id='word_1_157' title='bbox 472 1517 592 1552; x_wconf 84' lang='lat' dir='ltr'>similes</span> <span class='ocrx_word' id='word_1_158' title='bbox 616 1517 789 1562; x_wconf 80' lang='lat' dir='ltr'>pensiones</span> <span class='ocrx_word' id='word_1_159' title='bbox 818 1520 1035 1563; x_wconf 70' lang='lat' dir='ltr'>perceperint,</span> 
     </span>
     <span class='ocr_line' id='line_1_33' title="bbox 281 1570 1037 1615; baseline 0.001 -10"><span class='ocrx_word' id='word_1_160' title='bbox 281 1576 449 1615; x_wconf 84' lang='lat' dir='ltr'>praetextu</span> <span class='ocrx_word' id='word_1_161' title='bbox 483 1570 662 1615; x_wconf 86' lang='lat' dir='ltr'>spoliorum</span> <span class='ocrx_word' id='word_1_162' title='bbox 705 1571 848 1605; x_wconf 81' lang='lat' dir='ltr'>eiusdem</span> <span class='ocrx_word' id='word_1_163' title='bbox 885 1572 1037 1606; x_wconf 80' lang='lat' dir='ltr'>Gamerae</span> 
     </span>
     <span class='ocr_line' id='line_1_34' title="bbox 281 1625 1037 1670; baseline 0.001 -11"><span class='ocrx_word' id='word_1_164' title='bbox 281 1625 462 1670; x_wconf 85' lang='lat' dir='ltr'>percipere,</span> <span class='ocrx_word' id='word_1_165' title='bbox 482 1632 537 1660; x_wconf 92' lang='lat' dir='ltr'>aut</span> <span class='ocrx_word' id='word_1_166' title='bbox 556 1625 635 1659; x_wconf 86' lang='lat' dir='ltr'>alias</span> <span class='ocrx_word' id='word_1_167' title='bbox 651 1631 764 1659; x_wconf 89' lang='lat' dir='ltr'>contra</span> <span class='ocrx_word' id='word_1_168' title='bbox 778 1632 964 1670; x_wconf 80' lang='lat' dir='ltr'>praesentes</span> <span class='ocrx_word' id='word_1_169' title='bbox 979 1637 1037 1660; x_wconf 87' lang='lat' dir='ltr'>no-</span> 
     </span>
     <span class='ocr_line' id='line_1_35' title="bbox 281 1681 1038 1725; baseline 0.001 -12"><span class='ocrx_word' id='word_1_170' title='bbox 281 1685 361 1713; x_wconf 85' lang='lat' dir='ltr'>stras</span> <span class='ocrx_word' id='word_1_171' title='bbox 390 1681 499 1714; x_wconf 86' lang='lat' dir='ltr'>literas</span> <span class='ocrx_word' id='word_1_172' title='bbox 529 1686 685 1714; x_wconf 85' lang='lat' dir='ltr'>attentare</span> <span class='ocrx_word' id='word_1_173' title='bbox 706 1681 972 1725; x_wconf 83' lang='lat' dir='ltr'>praesumpserit,</span> <span class='ocrx_word' id='word_1_174' title='bbox 999 1682 1038 1714; x_wconf 75' lang='lat' dir='ltr'>atl</span> 
     </span>
     <span class='ocr_line' id='line_1_36' title="bbox 281 1734 1037 1779; baseline 0 -12"><span class='ocrx_word' id='word_1_175' title='bbox 281 1734 411 1768; x_wconf 88' lang='lat' dir='ltr'>totalem</span> <span class='ocrx_word' id='word_1_176' title='bbox 437 1734 600 1768; x_wconf 89' lang='lat' dir='ltr'>bonorum</span> <span class='ocrx_word' id='word_1_177' title='bbox 622 1745 680 1779; x_wconf 88' lang='lat' dir='ltr'>per</span> <span class='ocrx_word' id='word_1_178' title='bbox 705 1745 779 1768; x_wconf 89' lang='lat' dir='ltr'>eum</span> <span class='ocrx_word' id='word_1_179' title='bbox 808 1741 1037 1779; x_wconf 85' lang='lat' dir='ltr'>perceptorum</span> 
     </span>
     <span class='ocr_line' id='line_1_37' title="bbox 283 1789 1036 1829; baseline 0 -7"><span class='ocrx_word' id='word_1_180' title='bbox 283 1789 519 1822; x_wconf 88' lang='lat' dir='ltr'>restitutionem</span> <span class='ocrx_word' id='word_1_181' title='bbox 545 1795 703 1826; x_wconf 75' lang='lat' dir='ltr'>teneatur,</span> <span class='ocrx_word' id='word_1_182' title='bbox 724 1801 760 1822; x_wconf 85' lang='lat' dir='ltr'>ac</span> <span class='ocrx_word' id='word_1_183' title='bbox 782 1790 819 1822; x_wconf 87' lang='lat' dir='ltr'>ad</span> <span class='ocrx_word' id='word_1_184' title='bbox 841 1789 921 1822; x_wconf 83' lang='lat' dir='ltr'>viam</span> <span class='ocrx_word' id='word_1_185' title='bbox 945 1789 1036 1829; x_wconf 77' lang='lat' dir='ltr'>iuris,</span> 
     </span>
     <span class='ocr_line' id='line_1_38' title="bbox 282 1841 1037 1887; baseline 0 -12"><span class='ocrx_word' id='word_1_186' title='bbox 282 1841 377 1875; x_wconf 86' lang='lat' dir='ltr'>etiam</span> <span class='ocrx_word' id='word_1_187' title='bbox 393 1853 452 1887; x_wconf 92' lang='lat' dir='ltr'>per</span> <span class='ocrx_word' id='word_1_188' title='bbox 467 1842 588 1876; x_wconf 87' lang='lat' dir='ltr'>similes</span> <span class='ocrx_word' id='word_1_189' title='bbox 602 1853 756 1876; x_wconf 87' lang='lat' dir='ltr'>censuras</span> <span class='ocrx_word' id='word_1_190' title='bbox 773 1848 803 1876; x_wconf 88' lang='lat' dir='ltr'>et</span> <span class='ocrx_word' id='word_1_191' title='bbox 815 1853 946 1887; x_wconf 67' lang='lat' dir='ltr'>poenas,</span> <span class='ocrx_word' id='word_1_192' title='bbox 967 1844 1037 1886; x_wconf 62' lang='lat' dir='ltr'>cogi</span> 
     </span>
     <span class='ocr_line' id='line_1_39' title="bbox 283 1897 804 1941; baseline 0.002 -12"><span class='ocrx_word' id='word_1_193' title='bbox 283 1902 313 1929; x_wconf 89' lang='lat' dir='ltr'>et</span> <span class='ocrx_word' id='word_1_194' title='bbox 334 1897 486 1941; x_wconf 87' lang='lat' dir='ltr'>compelli</span> <span class='ocrx_word' id='word_1_195' title='bbox 507 1897 607 1941; x_wconf 89' lang='lat' dir='ltr'>possit</span> <span class='ocrx_word' id='word_1_196' title='bbox 627 1903 658 1930; x_wconf 88' lang='lat' dir='ltr'>et</span> <span class='ocrx_word' id='word_1_197' title='bbox 677 1897 804 1930; x_wconf 86' lang='lat' dir='ltr'>debeat.</span> 
     </span>
    </p>

    <p class='ocr_par' dir='ltr' id='par_1_6' title="bbox 284 1950 1041 2725">
     <span class='ocr_line' id='line_1_40' title="bbox 328 1950 1040 1994; baseline 0.001 -12"><span class='ocrx_word' id='word_1_198' title='bbox 328 1950 343 1991; x_wconf 76' lang='lat' dir='ltr'>Q</span> <span class='ocrx_word' id='word_1_199' title='bbox 368 1950 398 1982; x_wconf 91' lang='lat'>7.</span> <span class='ocrx_word' id='word_1_200' title='bbox 421 1950 972 1994; x_wconf 81' lang='lat' dir='ltr'>Districtiusinhibentesquilmsvis</span> <span class='ocrx_word' id='word_1_201' title='bbox 984 1951 1040 1983; x_wconf 68' lang='lat' dir='ltr'>Ca—</span> 
     </span>
     <span class='ocr_line' id='line_1_41' title="bbox 284 2004 1037 2049; baseline 0.003 -14"><span class='ocrx_word' id='word_1_202' title='bbox 284 2013 390 2036; x_wconf 87' lang='lat' dir='ltr'>merae</span> <span class='ocrx_word' id='word_1_203' title='bbox 412 2004 573 2047; x_wconf 77' lang='lat' dir='ltr'>praefatae</span> <span class='ocrx_word' id='word_1_204' title='bbox 594 2005 774 2049; x_wconf 87' lang='lat' dir='ltr'>spoliorum</span> <span class='ocrx_word' id='word_1_205' title='bbox 796 2005 1037 2045; x_wconf 84' lang='lat' dir='ltr'>collectoribus,</span> 
     </span>
     <span class='ocr_line' id='line_1_42' title="bbox 284 2058 1040 2102; baseline 0.001 -13"><span class='ocrx_word' id='word_1_206' title='bbox 284 2067 371 2090; x_wconf 85' lang='lat' dir='ltr'>nunc</span> <span class='ocrx_word' id='word_1_207' title='bbox 387 2062 418 2089; x_wconf 88' lang='lat' dir='ltr'>et</span> <span class='ocrx_word' id='word_1_208' title='bbox 437 2068 495 2101; x_wconf 91' lang='lat' dir='ltr'>pro</span> <span class='ocrx_word' id='word_1_209' title='bbox 512 2063 658 2102; x_wconf 83' lang='lat' dir='ltr'>tempore</span> <span class='ocrx_word' id='word_1_210' title='bbox 674 2058 895 2095; x_wconf 76' lang='lat' dir='ltr'>existentibus,</span> <span class='ocrx_word' id='word_1_211' title='bbox 914 2058 973 2090; x_wconf 85' lang='lat' dir='ltr'>sub</span> <span class='ocrx_word' id='word_1_212' title='bbox 994 2058 1040 2090; x_wconf 90' lang='lat' dir='ltr'>in-</span> 
     </span>
     <span class='ocr_line' id='line_1_43' title="bbox 284 2110 1039 2155; baseline 0 -12"><span class='ocrx_word' id='word_1_213' title='bbox 284 2110 479 2154; x_wconf 84' lang='lat' dir='ltr'>dignationis</span> <span class='ocrx_word' id='word_1_214' title='bbox 504 2118 644 2152; x_wconf 85' lang='lat' dir='ltr'>nostrae,</span> <span class='ocrx_word' id='word_1_215' title='bbox 672 2117 702 2144; x_wconf 85' lang='lat' dir='ltr'>ct</span> <span class='ocrx_word' id='word_1_216' title='bbox 723 2111 909 2155; x_wconf 72' lang='lat' dir='ltr'>privationis</span> <span class='ocrx_word' id='word_1_217' title='bbox 926 2123 1039 2144; x_wconf 87' lang='lat' dir='ltr'>eorum</span> 
     </span>
     <span class='ocr_line' id='line_1_44' title="bbox 285 2165 1039 2209; baseline 0.001 -12"><span class='ocrx_word' id='word_1_218' title='bbox 285 2165 467 2198; x_wconf 79' lang='lat' dir='ltr'>officiorum</span> <span class='ocrx_word' id='word_1_219' title='bbox 488 2177 604 2209; x_wconf 81' lang='lat' dir='ltr'>poena,</span> <span class='ocrx_word' id='word_1_220' title='bbox 619 2177 658 2199; x_wconf 88' lang='lat' dir='ltr'>ne</span> <span class='ocrx_word' id='word_1_221' title='bbox 674 2167 707 2199; x_wconf 91' lang='lat' dir='ltr'>in</span> <span class='ocrx_word' id='word_1_222' title='bbox 724 2165 923 2199; x_wconf 80' lang='lat' dir='ltr'>ornamentis</span> <span class='ocrx_word' id='word_1_223' title='bbox 939 2171 968 2198; x_wconf 86' lang='lat' dir='ltr'>et</span> <span class='ocrx_word' id='word_1_224' title='bbox 984 2177 1039 2209; x_wconf 88' lang='lat' dir='ltr'>pa-</span> 
     </span>
     <span class='ocr_line' id='line_1_45' title="bbox 286 2219 1040 2263; baseline 0.001 -12"><span class='ocrx_word' id='word_1_225' title='bbox 286 2219 451 2259; x_wconf 77' lang='lat' dir='ltr'>ramentis,</span> <span class='ocrx_word' id='word_1_226' title='bbox 470 2230 506 2252; x_wconf 89' lang='lat' dir='ltr'>ac</span> <span class='ocrx_word' id='word_1_227' title='bbox 527 2220 606 2252; x_wconf 85' lang='lat' dir='ltr'>vasis</span> <span class='ocrx_word' id='word_1_228' title='bbox 622 2226 652 2253; x_wconf 80' lang='lat' dir='ltr'>et</span> <span class='ocrx_word' id='word_1_229' title='bbox 668 2220 758 2253; x_wconf 87' lang='lat' dir='ltr'>libris</span> <span class='ocrx_word' id='word_1_230' title='bbox 779 2222 921 2263; x_wconf 74' lang='lat' dir='ltr'>praelato</span> <span class='ocrx_word' id='word_1_231' title='bbox 939 2220 1040 2252; x_wconf 82' lang='lat' dir='ltr'>cultui</span> 
     </span>
     <span class='ocr_line' id='line_1_46' title="bbox 285 2271 1038 2312; baseline 0.001 -8"><span class='ocrx_word' id='word_1_232' title='bbox 285 2271 393 2305; x_wconf 84' lang='lat' dir='ltr'>divino</span> <span class='ocrx_word' id='word_1_233' title='bbox 427 2272 551 2312; x_wconf 83' lang='lat' dir='ltr'>dicatis,</span> <span class='ocrx_word' id='word_1_234' title='bbox 574 2284 609 2305; x_wconf 81' lang='lat' dir='ltr'>ac</span> <span class='ocrx_word' id='word_1_235' title='bbox 644 2273 722 2306; x_wconf 77' lang='lat' dir='ltr'>alias</span> <span class='ocrx_word' id='word_1_236' title='bbox 747 2273 779 2305; x_wconf 91' lang='lat' dir='ltr'>in</span> <span class='ocrx_word' id='word_1_237' title='bbox 806 2274 902 2305; x_wconf 77' lang='lat' dir='ltr'>rebus</span> <span class='ocrx_word' id='word_1_238' title='bbox 928 2273 1038 2311; x_wconf 75' lang='lat' dir='ltr'>sacris,</span> 
     </span>
     <span class='ocr_line' id='line_1_47' title="bbox 286 2326 1039 2371; baseline 0.001 -13"><span class='ocrx_word' id='word_1_239' title='bbox 286 2337 414 2360; x_wconf 86' lang='lat' dir='ltr'>necnon</span> <span class='ocrx_word' id='word_1_240' title='bbox 446 2327 705 2370; x_wconf 79' lang='lat' dir='ltr'>supellectilibus</span> <span class='ocrx_word' id='word_1_241' title='bbox 728 2326 877 2371; x_wconf 77' lang='lat' dir='ltr'>praefatis</span> <span class='ocrx_word' id='word_1_242' title='bbox 906 2338 1039 2370; x_wconf 80' lang='lat' dir='ltr'>quomo-</span> 
     </span>
     <span class='ocr_line' id='line_1_48' title="bbox 285 2380 1040 2417; baseline 0.001 -6"><span class='ocrx_word' id='word_1_243' title='bbox 285 2380 407 2414; x_wconf 82' lang='lat' dir='ltr'>dolibet</span> <span class='ocrx_word' id='word_1_244' title='bbox 428 2392 460 2413; x_wconf 76' lang='lat' dir='ltr'>se</span> <span class='ocrx_word' id='word_1_245' title='bbox 482 2381 709 2417; x_wconf 82' lang='lat' dir='ltr'>intromittant,</span> <span class='ocrx_word' id='word_1_246' title='bbox 737 2392 796 2413; x_wconf 78' lang='lat' dir='ltr'>nec</span> <span class='ocrx_word' id='word_1_247' title='bbox 813 2380 844 2412; x_wconf 91' lang='lat' dir='ltr'>in</span> <span class='ocrx_word' id='word_1_248' title='bbox 861 2392 974 2413; x_wconf 83' lang='lat' dir='ltr'>corum</span> <span class='ocrx_word' id='word_1_249' title='bbox 992 2380 1040 2412; x_wconf 94' lang='lat' dir='ltr'>in-</span> 
     </span>
     <span class='ocr_line' id='line_1_49' title="bbox 286 2434 1040 2478; baseline -0.004 -11"><span class='ocrx_word' id='word_1_250' title='bbox 286 2434 436 2467; x_wconf 83' lang='lat' dir='ltr'>ventariis</span> <span class='ocrx_word' id='word_1_251' title='bbox 453 2440 617 2478; x_wconf 79' lang='lat' dir='ltr'>tamquam</span> <span class='ocrx_word' id='word_1_252' title='bbox 636 2434 737 2478; x_wconf 82' lang='lat' dir='ltr'>spolia</span> <span class='ocrx_word' id='word_1_253' title='bbox 753 2434 900 2475; x_wconf 69' lang='lat' dir='ltr'>redigant</span> <span class='ocrx_word' id='word_1_254' title='bbox 912 2444 967 2467; x_wconf 75' lang='lat' dir='ltr'>seu</span> <span class='ocrx_word' id='word_1_255' title='bbox 985 2434 1040 2466; x_wconf 70' lang='lat' dir='ltr'>tle-</span> 
     </span>
     <span class='ocr_line' id='line_1_50' title="bbox 287 2483 1039 2526; baseline 0.001 -12"><span class='ocrx_word' id='word_1_256' title='bbox 287 2483 447 2523; x_wconf 82' lang='lat' dir='ltr'>scribant,</span> <span class='ocrx_word' id='word_1_257' title='bbox 480 2484 532 2516; x_wconf 80' lang='lat' dir='ltr'>scd</span> <span class='ocrx_word' id='word_1_258' title='bbox 568 2488 757 2516; x_wconf 79' lang='lat' dir='ltr'>ornamenta</span> <span class='ocrx_word' id='word_1_259' title='bbox 790 2489 817 2515; x_wconf 85' lang='lat' dir='ltr'>et</span> <span class='ocrx_word' id='word_1_260' title='bbox 841 2489 1039 2526; x_wconf 64' lang='lat' dir='ltr'>patmuenta,</span> 
     </span>
     <span class='ocr_line' id='line_1_51' title="bbox 287 2532 1041 2576; baseline -0.003 -10"><span class='ocrx_word' id='word_1_261' title='bbox 287 2544 414 2567; x_wconf 84' lang='lat' dir='ltr'>necnon</span> <span class='ocrx_word' id='word_1_262' title='bbox 435 2545 506 2566; x_wconf 78' lang='lat' dir='ltr'>vasa</span> <span class='ocrx_word' id='word_1_263' title='bbox 527 2533 681 2571; x_wconf 74' lang='lat' dir='ltr'>etlibros,</span> <span class='ocrx_word' id='word_1_264' title='bbox 707 2533 832 2576; x_wconf 69' lang='lat' dir='ltr'>aliaqnti·</span> <span class='ocrx_word' id='word_1_265' title='bbox 849 2532 955 2565; x_wconf 79' lang='lat' dir='ltr'>&lt;livino</span> <span class='ocrx_word' id='word_1_266' title='bbox 972 2533 1041 2565; x_wconf 86' lang='lat' dir='ltr'>cnl-</span> 
     </span>
     <span class='ocr_line' id='line_1_52' title="bbox 287 2582 1040 2617; baseline -0.003 -2"><span class='ocrx_word' id='word_1_267' title='bbox 287 2583 332 2616; x_wconf 89' lang='lat' dir='ltr'>tui</span> <span class='ocrx_word' id='word_1_268' title='bbox 348 2583 454 2617; x_wconf 85' lang='lat' dir='ltr'>dicata</span> <span class='ocrx_word' id='word_1_269' title='bbox 468 2583 654 2616; x_wconf 85' lang='lat' dir='ltr'>huiusmodi</span> <span class='ocrx_word' id='word_1_270' title='bbox 672 2582 815 2615; x_wconf 84' lang='lat' dir='ltr'>ecclesiis</span> <span class='ocrx_word' id='word_1_271' title='bbox 833 2588 863 2614; x_wconf 78' lang='lat' dir='ltr'>et</span> <span class='ocrx_word' id='word_1_272' title='bbox 879 2587 1040 2614; x_wconf 80' lang='lat' dir='ltr'>monaste—</span> 
     </span>
     <span class='ocr_line' id='line_1_53' title="bbox 288 2630 1041 2676; baseline -0.004 -11"><span class='ocrx_word' id='word_1_273' title='bbox 288 2632 355 2673; x_wconf 86' lang='lat' dir='ltr'>riis,</span> <span class='ocrx_word' id='word_1_274' title='bbox 368 2633 523 2676; x_wconf 82' lang='lat' dir='ltr'>cappellis</span> <span class='ocrx_word' id='word_1_275' title='bbox 538 2638 567 2665; x_wconf 90' lang='lat' dir='ltr'>et</span> <span class='ocrx_word' id='word_1_276' title='bbox 583 2633 653 2665; x_wconf 80' lang='lat' dir='ltr'>aliis</span> <span class='ocrx_word' id='word_1_277' title='bbox 669 2631 834 2664; x_wconf 70' lang='lat' dir='ltr'>beneficiis</span> <span class='ocrx_word' id='word_1_278' title='bbox 846 2630 1041 2667; x_wconf 76' lang='lat' dir='ltr'>huiusmodi,</span> 
     </span>
     <span class='ocr_line' id='line_1_54' title="bbox 289 2680 1041 2725; baseline -0.004 -10"><span class='ocrx_word' id='word_1_279' title='bbox 289 2692 469 2725; x_wconf 74' lang='lat' dir='ltr'>eorumque</span> <span class='ocrx_word' id='word_1_280' title='bbox 491 2681 672 2715; x_wconf 78' lang='lat' dir='ltr'>rectoribus</span> <span class='ocrx_word' id='word_1_281' title='bbox 693 2688 720 2713; x_wconf 84' lang='lat' dir='ltr'>ct</span> <span class='ocrx_word' id='word_1_282' title='bbox 743 2680 813 2714; x_wconf 84' lang='lat' dir='ltr'>aliis</span> <span class='ocrx_word' id='word_1_283' title='bbox 835 2681 984 2724; x_wconf 71' lang='lat' dir='ltr'>praefatis</span> <span class='ocrx_word' id='word_1_284' title='bbox 1005 2681 1041 2713; x_wconf 89' lang='lat' dir='ltr'>li-</span> 
     </span>
    </p>
   </div>
   <div class='ocr_carea' id='block_1_6' title="bbox 111 2009 266 2031">
    <p class='ocr_par' dir='ltr' id='par_1_7' title="bbox 111 2009 266 2031">
     <span class='ocr_line' id='line_1_55' title="bbox 111 2009 266 2031; baseline 0.006 -1"><span class='ocrx_word' id='word_1_285' title='bbox 111 2009 209 2031; x_wconf 78' lang='lat' dir='ltr'>lnlnibitio</span> <span class='ocrx_word' id='word_1_286' title='bbox 218 2016 266 2031; x_wconf 75' lang='lat' dir='ltr'>con-</span> 
     </span>
    </p>
   </div>
   <div class='ocr_carea' id='block_1_7' title="bbox 959 280 1139 303">
    <p class='ocr_par' dir='ltr' id='par_1_8' title="bbox 959 280 1139 303">
     <span class='ocr_line' id='line_1_56' title="bbox 959 280 1139 303; baseline 0.006 -1"><span class='ocrx_word' id='word_1_287' title='bbox 959 280 1026 303; x_wconf 63' lang='lat' dir='ltr'>1³1th</span> <span class='ocrx_word' id='word_1_288' title='bbox 1051 281 1068 303; x_wconf 89' lang='lat' dir='ltr'>V</span> <span class='ocrx_word' id='word_1_289' title='bbox 1093 281 1139 303; x_wconf 74' lang='lat' dir='ltr'>Pr.</span> 
     </span>
    </p>
   </div>
   <div class='ocr_carea' id='block_1_8' title="bbox 1073 273 2039 2725">
    <p class='ocr_par' dir='ltr' id='par_1_9' title="bbox 1073 273 1828 538">
     <span class='ocr_line' id='line_1_57' title="bbox 1718 273 1776 305; baseline 0 0"><span class='ocrx_word' id='word_1_290' title='bbox 1718 273 1776 305; x_wconf 79' lang='lat' dir='ltr'>till</span> 
     </span>
     <span class='ocr_line' id='line_1_58' title="bbox 1073 333 1826 377; baseline 0.004 -12"><span class='ocrx_word' id='word_1_291' title='bbox 1073 333 1150 366; x_wconf 85' lang='lat' dir='ltr'>bere</span> <span class='ocrx_word' id='word_1_292' title='bbox 1175 333 1345 367; x_wconf 85' lang='lat' dir='ltr'>admittant</span> <span class='ocrx_word' id='word_1_293' title='bbox 1368 340 1393 365; x_wconf 85' lang='lat' dir='ltr'>et</span> <span class='ocrx_word' id='word_1_294' title='bbox 1423 334 1627 377; x_wconf 76' lang='lat' dir='ltr'>consignent.</span> <span class='ocrx_word' id='word_1_295' title='bbox 1654 345 1690 367; x_wconf 86' lang='lat' dir='ltr'>ac</span> <span class='ocrx_word' id='word_1_296' title='bbox 1720 336 1826 368; x_wconf 90' lang='lat' dir='ltr'>consi-</span> 
     </span>
     <span class='ocr_line' id='line_1_59' title="bbox 1073 387 1826 432; baseline 0.003 -13"><span class='ocrx_word' id='word_1_297' title='bbox 1073 387 1164 429; x_wconf 76' lang='lat' dir='ltr'>gnari</span> <span class='ocrx_word' id='word_1_298' title='bbox 1186 387 1301 420; x_wconf 87' lang='lat' dir='ltr'>saciant</span> <span class='ocrx_word' id='word_1_299' title='bbox 1327 398 1401 421; x_wconf 87' lang='lat' dir='ltr'>cum</span> <span class='ocrx_word' id='word_1_300' title='bbox 1423 388 1557 428; x_wconf 81' lang='lat' dir='ltr'>effectu,</span> <span class='ocrx_word' id='word_1_301' title='bbox 1580 400 1617 421; x_wconf 90' lang='lat' dir='ltr'>ac</span> <span class='ocrx_word' id='word_1_302' title='bbox 1642 389 1826 432; x_wconf 89' lang='lat' dir='ltr'>supellecti-</span> 
     </span>
     <span class='ocr_line' id='line_1_60' title="bbox 1074 440 1828 484; baseline 0.004 -12"><span class='ocrx_word' id='word_1_303' title='bbox 1074 440 1115 473; x_wconf 87' lang='lat' dir='ltr'>lia</span> <span class='ocrx_word' id='word_1_304' title='bbox 1124 441 1300 484; x_wconf 76' lang='lat' dir='ltr'>praedicta.</span> <span class='ocrx_word' id='word_1_305' title='bbox 1325 442 1354 473; x_wconf 90' lang='lat' dir='ltr'>in</span> <span class='ocrx_word' id='word_1_306' title='bbox 1377 441 1464 478; x_wconf 79' lang='lat' dir='ltr'>locis,</span> <span class='ocrx_word' id='word_1_307' title='bbox 1480 442 1534 475; x_wconf 88' lang='lat' dir='ltr'>ubi</span> <span class='ocrx_word' id='word_1_308' title='bbox 1551 442 1764 483; x_wconf 72' lang='lat' dir='ltr'>constiterint,</span> <span class='ocrx_word' id='word_1_309' title='bbox 1780 455 1828 475; x_wconf 71' lang='lat' dir='ltr'>re-</span> 
     </span>
     <span class='ocr_line' id='line_1_61' title="bbox 1074 494 1235 538; baseline 0.012 -12"><span class='ocrx_word' id='word_1_310' title='bbox 1074 494 1235 538; x_wconf 86' lang='lat' dir='ltr'>linquant.</span> 
     </span>
    </p>

    <p class='ocr_par' dir='ltr' id='par_1_10' title="bbox 1074 550 2027 1027">
     <span class='ocr_line' id='line_1_62' title="bbox 1118 550 2027 596; baseline 0.001 -12"><span class='ocrx_word' id='word_1_311' title='bbox 1118 553 1132 593; x_wconf 69' lang='lat' dir='ltr'>,Q</span> <span class='ocrx_word' id='word_1_312' title='bbox 1153 551 1183 584; x_wconf 83' lang='lat'>8.</span> <span class='ocrx_word' id='word_1_313' title='bbox 1198 550 1463 585; x_wconf 84' lang='lat' dir='ltr'>Acdecernentes</span> <span class='ocrx_word' id='word_1_314' title='bbox 1474 551 1828 596; x_wconf 72' lang='lat' dir='ltr'>sic,inprzemissisom-</span> <span class='ocrx_word' id='word_1_315' title='bbox 1871 566 1982 587; x_wconf 62' lang='lat' dir='ltr'>nemean..</span> <span class='ocrx_word' id='word_1_316' title='bbox 2000 567 2027 586; x_wconf 47' lang='lat' dir='ltr'>s.»</span> 
     </span>
     <span class='ocr_line' id='line_1_63' title="bbox 1074 599 1920 650; baseline 0.006 -15"><span class='ocrx_word' id='word_1_317' title='bbox 1074 604 1169 636; x_wconf 87' lang='lat' dir='ltr'>nibus</span> <span class='ocrx_word' id='word_1_318' title='bbox 1183 610 1212 636; x_wconf 86' lang='lat' dir='ltr'>et</span> <span class='ocrx_word' id='word_1_319' title='bbox 1232 604 1377 647; x_wconf 70' lang='lat' dir='ltr'>singulis,</span> <span class='ocrx_word' id='word_1_320' title='bbox 1397 617 1454 650; x_wconf 88' lang='lat' dir='ltr'>per</span> <span class='ocrx_word' id='word_1_321' title='bbox 1469 616 1693 650; x_wconf 88' lang='lat' dir='ltr'>quoscumque</span> <span class='ocrx_word' id='word_1_322' title='bbox 1707 606 1829 640; x_wconf 83' lang='lat' dir='ltr'>iudices</span> <span class='ocrx_word' id='word_1_323' title='bbox 1845 599 1920 618; x_wconf 45' lang='lat'>&#39;5¹³⁸</span> 
     </span>
     <span class='ocr_line' id='line_1_64' title="bbox 1075 658 1828 703; baseline 0.004 -12"><span class='ocrx_word' id='word_1_324' title='bbox 1075 664 1105 691; x_wconf 87' lang='lat' dir='ltr'>et</span> <span class='ocrx_word' id='word_1_325' title='bbox 1125 658 1381 699; x_wconf 70' lang='lat' dir='ltr'>commissarios,</span> <span class='ocrx_word' id='word_1_326' title='bbox 1404 659 1514 703; x_wconf 78' lang='lat' dir='ltr'>quavis</span> <span class='ocrx_word' id='word_1_327' title='bbox 1540 660 1730 694; x_wconf 84' lang='lat' dir='ltr'>auctoritate</span> <span class='ocrx_word' id='word_1_328' title='bbox 1756 662 1828 694; x_wconf 77' lang='lat' dir='ltr'>t&#39;un-</span> 
     </span>
     <span class='ocr_line' id='line_1_65' title="bbox 1074 713 1830 760; baseline 0.008 -16"><span class='ocrx_word' id='word_1_329' title='bbox 1074 718 1196 755; x_wconf 76' lang='lat' dir='ltr'>gentes,</span> <span class='ocrx_word' id='word_1_330' title='bbox 1219 713 1344 746; x_wconf 86' lang='lat' dir='ltr'>sublata</span> <span class='ocrx_word' id='word_1_331' title='bbox 1365 713 1409 746; x_wconf 79' lang='lat' dir='ltr'>eis</span> <span class='ocrx_word' id='word_1_332' title='bbox 1430 720 1459 747; x_wconf 78' lang='lat' dir='ltr'>et</span> <span class='ocrx_word' id='word_1_333' title='bbox 1475 725 1588 748; x_wconf 86' lang='lat' dir='ltr'>eorum</span> <span class='ocrx_word' id='word_1_334' title='bbox 1603 715 1734 749; x_wconf 81' lang='lat' dir='ltr'>cuilibet</span> <span class='ocrx_word' id='word_1_335' title='bbox 1753 728 1830 760; x_wconf 82' lang='lat' dir='ltr'>qua-</span> 
     </span>
     <span class='ocr_line' id='line_1_66' title="bbox 1075 766 1831 812; baseline 0.008 -14"><span class='ocrx_word' id='word_1_336' title='bbox 1075 766 1119 799; x_wconf 89' lang='lat' dir='ltr'>vis</span> <span class='ocrx_word' id='word_1_337' title='bbox 1138 766 1231 799; x_wconf 76' lang='lat' dir='ltr'>aliter</span> <span class='ocrx_word' id='word_1_338' title='bbox 1247 766 1409 800; x_wconf 81' lang='lat' dir='ltr'>indicandi</span> <span class='ocrx_word' id='word_1_339' title='bbox 1430 773 1459 801; x_wconf 90' lang='lat' dir='ltr'>et</span> <span class='ocrx_word' id='word_1_340' title='bbox 1480 767 1711 812; x_wconf 85' lang='lat' dir='ltr'>interpretandi</span> <span class='ocrx_word' id='word_1_341' title='bbox 1732 772 1831 804; x_wconf 86' lang='lat' dir='ltr'>sacul-</span> 
     </span>
     <span class='ocr_line' id='line_1_67' title="bbox 1076 821 1831 859; baseline 0.011 -8"><span class='ocrx_word' id='word_1_342' title='bbox 1076 825 1138 852; x_wconf 85' lang='lat' dir='ltr'>tate</span> <span class='ocrx_word' id='word_1_343' title='bbox 1157 826 1187 853; x_wconf 91' lang='lat' dir='ltr'>et</span> <span class='ocrx_word' id='word_1_344' title='bbox 1207 821 1411 857; x_wconf 79' lang='lat' dir='ltr'>auctoritate,</span> <span class='ocrx_word' id='word_1_345' title='bbox 1435 822 1571 855; x_wconf 86' lang='lat' dir='ltr'>iudicari</span> <span class='ocrx_word' id='word_1_346' title='bbox 1586 829 1616 856; x_wconf 87' lang='lat' dir='ltr'>et</span> <span class='ocrx_word' id='word_1_347' title='bbox 1636 823 1762 858; x_wconf 86' lang='lat' dir='ltr'>definiri</span> <span class='ocrx_word' id='word_1_348' title='bbox 1776 826 1831 859; x_wconf 88' lang='lat' dir='ltr'>de-</span> 
     </span>
     <span class='ocr_line' id='line_1_68' title="bbox 1076 874 1831 921; baseline 0.004 -15"><span class='ocrx_word' id='word_1_349' title='bbox 1076 874 1165 913; x_wconf 81' lang='lat' dir='ltr'>bere,</span> <span class='ocrx_word' id='word_1_350' title='bbox 1187 885 1224 906; x_wconf 82' lang='lat' dir='ltr'>ac</span> <span class='ocrx_word' id='word_1_351' title='bbox 1243 874 1371 907; x_wconf 89' lang='lat' dir='ltr'>irritum</span> <span class='ocrx_word' id='word_1_352' title='bbox 1391 881 1422 908; x_wconf 88' lang='lat' dir='ltr'>et</span> <span class='ocrx_word' id='word_1_353' title='bbox 1442 875 1536 909; x_wconf 88' lang='lat' dir='ltr'>inane</span> <span class='ocrx_word' id='word_1_354' title='bbox 1558 877 1714 921; x_wconf 86' lang='lat' dir='ltr'>quicquid</span> <span class='ocrx_word' id='word_1_355' title='bbox 1739 890 1831 912; x_wconf 78' lang='lat' dir='ltr'>secus</span> 
     </span>
     <span class='ocr_line' id='line_1_69' title="bbox 1076 928 1829 973; baseline 0.008 -13"><span class='ocrx_word' id='word_1_356' title='bbox 1076 938 1174 971; x_wconf 89' lang='lat' dir='ltr'>super</span> <span class='ocrx_word' id='word_1_357' title='bbox 1195 928 1232 960; x_wconf 93' lang='lat' dir='ltr'>iis</span> <span class='ocrx_word' id='word_1_358' title='bbox 1251 939 1269 960; x_wconf 92' lang='lat' dir='ltr'>a</span> <span class='ocrx_word' id='word_1_359' title='bbox 1288 939 1464 972; x_wconf 74' lang='lat' dir='ltr'>quoquam,</span> <span class='ocrx_word' id='word_1_360' title='bbox 1485 930 1597 973; x_wconf 83' lang='lat' dir='ltr'>quavis</span> <span class='ocrx_word' id='word_1_361' title='bbox 1625 932 1829 969; x_wconf 77' lang='lat' dir='ltr'>auctoritate,</span> 
     </span>
     <span class='ocr_line' id='line_1_70' title="bbox 1076 981 1829 1027; baseline 0.009 -14"><span class='ocrx_word' id='word_1_362' title='bbox 1076 981 1215 1014; x_wconf 88' lang='lat' dir='ltr'>scienter</span> <span class='ocrx_word' id='word_1_363' title='bbox 1222 981 1267 1014; x_wconf 86' lang='lat' dir='ltr'>vel</span> <span class='ocrx_word' id='word_1_364' title='bbox 1278 981 1475 1024; x_wconf 73' lang='lat' dir='ltr'>ignoranter,</span> <span class='ocrx_word' id='word_1_365' title='bbox 1487 983 1657 1027; x_wconf 76' lang='lat' dir='ltr'>contigerit</span> <span class='ocrx_word' id='word_1_366' title='bbox 1668 987 1829 1020; x_wconf 86' lang='lat' dir='ltr'>attentari.</span> 
     </span>
    </p>

    <p class='ocr_par' dir='ltr' id='par_1_11' title="bbox 1076 1035 2031 2209">
     <span class='ocr_line' id='line_1_71' title="bbox 1121 1035 2031 1078; baseline 0.008 -10"><span class='ocrx_word' id='word_1_367' title='bbox 1121 1035 1135 1077; x_wconf 73' lang='lat' dir='ltr'>Q</span> <span class='ocrx_word' id='word_1_368' title='bbox 1152 1035 1183 1068; x_wconf 74' lang='grc'>9.</span> <span class='ocrx_word' id='word_1_369' title='bbox 1207 1036 1364 1074; x_wconf 78' lang='lat' dir='ltr'>Quocirca</span> <span class='ocrx_word' id='word_1_370' title='bbox 1382 1036 1506 1070; x_wconf 83' lang='lat' dir='ltr'>dilectis</span> <span class='ocrx_word' id='word_1_371' title='bbox 1526 1038 1641 1072; x_wconf 78' lang='lat' dir='ltr'>Curiae</span> <span class='ocrx_word' id='word_1_372' title='bbox 1660 1050 1831 1073; x_wconf 86' lang='lat' dir='ltr'>causarum</span> <span class='ocrx_word' id='word_1_373' title='bbox 1892 1057 2031 1078; x_wconf 52' lang='lat' dir='ltr'>smmum</span> 
     </span>
     <span class='ocr_line' id='line_1_72' title="bbox 1076 1085 2031 1141; baseline 0.007 -24"><span class='ocrx_word' id='word_1_374' title='bbox 1076 1085 1229 1118; x_wconf 81' lang='lat' dir='ltr'>Gamerae</span> <span class='ocrx_word' id='word_1_375' title='bbox 1249 1086 1453 1129; x_wconf 77' lang='lat' dir='ltr'>Apostolicac</span> <span class='ocrx_word' id='word_1_376' title='bbox 1473 1088 1615 1129; x_wconf 78' lang='lat' dir='ltr'>generali</span> <span class='ocrx_word' id='word_1_377' title='bbox 1636 1089 1787 1130; x_wconf 88' lang='lat' dir='ltr'>auditori,</span> <span class='ocrx_word' id='word_1_378' title='bbox 1804 1096 1830 1123; x_wconf 89' lang='lat' dir='ltr'>et</span> <span class='ocrx_word' id='word_1_379' title='bbox 1848 1089 1955 1141; x_wconf 45' lang='lat' dir='ltr'>‘ff‘fiffi&#39;j‘’</span> <span class='ocrx_word' id='word_1_380' title='bbox 1972 1092 1992 1108; x_wconf 67' lang='lat'>⁰¹</span> <span class='ocrx_word' id='word_1_381' title='bbox 2004 1088 2031 1107; x_wconf 63' lang='lat'>‘⁴‘</span> 
     </span>
     <span class='ocr_line' id='line_1_73' title="bbox 1077 1127 1945 1181; baseline 0.008 -10"><span class='ocrx_word' id='word_1_382' title='bbox 1077 1139 1211 1181; x_wconf 74' lang='lat' dir='ltr'>singulis</span> <span class='ocrx_word' id='word_1_383' title='bbox 1236 1140 1382 1172; x_wconf 81' lang='lat' dir='ltr'>locorum</span> <span class='ocrx_word' id='word_1_384' title='bbox 1404 1139 1587 1181; x_wconf 84' lang='lat' dir='ltr'>ordinariis,</span> <span class='ocrx_word' id='word_1_385' title='bbox 1610 1153 1647 1175; x_wconf 86' lang='lat' dir='ltr'>ac</span> <span class='ocrx_word' id='word_1_386' title='bbox 1676 1144 1831 1178; x_wconf 88' lang='lat' dir='ltr'>maiorem</span> <span class='ocrx_word' id='word_1_387' title='bbox 1847 1127 1872 1141; x_wconf 36' lang='lat' dir='ltr'>(u</span> <span class='ocrx_word' id='word_1_388' title='bbox 1893 1128 1902 1140; x_wconf 29' lang='grc' dir='ltr'>Α</span> <span class='ocrx_word' id='word_1_389' title='bbox 1942 1137 1945 1139; x_wconf 51' lang='grc'><strong>’</strong></span> 
     </span>
     <span class='ocr_line' id='line_1_74' title="bbox 1077 1193 1834 1237; baseline 0.008 -12"><span class='ocrx_word' id='word_1_390' title='bbox 1077 1193 1265 1236; x_wconf 75' lang='lat' dir='ltr'>dignitatem</span> <span class='ocrx_word' id='word_1_391' title='bbox 1287 1199 1359 1237; x_wconf 87' lang='lat' dir='ltr'>post</span> <span class='ocrx_word' id='word_1_392' title='bbox 1384 1194 1602 1237; x_wconf 81' lang='lat' dir='ltr'>pontificalem</span> <span class='ocrx_word' id='word_1_393' title='bbox 1625 1195 1657 1228; x_wconf 91' lang='lat' dir='ltr'>in</span> <span class='ocrx_word' id='word_1_394' title='bbox 1678 1197 1834 1231; x_wconf 82' lang='lat' dir='ltr'>universis</span> 
     </span>
     <span class='ocr_line' id='line_1_75' title="bbox 1077 1246 1834 1294; baseline 0.007 -15"><span class='ocrx_word' id='word_1_395' title='bbox 1077 1246 1221 1279; x_wconf 77' lang='lat' dir='ltr'>ecclesiis</span> <span class='ocrx_word' id='word_1_396' title='bbox 1251 1247 1490 1281; x_wconf 83' lang='lat' dir='ltr'>cathedralibus</span> <span class='ocrx_word' id='word_1_397' title='bbox 1517 1254 1547 1280; x_wconf 92' lang='lat' dir='ltr'>et</span> <span class='ocrx_word' id='word_1_398' title='bbox 1576 1251 1834 1294; x_wconf 84' lang='lat' dir='ltr'>metropolitanis</span> 
     </span>
     <span class='ocr_line' id='line_1_76' title="bbox 1077 1301 1832 1347; baseline 0.007 -15"><span class='ocrx_word' id='word_1_399' title='bbox 1077 1311 1136 1344; x_wconf 91' lang='lat' dir='ltr'>pro</span> <span class='ocrx_word' id='word_1_400' title='bbox 1157 1306 1302 1344; x_wconf 88' lang='lat' dir='ltr'>tempore</span> <span class='ocrx_word' id='word_1_401' title='bbox 1319 1301 1554 1341; x_wconf 86' lang='lat' dir='ltr'>obtinentibus,</span> <span class='ocrx_word' id='word_1_402' title='bbox 1578 1314 1636 1346; x_wconf 90' lang='lat' dir='ltr'>per</span> <span class='ocrx_word' id='word_1_403' title='bbox 1657 1304 1832 1347; x_wconf 84' lang='lat' dir='ltr'>apostolica</span> 
     </span>
     <span class='ocr_line' id='line_1_77' title="bbox 1078 1354 1834 1401; baseline 0.007 -15"><span class='ocrx_word' id='word_1_404' title='bbox 1078 1354 1209 1398; x_wconf 73' lang='lat' dir='ltr'>scripta,</span> <span class='ocrx_word' id='word_1_405' title='bbox 1233 1360 1323 1388; x_wconf 90' lang='lat' dir='ltr'>motu</span> <span class='ocrx_word' id='word_1_406' title='bbox 1344 1355 1451 1394; x_wconf 80' lang='lat' dir='ltr'>simili,</span> <span class='ocrx_word' id='word_1_407' title='bbox 1471 1356 1662 1390; x_wconf 82' lang='lat' dir='ltr'>mandamus</span> <span class='ocrx_word' id='word_1_408' title='bbox 1674 1363 1834 1401; x_wconf 78' lang='lat' dir='ltr'>quatenus</span> 
     </span>
     <span class='ocr_line' id='line_1_78' title="bbox 1079 1407 1834 1454; baseline 0.007 -15"><span class='ocrx_word' id='word_1_409' title='bbox 1079 1407 1139 1450; x_wconf 81' lang='lat' dir='ltr'>ipsi</span> <span class='ocrx_word' id='word_1_410' title='bbox 1159 1408 1204 1440; x_wconf 87' lang='lat' dir='ltr'>vel</span> <span class='ocrx_word' id='word_1_411' title='bbox 1227 1408 1290 1441; x_wconf 72' lang='lat' dir='ltr'>(luo</span> <span class='ocrx_word' id='word_1_412' title='bbox 1316 1414 1371 1441; x_wconf 83' lang='lat' dir='ltr'>aut</span> <span class='ocrx_word' id='word_1_413' title='bbox 1397 1419 1479 1442; x_wconf 86' lang='lat' dir='ltr'>nnus</span> <span class='ocrx_word' id='word_1_414' title='bbox 1506 1420 1631 1450; x_wconf 84' lang='lat' dir='ltr'>eorum,</span> <span class='ocrx_word' id='word_1_415' title='bbox 1650 1416 1834 1454; x_wconf 81' lang='lat' dir='ltr'>praesentes</span> 
     </span>
     <span class='ocr_line' id='line_1_79' title="bbox 1079 1461 1833 1507; baseline 0.005 -14"><span class='ocrx_word' id='word_1_416' title='bbox 1079 1461 1187 1495; x_wconf 86' lang='lat' dir='ltr'>literas</span> <span class='ocrx_word' id='word_1_417' title='bbox 1200 1468 1230 1495; x_wconf 85' lang='lat' dir='ltr'>et</span> <span class='ocrx_word' id='word_1_418' title='bbox 1245 1462 1275 1494; x_wconf 91' lang='lat' dir='ltr'>in</span> <span class='ocrx_word' id='word_1_419' title='bbox 1287 1463 1337 1496; x_wconf 73' lang='lat' dir='ltr'>,eis</span> <span class='ocrx_word' id='word_1_420' title='bbox 1348 1468 1499 1496; x_wconf 88' lang='lat' dir='ltr'>contenta</span> <span class='ocrx_word' id='word_1_421' title='bbox 1519 1474 1756 1507; x_wconf 81' lang='lat' dir='ltr'>quaecumque,</span> <span class='ocrx_word' id='word_1_422' title='bbox 1780 1465 1833 1497; x_wconf 84' lang='lat' dir='ltr'>ubi</span> 
     </span>
     <span class='ocr_line' id='line_1_80' title="bbox 1079 1516 1833 1562; baseline 0.005 -16"><span class='ocrx_word' id='word_1_423' title='bbox 1079 1521 1109 1547; x_wconf 81' lang='lat' dir='ltr'>et</span> <span class='ocrx_word' id='word_1_424' title='bbox 1129 1516 1259 1558; x_wconf 85' lang='lat' dir='ltr'>quando</span> <span class='ocrx_word' id='word_1_425' title='bbox 1280 1527 1363 1560; x_wconf 85' lang='lat' dir='ltr'>opus</span> <span class='ocrx_word' id='word_1_426' title='bbox 1384 1516 1492 1558; x_wconf 83' lang='lat' dir='ltr'>suerit,</span> <span class='ocrx_word' id='word_1_427' title='bbox 1514 1517 1640 1560; x_wconf 85' lang='lat' dir='ltr'>quoties</span> <span class='ocrx_word' id='word_1_428' title='bbox 1665 1529 1723 1561; x_wconf 92' lang='lat' dir='ltr'>pro</span> <span class='ocrx_word' id='word_1_429' title='bbox 1745 1525 1833 1562; x_wconf 73' lang='lat' dir='ltr'>parte</span> 
     </span>
     <span class='ocr_line' id='line_1_81' title="bbox 1079 1571 1834 1615; baseline 0.005 -13"><span class='ocrx_word' id='word_1_430' title='bbox 1079 1580 1364 1615; x_wconf 81' lang='lat' dir='ltr'>quorumcumque</span> <span class='ocrx_word' id='word_1_431' title='bbox 1400 1571 1432 1604; x_wconf 92' lang='lat' dir='ltr'>in</span> <span class='ocrx_word' id='word_1_432' title='bbox 1461 1571 1645 1615; x_wconf 85' lang='lat' dir='ltr'>praemissis</span> <span class='ocrx_word' id='word_1_433' title='bbox 1680 1572 1834 1606; x_wconf 87' lang='lat' dir='ltr'>interesse</span> 
     </span>
     <span class='ocr_line' id='line_1_82' title="bbox 1079 1623 1834 1670; baseline 0.005 -14"><span class='ocrx_word' id='word_1_434' title='bbox 1079 1623 1282 1665; x_wconf 83' lang='lat' dir='ltr'>habentium,</span> <span class='ocrx_word' id='word_1_435' title='bbox 1305 1630 1340 1657; x_wconf 87' lang='lat' dir='ltr'>ut</span> <span class='ocrx_word' id='word_1_436' title='bbox 1365 1625 1558 1668; x_wconf 83' lang='lat' dir='ltr'>praefertur,</span> <span class='ocrx_word' id='word_1_437' title='bbox 1582 1625 1701 1659; x_wconf 89' lang='lat' dir='ltr'>suerint</span> <span class='ocrx_word' id='word_1_438' title='bbox 1724 1627 1834 1670; x_wconf 87' lang='lat' dir='ltr'>requi-</span> 
     </span>
     <span class='ocr_line' id='line_1_83' title="bbox 1080 1677 1834 1724; baseline 0.003 -13"><span class='ocrx_word' id='word_1_439' title='bbox 1080 1677 1143 1719; x_wconf 87' lang='lat' dir='ltr'>siti,</span> <span class='ocrx_word' id='word_1_440' title='bbox 1182 1679 1371 1712; x_wconf 86' lang='lat' dir='ltr'>solemniter</span> <span class='ocrx_word' id='word_1_441' title='bbox 1404 1679 1623 1723; x_wconf 75' lang='lat' dir='ltr'>publicantes,</span> <span class='ocrx_word' id='word_1_442' title='bbox 1658 1680 1770 1724; x_wconf 89' lang='lat' dir='ltr'>eisque</span> <span class='ocrx_word' id='word_1_443' title='bbox 1803 1680 1834 1713; x_wconf 93' lang='lat' dir='ltr'>in</span> 
     </span>
     <span class='ocr_line' id='line_1_84' title="bbox 1081 1732 1835 1778; baseline 0.004 -14"><span class='ocrx_word' id='word_1_444' title='bbox 1081 1732 1266 1776; x_wconf 86' lang='lat' dir='ltr'>praemissis</span> <span class='ocrx_word' id='word_1_445' title='bbox 1286 1733 1427 1766; x_wconf 87' lang='lat' dir='ltr'>efficacis</span> <span class='ocrx_word' id='word_1_446' title='bbox 1447 1733 1642 1767; x_wconf 84' lang='lat' dir='ltr'>defensionis</span> <span class='ocrx_word' id='word_1_447' title='bbox 1674 1734 1835 1778; x_wconf 86' lang='lat' dir='ltr'>praesidio</span> 
     </span>
     <span class='ocr_line' id='line_1_85' title="bbox 1080 1787 1837 1832; baseline 0.004 -13"><span class='ocrx_word' id='word_1_448' title='bbox 1080 1787 1275 1827; x_wconf 83' lang='lat' dir='ltr'>assistentes,</span> <span class='ocrx_word' id='word_1_449' title='bbox 1298 1787 1415 1820; x_wconf 84' lang='lat' dir='ltr'>faciant</span> <span class='ocrx_word' id='word_1_450' title='bbox 1434 1787 1624 1821; x_wconf 88' lang='lat' dir='ltr'>auctoritate</span> <span class='ocrx_word' id='word_1_451' title='bbox 1636 1794 1745 1821; x_wconf 82' lang='lat' dir='ltr'>nostra</span> <span class='ocrx_word' id='word_1_452' title='bbox 1756 1799 1837 1832; x_wconf 63' lang='lat' dir='ltr'>prae-</span> 
     </span>
     <span class='ocr_line' id='line_1_86' title="bbox 1080 1841 1836 1887; baseline 0.004 -14"><span class='ocrx_word' id='word_1_453' title='bbox 1080 1846 1185 1874; x_wconf 87' lang='lat' dir='ltr'>sentes</span> <span class='ocrx_word' id='word_1_454' title='bbox 1204 1841 1312 1874; x_wconf 88' lang='lat' dir='ltr'>literas</span> <span class='ocrx_word' id='word_1_455' title='bbox 1332 1847 1361 1875; x_wconf 90' lang='lat' dir='ltr'>et</span> <span class='ocrx_word' id='word_1_456' title='bbox 1383 1841 1414 1874; x_wconf 92' lang='lat' dir='ltr'>in</span> <span class='ocrx_word' id='word_1_457' title='bbox 1433 1842 1478 1875; x_wconf 88' lang='lat' dir='ltr'>eis</span> <span class='ocrx_word' id='word_1_458' title='bbox 1496 1847 1647 1875; x_wconf 87' lang='lat' dir='ltr'>contenta</span> <span class='ocrx_word' id='word_1_459' title='bbox 1661 1854 1836 1887; x_wconf 83' lang='lat' dir='ltr'>quaecum-</span> 
     </span>
     <span class='ocr_line' id='line_1_87' title="bbox 1080 1894 1837 1940; baseline 0.004 -14"><span class='ocrx_word' id='word_1_460' title='bbox 1080 1905 1142 1937; x_wconf 84' lang='lat' dir='ltr'>que</span> <span class='ocrx_word' id='word_1_461' title='bbox 1162 1894 1298 1928; x_wconf 85' lang='lat' dir='ltr'>firmiter</span> <span class='ocrx_word' id='word_1_462' title='bbox 1322 1895 1496 1937; x_wconf 76' lang='lat' dir='ltr'>observari,</span> <span class='ocrx_word' id='word_1_463' title='bbox 1523 1907 1560 1929; x_wconf 88' lang='lat' dir='ltr'>ac</span> <span class='ocrx_word' id='word_1_464' title='bbox 1580 1896 1734 1939; x_wconf 76' lang='lat' dir='ltr'>singulos,</span> <span class='ocrx_word' id='word_1_465' title='bbox 1756 1907 1837 1940; x_wconf 80' lang='lat' dir='ltr'>quos</span> 
     </span>
     <span class='ocr_line' id='line_1_88' title="bbox 1082 1948 1836 1994; baseline 0.004 -14"><span class='ocrx_word' id='word_1_466' title='bbox 1082 1948 1191 1981; x_wconf 87' lang='lat' dir='ltr'>literae</span> <span class='ocrx_word' id='word_1_467' title='bbox 1227 1948 1315 1992; x_wconf 85' lang='lat' dir='ltr'>ipsae</span> <span class='ocrx_word' id='word_1_468' title='bbox 1349 1955 1569 1990; x_wconf 88' lang='lat' dir='ltr'>concernunt,</span> <span class='ocrx_word' id='word_1_469' title='bbox 1608 1950 1670 1983; x_wconf 90' lang='lat' dir='ltr'>illis</span> <span class='ocrx_word' id='word_1_470' title='bbox 1701 1951 1836 1994; x_wconf 82' lang='lat' dir='ltr'>pacifice</span> 
     </span>
     <span class='ocr_line' id='line_1_89' title="bbox 1081 2002 1839 2049; baseline 0.004 -15"><span class='ocrx_word' id='word_1_471' title='bbox 1081 2002 1234 2044; x_wconf 76' lang='lat' dir='ltr'>gaudere,</span> <span class='ocrx_word' id='word_1_472' title='bbox 1270 2013 1334 2036; x_wconf 93' lang='lat' dir='ltr'>non</span> <span class='ocrx_word' id='word_1_473' title='bbox 1370 2003 1590 2047; x_wconf 86' lang='lat' dir='ltr'>permittentes</span> <span class='ocrx_word' id='word_1_474' title='bbox 1625 2014 1679 2037; x_wconf 87' lang='lat' dir='ltr'>eos</span> <span class='ocrx_word' id='word_1_475' title='bbox 1699 2005 1839 2049; x_wconf 87' lang='lat' dir='ltr'>desuper</span> 
     </span>
     <span class='ocr_line' id='line_1_90' title="bbox 1081 2056 1836 2098; baseline 0.003 -10"><span class='ocrx_word' id='word_1_476' title='bbox 1081 2056 1325 2098; x_wconf 88' lang='lat' dir='ltr'>quomodolibet</span> <span class='ocrx_word' id='word_1_477' title='bbox 1345 2057 1485 2090; x_wconf 84' lang='lat' dir='ltr'>indebite</span> <span class='ocrx_word' id='word_1_478' title='bbox 1506 2057 1681 2090; x_wconf 84' lang='lat' dir='ltr'>molestari.</span> <span class='ocrx_word' id='word_1_479' title='bbox 1703 2057 1836 2091; x_wconf 90' lang='lat' dir='ltr'>Contra-</span> 
     </span>
     <span class='ocr_line' id='line_1_91' title="bbox 1082 2109 1836 2155; baseline 0.001 -13"><span class='ocrx_word' id='word_1_480' title='bbox 1082 2109 1221 2143; x_wconf 86' lang='lat' dir='ltr'>dictores</span> <span class='ocrx_word' id='word_1_481' title='bbox 1249 2111 1438 2144; x_wconf 87' lang='lat' dir='ltr'>auctoritate</span> <span class='ocrx_word' id='word_1_482' title='bbox 1469 2117 1588 2151; x_wconf 76' lang='lat' dir='ltr'>nostra,</span> <span class='ocrx_word' id='word_1_483' title='bbox 1621 2110 1836 2155; x_wconf 84' lang='lat' dir='ltr'>appellatione</span> 
     </span>
     <span class='ocr_line' id='line_1_92' title="bbox 1082 2163 1539 2209; baseline 0.002 -14"><span class='ocrx_word' id='word_1_484' title='bbox 1082 2163 1270 2207; x_wconf 87' lang='lat' dir='ltr'>postposita,</span> <span class='ocrx_word' id='word_1_485' title='bbox 1292 2165 1539 2209; x_wconf 63' lang='lat' dir='ltr'>compescendo⁴</span> 
     </span>
    </p>

    <p class='ocr_par' dir='ltr' id='par_1_12' title="bbox 1082 2217 2039 2725">
     <span class='ocr_line' id='line_1_93' title="bbox 1127 2217 2039 2262; baseline 0.003 -12"><span class='ocrx_word' id='word_1_486' title='bbox 1127 2218 1141 2260; x_wconf 76' lang='lat' dir='ltr'>Q</span> <span class='ocrx_word' id='word_1_487' title='bbox 1162 2217 1214 2251; x_wconf 84' lang='lat' dir='ltr'>to.</span> <span class='ocrx_word' id='word_1_488' title='bbox 1238 2218 1307 2252; x_wconf 79' lang='lat' dir='ltr'>Non</span> <span class='ocrx_word' id='word_1_489' title='bbox 1328 2219 1530 2252; x_wconf 88' lang='lat' dir='ltr'>obstantibus</span> <span class='ocrx_word' id='word_1_490' title='bbox 1546 2219 1731 2262; x_wconf 87' lang='lat' dir='ltr'>apostolicis</span> <span class='ocrx_word' id='word_1_491' title='bbox 1751 2230 1787 2252; x_wconf 87' lang='lat' dir='ltr'>ac</span> <span class='ocrx_word' id='word_1_492' title='bbox 1805 2219 1837 2252; x_wconf 91' lang='lat' dir='ltr'>in</span> <span class='ocrx_word' id='word_1_493' title='bbox 1880 2226 2039 2248; x_wconf 60' lang='lat' dir='ltr'>cumulame-</span> 
     </span>
     <span class='ocr_line' id='line_1_94' title="bbox 1084 2262 1982 2317; baseline 0.003 -14"><span class='ocrx_word' id='word_1_494' title='bbox 1084 2271 1334 2314; x_wconf 86' lang='lat' dir='ltr'>provincialibus</span> <span class='ocrx_word' id='word_1_495' title='bbox 1355 2279 1385 2306; x_wconf 89' lang='lat' dir='ltr'>et</span> <span class='ocrx_word' id='word_1_496' title='bbox 1395 2273 1602 2317; x_wconf 66' lang='lat' dir='ltr'>synodalibus</span> <span class='ocrx_word' id='word_1_497' title='bbox 1616 2273 1762 2306; x_wconf 84' lang='lat' dir='ltr'>conciliis</span> <span class='ocrx_word' id='word_1_498' title='bbox 1774 2273 1838 2306; x_wconf 90' lang='lat' dir='ltr'>edi·</span> <span class='ocrx_word' id='word_1_499' title='bbox 1856 2262 1982 2284; x_wconf 50' lang='lat' dir='ltr'>‘mmm</span> 
     </span>
     <span class='ocr_line' id='line_1_95' title="bbox 1083 2326 1837 2370; baseline 0.005 -13"><span class='ocrx_word' id='word_1_500' title='bbox 1083 2326 1132 2362; x_wconf 76' lang='lat' dir='ltr'>tis,</span> <span class='ocrx_word' id='word_1_501' title='bbox 1156 2326 1362 2368; x_wconf 81' lang='lat' dir='ltr'>generalibus</span> <span class='ocrx_word' id='word_1_502' title='bbox 1383 2328 1430 2359; x_wconf 83' lang='lat' dir='ltr'>vel</span> <span class='ocrx_word' id='word_1_503' title='bbox 1451 2326 1658 2370; x_wconf 86' lang='lat' dir='ltr'>specialibus,</span> <span class='ocrx_word' id='word_1_504' title='bbox 1682 2327 1837 2361; x_wconf 88' lang='lat' dir='ltr'>constitu-</span> 
     </span>
     <span class='ocr_line' id='line_1_96' title="bbox 1082 2378 1838 2418; baseline 0.004 -7"><span class='ocrx_word' id='word_1_505' title='bbox 1082 2378 1224 2412; x_wconf 87' lang='lat' dir='ltr'>tionibus</span> <span class='ocrx_word' id='word_1_506' title='bbox 1245 2385 1274 2413; x_wconf 86' lang='lat' dir='ltr'>et</span> <span class='ocrx_word' id='word_1_507' title='bbox 1291 2381 1562 2418; x_wconf 76' lang='lat' dir='ltr'>ordinationibus,</span> <span class='ocrx_word' id='word_1_508' title='bbox 1586 2391 1713 2414; x_wconf 87' lang='lat' dir='ltr'>necnon</span> <span class='ocrx_word' id='word_1_509' title='bbox 1734 2381 1838 2415; x_wconf 86' lang='lat' dir='ltr'>eccle-</span> 
     </span>
     <span class='ocr_line' id='line_1_97' title="bbox 1083 2433 1839 2476; baseline 0.003 -11"><span class='ocrx_word' id='word_1_510' title='bbox 1083 2433 1203 2466; x_wconf 89' lang='lat' dir='ltr'>siarum</span> <span class='ocrx_word' id='word_1_511' title='bbox 1224 2439 1254 2467; x_wconf 89' lang='lat' dir='ltr'>ct</span> <span class='ocrx_word' id='word_1_512' title='bbox 1274 2435 1546 2467; x_wconf 73' lang='lat' dir='ltr'>monasteriorum</span> <span class='ocrx_word' id='word_1_513' title='bbox 1568 2435 1768 2476; x_wconf 84' lang='lat' dir='ltr'>huiusmodi,</span> <span class='ocrx_word' id='word_1_514' title='bbox 1794 2435 1839 2467; x_wconf 86' lang='lat' dir='ltr'>iu-</span> 
     </span>
     <span class='ocr_line' id='line_1_98' title="bbox 1084 2483 1839 2528; baseline 0.004 -14"><span class='ocrx_word' id='word_1_515' title='bbox 1084 2490 1241 2522; x_wconf 77' lang='lat' dir='ltr'>ramento,</span> <span class='ocrx_word' id='word_1_516' title='bbox 1258 2484 1480 2517; x_wconf 82' lang='lat' dir='ltr'>cofirmatione</span> <span class='ocrx_word' id='word_1_517' title='bbox 1498 2483 1674 2527; x_wconf 87' lang='lat' dir='ltr'>apostolica</span> <span class='ocrx_word' id='word_1_518' title='bbox 1691 2485 1738 2517; x_wconf 86' lang='lat' dir='ltr'>vel</span> <span class='ocrx_word' id='word_1_519' title='bbox 1763 2495 1839 2528; x_wconf 82' lang='lat' dir='ltr'>qua-</span> 
     </span>
     <span class='ocr_line' id='line_1_99' title="bbox 1083 2532 1841 2571; baseline 0.001 -8"><span class='ocrx_word' id='word_1_520' title='bbox 1083 2532 1126 2564; x_wconf 89' lang='lat' dir='ltr'>vis</span> <span class='ocrx_word' id='word_1_521' title='bbox 1157 2532 1307 2566; x_wconf 74' lang='lat' dir='ltr'>firmitate</span> <span class='ocrx_word' id='word_1_522' title='bbox 1341 2532 1402 2565; x_wconf 88' lang='lat' dir='ltr'>alia</span> <span class='ocrx_word' id='word_1_523' title='bbox 1439 2533 1617 2571; x_wconf 78' lang='lat' dir='ltr'>roboratis,</span> <span class='ocrx_word' id='word_1_524' title='bbox 1653 2533 1778 2567; x_wconf 86' lang='lat' dir='ltr'>statutis</span> <span class='ocrx_word' id='word_1_525' title='bbox 1811 2540 1841 2565; x_wconf 68' lang='lat' dir='ltr'>et</span> 
     </span>
     <span class='ocr_line' id='line_1_100' title="bbox 1084 2581 1837 2621; baseline 0 -7"><span class='ocrx_word' id='word_1_526' title='bbox 1084 2581 1395 2618; x_wconf 74' lang='lat' dir='ltr'>consuetudinilms,</span> <span class='ocrx_word' id='word_1_527' title='bbox 1437 2583 1641 2616; x_wconf 75' lang='lat' dir='ltr'>facultatibus</span> <span class='ocrx_word' id='word_1_528' title='bbox 1682 2583 1837 2621; x_wconf 76' lang='lat' dir='ltr'>testandi,</span> 
     </span>
     <span class='ocr_line' id='line_1_101' title="bbox 1084 2631 1839 2675; baseline 0.003 -13"><span class='ocrx_word' id='word_1_529' title='bbox 1084 2631 1218 2674; x_wconf 85' lang='lat' dir='ltr'>aliisque</span> <span class='ocrx_word' id='word_1_530' title='bbox 1240 2631 1423 2675; x_wconf 71' lang='lat' dir='ltr'>privilegiis,</span> <span class='ocrx_word' id='word_1_531' title='bbox 1449 2631 1580 2665; x_wconf 83' lang='lat' dir='ltr'>indultis</span> <span class='ocrx_word' id='word_1_532' title='bbox 1595 2638 1623 2665; x_wconf 88' lang='lat' dir='ltr'>et</span> <span class='ocrx_word' id='word_1_533' title='bbox 1645 2631 1745 2665; x_wconf 84' lang='lat' dir='ltr'>literis</span> <span class='ocrx_word' id='word_1_534' title='bbox 1761 2642 1839 2675; x_wconf 88' lang='lat' dir='ltr'>apo-</span> 
     </span>
     <span class='ocr_line' id='line_1_102' title="bbox 1085 2681 1841 2725; baseline 0 -13"><span class='ocrx_word' id='word_1_535' title='bbox 1085 2681 1215 2714; x_wconf 65' lang='lat' dir='ltr'>stolicis,</span> <span class='ocrx_word' id='word_1_536' title='bbox 1254 2681 1418 2723; x_wconf 69' lang='lat' dir='ltr'>quibusvis</span> <span class='ocrx_word' id='word_1_537' title='bbox 1448 2682 1625 2718; x_wconf 60' lang='lat' dir='ltr'>concessis,</span> <span class='ocrx_word' id='word_1_538' title='bbox 1655 2681 1841 2725; x_wconf 66' lang='lat' dir='ltr'>approbatis</span> 
     </span>
    </p>
   </div>
   <div class='ocr_carea' id='block_1_9' title="bbox 1849 280 2026 308">
    <p class='ocr_par' dir='ltr' id='par_1_13' title="bbox 1849 280 2026 308">
     <span class='ocr_line' id='line_1_103' title="bbox 1849 280 2026 308; baseline -0.011 0"><span class='ocrx_word' id='word_1_539' title='bbox 1849 282 1896 308; x_wconf 74' lang='lat' dir='ltr'>An.</span> <span class='ocrx_word' id='word_1_540' title='bbox 1917 280 1946 307; x_wconf 72' lang='grc' dir='ltr'>(ἶ.</span> <span class='ocrx_word' id='word_1_541' title='bbox 1961 282 2026 308; x_wconf 69' lang='grc'>1567</span> 
     </span>
    </p>
   </div>
  </div>
 </body>
</html>
