2237 3100
0 0 1 19 1
18 7 22 11 .

0 143 1 163 l

0 172 1 189 l

0 191 64 289 imi.
82 262 111 289 c.
131 261 193 289 1571
894 260 960 285 mus
980 261 998 284 v
1018 259 1065 284 Pr.

0 298 1 349 l
213 311 384 346 ordinariis
403 312 589 351 obtinenda,
613 313 806 345 secularium
838 314 963 346 conses-

1652 249 1716 283 939
1775 260 1824 286 An.
1843 261 1872 287 c.
1893 261 1956 288 um

1007 313 1109 353 nium,
1132 323 1273 356 quorum
1309 313 1451 349 interest,
1483 312 1626 345 notitiam
1657 313 1759 346 dedu-
1803 320 1958 348 formnpubfi-

1775 353 1843 372 cnudi.

82 636 195 662 Derogauo

15 669 172 690 contrariorum.

212 368 317 400 siones
332 366 444 399 audire
459 371 676 410 praesumant.
697 366 910 400 Deceruentes
924 367 964 399 ir-

213 421 310 453 ritum
332 424 362 452 et
382 419 487 459 inane,
505 420 530 452 si
547 430 639 452 secus
659 430 757 462 super
776 420 825 453 liis
844 431 861 452 a
882 431 964 463 quo-

212 483 320 516 quam,
332 472 441 515 quavis
461 472 664 511 auctoritate,
674 472 811 505 scienter
821 473 868 505 vel
876 472 965 515 igno-

214 531 330 565 ranter,
357 526 527 569 eontigerit
548 526 709 558 attentari.

255 579 319 622 §4
342 579 412 612 Non
445 578 647 612 obstantibus
680 578 965 611 constitutionibus

212 637 242 665 et
261 632 521 665 ordinationibus
536 630 720 674 apostolicis
730 641 767 663 ac
784 631 901 663 nostris
917 630 965 663 lit-

212 685 288 718 teris
308 685 479 729 praedietis
493 689 523 717 et
542 684 611 717 aliis
632 688 741 727 postea
754 684 965 727 quibuscum-

210 749 273 780 que
294 738 496 780 regularibus
513 737 674 770 concessis
690 742 720 770 et
732 737 838 769 forsan
859 742 965 770 exten-

211 790 264 831 sis,
286 802 375 834 quas,
392 791 498 834 quoad
515 801 551 823 ea
565 801 647 833 quae
668 789 893 833 praesentibus
908 791 964 822 ad-

209 850 377 878 versantur
392 850 423 877 et
437 845 689 883 contrariantur‚
707 843 836 887 penitus
849 849 879 876 et
894 854 964 876 om-

209 898 286 931 nino
307 908 507 938 revocamus,
530 908 693 930 cassamus
722 901 752 929 et
786 896 962 931 irritamus:

210 942 631 985 necnon*monasteriorum
653 956 683 983 et
707 951 847 983 aliorum
869 961 964 993 regu-

210 1006 328 1039 larium
362 1006 510 1038 locorum
549 1015 586 1037 ac
620 1004 776 1037 Ordinum
805 1014 964 1047 quorum-

210 1070 363 1104 cumque,
382 1059 477 1092 etiam
499 1059 694 1097 iuramento,
718 1057 964 1091 confirmatione

210 1113 388 1158 apostolica
407 1114 454 1146 vel
476 1112 586 1155 quavis
607 1112 758 1145 firmitate
790 1111 851 1144 alia
872 1111 966 1144 robo-

210 1167 298 1207 ratis,
335 1166 459 1200 statutis
480 1171 511 1198 et
531 1164 840 1200 consuetudinibus:
865 1163 964 1208 privi-

210 1220 302 1263 legiis
321 1230 465 1263 quoque,
492 1218 625 1251 indultis
645 1224 675 1250 et
695 1218 808 1250 litteris
833 1224 964 1261 aposto-

210 1273 292 1314 licis,
314 1273 409 1306 etiam
429 1272 517 1305 Mari
536 1271 653 1314 Maqno
669 1282 725 1304 seu
746 1271 842 1303 Balla
856 1271 965 1304 Aurea

210 1332 265 1360 aut
283 1326 362 1360 alias
382 1325 588 1369 nuncupatis,
611 1324 778 1368 quibusvis
803 1330 964 1357 monaste-

210 1380 266 1413 riis
280 1385 310 1413 et
321 1379 525 1423 regularibus
534 1377 622 1418 locis,
635 1378 694 1411 sub
704 1377 965 1421 quibuscumque

210 1433 377 1466 tenoribus
411 1438 441 1465 et
461 1432 584 1471 formis,
613 1442 649 1464 ac
683 1441 757 1463 eum
786 1431 963 1474 quibusvis,

211 1487 307 1520 etiam
327 1485 605 1530 derogatoriarum
633 1484 845 1527 derogatoriis
879 1484 965 1517 aliis-

211 1551 273 1585 que
304 1539 540 1573 esticacioribus
560 1543 590 1572 et
614 1537 764 1577 insolitis,
791 1537 964 1577 clausulis,

211 1604 341 1627 necnon
356 1593 555 1627 irritantibus
567 1598 597 1625 et
616 1592 686 1625 aliis
706 1591 853 1631 decretis,
871 1591 967 1625 etiam

212 1654 303 1681 motu
333 1647 466 1691 proprio
488 1652 518 1680 et
538 1658 575 1679 ex
609 1651 696 1679 certa
716 1645 850 1678 scientia
871 1656 907 1678 ac
928 1645 966 1677 de

211 1701 408 1745 apostolicae
418 1700 584 1745 potestatis
594 1698 808 1743 plenitudine,
824 1703 879 1731 aut
890 1697 968 1731 alias

211 1754 458 1798 quomodolibet
477 1753 638 1787 concessis
658 1763 695 1785 ac
729 1752 824 1784 etiam
847 1751 968 1784 iteratis

212 1808 334 1844 vicibus
367 1803 566 1852 approbatis
586 1812 616 1839 et
644 1805 816 1845 innovatis,
850 1804 968 1848 quibus

211 1863 374 1903 omnibus,
394 1861 490 1895 etiam
511 1860 548 1899 si,
568 1870 626 1902 pro
648 1860 779 1892 illorum
797 1858 967 1891 sufficienti

212 1916 434 1960 derogatione,
462 1915 499 1947 de
520 1913 583 1946 illis
612 1923 792 1956 eorumque
829 1912 901 1945 totis
922 1917 968 1944 te.—

213 1970 350 2005 noribus
370 1968 536 2013 specialis,
571 1967 734 2011 specifica,
767 1976 918 2010 expressa
939 1972 969 1999 et

214 2024 377 2058 individua
408 2033 444 2055 ac
473 2022 511 2055 de
539 2021 636 2055 verbo
658 2021 696 2053 ad
730 2021 876 2059 verbum,
905 2031 969 2053 non

213 2083 320 2111 autem
347 2088 404 2121 per
425 2077 586 2110 clausulas
612 2075 780 2119 generales
801 2075 885 2107 idem
908 2075 968 2107 im-

215 2136 391 2176 portantes‚
414 2130 533 2163 mentio
555 2140 611 2162 seu
623 2128 754 2172 quaevis
766 2128 827 2160 alia
840 2137 969 2170 expres-

215 2185 262 2219 sio
282 2184 440 2225 habenda,
461 2189 516 2217 aut
546 2182 655 2226 aliqua
676 2181 835 2224 exquisita
869 2182 970 2213 forma

216 2239 371 2272 servanda
401 2244 495 2277 esset,
517 2242 646 2269 tenores
666 2234 866 2274 huiusmodi,
889 2245 926 2266 ac
946 2233 971 2266 si

216 2292 254 2326 de
273 2292 369 2325 verbo
386 2291 425 2324 ad
438 2290 584 2329 verbum,
601 2289 680 2322 nihil
695 2287 822 2332 penitus
838 2286 968 2326 omisso,

217 2351 246 2379 et
266 2346 369 2378 forma
390 2344 423 2377 in
443 2344 506 2376 illis
526 2343 640 2375 tradita
661 2342 838 2379 observata,
862 2339 972 2372 inserti

215 2399 332 2438 forent,
355 2396 578 2440 praesentibus
600 2405 657 2438 pro
693 2393 890 2426 sufficienter
919 2403 971 2424 ex-

216 2446 336 2492 pressis
355 2445 522 2484 habentes‚
546 2444 608 2476 illis
629 2444 707 2475 alias
723 2443 755 2475 in
776 2452 834 2475 suo
856 2441 972 2494 robore

206 2493 451 2539 permansuris,
473 2494 534 2526 hac
554 2493 621 2525 vice
642 2492 825 2530 dumtaxat,
847 2500 972 2533 specta-

216 2544 290 2576 liter
319 2547 350 2575 et
374 2552 521 2585 expresse
555 2541 768 2583 derogamus,
804 2537 974 2572 contrariis

217 2592 491 2636 quibuscumque.

262 2643 277 2683 {t
296 2640 326 2674 5.
346 2641 382 2675 Ut
395 2645 502 2674 autem
519 2644 703 2683 praesentes
715 2638 841 2672 litterae
852 2638 891 2671 ad
905 2648 975 2672 orn-

1006 372 1132 406 cantur,
1169 378 1228 400 nec
1261 365 1378 408 aliquis
1412 376 1524 399 earum
1546 366 1760 408 ignorantiam

1006 419 1218 461 praetendere
1253 424 1306 451 aut
1336 423 1445 451 contra
1478 429 1531 451 eas
1556 429 1588 451 se
1609 430 1761 452 excusare

1006 472 1118 511 valeat,
1141 471 1224 504 dicta
1246 471 1437 505 auctoritate
1463 471 1635 504 statuimus
1655 478 1685 505 et
1705 474 1760 506 de-

1007 524 1171 557 cernimus
1206 530 1239 557 ut
1260 525 1417 567 ipsaemet
1443 524 1567 558 litterae
1580 525 1627 557 vel
1648 536 1760 558 earum

1006 581 1245 620 transumptum
1267 577 1298 610 in
1327 577 1476 610 basilicae
1500 577 1659 621 Principis
1687 589 1762 622 apo-

1007 630 1163 662 stolorum
1178 630 1216 663 de
1233 631 1330 672 Urbe,
1349 631 1379 664 S
1402 631 1528 664 Ioannis
1540 631 1763 666 Lateranensis

1007 693 1043 714 ac
1064 681 1283 728 Cancellariae
1303 684 1505 726 Apostolicae
1532 684 1638 725 valvis,
1666 696 1702 718 ac
1728 686 1761 718 in

1007 735 1075 767 acie
1092 735 1203 778 Campi
1224 736 1335 769 Florae
1357 748 1414 779 per
1434 737 1559 780 aliquos
1579 748 1615 770 ex
1649 748 1762 771 curso-

1008 787 1097 820 ribus
1117 789 1234 822 nostris
1252 790 1471 832 publicentur,
1490 801 1602 823 earum
1615 792 1763 835 exemplo

1008 841 1038 873 in
1059 841 1194 884 singulis
1214 843 1309 875 valvis
1340 848 1370 876 et
1390 843 1457 876 acie
1479 843 1653 887 praedictis
1669 844 1762 878 affixo

1007 896 1037 923 et
1052 890 1194 924 dimisso.

1051 940 1065 982 ξ
1087 939 1117 972 6.
1146 940 1277 980 Verum,
1300 941 1375 985 quia
1396 941 1524 975 difficile
1546 944 1627 975 foret
1642 947 1699 976 etc.

1051 993 1136 1025 Nulli
1158 1004 1233 1036 ergo
1255 999 1311 1027 etc.

1050 1046 1165 1078 Datum
1187 1047 1306 1080 Romae
1340 1048 1425 1091 apud
1446 1049 1597 1082 Sanctum
1617 1050 1758 1087 Petrum,

1007 1110 1091 1132 anno
1123 1100 1356 1134 lncarnationis
1376 1101 1557 1135 dominicae
1590 1103 1761 1137 millesimo

1007 1152 1266 1196 quingentesimo
1288 1154 1526 1197 septuagesimo
1556 1156 1682 1199 primo,
1706 1167 1761 1190 oc-

1007 1210 1077 1238 tavo
1113 1205 1184 1238 idus
1232 1207 1376 1249 augusti,
1410 1207 1616 1251 pontificatus
1662 1210 1761 1243 nostri

1007 1269 1092 1292 anno
1112 1269 1153 1291 Vl.

1048 1316 1110 1346 Dat.
1127 1317 1173 1347 die
1191 1318 1208 1347 t}
1226 1318 1343 1356 augusti
1359 1319 1446 1357 1571,
1464 1319 1567 1359 pontif.
1588 1329 1664 1350 aimo
1681 1329 1720 1350 Vi.

1342 1507 1438 1541 CCIV.

1008 1584 1178 1617 Retinet-aio
1198 1594 1409 1626 reyressuum,
1428 1581 1608 1617 accesseat'm
1624 1590 1653 1617 et
1674 1587 1763 1618 ooadss

1052 1638 1247 1669 interiorum
1282 1638 1530 1681 quibuscumque
1550 1639 1593 1671 ud
1612 1639 1765 1682 beneficia

1052 1690 1265 1723 ecclesiastica
1288 1701 1508 1723 concessartmt
1530 1691 1556 1724 ¹.

1097 1771 1159 1799 Pius
1178 1771 1320 1806 episcopus
1344 1778 1439 1800 servus
1455 1778 1596 1800 servorum
1615 1772 1676 1805 Dei,

1177 1825 1210 1852 acl
1230 1824 1355 1852 suturam
1374 1825 1414 1853 rei
1434 1825 1602 1854 memoriam.

1055 1896 1190 1929 Romani
1223 1896 1388 1929 Pontificis
1409 1897 1609 1940 providentia
1630 1897 1767 1931 circum-

1011 1954 1119 1993 specta
1145 1960 1391 1994 nonnmnquam
1423 1956 1511 1993 gesta
1545 1961 1603 1994 per
1630 1951 1766 1994 praede-

1011 2013 1155 2036 cessores
1187 2014 1272 2045 suos,
1296 2004 1541 2037 rationabilibus
1568 2009 1599 2037 et
1626 2004 1768 2038 honestis

1012 2057 1222 2090 suadentibus
1238 2058 1354 2097 causis,
1369 2059 1557 2091 moderatur
1576 2063 1607 2091 et
1627 2064 1765 2098 revocat,

1012 2115 1109 2153 prout
1128 2110 1159 2144 id
1180 2112 1391 2145 ecelesiarum
1415 2111 1619 2145 indemnitati
1637 2112 1767 2156 conspi-

1013 2164 1055 2196 cit
1075 2164 1107 2196 in
1128 2165 1263 2198 Domino
1285 2166 1446 2209 expedire.

1058 2217 1072 2259 ξ
1093 2217 1124 2250 l.
1147 2218 1228 2251 Hine
1248 2223 1294 2251 est
1313 2219 1400 2262 quod
1421 2228 1490 2259 nos,
1522 2219 1665 2252 volentes
1696 2229 1766 2251 om-

1013 2280 1087 2303 nem
1112 2271 1361 2305 haereditariam
1393 2271 1628 2305 beneficiorum
1666 2272 1769 2306 eccle-

1014 2323 1217 2358 siasticorum
1238 2325 1475 2359 successionem
1491 2325 1530 2357 de
1549 2324 1692 2358 Ecclesia
1712 2325 1767 2359 Dei

1015 2377 1138 2418 tollere⁷
1159 2389 1196 2412 ac
1227 2379 1366 2412 libertati
1395 2378 1632 2412 beneficiorum
1652 2378 1766 2411 huius-

1015 2430 1102 2462 modi
1131 2432 1311 2474 providere,
1335 2437 1364 2465 et
1383 2437 1420 2464 ut
1439 2432 1479 2464 de
1509 2441 1646 2474 persona
1666 2431 1768 2475 magis

1014 2483 1085 2516 utili
1106 2489 1137 2517 et
1156 2483 1284 2525 idonea,
1307 2489 1404 2528 prout
1424 2484 1620 2527 requiritur,
1642 2484 1768 2518 facilius

1038 2555 1265 2583 ¹Pr0hibitionem
1279 2563 1342 2582 vero
1353 2555 1386 2582 de
1396 2561 1483 2583 cetero
1494 2563 1616 2583 accessus
1628 2559 1654 2583 et
1665 2563 1769 2591 regres-

1015 2609 1061 2629 sus
1084 2600 1257 2633 concedendi,
1274 2599 1436 2627 extendendi
1456 2605 1503 2627 aut
1516 2600 1704 2633 transterendi,
1717 2599 1768 2627 ha-

1016 2646 1092 2674 besin
1103 2645 1196 2674 concil.
1207 2644 1445 2678 Trid.,sess.xxv‚
1459 2646 1494 2672 De
1511 2644 1636 2679 Reform„
1648 2653 1706 2681 cap.
1718 2652 1766 2672 vn.

1805 958 1866 980 Fides

1777 991 1853 1017 numptl

1902 962 1962 979 ΠΕΠ-

1808 1920 1928 1941 Exordium.

1810 2230 1925 2251 Revoeauo
1936 2236 1968 2252 re-

1783 2266 1899 2287 gressuum.
1907 2265 1970 2289 atquo

1784 2292 1964 2313 coadiutortarum

1784 2332 1934 2348 concessarum
1944 2328 1969 2348 ed

1784 2357 1888 2378 beneficia
1933 2364 1968 2378 su-

1783 2393 1821 2415 per
1839 2388 1913 2415 quibu·
1936 2389 1972 2409 lit-

1784 2422 1842 2440 terae
1883 2422 1969 2446 aposto-

1783 2449 1837 2470 licae
1857 2450 1969 2475 integrali-

1783 2482 1816 2501 ter
1864 2480 1969 2507 expeditas

1783 2516 1825 2532 uon
1841 2510 1934 2532 luerunt.
