<?xml version="1.0" encoding="UTF-8"?>
<!DOCTYPE html PUBLIC "-//W3C//DTD XHTML 1.0 Transitional//EN"
    "http://www.w3.org/TR/xhtml1/DTD/xhtml1-transitional.dtd">
<html xmlns="http://www.w3.org/1999/xhtml" xml:lang="en" lang="en">
 <head>
  <title>
</title>
<meta http-equiv="Content-Type" content="text/html;charset=utf-8" />
  <meta name='ocr-system' content='tesseract 3.04.00' />
  <meta name='ocr-capabilities' content='ocr_page ocr_carea ocr_par ocr_line ocrx_word'/>
</head>
<body>
  <div class='ocr_page' id='page_1' title='image "./bullarumdiplomat07cath_0395.png"; bbox 0 0 2237 3100; ppageno 0'>
   <div class='ocr_carea' id='block_1_1' title="bbox 76 240 260 268">
    <p class='ocr_par' dir='ltr' id='par_1_1' title="bbox 76 240 260 268">
     <span class='ocr_line' id='line_1_1' title="bbox 76 240 260 268; baseline 0 -1"><span class='ocrx_word' id='word_1_1' title='bbox 76 241 126 267; x_wconf 79' lang='lat' dir='ltr'>An.</span> <span class='ocrx_word' id='word_1_2' title='bbox 144 241 173 268; x_wconf 88' lang='lat' dir='ltr'>C.</span> <span class='ocrx_word' id='word_1_3' title='bbox 194 240 260 267; x_wconf 75' lang='lat'><strong>¹565</strong></span> 
     </span>
    </p>
   </div>
   <div class='ocr_carea' id='block_1_2' title="bbox 75 668 263 818">
    <p class='ocr_par' dir='ltr' id='par_1_2' title="bbox 75 668 263 818">
     <span class='ocr_line' id='line_1_2' title="bbox 128 668 260 689; baseline 0 0"><span class='ocrx_word' id='word_1_4' title='bbox 128 668 260 689; x_wconf 75' lang='lat' dir='ltr'>Etoctionem</span> 
     </span>
     <span class='ocr_line' id='line_1_3' title="bbox 76 699 261 726; baseline 0.005 -7"><span class='ocrx_word' id='word_1_5' title='bbox 76 699 102 719; x_wconf 77' lang='lat' dir='ltr'>M.</span> <span class='ocrx_word' id='word_1_6' title='bbox 118 701 212 726; x_wconf 74' lang='lat' dir='ltr'><strong>magistri</strong></span> <span class='ocrx_word' id='word_1_7' title='bbox 237 700 261 720; x_wconf 76' lang='lat' dir='ltr'>ad</span> 
     </span>
     <span class='ocr_line' id='line_1_4' title="bbox 76 733 263 751; baseline -0.005 0"><span class='ocrx_word' id='word_1_8' title='bbox 76 733 204 751; x_wconf 77' lang='lat' dir='ltr'>conventum</span> <span class='ocrx_word' id='word_1_9' title='bbox 241 734 263 751; x_wconf 84' lang='lat' dir='ltr'>et</span> 
     </span>
     <span class='ocr_line' id='line_1_5' title="bbox 75 762 262 788; baseline 0.005 -6"><span class='ocrx_word' id='word_1_10' title='bbox 75 762 154 782; x_wconf 82' lang='lat' dir='ltr'>milites</span> <span class='ocrx_word' id='word_1_11' title='bbox 164 764 262 788; x_wconf 74' lang='lat' dir='ltr'>npectare</span> 
     </span>
     <span class='ocr_line' id='line_1_6' title="bbox 75 793 180 818; baseline 0 -5"><span class='ocrx_word' id='word_1_12' title='bbox 75 793 180 818; x_wconf 63' lang='lat' dir='ltr'>dccci-niu</span> 
     </span>
    </p>
   </div>
   <div class='ocr_carea' id='block_1_3' title="bbox 73 1899 260 1988">
    <p class='ocr_par' dir='ltr' id='par_1_3' title="bbox 73 1899 260 1988">
     <span class='ocr_line' id='line_1_7' title="bbox 99 1899 260 1926; baseline 0.006 -6"><span class='ocrx_word' id='word_1_13' title='bbox 99 1899 159 1921; x_wconf 79' lang='lat' dir='ltr'>Sedis</span> <span class='ocrx_word' id='word_1_14' title='bbox 180 1901 260 1926; x_wconf 82' lang='lat' dir='ltr'>princi-</span> 
     </span>
     <span class='ocr_line' id='line_1_8' title="bbox 73 1932 260 1958; baseline 0.005 -7"><span class='ocrx_word' id='word_1_15' title='bbox 73 1932 127 1958; x_wconf 70' lang='lat' dir='ltr'>pali!</span> <span class='ocrx_word' id='word_1_16' title='bbox 138 1932 260 1952; x_wconf 79' lang='lat' dir='ltr'>translatio-</span> 
     </span>
     <span class='ocr_line' id='line_1_9' title="bbox 73 1963 245 1988; baseline 0.006 -6"><span class='ocrx_word' id='word_1_17' title='bbox 73 1967 122 1983; x_wconf 84' lang='lat' dir='ltr'>nem</span> <span class='ocrx_word' id='word_1_18' title='bbox 138 1963 245 1988; x_wconf 56' lang='lat' dir='ltr'>comedin</span> 
     </span>
    </p>
   </div>
   <div class='ocr_carea' id='block_1_4' title="bbox 72 2219 260 2303">
    <p class='ocr_par' dir='ltr' id='par_1_4' title="bbox 72 2219 260 2303">
     <span class='ocr_line' id='line_1_10' title="bbox 100 2219 258 2244; baseline 0.006 -5"><span class='ocrx_word' id='word_1_19' title='bbox 100 2219 195 2244; x_wconf 72' lang='lat' dir='ltr'>Habitus,</span> <span class='ocrx_word' id='word_1_20' title='bbox 213 2225 258 2240; x_wconf 74' lang='lat' dir='ltr'>cru-</span> 
     </span>
     <span class='ocr_line' id='line_1_11' title="bbox 72 2251 258 2271; baseline -0.005 0"><span class='ocrx_word' id='word_1_21' title='bbox 72 2251 104 2271; x_wconf 68' lang='lat' dir='ltr'>cis</span> <span class='ocrx_word' id='word_1_22' title='bbox 126 2254 148 2271; x_wconf 80' lang='lat' dir='ltr'>et</span> <span class='ocrx_word' id='word_1_23' title='bbox 167 2254 258 2271; x_wconf 74' lang='lat' dir='ltr'>statuto-</span> 
     </span>
     <span class='ocr_line' id='line_1_12' title="bbox 72 2282 260 2303; baseline -0.005 -1"><span class='ocrx_word' id='word_1_24' title='bbox 72 2287 116 2303; x_wconf 82' lang='lat' dir='ltr'>rum</span> <span class='ocrx_word' id='word_1_25' title='bbox 154 2282 260 2303; x_wconf 69' lang='lat' dir='ltr'>reforma-</span> 
     </span>
    </p>
   </div>
   <div class='ocr_carea' id='block_1_5' title="bbox 22 2311 260 2339">
    <p class='ocr_par' dir='ltr' id='par_1_5' title="bbox 22 2311 260 2339">
     <span class='ocr_line' id='line_1_13' title="bbox 22 2311 260 2339; baseline 0.004 -7"><span class='ocrx_word' id='word_1_26' title='bbox 22 2311 26 2313; x_wconf 52' lang='lat'><em>*</em></span> <span class='ocrx_word' id='word_1_27' title='bbox 72 2313 151 2334; x_wconf 69' lang='lat' dir='ltr'>tionem</span> <span class='ocrx_word' id='word_1_28' title='bbox 175 2315 260 2339; x_wconf 81' lang='lat' dir='ltr'>permit-</span> 
     </span>
    </p>
   </div>
   <div class='ocr_carea' id='block_1_6' title="bbox 72 2344 105 2369">
    <p class='ocr_par' dir='ltr' id='par_1_6' title="bbox 72 2344 105 2369">
     <span class='ocr_line' id='line_1_14' title="bbox 72 2344 105 2369; baseline 0 -5"><span class='ocrx_word' id='word_1_29' title='bbox 72 2344 105 2369; x_wconf 66' lang='lat'>1523</span> 
     </span>
    </p>
   </div>
   <div class='ocr_carea' id='block_1_7' title="bbox 965 238 1151 262">
    <p class='ocr_par' dir='ltr' id='par_1_7' title="bbox 965 238 1151 262">
     <span class='ocr_line' id='line_1_15' title="bbox 965 238 1151 262; baseline -0.011 0"><span class='ocrx_word' id='word_1_30' title='bbox 965 238 1033 262; x_wconf 84' lang='lat' dir='ltr'>PIUS</span> <span class='ocrx_word' id='word_1_31' title='bbox 1053 239 1083 261; x_wconf 84' lang='lat' dir='ltr'>tv</span> <span class='ocrx_word' id='word_1_32' title='bbox 1103 238 1151 260; x_wconf 78' lang='grc' dir='ltr'>ΓΡ.</span> 
     </span>
    </p>
   </div>
   <div class='ocr_carea' id='block_1_8' title="bbox 1722 226 1787 260">
    <p class='ocr_par' dir='ltr' id='par_1_8' title="bbox 1722 226 1787 260">
     <span class='ocr_line' id='line_1_16' title="bbox 1722 226 1787 260; baseline 0.015 -1"><span class='ocrx_word' id='word_1_33' title='bbox 1722 226 1787 260; x_wconf 74' lang='lat'>345</span> 
     </span>
    </p>
   </div>
   <div class='ocr_carea' id='block_1_9' title="bbox 275 287 1830 387">
    <p class='ocr_par' dir='ltr' id='par_1_9' title="bbox 275 287 1830 387">
     <span class='ocr_line' id='line_1_17' title="bbox 276 287 1830 335; baseline -0.002 -11"><span class='ocrx_word' id='word_1_34' title='bbox 276 296 307 324; x_wconf 89' lang='lat' dir='ltr'>et</span> <span class='ocrx_word' id='word_1_35' title='bbox 326 291 457 331; x_wconf 86' lang='lat' dir='ltr'>actuali,</span> <span class='ocrx_word' id='word_1_36' title='bbox 481 291 513 324; x_wconf 92' lang='lat' dir='ltr'>in</span> <span class='ocrx_word' id='word_1_37' title='bbox 534 301 598 334; x_wconf 87' lang='lat' dir='ltr'>qua</span> <span class='ocrx_word' id='word_1_38' title='bbox 615 292 706 335; x_wconf 89' lang='lat' dir='ltr'>prius</span> <span class='ocrx_word' id='word_1_39' title='bbox 722 295 800 330; x_wconf 85' lang='lat' dir='ltr'>erat,</span> <span class='ocrx_word' id='word_1_40' title='bbox 814 301 850 323; x_wconf 85' lang='lat' dir='ltr'>ex</span> <span class='ocrx_word' id='word_1_41' title='bbox 865 301 953 323; x_wconf 89' lang='lat' dir='ltr'>nunc</span> <span class='ocrx_word' id='word_1_42' title='bbox 970 290 1032 323; x_wconf 86' lang='lat' dir='ltr'>exi·</span> <span class='ocrx_word' id='word_1_43' title='bbox 1075 289 1241 322; x_wconf 77' lang='lat' dir='ltr'>instituere</span> <span class='ocrx_word' id='word_1_44' title='bbox 1263 293 1291 321; x_wconf 88' lang='lat' dir='ltr'>et</span> <span class='ocrx_word' id='word_1_45' title='bbox 1313 288 1490 320; x_wconf 85' lang='lat' dir='ltr'>reformare</span> <span class='ocrx_word' id='word_1_46' title='bbox 1516 298 1571 320; x_wconf 81' lang='lat' dir='ltr'>seu</span> <span class='ocrx_word' id='word_1_47' title='bbox 1593 287 1631 320; x_wconf 91' lang='lat' dir='ltr'>de</span> <span class='ocrx_word' id='word_1_48' title='bbox 1652 292 1732 319; x_wconf 74' lang='lat' dir='ltr'>novo</span> <span class='ocrx_word' id='word_1_49' title='bbox 1754 299 1830 321; x_wconf 89' lang='lat' dir='ltr'>con-</span> 
     </span>
     <span class='ocr_line' id='line_1_18' title="bbox 275 340 1830 387; baseline -0.003 -10"><span class='ocrx_word' id='word_1_50' title='bbox 275 349 336 377; x_wconf 84' lang='lat' dir='ltr'>stat</span> <span class='ocrx_word' id='word_1_51' title='bbox 355 349 385 376; x_wconf 87' lang='lat' dir='ltr'>et</span> <span class='ocrx_word' id='word_1_52' title='bbox 406 354 475 377; x_wconf 82' lang='lat' dir='ltr'>esse</span> <span class='ocrx_word' id='word_1_53' title='bbox 496 350 667 377; x_wconf 73' lang='lat' dir='ltr'>censeatur</span> <span class='ocrx_word' id='word_1_54' title='bbox 688 345 719 376; x_wconf 91' lang='lat' dir='ltr'>in</span> <span class='ocrx_word' id='word_1_55' title='bbox 750 343 902 376; x_wconf 83' lang='lat' dir='ltr'>omnibus</span> <span class='ocrx_word' id='word_1_56' title='bbox 922 349 951 376; x_wconf 87' lang='lat' dir='ltr'>et</span> <span class='ocrx_word' id='word_1_57' title='bbox 973 354 1032 387; x_wconf 86' lang='lat' dir='ltr'>per</span> <span class='ocrx_word' id='word_1_58' title='bbox 1074 343 1160 382; x_wconf 83' lang='lat' dir='ltr'>dere,</span> <span class='ocrx_word' id='word_1_59' title='bbox 1182 341 1289 379; x_wconf 88' lang='lat' dir='ltr'>edere,</span> <span class='ocrx_word' id='word_1_60' title='bbox 1305 346 1344 380; x_wconf 91' lang='lat' dir='ltr'>et,</span> <span class='ocrx_word' id='word_1_61' title='bbox 1363 341 1489 384; x_wconf 84' lang='lat' dir='ltr'>quoties</span> <span class='ocrx_word' id='word_1_62' title='bbox 1507 340 1551 373; x_wconf 88' lang='lat' dir='ltr'>eis</span> <span class='ocrx_word' id='word_1_63' title='bbox 1565 340 1735 383; x_wconf 77' lang='lat' dir='ltr'>placuerit,</span> <span class='ocrx_word' id='word_1_64' title='bbox 1760 340 1830 373; x_wconf 84' lang='lat' dir='ltr'>illas</span> 
     </span>
    </p>
   </div>
   <div class='ocr_carea' id='block_1_10' title="bbox 274 396 1033 1346">
    <p class='ocr_par' dir='ltr' id='par_1_10' title="bbox 274 396 1031 589">
     <span class='ocr_line' id='line_1_19' title="bbox 276 396 1031 441; baseline -0.003 -11"><span class='ocrx_word' id='word_1_65' title='bbox 276 396 397 437; x_wconf 87' lang='lat' dir='ltr'>omnia,</span> <span class='ocrx_word' id='word_1_66' title='bbox 428 397 563 441; x_wconf 80' lang='lat' dir='ltr'>perinde</span> <span class='ocrx_word' id='word_1_67' title='bbox 584 409 620 430; x_wconf 89' lang='lat' dir='ltr'>ac</span> <span class='ocrx_word' id='word_1_68' title='bbox 649 398 672 430; x_wconf 91' lang='lat' dir='ltr'>si</span> <span class='ocrx_word' id='word_1_69' title='bbox 695 397 917 441; x_wconf 87' lang='lat' dir='ltr'>praeceptoria</span> <span class='ocrx_word' id='word_1_70' title='bbox 940 407 1031 440; x_wconf 86' lang='lat' dir='ltr'>prae-</span> 
     </span>
     <span class='ocr_line' id='line_1_20' title="bbox 274 450 1031 495; baseline 0.001 -13"><span class='ocrx_word' id='word_1_71' title='bbox 274 450 337 483; x_wconf 82' lang='lat' dir='ltr'>fata</span> <span class='ocrx_word' id='word_1_72' title='bbox 358 460 538 494; x_wconf 79' lang='lat' dir='ltr'>numquam</span> <span class='ocrx_word' id='word_1_73' title='bbox 560 461 732 495; x_wconf 87' lang='lat' dir='ltr'>suppressa</span> <span class='ocrx_word' id='word_1_74' title='bbox 754 455 784 483; x_wconf 84' lang='lat' dir='ltr'>et</span> <span class='ocrx_word' id='word_1_75' title='bbox 817 450 953 482; x_wconf 83' lang='lat' dir='ltr'>extincta</span> <span class='ocrx_word' id='word_1_76' title='bbox 975 462 1031 483; x_wconf 81' lang='lat' dir='ltr'>seu</span> 
     </span>
     <span class='ocr_line' id='line_1_21' title="bbox 276 503 1031 545; baseline -0.001 -9"><span class='ocrx_word' id='word_1_77' title='bbox 276 503 347 536; x_wconf 85' lang='lat' dir='ltr'>aliis</span> <span class='ocrx_word' id='word_1_78' title='bbox 381 504 470 536; x_wconf 87' lang='lat' dir='ltr'>unita</span> <span class='ocrx_word' id='word_1_79' title='bbox 496 504 617 544; x_wconf 82' lang='lat' dir='ltr'>suisset,</span> <span class='ocrx_word' id='word_1_80' title='bbox 655 504 692 536; x_wconf 90' lang='lat' dir='ltr'>de</span> <span class='ocrx_word' id='word_1_81' title='bbox 721 514 803 535; x_wconf 78' lang='lat' dir='ltr'>novo</span> <span class='ocrx_word' id='word_1_82' title='bbox 825 503 981 545; x_wconf 74' lang='lat' dir='ltr'>erigimus</span> <span class='ocrx_word' id='word_1_83' title='bbox 1002 509 1031 535; x_wconf 89' lang='lat' dir='ltr'>et</span> 
     </span>
     <span class='ocr_line' id='line_1_22' title="bbox 276 555 488 589; baseline 0.005 -1"><span class='ocrx_word' id='word_1_84' title='bbox 276 555 488 589; x_wconf 75' lang='lat' dir='ltr'>instituimus.</span> 
     </span>
    </p>

    <p class='ocr_par' dir='ltr' id='par_1_11' title="bbox 274 608 1033 1346">
     <span class='ocr_line' id='line_1_23' title="bbox 322 608 1031 654; baseline -0.004 -11"><span class='ocrx_word' id='word_1_85' title='bbox 322 610 336 653; x_wconf 65' lang='grc' dir='ltr'><strong>ἓ</strong></span> <span class='ocrx_word' id='word_1_86' title='bbox 356 609 410 642; x_wconf 77' lang='grc'>41.</span> <span class='ocrx_word' id='word_1_87' title='bbox 433 609 601 643; x_wconf 88' lang='lat' dir='ltr'>Eteisdem</span> <span class='ocrx_word' id='word_1_88' title='bbox 613 610 776 654; x_wconf 88' lang='lat' dir='ltr'>hospitali,</span> <span class='ocrx_word' id='word_1_89' title='bbox 796 609 939 649; x_wconf 87' lang='lat' dir='ltr'>militiae,</span> <span class='ocrx_word' id='word_1_90' title='bbox 955 608 1031 641; x_wconf 80' lang='lat' dir='ltr'>suis-</span> 
     </span>
     <span class='ocr_line' id='line_1_24' title="bbox 277 662 1031 707; baseline -0.001 -11"><span class='ocrx_word' id='word_1_91' title='bbox 277 673 339 707; x_wconf 86' lang='lat' dir='ltr'>que</span> <span class='ocrx_word' id='word_1_92' title='bbox 360 674 477 706; x_wconf 82' lang='lat' dir='ltr'>magno</span> <span class='ocrx_word' id='word_1_93' title='bbox 490 664 653 706; x_wconf 75' lang='lat' dir='ltr'>magistro,</span> <span class='ocrx_word' id='word_1_94' title='bbox 671 662 856 698; x_wconf 76' lang='lat' dir='ltr'>conventui,</span> <span class='ocrx_word' id='word_1_95' title='bbox 879 662 1031 695; x_wconf 80' lang='lat' dir='ltr'>fratribus</span> 
     </span>
     <span class='ocr_line' id='line_1_25' title="bbox 277 716 1031 760; baseline -0.001 -12"><span class='ocrx_word' id='word_1_96' title='bbox 277 727 314 748; x_wconf 87' lang='lat' dir='ltr'>ac</span> <span class='ocrx_word' id='word_1_97' title='bbox 334 716 491 749; x_wconf 79' lang='lat' dir='ltr'>militibus</span> <span class='ocrx_word' id='word_1_98' title='bbox 511 717 619 760; x_wconf 86' lang='lat' dir='ltr'>quod,</span> <span class='ocrx_word' id='word_1_99' title='bbox 644 717 712 760; x_wconf 76' lang='lat' dir='ltr'>ipso</span> <span class='ocrx_word' id='word_1_100' title='bbox 734 717 901 749; x_wconf 86' lang='lat' dir='ltr'>loannotto</span> <span class='ocrx_word' id='word_1_101' title='bbox 923 720 950 748; x_wconf 91' lang='lat' dir='ltr'>et</span> <span class='ocrx_word' id='word_1_102' title='bbox 972 726 1031 758; x_wconf 88' lang='lat' dir='ltr'>pro</span> 
     </span>
     <span class='ocr_line' id='line_1_26' title="bbox 277 769 1032 814; baseline -0.001 -12"><span class='ocrx_word' id='word_1_103' title='bbox 277 773 423 814; x_wconf 86' lang='lat' dir='ltr'>ternpore</span> <span class='ocrx_word' id='word_1_104' title='bbox 457 770 665 802; x_wconf 66' lang='lat' dir='ltr'>existentibus</span> <span class='ocrx_word' id='word_1_105' title='bbox 708 769 832 812; x_wconf 76' lang='lat' dir='ltr'>magnis</span> <span class='ocrx_word' id='word_1_106' title='bbox 872 769 1032 811; x_wconf 68' lang='lat' dir='ltr'>magistris</span> 
     </span>
     <span class='ocr_line' id='line_1_27' title="bbox 277 822 1030 867; baseline -0.001 -11"><span class='ocrx_word' id='word_1_107' title='bbox 277 822 478 864; x_wconf 75' lang='lat' dir='ltr'>cedentibus,</span> <span class='ocrx_word' id='word_1_108' title='bbox 502 824 548 856; x_wconf 81' lang='lat' dir='ltr'>vel</span> <span class='ocrx_word' id='word_1_109' title='bbox 569 824 664 856; x_wconf 89' lang='lat' dir='ltr'>etiam</span> <span class='ocrx_word' id='word_1_110' title='bbox 692 823 780 867; x_wconf 89' lang='lat' dir='ltr'>apud</span> <span class='ocrx_word' id='word_1_111' title='bbox 801 822 947 855; x_wconf 81' lang='lat' dir='ltr'>eanulem</span> <span class='ocrx_word' id='word_1_112' title='bbox 975 822 1030 855; x_wconf 73' lang='lat' dir='ltr'>Se—</span> 
     </span>
     <span class='ocr_line' id='line_1_28' title="bbox 276 876 1030 920; baseline -0.003 -11"><span class='ocrx_word' id='word_1_113' title='bbox 276 877 349 909; x_wconf 84' lang='lat' dir='ltr'>dem</span> <span class='ocrx_word' id='word_1_114' title='bbox 369 876 613 914; x_wconf 70' lang='lat' dir='ltr'>decedentibus,</span> <span class='ocrx_word' id='word_1_115' title='bbox 652 888 708 909; x_wconf 85' lang='lat' dir='ltr'>seu</span> <span class='ocrx_word' id='word_1_116' title='bbox 742 877 849 920; x_wconf 87' lang='lat' dir='ltr'>ipsum</span> <span class='ocrx_word' id='word_1_117' title='bbox 876 886 1030 918; x_wconf 71' lang='lat' dir='ltr'>magnum</span> 
     </span>
     <span class='ocr_line' id='line_1_29' title="bbox 276 929 1031 973; baseline -0.001 -11"><span class='ocrx_word' id='word_1_118' title='bbox 276 929 496 972; x_wconf 81' lang='lat' dir='ltr'>magistratum</span> <span class='ocrx_word' id='word_1_119' title='bbox 518 930 596 962; x_wconf 80' lang='lat' dir='ltr'>alias</span> <span class='ocrx_word' id='word_1_120' title='bbox 627 929 871 973; x_wconf 79' lang='lat' dir='ltr'>quomodolibet</span> <span class='ocrx_word' id='word_1_121' title='bbox 892 955 898 965; x_wconf 82' lang='grc'>,</span> <span class='ocrx_word' id='word_1_122' title='bbox 935 929 1031 961; x_wconf 85' lang='lat' dir='ltr'>etiam</span> 
     </span>
     <span class='ocr_line' id='line_1_30' title="bbox 275 982 1030 1026; baseline -0.001 -11"><span class='ocrx_word' id='word_1_123' title='bbox 275 993 333 1026; x_wconf 86' lang='lat' dir='ltr'>per</span> <span class='ocrx_word' id='word_1_124' title='bbox 352 982 486 1015; x_wconf 81' lang='lat' dir='ltr'>liberam</span> <span class='ocrx_word' id='word_1_125' title='bbox 508 983 772 1026; x_wconf 75' lang='lat' dir='ltr'>resignationem,</span> <span class='ocrx_word' id='word_1_126' title='bbox 798 982 829 1014; x_wconf 82' lang='lat' dir='ltr'>in</span> <span class='ocrx_word' id='word_1_127' title='bbox 846 982 964 1015; x_wconf 85' lang='lat' dir='ltr'>nostris</span> <span class='ocrx_word' id='word_1_128' title='bbox 985 983 1030 1015; x_wconf 76' lang='lat' dir='ltr'>vel</span> 
     </span>
     <span class='ocr_line' id='line_1_31' title="bbox 274 1035 1031 1079; baseline -0.001 -11"><span class='ocrx_word' id='word_1_129' title='bbox 274 1046 500 1069; x_wconf 80' lang='lat' dir='ltr'>successorum</span> <span class='ocrx_word' id='word_1_130' title='bbox 522 1042 707 1069; x_wconf 87' lang='lat' dir='ltr'>nostrorum</span> <span class='ocrx_word' id='word_1_131' title='bbox 730 1046 788 1079; x_wconf 85' lang='lat' dir='ltr'>pro</span> <span class='ocrx_word' id='word_1_132' title='bbox 809 1040 955 1078; x_wconf 65' lang='lat' dir='ltr'>temporo</span> <span class='ocrx_word' id='word_1_133' title='bbox 972 1035 1031 1067; x_wconf 56' lang='lat' dir='ltr'>exi&gt;</span> 
     </span>
     <span class='ocr_line' id='line_1_32' title="bbox 274 1088 1032 1123; baseline -0.001 -1"><span class='ocrx_word' id='word_1_134' title='bbox 274 1089 426 1123; x_wconf 88' lang='lat' dir='ltr'>stentium</span> <span class='ocrx_word' id='word_1_135' title='bbox 452 1089 674 1122; x_wconf 81' lang='lat' dir='ltr'>Romanorum</span> <span class='ocrx_word' id='word_1_136' title='bbox 709 1088 901 1121; x_wconf 86' lang='lat' dir='ltr'>Pontificum</span> <span class='ocrx_word' id='word_1_137' title='bbox 932 1089 1032 1121; x_wconf 88' lang='lat' dir='ltr'>mani-</span> 
     </span>
     <span class='ocr_line' id='line_1_33' title="bbox 274 1141 1030 1181; baseline 0 -6"><span class='ocrx_word' id='word_1_138' title='bbox 274 1144 334 1176; x_wconf 90' lang='lat' dir='ltr'>bus</span> <span class='ocrx_word' id='word_1_139' title='bbox 376 1142 613 1175; x_wconf 82' lang='lat' dir='ltr'>dimittentibus</span> <span class='ocrx_word' id='word_1_140' title='bbox 641 1143 690 1175; x_wconf 90' lang='lat' dir='ltr'>vel</span> <span class='ocrx_word' id='word_1_141' title='bbox 723 1141 967 1181; x_wconf 86' lang='lat' dir='ltr'>amittentibus,</span> <span class='ocrx_word' id='word_1_142' title='bbox 1003 1147 1030 1175; x_wconf 87' lang='lat' dir='ltr'>et</span> 
     </span>
     <span class='ocr_line' id='line_1_34' title="bbox 275 1195 1031 1238; baseline -0.001 -9"><span class='ocrx_word' id='word_1_143' title='bbox 275 1196 330 1229; x_wconf 90' lang='lat' dir='ltr'>illo</span> <span class='ocrx_word' id='word_1_144' title='bbox 351 1195 572 1238; x_wconf 85' lang='lat' dir='ltr'>quovismodo</span> <span class='ocrx_word' id='word_1_145' title='bbox 592 1201 736 1235; x_wconf 83' lang='lat' dir='ltr'>vacante,</span> <span class='ocrx_word' id='word_1_146' title='bbox 752 1200 928 1228; x_wconf 73' lang='lat' dir='ltr'>conventus</span> <span class='ocrx_word' id='word_1_147' title='bbox 947 1195 1031 1228; x_wconf 79' lang='lat' dir='ltr'>eius—</span> 
     </span>
     <span class='ocr_line' id='line_1_35' title="bbox 275 1248 1032 1293; baseline 0 -11"><span class='ocrx_word' id='word_1_148' title='bbox 275 1249 348 1282; x_wconf 86' lang='lat' dir='ltr'>dem</span> <span class='ocrx_word' id='word_1_149' title='bbox 371 1248 516 1288; x_wconf 87' lang='lat' dir='ltr'>militiae‚</span> <span class='ocrx_word' id='word_1_150' title='bbox 540 1249 684 1288; x_wconf 81' lang='lat' dir='ltr'>insimul,</span> <span class='ocrx_word' id='word_1_151' title='bbox 700 1248 755 1281; x_wconf 87' lang='lat' dir='ltr'>ubi</span> <span class='ocrx_word' id='word_1_152' title='bbox 777 1249 950 1285; x_wconf 77' lang='lat' dir='ltr'>voluerint,</span> <span class='ocrx_word' id='word_1_153' title='bbox 974 1259 1032 1293; x_wconf 87' lang='lat' dir='ltr'>pro</span> 
     </span>
     <span class='ocr_line' id='line_1_36' title="bbox 276 1302 1033 1346; baseline -0.001 -10"><span class='ocrx_word' id='word_1_154' title='bbox 276 1309 421 1346; x_wconf 85' lang='lat' dir='ltr'>tempore</span> <span class='ocrx_word' id='word_1_155' title='bbox 443 1302 643 1345; x_wconf 80' lang='lat' dir='ltr'>congregati,</span> <span class='ocrx_word' id='word_1_156' title='bbox 666 1302 766 1335; x_wconf 88' lang='lat' dir='ltr'>alium</span> <span class='ocrx_word' id='word_1_157' title='bbox 788 1312 942 1344; x_wconf 72' lang='lat' dir='ltr'>magnum</span> <span class='ocrx_word' id='word_1_158' title='bbox 969 1314 1033 1335; x_wconf 90' lang='lat' dir='ltr'>ma-</span> 
     </span>
    </p>
   </div>
   <div class='ocr_carea' id='block_1_11' title="bbox 275 1355 1055 1453">
    <p class='ocr_par' dir='ltr' id='par_1_12' title="bbox 275 1355 1055 1453">
     <span class='ocr_line' id='line_1_37' title="bbox 275 1355 1055 1399; baseline -0.001 -10"><span class='ocrx_word' id='word_1_159' title='bbox 275 1356 423 1399; x_wconf 81' lang='lat' dir='ltr'>gistrum,</span> <span class='ocrx_word' id='word_1_160' title='bbox 446 1356 532 1388; x_wconf 85' lang='lat' dir='ltr'>iuxta</span> <span class='ocrx_word' id='word_1_161' title='bbox 554 1355 697 1389; x_wconf 86' lang='lat' dir='ltr'>eiusdem</span> <span class='ocrx_word' id='word_1_162' title='bbox 710 1355 888 1398; x_wconf 81' lang='lat' dir='ltr'>Religionis</span> <span class='ocrx_word' id='word_1_163' title='bbox 900 1360 929 1388; x_wconf 76' lang='lat' dir='ltr'>et</span> <span class='ocrx_word' id='word_1_164' title='bbox 947 1356 1032 1388; x_wconf 89' lang='lat' dir='ltr'>mili·</span> <span class='ocrx_word' id='word_1_165' title='bbox 1053 1369 1055 1375; x_wconf 68' lang='lat'>,</span> 
     </span>
     <span class='ocr_line' id='line_1_38' title="bbox 275 1409 1055 1453; baseline 0.001 -12"><span class='ocrx_word' id='word_1_166' title='bbox 275 1410 336 1443; x_wconf 87' lang='lat' dir='ltr'>tiae</span> <span class='ocrx_word' id='word_1_167' title='bbox 366 1409 594 1449; x_wconf 85' lang='lat' dir='ltr'>stabilimenta,</span> <span class='ocrx_word' id='word_1_168' title='bbox 621 1409 660 1442; x_wconf 91' lang='lat' dir='ltr'>de</span> <span class='ocrx_word' id='word_1_169' title='bbox 682 1419 842 1442; x_wconf 86' lang='lat' dir='ltr'>consensu</span> <span class='ocrx_word' id='word_1_170' title='bbox 860 1409 908 1442; x_wconf 89' lang='lat' dir='ltr'>sui</span> <span class='ocrx_word' id='word_1_171' title='bbox 928 1416 1032 1453; x_wconf 87' lang='lat' dir='ltr'>prote·</span> <span class='ocrx_word' id='word_1_172' title='bbox 1054 1424 1055 1429; x_wconf 51' lang='lat'>¹</span> 
     </span>
    </p>
   </div>
   <div class='ocr_carea' id='block_1_12' title="bbox 274 1462 1033 1721">
    <p class='ocr_par' dir='ltr' id='par_1_13' title="bbox 274 1462 1033 1721">
     <span class='ocr_line' id='line_1_39' title="bbox 275 1462 1032 1506; baseline -0.001 -10"><span class='ocrx_word' id='word_1_173' title='bbox 275 1463 373 1496; x_wconf 85' lang='lat' dir='ltr'>etoris</span> <span class='ocrx_word' id='word_1_174' title='bbox 393 1462 478 1496; x_wconf 90' lang='lat' dir='ltr'>edita</span> <span class='ocrx_word' id='word_1_175' title='bbox 499 1463 545 1496; x_wconf 80' lang='lat' dir='ltr'>vel</span> <span class='ocrx_word' id='word_1_176' title='bbox 567 1462 703 1502; x_wconf 88' lang='lat' dir='ltr'>edenda,</span> <span class='ocrx_word' id='word_1_177' title='bbox 730 1473 813 1506; x_wconf 86' lang='lat' dir='ltr'>quae</span> <span class='ocrx_word' id='word_1_178' title='bbox 835 1462 920 1495; x_wconf 91' lang='lat' dir='ltr'>dicto</span> <span class='ocrx_word' id='word_1_179' title='bbox 955 1474 1032 1495; x_wconf 91' lang='lat' dir='ltr'>con-</span> 
     </span>
     <span class='ocr_line' id='line_1_40' title="bbox 275 1515 1030 1557; baseline 0 -8"><span class='ocrx_word' id='word_1_180' title='bbox 275 1516 349 1549; x_wconf 84' lang='lat' dir='ltr'>cilio</span> <span class='ocrx_word' id='word_1_181' title='bbox 374 1516 562 1550; x_wconf 85' lang='lat' dir='ltr'>Tridentino</span> <span class='ocrx_word' id='word_1_182' title='bbox 597 1515 730 1548; x_wconf 89' lang='lat' dir='ltr'>minime</span> <span class='ocrx_word' id='word_1_183' title='bbox 765 1516 827 1548; x_wconf 87' lang='lat' dir='ltr'>sint</span> <span class='ocrx_word' id='word_1_184' title='bbox 856 1517 1030 1557; x_wconf 87' lang='lat' dir='ltr'>contraria,</span> 
     </span>
     <span class='ocr_line' id='line_1_41' title="bbox 274 1569 1033 1614; baseline 0 -12"><span class='ocrx_word' id='word_1_185' title='bbox 274 1569 404 1613; x_wconf 81' lang='lat' dir='ltr'>eligere,</span> <span class='ocrx_word' id='word_1_186' title='bbox 417 1570 473 1614; x_wconf 89' lang='lat' dir='ltr'>qui</span> <span class='ocrx_word' id='word_1_187' title='bbox 490 1581 527 1603; x_wconf 88' lang='lat' dir='ltr'>ex</span> <span class='ocrx_word' id='word_1_188' title='bbox 539 1580 626 1603; x_wconf 91' lang='lat' dir='ltr'>nunc</span> <span class='ocrx_word' id='word_1_189' title='bbox 638 1575 736 1613; x_wconf 91' lang='lat' dir='ltr'>prout</span> <span class='ocrx_word' id='word_1_190' title='bbox 747 1580 783 1601; x_wconf 86' lang='lat' dir='ltr'>ex</span> <span class='ocrx_word' id='word_1_191' title='bbox 800 1574 878 1602; x_wconf 90' lang='lat' dir='ltr'>tunc</span> <span class='ocrx_word' id='word_1_192' title='bbox 889 1575 917 1601; x_wconf 83' lang='lat' dir='ltr'>et</span> <span class='ocrx_word' id='word_1_193' title='bbox 930 1580 946 1602; x_wconf 87' lang='lat' dir='ltr'>e</span> <span class='ocrx_word' id='word_1_194' title='bbox 958 1581 1033 1602; x_wconf 83' lang='lat' dir='ltr'>eon-</span> 
     </span>
     <span class='ocr_line' id='line_1_42' title="bbox 275 1623 1031 1667; baseline -0.001 -11"><span class='ocrx_word' id='word_1_195' title='bbox 275 1629 335 1663; x_wconf 82' lang='lat' dir='ltr'>tra,</span> <span class='ocrx_word' id='word_1_196' title='bbox 362 1628 534 1667; x_wconf 83' lang='lat' dir='ltr'>postquam</span> <span class='ocrx_word' id='word_1_197' title='bbox 562 1623 607 1656; x_wconf 86' lang='lat' dir='ltr'>sic</span> <span class='ocrx_word' id='word_1_198' title='bbox 628 1623 750 1656; x_wconf 85' lang='lat' dir='ltr'>eiectus</span> <span class='ocrx_word' id='word_1_199' title='bbox 780 1623 888 1663; x_wconf 77' lang='lat' dir='ltr'>suerit,</span> <span class='ocrx_word' id='word_1_200' title='bbox 920 1623 1031 1656; x_wconf 82' lang='lat' dir='ltr'>eadem</span> 
     </span>
     <span class='ocr_line' id='line_1_43' title="bbox 275 1676 1030 1721; baseline 0 -12"><span class='ocrx_word' id='word_1_201' title='bbox 275 1676 466 1710; x_wconf 84' lang='lat' dir='ltr'>auctoritate</span> <span class='ocrx_word' id='word_1_202' title='bbox 491 1676 667 1721; x_wconf 86' lang='lat' dir='ltr'>apostolica</span> <span class='ocrx_word' id='word_1_203' title='bbox 702 1676 913 1709; x_wconf 83' lang='lat' dir='ltr'>confirmatus</span> <span class='ocrx_word' id='word_1_204' title='bbox 944 1676 980 1709; x_wconf 86' lang='lat' dir='ltr'>sit</span> <span class='ocrx_word' id='word_1_205' title='bbox 1003 1683 1030 1709; x_wconf 88' lang='lat' dir='ltr'>et</span> 
     </span>
    </p>
   </div>
   <div class='ocr_carea' id='block_1_13' title="bbox 274 1729 1054 1774">
    <p class='ocr_par' dir='ltr' id='par_1_14' title="bbox 274 1729 1054 1774">
     <span class='ocr_line' id='line_1_44' title="bbox 274 1729 1054 1774; baseline -0.003 -11"><span class='ocrx_word' id='word_1_206' title='bbox 274 1740 342 1763; x_wconf 87' lang='lat' dir='ltr'>esse</span> <span class='ocrx_word' id='word_1_207' title='bbox 364 1735 545 1770; x_wconf 78' lang='lat' dir='ltr'>censeatur,</span> <span class='ocrx_word' id='word_1_208' title='bbox 569 1736 599 1763; x_wconf 83' lang='lat' dir='ltr'>et</span> <span class='ocrx_word' id='word_1_209' title='bbox 623 1730 665 1762; x_wconf 89' lang='lat' dir='ltr'>ita</span> <span class='ocrx_word' id='word_1_210' title='bbox 682 1734 841 1774; x_wconf 87' lang='lat' dir='ltr'>perpetuo</span> <span class='ocrx_word' id='word_1_211' title='bbox 863 1729 1033 1762; x_wconf 78' lang='lat' dir='ltr'>statuimus</span> <span class='ocrx_word' id='word_1_212' title='bbox 1053 1748 1054 1751; x_wconf 66' lang='lat'><em>=</em></span> 
     </span>
    </p>
   </div>
   <div class='ocr_carea' id='block_1_14' title="bbox 274 1783 1034 2408">
    <p class='ocr_par' dir='ltr' id='par_1_15' title="bbox 274 1783 525 1817">
     <span class='ocr_line' id='line_1_45' title="bbox 274 1783 525 1817; baseline 0 -1"><span class='ocrx_word' id='word_1_213' title='bbox 274 1789 303 1816; x_wconf 88' lang='lat' dir='ltr'>et</span> <span class='ocrx_word' id='word_1_214' title='bbox 324 1783 525 1817; x_wconf 84' lang='lat' dir='ltr'>ordinamus.</span> 
     </span>
    </p>

    <p class='ocr_par' dir='ltr' id='par_1_16' title="bbox 274 1836 1033 2148">
     <span class='ocr_line' id='line_1_46' title="bbox 319 1836 1032 1880; baseline 0 -11"><span class='ocrx_word' id='word_1_215' title='bbox 319 1836 402 1880; x_wconf 56' lang='lat'><strong>5402.</strong></span> <span class='ocrx_word' id='word_1_216' title='bbox 425 1837 559 1870; x_wconf 80' lang='lat' dir='ltr'>Necnon</span> <span class='ocrx_word' id='word_1_217' title='bbox 580 1837 702 1869; x_wconf 82' lang='lat' dir='ltr'>eisdem</span> <span class='ocrx_word' id='word_1_218' title='bbox 723 1847 782 1880; x_wconf 87' lang='lat' dir='ltr'>pro</span> <span class='ocrx_word' id='word_1_219' title='bbox 804 1842 950 1880; x_wconf 82' lang='lat' dir='ltr'>tempore</span> <span class='ocrx_word' id='word_1_220' title='bbox 972 1837 1032 1869; x_wconf 80' lang='lat' dir='ltr'>exi-</span> 
     </span>
     <span class='ocr_line' id='line_1_47' title="bbox 275 1890 1031 1933; baseline -0.001 -10"><span class='ocrx_word' id='word_1_221' title='bbox 275 1890 368 1923; x_wconf 82' lang='lat' dir='ltr'>stenti</span> <span class='ocrx_word' id='word_1_222' title='bbox 389 1890 542 1933; x_wconf 77' lang='lat' dir='ltr'>magistro</span> <span class='ocrx_word' id='word_1_223' title='bbox 572 1896 600 1923; x_wconf 91' lang='lat' dir='ltr'>ct</span> <span class='ocrx_word' id='word_1_224' title='bbox 623 1890 795 1923; x_wconf 80' lang='lat' dir='ltr'>conventui</span> <span class='ocrx_word' id='word_1_225' title='bbox 817 1890 1031 1933; x_wconf 76' lang='lat' dir='ltr'>principalem</span> 
     </span>
     <span class='ocr_line' id='line_1_48' title="bbox 275 1943 1031 1987; baseline 0.001 -11"><span class='ocrx_word' id='word_1_226' title='bbox 275 1943 376 1987; x_wconf 91' lang='lat' dir='ltr'>ipsius</span> <span class='ocrx_word' id='word_1_227' title='bbox 404 1943 538 1977; x_wconf 87' lang='lat' dir='ltr'>militiae</span> <span class='ocrx_word' id='word_1_228' title='bbox 572 1944 681 1977; x_wconf 89' lang='lat' dir='ltr'>sedem</span> <span class='ocrx_word' id='word_1_229' title='bbox 717 1944 755 1976; x_wconf 85' lang='lat' dir='ltr'>ad</span> <span class='ocrx_word' id='word_1_230' title='bbox 789 1954 1031 1987; x_wconf 84' lang='lat' dir='ltr'>quemcumque</span> 
     </span>
     <span class='ocr_line' id='line_1_49' title="bbox 274 1996 1032 2040; baseline -0.003 -9"><span class='ocrx_word' id='word_1_231' title='bbox 274 1998 395 2037; x_wconf 88' lang='lat' dir='ltr'>locum,</span> <span class='ocrx_word' id='word_1_232' title='bbox 416 1997 512 2030; x_wconf 86' lang='lat' dir='ltr'>etiam</span> <span class='ocrx_word' id='word_1_233' title='bbox 538 1997 739 2030; x_wconf 85' lang='lat' dir='ltr'>maritimum</span> <span class='ocrx_word' id='word_1_234' title='bbox 758 2024 764 2037; x_wconf 95' lang='lat'>,</span> <span class='ocrx_word' id='word_1_235' title='bbox 787 1996 908 2029; x_wconf 84' lang='lat' dir='ltr'>eisdem</span> <span class='ocrx_word' id='word_1_236' title='bbox 931 1998 1032 2040; x_wconf 79' lang='lat' dir='ltr'>magi-</span> 
     </span>
     <span class='ocr_line' id='line_1_50' title="bbox 274 2050 1033 2093; baseline -0.001 -10"><span class='ocrx_word' id='word_1_237' title='bbox 274 2056 340 2084; x_wconf 87' lang='lat' dir='ltr'>stro</span> <span class='ocrx_word' id='word_1_238' title='bbox 360 2056 391 2084; x_wconf 89' lang='lat' dir='ltr'>et</span> <span class='ocrx_word' id='word_1_239' title='bbox 415 2050 586 2084; x_wconf 87' lang='lat' dir='ltr'>conventui</span> <span class='ocrx_word' id='word_1_240' title='bbox 616 2050 719 2083; x_wconf 87' lang='lat' dir='ltr'>visum</span> <span class='ocrx_word' id='word_1_241' title='bbox 738 2077 745 2089; x_wconf 91' lang='lat'>,</span> <span class='ocrx_word' id='word_1_242' title='bbox 780 2050 875 2083; x_wconf 86' lang='lat' dir='ltr'>etiam</span> <span class='ocrx_word' id='word_1_243' title='bbox 906 2051 1033 2093; x_wconf 89' lang='lat' dir='ltr'>quoties</span> 
     </span>
     <span class='ocr_line' id='line_1_51' title="bbox 274 2104 731 2148; baseline -0.002 -11"><span class='ocrx_word' id='word_1_244' title='bbox 274 2104 334 2137; x_wconf 89' lang='lat' dir='ltr'>sibi</span> <span class='ocrx_word' id='word_1_245' title='bbox 350 2104 522 2148; x_wconf 81' lang='lat' dir='ltr'>placuerit,</span> <span class='ocrx_word' id='word_1_246' title='bbox 544 2104 731 2137; x_wconf 74' lang='lat' dir='ltr'>transferre.</span> 
     </span>
    </p>

    <p class='ocr_par' dir='ltr' id='par_1_17' title="bbox 274 2157 1034 2408">
     <span class='ocr_line' id='line_1_52' title="bbox 319 2157 1032 2201; baseline -0.003 -10"><span class='ocrx_word' id='word_1_247' title='bbox 319 2158 334 2201; x_wconf 62' lang='grc' dir='ltr'><strong>ἓ</strong></span> <span class='ocrx_word' id='word_1_248' title='bbox 353 2157 407 2191; x_wconf 79' lang='grc'>43.</span> <span class='ocrx_word' id='word_1_249' title='bbox 430 2157 649 2200; x_wconf 86' lang='lat' dir='ltr'>Habitumque</span> <span class='ocrx_word' id='word_1_250' title='bbox 671 2167 765 2189; x_wconf 86' lang='lat' dir='ltr'>suurn</span> <span class='ocrx_word' id='word_1_251' title='bbox 793 2157 974 2199; x_wconf 72' lang='lat' dir='ltr'>regularem</span> <span class='ocrx_word' id='word_1_252' title='bbox 996 2169 1032 2190; x_wconf 88' lang='lat' dir='ltr'>ac</span> 
     </span>
     <span class='ocr_line' id='line_1_53' title="bbox 275 2210 1033 2253; baseline -0.001 -9"><span class='ocrx_word' id='word_1_253' title='bbox 275 2212 370 2244; x_wconf 86' lang='lat' dir='ltr'>etiam</span> <span class='ocrx_word' id='word_1_254' title='bbox 403 2221 547 2251; x_wconf 87' lang='lat' dir='ltr'>crucem,</span> <span class='ocrx_word' id='word_1_255' title='bbox 584 2210 707 2243; x_wconf 88' lang='lat' dir='ltr'>etiamsi</span> <span class='ocrx_word' id='word_1_256' title='bbox 734 2210 772 2243; x_wconf 87' lang='lat' dir='ltr'>de</span> <span class='ocrx_word' id='word_1_257' title='bbox 793 2210 859 2242; x_wconf 87' lang='lat' dir='ltr'>suis</span> <span class='ocrx_word' id='word_1_258' title='bbox 893 2210 1033 2253; x_wconf 73' lang='lat' dir='ltr'>antiquis</span> 
     </span>
     <span class='ocr_line' id='line_1_54' title="bbox 275 2264 1033 2308; baseline -0.001 -11"><span class='ocrx_word' id='word_1_259' title='bbox 275 2265 386 2298; x_wconf 87' lang='lat' dir='ltr'>babitu</span> <span class='ocrx_word' id='word_1_260' title='bbox 417 2275 580 2308; x_wconf 78' lang='lat' dir='ltr'>cruceque</span> <span class='ocrx_word' id='word_1_261' title='bbox 615 2269 768 2308; x_wconf 78' lang='lat' dir='ltr'>appareat</span> <span class='ocrx_word' id='word_1_262' title='bbox 797 2264 845 2296; x_wconf 84' lang='lat' dir='ltr'>vel</span> <span class='ocrx_word' id='word_1_263' title='bbox 880 2274 944 2295; x_wconf 90' lang='lat' dir='ltr'>non</span> <span class='ocrx_word' id='word_1_264' title='bbox 979 2275 1033 2308; x_wconf 87' lang='lat' dir='ltr'>ap-</span> 
     </span>
     <span class='ocr_line' id='line_1_55' title="bbox 274 2316 1034 2362; baseline 0 -11"><span class='ocrx_word' id='word_1_265' title='bbox 274 2323 397 2362; x_wconf 86' lang='lat' dir='ltr'>pareat,</span> <span class='ocrx_word' id='word_1_266' title='bbox 421 2318 454 2350; x_wconf 91' lang='lat' dir='ltr'>in</span> <span class='ocrx_word' id='word_1_267' title='bbox 471 2328 544 2351; x_wconf 89' lang='lat' dir='ltr'>eum</span> <span class='ocrx_word' id='word_1_268' title='bbox 567 2317 748 2357; x_wconf 86' lang='lat' dir='ltr'>meliorem,</span> <span class='ocrx_word' id='word_1_269' title='bbox 779 2317 834 2360; x_wconf 89' lang='lat' dir='ltr'>qui</span> <span class='ocrx_word' id='word_1_270' title='bbox 866 2316 924 2349; x_wconf 88' lang='lat' dir='ltr'>sibi</span> <span class='ocrx_word' id='word_1_271' title='bbox 952 2317 1034 2351; x_wconf 85' lang='lat' dir='ltr'>vide-</span> 
     </span>
     <span class='ocr_line' id='line_1_56' title="bbox 275 2365 1033 2408; baseline -0.001 -8"><span class='ocrx_word' id='word_1_272' title='bbox 275 2367 374 2407; x_wconf 85' lang='lat' dir='ltr'>bitur,</span> <span class='ocrx_word' id='word_1_273' title='bbox 393 2367 526 2400; x_wconf 88' lang='lat' dir='ltr'>modum</span> <span class='ocrx_word' id='word_1_274' title='bbox 548 2367 642 2408; x_wconf 85' lang='lat' dir='ltr'>(citra</span> <span class='ocrx_word' id='word_1_275' title='bbox 662 2371 770 2399; x_wconf 85' lang='lat' dir='ltr'>tamen</span> <span class='ocrx_word' id='word_1_276' title='bbox 792 2365 929 2398; x_wconf 82' lang='lat' dir='ltr'>aliarum</span> <span class='ocrx_word' id='word_1_277' title='bbox 951 2366 1033 2399; x_wconf 91' lang='lat' dir='ltr'>mili-</span> 
     </span>
    </p>
   </div>
   <div class='ocr_carea' id='block_1_15' title="bbox 246 2414 1034 2459">
    <p class='ocr_par' dir='ltr' id='par_1_18' title="bbox 246 2414 1034 2459">
     <span class='ocr_line' id='line_1_57' title="bbox 246 2414 1034 2459; baseline 0.003 -13"><span class='ocrx_word' id='word_1_278' title='bbox 246 2444 248 2446; x_wconf 90' lang='lat'>.</span> <span class='ocrx_word' id='word_1_279' title='bbox 276 2416 395 2449; x_wconf 84' lang='lat' dir='ltr'>tiarum</span> <span class='ocrx_word' id='word_1_280' title='bbox 426 2422 453 2449; x_wconf 89' lang='lat' dir='ltr'>et</span> <span class='ocrx_word' id='word_1_281' title='bbox 475 2415 680 2458; x_wconf 83' lang='lat' dir='ltr'>Religionum</span> <span class='ocrx_word' id='word_1_282' title='bbox 711 2414 962 2459; x_wconf 82' lang='lat' dir='ltr'>praeiudicium&gt;</span> <span class='ocrx_word' id='word_1_283' title='bbox 987 2426 1034 2448; x_wconf 88' lang='lat' dir='ltr'>re-</span> 
     </span>
    </p>
   </div>
   <div class='ocr_carea' id='block_1_16' title="bbox 276 2463 1034 2555">
    <p class='ocr_par' dir='ltr' id='par_1_19' title="bbox 276 2463 1034 2555">
     <span class='ocr_line' id='line_1_58' title="bbox 277 2463 1034 2507; baseline -0.003 -9"><span class='ocrx_word' id='word_1_284' title='bbox 277 2466 429 2502; x_wconf 78' lang='lat' dir='ltr'>formare,</span> <span class='ocrx_word' id='word_1_285' title='bbox 452 2465 483 2497; x_wconf 91' lang='lat' dir='ltr'>in</span> <span class='ocrx_word' id='word_1_286' title='bbox 505 2469 570 2497; x_wconf 87' lang='lat' dir='ltr'>toto</span> <span class='ocrx_word' id='word_1_287' title='bbox 600 2464 650 2496; x_wconf 88' lang='lat' dir='ltr'>vel</span> <span class='ocrx_word' id='word_1_288' title='bbox 684 2463 715 2495; x_wconf 91' lang='lat' dir='ltr'>in</span> <span class='ocrx_word' id='word_1_289' title='bbox 737 2467 827 2507; x_wconf 86' lang='lat' dir='ltr'>parte</span> <span class='ocrx_word' id='word_1_290' title='bbox 862 2463 1034 2496; x_wconf 88' lang='lat' dir='ltr'>immutare</span> 
     </span>
     <span class='ocr_line' id='line_1_59' title="bbox 276 2512 1031 2555; baseline -0.005 -7"><span class='ocrx_word' id='word_1_291' title='bbox 276 2515 322 2547; x_wconf 85' lang='lat' dir='ltr'>vel</span> <span class='ocrx_word' id='word_1_292' title='bbox 344 2514 486 2548; x_wconf 80' lang='lat' dir='ltr'>stabilire</span> <span class='ocrx_word' id='word_1_293' title='bbox 512 2525 548 2546; x_wconf 85' lang='lat' dir='ltr'>ao</span> <span class='ocrx_word' id='word_1_294' title='bbox 579 2513 731 2545; x_wconf 86' lang='lat' dir='ltr'>innovare</span> <span class='ocrx_word' id='word_1_295' title='bbox 752 2540 759 2553; x_wconf 93' lang='lat'>,</span> <span class='ocrx_word' id='word_1_296' title='bbox 789 2512 1031 2555; x_wconf 78' lang='lat' dir='ltr'>Regulamque‚</span> 
     </span>
    </p>
   </div>
   <div class='ocr_carea' id='block_1_17' title="bbox 1052 398 1056 2176">
    <p class='ocr_par' dir='ltr' id='par_1_20' title="bbox 1052 398 1056 2176">
     <span class='ocr_line' id='line_1_60' title="bbox 1052 398 1056 2176; baseline 0 0"><span class='ocrx_word' id='word_1_297' title='bbox 1052 398 1056 2176; x_wconf 95' lang='lat' dir='ltr'> </span> 
     </span>
    </p>
   </div>
   <div class='ocr_carea' id='block_1_18' title="bbox 1074 393 1833 1501">
    <p class='ocr_par' dir='ltr' id='par_1_21' title="bbox 1074 393 1828 543">
     <span class='ocr_line' id='line_1_61' title="bbox 1074 393 1828 436; baseline -0.001 -9"><span class='ocrx_word' id='word_1_298' title='bbox 1074 401 1101 427; x_wconf 87' lang='lat' dir='ltr'>et</span> <span class='ocrx_word' id='word_1_299' title='bbox 1127 396 1181 427; x_wconf 87' lang='lat' dir='ltr'>illa</span> <span class='ocrx_word' id='word_1_300' title='bbox 1203 394 1366 436; x_wconf 71' lang='lat' dir='ltr'>corrigere</span> <span class='ocrx_word' id='word_1_301' title='bbox 1388 399 1415 425; x_wconf 87' lang='lat' dir='ltr'>et</span> <span class='ocrx_word' id='word_1_302' title='bbox 1443 393 1615 426; x_wconf 84' lang='lat' dir='ltr'>immutare</span> <span class='ocrx_word' id='word_1_303' title='bbox 1637 393 1828 435; x_wconf 83' lang='lat' dir='ltr'>(dummodo</span> 
     </span>
     <span class='ocr_line' id='line_1_62' title="bbox 1075 446 1828 487; baseline -0.003 -7"><span class='ocrx_word' id='word_1_304' title='bbox 1075 448 1160 480; x_wconf 75' lang='lat' dir='ltr'>licita</span> <span class='ocrx_word' id='word_1_305' title='bbox 1181 454 1207 480; x_wconf 89' lang='lat' dir='ltr'>et</span> <span class='ocrx_word' id='word_1_306' title='bbox 1227 448 1372 487; x_wconf 86' lang='lat' dir='ltr'>honesta,</span> <span class='ocrx_word' id='word_1_307' title='bbox 1396 457 1454 479; x_wconf 79' lang='lat' dir='ltr'>nec</span> <span class='ocrx_word' id='word_1_308' title='bbox 1476 446 1579 479; x_wconf 87' lang='lat' dir='ltr'>eidem</span> <span class='ocrx_word' id='word_1_309' title='bbox 1597 446 1735 479; x_wconf 77' lang='lat' dir='ltr'>concilio</span> <span class='ocrx_word' id='word_1_310' title='bbox 1754 458 1828 479; x_wconf 82' lang='lat' dir='ltr'>con-</span> 
     </span>
     <span class='ocr_line' id='line_1_63' title="bbox 1074 499 1790 543; baseline -0.001 -11"><span class='ocrx_word' id='word_1_311' title='bbox 1074 501 1170 533; x_wconf 88' lang='lat' dir='ltr'>traria</span> <span class='ocrx_word' id='word_1_312' title='bbox 1191 502 1338 543; x_wconf 77' lang='lat' dir='ltr'>existant)</span> <span class='ocrx_word' id='word_1_313' title='bbox 1358 501 1450 533; x_wconf 81' lang='lat' dir='ltr'>toties</span> <span class='ocrx_word' id='word_1_314' title='bbox 1471 499 1599 543; x_wconf 84' lang='lat' dir='ltr'>quoties</span> <span class='ocrx_word' id='word_1_315' title='bbox 1619 500 1790 533; x_wconf 82' lang='lat' dir='ltr'>voluerint.</span> 
     </span>
    </p>

    <p class='ocr_par' dir='ltr' id='par_1_22' title="bbox 1074 553 1833 1501">
     <span class='ocr_line' id='line_1_64' title="bbox 1119 553 1829 597; baseline 0 -11"><span class='ocrx_word' id='word_1_316' title='bbox 1119 554 1133 596; x_wconf 63' lang='grc' dir='ltr'>ξ</span> <span class='ocrx_word' id='word_1_317' title='bbox 1154 554 1205 586; x_wconf 74' lang='grc'>44.</span> <span class='ocrx_word' id='word_1_318' title='bbox 1230 554 1360 587; x_wconf 79' lang='lat' dir='ltr'>Necnon</span> <span class='ocrx_word' id='word_1_319' title='bbox 1382 554 1485 586; x_wconf 86' lang='lat' dir='ltr'>eidem</span> <span class='ocrx_word' id='word_1_320' title='bbox 1506 553 1674 586; x_wconf 86' lang='lat' dir='ltr'>loannotto</span> <span class='ocrx_word' id='word_1_321' title='bbox 1708 558 1735 585; x_wconf 85' lang='lat' dir='ltr'>et</span> <span class='ocrx_word' id='word_1_322' title='bbox 1771 564 1829 597; x_wconf 88' lang='lat' dir='ltr'>pro</span> 
     </span>
     <span class='ocr_line' id='line_1_65' title="bbox 1075 607 1829 650; baseline 0.001 -12"><span class='ocrx_word' id='word_1_323' title='bbox 1075 613 1219 650; x_wconf 84' lang='lat' dir='ltr'>tempore</span> <span class='ocrx_word' id='word_1_324' title='bbox 1232 607 1377 640; x_wconf 82' lang='lat' dir='ltr'>existenti</span> <span class='ocrx_word' id='word_1_325' title='bbox 1392 617 1507 650; x_wconf 75' lang='lat' dir='ltr'>magno</span> <span class='ocrx_word' id='word_1_326' title='bbox 1524 607 1677 649; x_wconf 78' lang='lat' dir='ltr'>magistro</span> <span class='ocrx_word' id='word_1_327' title='bbox 1690 612 1721 639; x_wconf 90' lang='lat' dir='ltr'>ut</span> <span class='ocrx_word' id='word_1_328' title='bbox 1734 618 1829 650; x_wconf 88' lang='lat' dir='ltr'>quae-</span> 
     </span>
     <span class='ocr_line' id='line_1_66' title="bbox 1075 660 1826 704; baseline 0.003 -13"><span class='ocrx_word' id='word_1_329' title='bbox 1075 670 1228 703; x_wconf 71' lang='lat' dir='ltr'>cumque,</span> <span class='ocrx_word' id='word_1_330' title='bbox 1252 667 1473 704; x_wconf 79' lang='lat' dir='ltr'>quotcumque</span> <span class='ocrx_word' id='word_1_331' title='bbox 1502 666 1528 693; x_wconf 87' lang='lat' dir='ltr'>ot</span> <span class='ocrx_word' id='word_1_332' title='bbox 1551 660 1800 703; x_wconf 85' lang='lat' dir='ltr'>qualiacumque</span> <span class='ocrx_word' id='word_1_333' title='bbox 1820 688 1826 699; x_wconf 87' lang='lat'>,</span> 
     </span>
     <span class='ocr_line' id='line_1_67' title="bbox 1074 713 1828 758; baseline 0.005 -15"><span class='ocrx_word' id='word_1_334' title='bbox 1074 713 1169 745; x_wconf 71' lang='lat' dir='ltr'>ctiam</span> <span class='ocrx_word' id='word_1_335' title='bbox 1192 714 1474 758; x_wconf 79' lang='lat' dir='ltr'>qualitercumque</span> <span class='ocrx_word' id='word_1_336' title='bbox 1487 714 1683 757; x_wconf 82' lang='lat' dir='ltr'>qualificata,</span> <span class='ocrx_word' id='word_1_337' title='bbox 1705 714 1828 747; x_wconf 48' lang='lat' dir='ltr'>benefi*</span> 
     </span>
     <span class='ocr_line' id='line_1_68' title="bbox 1075 766 1827 811; baseline 0.003 -14"><span class='ocrx_word' id='word_1_338' title='bbox 1075 766 1122 798; x_wconf 76' lang='lat' dir='ltr'>eia</span> <span class='ocrx_word' id='word_1_339' title='bbox 1144 767 1373 807; x_wconf 71' lang='lat' dir='ltr'>ecclesiastica,</span> <span class='ocrx_word' id='word_1_340' title='bbox 1396 768 1434 799; x_wconf 69' lang='lat' dir='ltr'>de</span> <span class='ocrx_word' id='word_1_341' title='bbox 1456 767 1525 800; x_wconf 80' lang='lat' dir='ltr'>iure</span> <span class='ocrx_word' id='word_1_342' title='bbox 1548 772 1736 811; x_wconf 85' lang='lat' dir='ltr'>patronatus</span> <span class='ocrx_word' id='word_1_343' title='bbox 1770 768 1827 799; x_wconf 87' lang='lat' dir='ltr'>lai-</span> 
     </span>
     <span class='ocr_line' id='line_1_69' title="bbox 1075 820 1828 854; baseline 0.003 -3"><span class='ocrx_word' id='word_1_344' title='bbox 1075 830 1187 852; x_wconf 67' lang='lat' dir='ltr'>corum</span> <span class='ocrx_word' id='word_1_345' title='bbox 1210 832 1246 853; x_wconf 78' lang='lat' dir='ltr'>ex</span> <span class='ocrx_word' id='word_1_346' title='bbox 1278 821 1462 853; x_wconf 79' lang='lat' dir='ltr'>fundatione</span> <span class='ocrx_word' id='word_1_347' title='bbox 1490 822 1535 853; x_wconf 77' lang='lat' dir='ltr'>vel</span> <span class='ocrx_word' id='word_1_348' title='bbox 1567 820 1728 854; x_wconf 86' lang='lat' dir='ltr'>dotatione</span> <span class='ocrx_word' id='word_1_349' title='bbox 1764 820 1828 853; x_wconf 82' lang='lat' dir='ltr'>exi-</span> 
     </span>
     <span class='ocr_line' id='line_1_70' title="bbox 1075 873 1828 917; baseline 0.003 -12"><span class='ocrx_word' id='word_1_350' title='bbox 1075 873 1200 911; x_wconf 68' lang='lat' dir='ltr'>stentia,</span> <span class='ocrx_word' id='word_1_351' title='bbox 1225 880 1253 906; x_wconf 83' lang='lat' dir='ltr'>et</span> <span class='ocrx_word' id='word_1_352' title='bbox 1277 874 1445 917; x_wconf 64' lang='lat' dir='ltr'>personale</span> <span class='ocrx_word' id='word_1_353' title='bbox 1468 874 1631 907; x_wconf 70' lang='lat' dir='ltr'>servitium</span> <span class='ocrx_word' id='word_1_354' title='bbox 1660 874 1691 906; x_wconf 92' lang='lat' dir='ltr'>in</span> <span class='ocrx_word' id='word_1_355' title='bbox 1722 874 1828 907; x_wconf 80' lang='lat' dir='ltr'>callie-</span> 
     </span>
     <span class='ocr_line' id='line_1_71' title="bbox 1075 926 1829 971; baseline 0.003 -13"><span class='ocrx_word' id='word_1_356' title='bbox 1075 926 1219 959; x_wconf 82' lang='lat' dir='ltr'>dralibus</span> <span class='ocrx_word' id='word_1_357' title='bbox 1246 934 1272 959; x_wconf 78' lang='lat' dir='ltr'>et</span> <span class='ocrx_word' id='word_1_358' title='bbox 1298 927 1475 971; x_wconf 71' lang='lat' dir='ltr'>collegiatis</span> <span class='ocrx_word' id='word_1_359' title='bbox 1496 927 1675 969; x_wconf 69' lang='lat' dir='ltr'>insignibus</span> <span class='ocrx_word' id='word_1_360' title='bbox 1696 937 1760 960; x_wconf 91' lang='lat' dir='ltr'>non</span> <span class='ocrx_word' id='word_1_361' title='bbox 1783 938 1829 960; x_wconf 85' lang='lat' dir='ltr'>re-</span> 
     </span>
     <span class='ocr_line' id='line_1_72' title="bbox 1074 979 1830 1023; baseline 0.001 -12"><span class='ocrx_word' id='word_1_362' title='bbox 1074 979 1233 1023; x_wconf 88' lang='lat' dir='ltr'>quirentia</span> <span class='ocrx_word' id='word_1_363' title='bbox 1257 981 1448 1023; x_wconf 66' lang='lat' dir='ltr'>(dummodo</span> <span class='ocrx_word' id='word_1_364' title='bbox 1470 980 1532 1012; x_wconf 86' lang='lat' dir='ltr'>illis</span> <span class='ocrx_word' id='word_1_365' title='bbox 1548 981 1731 1013; x_wconf 84' lang='lat' dir='ltr'>animarum</span> <span class='ocrx_word' id='word_1_366' title='bbox 1753 991 1830 1013; x_wconf 87' lang='lat' dir='ltr'>cura</span> 
     </span>
     <span class='ocr_line' id='line_1_73' title="bbox 1075 1033 1832 1077; baseline 0.003 -13"><span class='ocrx_word' id='word_1_367' title='bbox 1075 1043 1138 1065; x_wconf 89' lang='lat' dir='ltr'>non</span> <span class='ocrx_word' id='word_1_368' title='bbox 1152 1034 1344 1071; x_wconf 62' lang='lat' dir='ltr'>inanimati:</span> <span class='ocrx_word' id='word_1_369' title='bbox 1367 1033 1491 1066; x_wconf 85' lang='lat' dir='ltr'>etiamsi</span> <span class='ocrx_word' id='word_1_370' title='bbox 1509 1034 1561 1066; x_wconf 89' lang='lat' dir='ltr'>illa</span> <span class='ocrx_word' id='word_1_371' title='bbox 1577 1033 1832 1077; x_wconf 67' lang='lat' dir='ltr'>archipresbyte-</span> 
     </span>
     <span class='ocr_line' id='line_1_74' title="bbox 1075 1086 1832 1129; baseline 0.003 -12"><span class='ocrx_word' id='word_1_372' title='bbox 1075 1092 1163 1118; x_wconf 84' lang='lat' dir='ltr'>ratus</span> <span class='ocrx_word' id='word_1_373' title='bbox 1199 1088 1323 1120; x_wconf 84' lang='lat' dir='ltr'>rurales</span> <span class='ocrx_word' id='word_1_374' title='bbox 1357 1092 1410 1119; x_wconf 89' lang='lat' dir='ltr'>aut</span> <span class='ocrx_word' id='word_1_375' title='bbox 1441 1086 1612 1129; x_wconf 67' lang='lat' dir='ltr'>dignitates</span> <span class='ocrx_word' id='word_1_376' title='bbox 1641 1087 1688 1118; x_wconf 70' lang='lat' dir='ltr'>vel</span> <span class='ocrx_word' id='word_1_377' title='bbox 1712 1097 1832 1120; x_wconf 91' lang='lat' dir='ltr'>nomen</span> 
     </span>
     <span class='ocr_line' id='line_1_75' title="bbox 1076 1139 1832 1183; baseline 0.003 -12"><span class='ocrx_word' id='word_1_378' title='bbox 1076 1139 1239 1181; x_wconf 73' lang='lat' dir='ltr'>dignitatis</span> <span class='ocrx_word' id='word_1_379' title='bbox 1259 1140 1410 1173; x_wconf 82' lang='lat' dir='ltr'>habentia</span> <span class='ocrx_word' id='word_1_380' title='bbox 1445 1141 1559 1183; x_wconf 77' lang='lat' dir='ltr'>&lt;extra</span> <span class='ocrx_word' id='word_1_381' title='bbox 1585 1146 1691 1172; x_wconf 89' lang='lat' dir='ltr'>tamen</span> <span class='ocrx_word' id='word_1_382' title='bbox 1727 1140 1832 1173; x_wconf 79' lang='lat' dir='ltr'>cathe-</span> 
     </span>
     <span class='ocr_line' id='line_1_76' title="bbox 1075 1192 1832 1237; baseline 0.003 -14"><span class='ocrx_word' id='word_1_383' title='bbox 1075 1192 1218 1225; x_wconf 73' lang='lat' dir='ltr'>‹lraleset</span> <span class='ocrx_word' id='word_1_384' title='bbox 1232 1193 1417 1237; x_wconf 77' lang='lat' dir='ltr'>collegiatas</span> <span class='ocrx_word' id='word_1_385' title='bbox 1433 1192 1585 1226; x_wconf 83' lang='lat' dir='ltr'>ecclesias</span> <span class='ocrx_word' id='word_1_386' title='bbox 1602 1193 1832 1233; x_wconf 66' lang='lat' dir='ltr'>consistentiai,</span> 
     </span>
     <span class='ocr_line' id='line_1_77' title="bbox 1075 1244 1833 1291; baseline 0.005 -15"><span class='ocrx_word' id='word_1_387' title='bbox 1075 1244 1200 1287; x_wconf 73' lang='lat' dir='ltr'>etiamsi</span> <span class='ocrx_word' id='word_1_388' title='bbox 1221 1247 1452 1291; x_wconf 81' lang='lat' dir='ltr'>praestimonia</span> <span class='ocrx_word' id='word_1_389' title='bbox 1475 1252 1527 1279; x_wconf 84' lang='lat' dir='ltr'>aut</span> <span class='ocrx_word' id='word_1_390' title='bbox 1553 1246 1833 1290; x_wconf 75' lang='lat' dir='ltr'>praestimoniales</span> 
     </span>
     <span class='ocr_line' id='line_1_78' title="bbox 1075 1299 1830 1343; baseline 0.003 -12"><span class='ocrx_word' id='word_1_391' title='bbox 1075 1299 1242 1342; x_wconf 81' lang='lat' dir='ltr'>portiones</span> <span class='ocrx_word' id='word_1_392' title='bbox 1263 1300 1395 1333; x_wconf 78' lang='lat' dir='ltr'>existant</span> <span class='ocrx_word' id='word_1_393' title='bbox 1423 1300 1470 1333; x_wconf 79' lang='lat' dir='ltr'>vel</span> <span class='ocrx_word' id='word_1_394' title='bbox 1500 1300 1560 1332; x_wconf 87' lang='lat' dir='ltr'>alia</span> <span class='ocrx_word' id='word_1_395' title='bbox 1579 1299 1754 1343; x_wconf 84' lang='lat' dir='ltr'>simplicia,</span> <span class='ocrx_word' id='word_1_396' title='bbox 1778 1306 1830 1333; x_wconf 86' lang='lat' dir='ltr'>aut</span> 
     </span>
     <span class='ocr_line' id='line_1_79' title="bbox 1076 1353 1832 1397; baseline 0.003 -13"><span class='ocrx_word' id='word_1_397' title='bbox 1076 1354 1271 1386; x_wconf 83' lang='lat' dir='ltr'>monasteria</span> <span class='ocrx_word' id='word_1_398' title='bbox 1295 1355 1375 1397; x_wconf 79' lang='lat' dir='ltr'>&lt;non</span> <span class='ocrx_word' id='word_1_399' title='bbox 1394 1359 1503 1386; x_wconf 87' lang='lat' dir='ltr'>tamen</span> <span class='ocrx_word' id='word_1_400' title='bbox 1524 1353 1774 1396; x_wconf 75' lang='lat' dir='ltr'>consistorialia)</span> <span class='ocrx_word' id='word_1_401' title='bbox 1784 1355 1832 1386; x_wconf 74' lang='lat' dir='ltr'>vel</span> 
     </span>
     <span class='ocr_line' id='line_1_80' title="bbox 1076 1405 1833 1449; baseline 0.005 -12"><span class='ocrx_word' id='word_1_402' title='bbox 1076 1405 1135 1438; x_wconf 87' lang='lat' dir='ltr'>alia</span> <span class='ocrx_word' id='word_1_403' title='bbox 1152 1407 1308 1441; x_wconf 81' lang='lat' dir='ltr'>beneficia</span> <span class='ocrx_word' id='word_1_404' title='bbox 1326 1407 1543 1440; x_wconf 83' lang='lat' dir='ltr'>ecclesiastica</span> <span class='ocrx_word' id='word_1_405' title='bbox 1562 1407 1735 1449; x_wconf 75' lang='lat' dir='ltr'>regularia,</span> <span class='ocrx_word' id='word_1_406' title='bbox 1755 1418 1833 1441; x_wconf 79' lang='lat' dir='ltr'>cura</span> 
     </span>
     <span class='ocr_line' id='line_1_81' title="bbox 1077 1460 1832 1501; baseline 0.004 -10"><span class='ocrx_word' id='word_1_407' title='bbox 1077 1464 1183 1493; x_wconf 84' lang='lat' dir='ltr'>tamen</span> <span class='ocrx_word' id='word_1_408' title='bbox 1205 1467 1233 1494; x_wconf 82' lang='lat' dir='ltr'>et</span> <span class='ocrx_word' id='word_1_409' title='bbox 1255 1467 1414 1494; x_wconf 79' lang='lat' dir='ltr'>conventu</span> <span class='ocrx_word' id='word_1_410' title='bbox 1436 1460 1592 1498; x_wconf 80' lang='lat' dir='ltr'>carentia,</span> <span class='ocrx_word' id='word_1_411' title='bbox 1616 1460 1749 1501; x_wconf 80' lang='lat' dir='ltr'>fuerint,</span> <span class='ocrx_word' id='word_1_412' title='bbox 1777 1472 1832 1495; x_wconf 88' lang='lat' dir='ltr'>ac-</span> 
     </span>
    </p>
   </div>
   <div class='ocr_carea' id='block_1_19' title="bbox 1053 1514 1833 1557">
    <p class='ocr_par' dir='ltr' id='par_1_23' title="bbox 1053 1514 1833 1557">
     <span class='ocr_line' id='line_1_82' title="bbox 1053 1514 1833 1557; baseline 0.001 -14"><span class='ocrx_word' id='word_1_413' title='bbox 1053 1535 1055 1543; x_wconf 50' lang='lat'>&lt;</span> <span class='ocrx_word' id='word_1_414' title='bbox 1076 1514 1209 1547; x_wconf 81' lang='lat' dir='ltr'>cedente</span> <span class='ocrx_word' id='word_1_415' title='bbox 1230 1520 1338 1547; x_wconf 88' lang='lat' dir='ltr'>tamen</span> <span class='ocrx_word' id='word_1_416' title='bbox 1360 1524 1520 1547; x_wconf 80' lang='lat' dir='ltr'>consensu</span> <span class='ocrx_word' id='word_1_417' title='bbox 1541 1518 1774 1557; x_wconf 80' lang='lat' dir='ltr'>patronorum,</span> <span class='ocrx_word' id='word_1_418' title='bbox 1803 1520 1833 1548; x_wconf 89' lang='lat' dir='ltr'>et</span> 
     </span>
    </p>
   </div>
   <div class='ocr_carea' id='block_1_20' title="bbox 1075 1566 1834 1612">
    <p class='ocr_par' dir='ltr' id='par_1_24' title="bbox 1075 1566 1834 1612">
     <span class='ocr_line' id='line_1_83' title="bbox 1075 1566 1834 1612; baseline 0.004 -14"><span class='ocrx_word' id='word_1_419' title='bbox 1075 1566 1142 1600; x_wconf 85' lang='lat' dir='ltr'>sine</span> <span class='ocrx_word' id='word_1_420' title='bbox 1164 1568 1364 1610; x_wconf 82' lang='lat' dir='ltr'>praeiudicio</span> <span class='ocrx_word' id='word_1_421' title='bbox 1386 1578 1421 1600; x_wconf 88' lang='lat' dir='ltr'>ea</span> <span class='ocrx_word' id='word_1_422' title='bbox 1443 1567 1669 1607; x_wconf 82' lang='lat' dir='ltr'>obtinentium,</span> <span class='ocrx_word' id='word_1_423' title='bbox 1701 1573 1731 1600; x_wconf 89' lang='lat' dir='ltr'>et</span> <span class='ocrx_word' id='word_1_424' title='bbox 1756 1568 1834 1612; x_wconf 85' lang='lat' dir='ltr'>ipsis</span> 
     </span>
    </p>
   </div>
   <div class='ocr_carea' id='block_1_21' title="bbox 1053 1620 1833 1664">
    <p class='ocr_par' dir='ltr' id='par_1_25' title="bbox 1053 1620 1833 1664">
     <span class='ocr_line' id='line_1_84' title="bbox 1053 1620 1833 1664; baseline 0.003 -11"><span class='ocrx_word' id='word_1_425' title='bbox 1053 1634 1055 1645; x_wconf 70' lang='grc' dir='ltr'>ι</span> <span class='ocrx_word' id='word_1_426' title='bbox 1076 1621 1266 1655; x_wconf 84' lang='lat' dir='ltr'>cedentibus</span> <span class='ocrx_word' id='word_1_427' title='bbox 1285 1622 1333 1654; x_wconf 83' lang='lat' dir='ltr'>vel</span> <span class='ocrx_word' id='word_1_428' title='bbox 1354 1620 1586 1654; x_wconf 74' lang='lat' dir='ltr'>decedentibus</span> <span class='ocrx_word' id='word_1_429' title='bbox 1605 1647 1611 1661; x_wconf 87' lang='lat'>,</span> <span class='ocrx_word' id='word_1_430' title='bbox 1640 1620 1672 1653; x_wconf 93' lang='lat' dir='ltr'>in</span> <span class='ocrx_word' id='word_1_431' title='bbox 1703 1632 1833 1664; x_wconf 86' lang='lat' dir='ltr'>praece-</span> 
     </span>
    </p>
   </div>
   <div class='ocr_carea' id='block_1_22' title="bbox 1075 1674 1835 2559">
    <p class='ocr_par' dir='ltr' id='par_1_26' title="bbox 1076 1674 1835 1933">
     <span class='ocr_line' id='line_1_85' title="bbox 1076 1674 1835 1718; baseline 0.003 -12"><span class='ocrx_word' id='word_1_432' title='bbox 1076 1675 1209 1718; x_wconf 77' lang='lat' dir='ltr'>ptorias,</span> <span class='ocrx_word' id='word_1_433' title='bbox 1232 1675 1454 1715; x_wconf 77' lang='lat' dir='ltr'>commendas,</span> <span class='ocrx_word' id='word_1_434' title='bbox 1473 1674 1636 1718; x_wconf 85' lang='lat' dir='ltr'>cappellas</span> <span class='ocrx_word' id='word_1_435' title='bbox 1657 1680 1711 1707; x_wconf 85' lang='lat' dir='ltr'>aut</span> <span class='ocrx_word' id='word_1_436' title='bbox 1733 1675 1835 1708; x_wconf 85' lang='lat' dir='ltr'>eccle-</span> 
     </span>
     <span class='ocr_line' id='line_1_86' title="bbox 1076 1727 1832 1772; baseline 0.001 -12"><span class='ocrx_word' id='word_1_437' title='bbox 1076 1728 1137 1760; x_wconf 84' lang='lat' dir='ltr'>sias</span> <span class='ocrx_word' id='word_1_438' title='bbox 1166 1728 1313 1772; x_wconf 89' lang='lat' dir='ltr'>ipsorum</span> <span class='ocrx_word' id='word_1_439' title='bbox 1341 1728 1510 1772; x_wconf 80' lang='lat' dir='ltr'>hospitalis</span> <span class='ocrx_word' id='word_1_440' title='bbox 1535 1733 1565 1760; x_wconf 91' lang='lat' dir='ltr'>et</span> <span class='ocrx_word' id='word_1_441' title='bbox 1594 1727 1727 1760; x_wconf 84' lang='lat' dir='ltr'>militiae</span> <span class='ocrx_word' id='word_1_442' title='bbox 1762 1739 1832 1772; x_wconf 88' lang='lat' dir='ltr'>per·</span> 
     </span>
     <span class='ocr_line' id='line_1_87' title="bbox 1076 1781 1831 1825; baseline 0.003 -12"><span class='ocrx_word' id='word_1_443' title='bbox 1076 1787 1173 1825; x_wconf 85' lang='lat' dir='ltr'>petuo</span> <span class='ocrx_word' id='word_1_444' title='bbox 1199 1782 1335 1824; x_wconf 77' lang='lat' dir='ltr'>erigere,</span> <span class='ocrx_word' id='word_1_445' title='bbox 1359 1781 1540 1821; x_wconf 78' lang='lat' dir='ltr'>instituere,</span> <span class='ocrx_word' id='word_1_446' title='bbox 1564 1781 1733 1825; x_wconf 87' lang='lat' dir='ltr'>dictaeque</span> <span class='ocrx_word' id='word_1_447' title='bbox 1755 1792 1831 1815; x_wconf 88' lang='lat' dir='ltr'>suae</span> 
     </span>
     <span class='ocr_line' id='line_1_88' title="bbox 1076 1835 1831 1879; baseline 0.003 -12"><span class='ocrx_word' id='word_1_448' title='bbox 1076 1835 1206 1868; x_wconf 85' lang='lat' dir='ltr'>militiae</span> <span class='ocrx_word' id='word_1_449' title='bbox 1227 1841 1385 1879; x_wconf 76' lang='lat' dir='ltr'>perpetuo</span> <span class='ocrx_word' id='word_1_450' title='bbox 1415 1836 1638 1879; x_wconf 76' lang='lat' dir='ltr'>incorporare,</span> <span class='ocrx_word' id='word_1_451' title='bbox 1667 1836 1831 1879; x_wconf 86' lang='lat' dir='ltr'>applicare</span> 
     </span>
     <span class='ocr_line' id='line_1_89' title="bbox 1076 1889 1351 1933; baseline 0.007 -14"><span class='ocrx_word' id='word_1_452' title='bbox 1076 1894 1102 1921; x_wconf 76' lang='lat' dir='ltr'>et</span> <span class='ocrx_word' id='word_1_453' title='bbox 1125 1889 1351 1933; x_wconf 82' lang='lat' dir='ltr'>appropriare.</span> 
     </span>
    </p>

    <p class='ocr_par' dir='ltr' id='par_1_27' title="bbox 1075 1942 1832 2559">
     <span class='ocr_line' id='line_1_90' title="bbox 1120 1942 1830 1985; baseline 0 -10"><span class='ocrx_word' id='word_1_454' title='bbox 1120 1942 1134 1985; x_wconf 60' lang='grc' dir='ltr'>ξ</span> <span class='ocrx_word' id='word_1_455' title='bbox 1154 1942 1207 1975; x_wconf 74' lang='grc'>45.</span> <span class='ocrx_word' id='word_1_456' title='bbox 1232 1942 1274 1975; x_wconf 76' lang='lat' dir='ltr'>Ac</span> <span class='ocrx_word' id='word_1_457' title='bbox 1297 1942 1426 1975; x_wconf 90' lang='lat' dir='ltr'>illarum</span> <span class='ocrx_word' id='word_1_458' title='bbox 1461 1942 1688 1975; x_wconf 80' lang='lat' dir='ltr'>fundatoribus</span> <span class='ocrx_word' id='word_1_459' title='bbox 1708 1943 1755 1975; x_wconf 75' lang='lat' dir='ltr'>vel</span> <span class='ocrx_word' id='word_1_460' title='bbox 1776 1942 1830 1975; x_wconf 89' lang='lat' dir='ltr'>do-</span> 
     </span>
     <span class='ocr_line' id='line_1_91' title="bbox 1076 1996 1828 2040; baseline 0 -12"><span class='ocrx_word' id='word_1_461' title='bbox 1076 1996 1232 2029; x_wconf 85' lang='lat' dir='ltr'>tatoribus</span> <span class='ocrx_word' id='word_1_462' title='bbox 1252 1996 1302 2029; x_wconf 84' lang='lat' dir='ltr'>ius</span> <span class='ocrx_word' id='word_1_463' title='bbox 1322 2001 1511 2040; x_wconf 79' lang='lat' dir='ltr'>patronatus</span> <span class='ocrx_word' id='word_1_464' title='bbox 1545 2001 1573 2028; x_wconf 90' lang='lat' dir='ltr'>et</span> <span class='ocrx_word' id='word_1_465' title='bbox 1605 1996 1828 2039; x_wconf 86' lang='lat' dir='ltr'>praesentandi</span> 
     </span>
     <span class='ocr_line' id='line_1_92' title="bbox 1075 2049 1827 2092; baseline 0 -11"><span class='ocrx_word' id='word_1_466' title='bbox 1075 2049 1167 2082; x_wconf 85' lang='lat' dir='ltr'>dictis</span> <span class='ocrx_word' id='word_1_467' title='bbox 1197 2050 1350 2092; x_wconf 75' lang='lat' dir='ltr'>magistro</span> <span class='ocrx_word' id='word_1_468' title='bbox 1385 2054 1415 2082; x_wconf 90' lang='lat' dir='ltr'>et</span> <span class='ocrx_word' id='word_1_469' title='bbox 1440 2049 1611 2082; x_wconf 77' lang='lat' dir='ltr'>conventui</span> <span class='ocrx_word' id='word_1_470' title='bbox 1640 2050 1687 2081; x_wconf 73' lang='lat' dir='ltr'>vel</span> <span class='ocrx_word' id='word_1_471' title='bbox 1714 2060 1827 2082; x_wconf 88' lang='lat' dir='ltr'>eorum</span> 
     </span>
     <span class='ocr_line' id='line_1_93' title="bbox 1075 2103 1830 2147; baseline 0.001 -12"><span class='ocrx_word' id='word_1_472' title='bbox 1075 2103 1228 2146; x_wconf 88' lang='lat' dir='ltr'>deputato</span> <span class='ocrx_word' id='word_1_473' title='bbox 1250 2114 1404 2147; x_wconf 86' lang='lat' dir='ltr'>personas</span> <span class='ocrx_word' id='word_1_474' title='bbox 1425 2103 1557 2135; x_wconf 83' lang='lat' dir='ltr'>idoneas</span> <span class='ocrx_word' id='word_1_475' title='bbox 1578 2103 1616 2134; x_wconf 89' lang='lat' dir='ltr'>ad</span> <span class='ocrx_word' id='word_1_476' title='bbox 1643 2108 1830 2147; x_wconf 88' lang='lat' dir='ltr'>praecepto-</span> 
     </span>
     <span class='ocr_line' id='line_1_94' title="bbox 1076 2156 1831 2200; baseline 0.001 -12"><span class='ocrx_word' id='word_1_477' title='bbox 1076 2156 1148 2195; x_wconf 89' lang='lat' dir='ltr'>rias,</span> <span class='ocrx_word' id='word_1_478' title='bbox 1169 2157 1294 2197; x_wconf 78' lang='lat' dir='ltr'>domos,</span> <span class='ocrx_word' id='word_1_479' title='bbox 1332 2156 1496 2200; x_wconf 84' lang='lat' dir='ltr'>cappellas</span> <span class='ocrx_word' id='word_1_480' title='bbox 1531 2166 1586 2188; x_wconf 82' lang='lat' dir='ltr'>seu</span> <span class='ocrx_word' id='word_1_481' title='bbox 1621 2156 1773 2189; x_wconf 77' lang='lat' dir='ltr'>ecclesias</span> <span class='ocrx_word' id='word_1_482' title='bbox 1800 2161 1831 2189; x_wconf 88' lang='lat' dir='ltr'>et</span> 
     </span>
     <span class='ocr_line' id='line_1_95' title="bbox 1075 2210 1830 2253; baseline 0 -11"><span class='ocrx_word' id='word_1_483' title='bbox 1075 2210 1245 2253; x_wconf 86' lang='lat' dir='ltr'>hospitalia</span> <span class='ocrx_word' id='word_1_484' title='bbox 1270 2210 1470 2249; x_wconf 85' lang='lat' dir='ltr'>huiusmodi,</span> <span class='ocrx_word' id='word_1_485' title='bbox 1508 2220 1566 2253; x_wconf 88' lang='lat' dir='ltr'>pro</span> <span class='ocrx_word' id='word_1_486' title='bbox 1600 2216 1745 2252; x_wconf 81' lang='lat' dir='ltr'>tempore</span> <span class='ocrx_word' id='word_1_487' title='bbox 1780 2221 1830 2242; x_wconf 82' lang='lat' dir='ltr'>va-</span> 
     </span>
     <span class='ocr_line' id='line_1_96' title="bbox 1075 2263 1829 2307; baseline 0.001 -12"><span class='ocrx_word' id='word_1_488' title='bbox 1075 2263 1192 2302; x_wconf 85' lang='lat' dir='ltr'>cantia,</span> <span class='ocrx_word' id='word_1_489' title='bbox 1220 2269 1379 2307; x_wconf 86' lang='lat' dir='ltr'>perpetuo</span> <span class='ocrx_word' id='word_1_490' title='bbox 1415 2273 1619 2306; x_wconf 72' lang='lat' dir='ltr'>praeservare</span> <span class='ocrx_word' id='word_1_491' title='bbox 1654 2268 1681 2295; x_wconf 87' lang='lat' dir='ltr'>et</span> <span class='ocrx_word' id='word_1_492' title='bbox 1712 2274 1829 2296; x_wconf 83' lang='lat' dir='ltr'>conce-</span> 
     </span>
     <span class='ocr_line' id='line_1_97' title="bbox 1075 2316 1829 2359; baseline -0.001 -9"><span class='ocrx_word' id='word_1_493' title='bbox 1075 2317 1164 2356; x_wconf 88' lang='lat' dir='ltr'>dere;</span> <span class='ocrx_word' id='word_1_494' title='bbox 1187 2323 1217 2349; x_wconf 91' lang='lat' dir='ltr'>et</span> <span class='ocrx_word' id='word_1_495' title='bbox 1237 2317 1357 2350; x_wconf 86' lang='lat' dir='ltr'>eisdem</span> <span class='ocrx_word' id='word_1_496' title='bbox 1380 2316 1531 2359; x_wconf 74' lang='lat' dir='ltr'>magistro</span> <span class='ocrx_word' id='word_1_497' title='bbox 1548 2321 1575 2348; x_wconf 88' lang='lat' dir='ltr'>et</span> <span class='ocrx_word' id='word_1_498' title='bbox 1597 2316 1769 2349; x_wconf 73' lang='lat' dir='ltr'>conventui</span> <span class='ocrx_word' id='word_1_499' title='bbox 1786 2316 1829 2349; x_wconf 89' lang='lat' dir='ltr'>sic</span> 
     </span>
     <span class='ocr_line' id='line_1_98' title="bbox 1075 2369 1831 2414; baseline 0 -12"><span class='ocrx_word' id='word_1_500' title='bbox 1075 2381 1092 2402; x_wconf 85' lang='lat' dir='ltr'>a</span> <span class='ocrx_word' id='word_1_501' title='bbox 1114 2370 1257 2414; x_wconf 84' lang='lat' dir='ltr'>patronis</span> <span class='ocrx_word' id='word_1_502' title='bbox 1275 2375 1504 2413; x_wconf 79' lang='lat' dir='ltr'>praesentatos,</span> <span class='ocrx_word' id='word_1_503' title='bbox 1519 2369 1604 2401; x_wconf 77' lang='lat' dir='ltr'>iuxta</span> <span class='ocrx_word' id='word_1_504' title='bbox 1616 2369 1831 2402; x_wconf 84' lang='lat' dir='ltr'>stabilimenta</span> 
     </span>
     <span class='ocr_line' id='line_1_99' title="bbox 1076 2418 1830 2461; baseline -0.001 -10"><span class='ocrx_word' id='word_1_505' title='bbox 1076 2419 1178 2451; x_wconf 82' lang='lat' dir='ltr'>dictae</span> <span class='ocrx_word' id='word_1_506' title='bbox 1200 2420 1390 2461; x_wconf 68' lang='lat' dir='ltr'>Religionis,</span> <span class='ocrx_word' id='word_1_507' title='bbox 1414 2418 1654 2451; x_wconf 85' lang='lat' dir='ltr'>ordinariorum</span> <span class='ocrx_word' id='word_1_508' title='bbox 1682 2418 1830 2450; x_wconf 88' lang='lat' dir='ltr'>locorum</span> 
     </span>
     <span class='ocr_line' id='line_1_100' title="bbox 1076 2467 1831 2510; baseline 0 -11"><span class='ocrx_word' id='word_1_509' title='bbox 1076 2473 1104 2499; x_wconf 88' lang='lat' dir='ltr'>et</span> <span class='ocrx_word' id='word_1_510' title='bbox 1126 2468 1315 2510; x_wconf 75' lang='lat' dir='ltr'>quorumvis</span> <span class='ocrx_word' id='word_1_511' title='bbox 1336 2467 1475 2500; x_wconf 85' lang='lat' dir='ltr'>aliorum</span> <span class='ocrx_word' id='word_1_512' title='bbox 1505 2477 1662 2499; x_wconf 79' lang='lat' dir='ltr'>consensu</span> <span class='ocrx_word' id='word_1_513' title='bbox 1696 2467 1831 2499; x_wconf 89' lang='lat' dir='ltr'>minime</span> 
     </span>
     <span class='ocr_line' id='line_1_101' title="bbox 1076 2516 1832 2559; baseline 0 -11"><span class='ocrx_word' id='word_1_514' title='bbox 1076 2516 1245 2559; x_wconf 69' lang='lat' dir='ltr'>requisito,</span> <span class='ocrx_word' id='word_1_515' title='bbox 1270 2517 1298 2548; x_wconf 88' lang='lat' dir='ltr'>iu</span> <span class='ocrx_word' id='word_1_516' title='bbox 1329 2517 1391 2548; x_wconf 85' lang='lat' dir='ltr'>illis</span> <span class='ocrx_word' id='word_1_517' title='bbox 1412 2516 1591 2553; x_wconf 81' lang='lat' dir='ltr'>instituere,</span> <span class='ocrx_word' id='word_1_518' title='bbox 1608 2527 1644 2548; x_wconf 83' lang='lat' dir='ltr'>ac</span> <span class='ocrx_word' id='word_1_519' title='bbox 1668 2516 1737 2548; x_wconf 83' lang='lat' dir='ltr'>illas</span> <span class='ocrx_word' id='word_1_520' title='bbox 1758 2526 1832 2548; x_wconf 87' lang='lat' dir='ltr'>con-</span> 
     </span>
    </p>
   </div>
   <div class='ocr_carea' id='block_1_23' title="bbox 276 2561 1832 2658">
    <p class='ocr_par' dir='ltr' id='par_1_28' title="bbox 276 2561 1832 2658">
     <span class='ocr_line' id='line_1_102' title="bbox 277 2561 1830 2609; baseline -0.001 -13"><span class='ocrx_word' id='word_1_521' title='bbox 277 2564 492 2597; x_wconf 88' lang='lat' dir='ltr'>stabilimenta</span> <span class='ocrx_word' id='word_1_522' title='bbox 528 2568 558 2596; x_wconf 89' lang='lat' dir='ltr'>et</span> <span class='ocrx_word' id='word_1_523' title='bbox 583 2567 699 2596; x_wconf 84' lang='lat' dir='ltr'>statuta</span> <span class='ocrx_word' id='word_1_524' title='bbox 728 2562 832 2595; x_wconf 86' lang='lat' dir='ltr'>dietae</span> <span class='ocrx_word' id='word_1_525' title='bbox 857 2561 1035 2605; x_wconf 79' lang='lat' dir='ltr'>Religionis</span> <span class='ocrx_word' id='word_1_526' title='bbox 1076 2565 1160 2598; x_wconf 82' lang='lat' dir='ltr'>ferre</span> <span class='ocrx_word' id='word_1_527' title='bbox 1181 2571 1211 2598; x_wconf 87' lang='lat' dir='ltr'>et</span> <span class='ocrx_word' id='word_1_528' title='bbox 1231 2565 1268 2598; x_wconf 86' lang='lat' dir='ltr'>de</span> <span class='ocrx_word' id='word_1_529' title='bbox 1290 2566 1335 2598; x_wconf 87' lang='lat' dir='ltr'>eis</span> <span class='ocrx_word' id='word_1_530' title='bbox 1348 2565 1528 2609; x_wconf 78' lang='lat' dir='ltr'>providere.</span> <span class='ocrx_word' id='word_1_531' title='bbox 1547 2566 1592 2598; x_wconf 84' lang='lat' dir='ltr'>lta</span> <span class='ocrx_word' id='word_1_532' title='bbox 1613 2570 1720 2597; x_wconf 86' lang='lat' dir='ltr'>tamen</span> <span class='ocrx_word' id='word_1_533' title='bbox 1744 2565 1830 2607; x_wconf 88' lang='lat' dir='ltr'>quod</span> 
     </span>
     <span class='ocr_line' id='line_1_103' title="bbox 276 2611 1832 2658; baseline -0.001 -11"><span class='ocrx_word' id='word_1_534' title='bbox 276 2619 307 2647; x_wconf 90' lang='lat' dir='ltr'>et</span> <span class='ocrx_word' id='word_1_535' title='bbox 331 2613 465 2646; x_wconf 88' lang='lat' dir='ltr'>militiae</span> <span class='ocrx_word' id='word_1_536' title='bbox 500 2613 539 2646; x_wconf 87' lang='lat' dir='ltr'>de</span> <span class='ocrx_word' id='word_1_537' title='bbox 570 2621 730 2645; x_wconf 89' lang='lat' dir='ltr'>consensu</span> <span class='ocrx_word' id='word_1_538' title='bbox 764 2611 813 2644; x_wconf 86' lang='lat' dir='ltr'>sui</span> <span class='ocrx_word' id='word_1_539' title='bbox 843 2611 1035 2655; x_wconf 85' lang='lat' dir='ltr'>protectoris</span> <span class='ocrx_word' id='word_1_540' title='bbox 1078 2613 1120 2646; x_wconf 88' lang='lat' dir='ltr'>ibi</span> <span class='ocrx_word' id='word_1_541' title='bbox 1147 2614 1274 2647; x_wconf 86' lang='lat' dir='ltr'>debitus</span> <span class='ocrx_word' id='word_1_542' title='bbox 1298 2614 1426 2647; x_wconf 81' lang='lat' dir='ltr'>divinus</span> <span class='ocrx_word' id='word_1_543' title='bbox 1456 2615 1562 2647; x_wconf 87' lang='lat' dir='ltr'>cultus</span> <span class='ocrx_word' id='word_1_544' title='bbox 1591 2625 1650 2658; x_wconf 87' lang='lat' dir='ltr'>per</span> <span class='ocrx_word' id='word_1_545' title='bbox 1678 2623 1832 2657; x_wconf 83' lang='lat' dir='ltr'>personas</span> 
     </span>
    </p>
   </div>
   <div class='ocr_carea' id='block_1_24' title="bbox 355 2664 894 2697">
    <p class='ocr_par' dir='ltr' id='par_1_29' title="bbox 355 2664 894 2697">
     <span class='ocr_line' id='line_1_104' title="bbox 355 2664 894 2697; baseline -0.006 0"><span class='ocrx_word' id='word_1_546' title='bbox 355 2667 430 2697; x_wconf 85' lang='lat' dir='ltr'>Bull.</span> <span class='ocrx_word' id='word_1_547' title='bbox 448 2666 524 2696; x_wconf 86' lang='lat' dir='ltr'>Rom.</span> <span class='ocrx_word' id='word_1_548' title='bbox 558 2665 612 2696; x_wconf 84' lang='lat' dir='ltr'>Vol.</span> <span class='ocrx_word' id='word_1_549' title='bbox 635 2664 692 2696; x_wconf 90' lang='lat' dir='ltr'><em>VII.</em></span> <span class='ocrx_word' id='word_1_550' title='bbox 855 2664 894 2695; x_wconf 70' lang='lat'>44</span> 
     </span>
    </p>
   </div>
   <div class='ocr_carea' id='block_1_25' title="bbox 1850 235 2034 263">
    <p class='ocr_par' dir='ltr' id='par_1_30' title="bbox 1850 235 2034 263">
     <span class='ocr_line' id='line_1_105' title="bbox 1850 235 2034 263; baseline -0.005 -1"><span class='ocrx_word' id='word_1_551' title='bbox 1850 235 1900 262; x_wconf 76' lang='lat' dir='ltr'>Au.</span> <span class='ocrx_word' id='word_1_552' title='bbox 1921 236 1949 262; x_wconf 76' lang='lat' dir='ltr'>(J.</span> <span class='ocrx_word' id='word_1_553' title='bbox 1970 238 2034 263; x_wconf 67' lang='lat'>1565</span> 
     </span>
    </p>
   </div>
   <div class='ocr_carea' id='block_1_26' title="bbox 1844 566 2034 932">
    <p class='ocr_par' dir='ltr' id='par_1_31' title="bbox 1844 566 2034 932">
     <span class='ocr_line' id='line_1_106' title="bbox 1887 566 2031 592; baseline 0.007 -6"><span class='ocrx_word' id='word_1_554' title='bbox 1887 566 1985 592; x_wconf 76' lang='lat' dir='ltr'>Erigeudt</span> <span class='ocrx_word' id='word_1_555' title='bbox 2012 568 2031 587; x_wconf 83' lang='lat' dir='ltr'>in</span> 
     </span>
     <span class='ocr_line' id='line_1_107' title="bbox 1845 599 2032 618; baseline 0.005 -2"><span class='ocrx_word' id='word_1_556' title='bbox 1845 599 1980 618; x_wconf 67' lang='lat' dir='ltr'>rammeudns</span> <span class='ocrx_word' id='word_1_557' title='bbox 2013 602 2032 618; x_wconf 81' lang='lat' dir='ltr'>et</span> 
     </span>
     <span class='ocr_line' id='line_1_108' title="bbox 1845 629 2033 656; baseline 0 -7"><span class='ocrx_word' id='word_1_558' title='bbox 1845 633 1979 656; x_wconf 63' lang='lat' dir='ltr'>praereptor⁴</span> <span class='ocrx_word' id='word_1_559' title='bbox 1997 629 2033 649; x_wconf 74' lang='lat' dir='ltr'>ho-</span> 
     </span>
     <span class='ocr_line' id='line_1_109' title="bbox 1846 660 2032 686; baseline 0 -7"><span class='ocrx_word' id='word_1_560' title='bbox 1846 661 1919 681; x_wconf 69' lang='lat' dir='ltr'>·›ettcia</span> <span class='ocrx_word' id='word_1_561' title='bbox 1931 660 2017 686; x_wconf 69' lang='lat' dir='ltr'>qualiter</span> <span class='ocrx_word' id='word_1_562' title='bbox 2026 670 2032 675; x_wconf 91' lang='lat'>-</span> 
     </span>
     <span class='ocr_line' id='line_1_110' title="bbox 1845 691 2033 717; baseline 0 -6"><span class='ocrx_word' id='word_1_563' title='bbox 1845 697 1933 717; x_wconf 64' lang='lat' dir='ltr'>rumque</span> <span class='ocrx_word' id='word_1_564' title='bbox 1951 691 2033 717; x_wconf 74' lang='lat' dir='ltr'>qualili—</span> 
     </span>
     <span class='ocr_line' id='line_1_111' title="bbox 1845 723 2032 742; baseline -0.005 0"><span class='ocrx_word' id='word_1_565' title='bbox 1845 726 1891 742; x_wconf 69' lang='lat' dir='ltr'>cata</span> <span class='ocrx_word' id='word_1_566' title='bbox 1921 723 1945 742; x_wconf 71' lang='lat' dir='ltr'>de</span> <span class='ocrx_word' id='word_1_567' title='bbox 1986 723 2032 742; x_wconf 76' lang='lat' dir='ltr'>iuro</span> 
     </span>
     <span class='ocr_line' id='line_1_112' title="bbox 1844 753 2034 779; baseline -0.011 -6"><span class='ocrx_word' id='word_1_568' title='bbox 1844 756 1967 779; x_wconf 72' lang='lat' dir='ltr'>patronatus</span> <span class='ocrx_word' id='word_1_569' title='bbox 1997 753 2034 772; x_wconf 38' lang='lat'><strong>111⁴-</strong></span> 
     </span>
     <span class='ocr_line' id='line_1_113' title="bbox 1844 785 2031 806; baseline -0.005 -2"><span class='ocrx_word' id='word_1_570' title='bbox 1844 791 1923 806; x_wconf 69' lang='lat' dir='ltr'>rorum,</span> <span class='ocrx_word' id='word_1_571' title='bbox 1938 786 2001 804; x_wconf 69' lang='lat' dir='ltr'>etiam</span> <span class='ocrx_word' id='word_1_572' title='bbox 2015 785 2031 803; x_wconf 83' lang='lat' dir='ltr'>sl</span> 
     </span>
     <span class='ocr_line' id='line_1_114' title="bbox 1844 816 2031 840; baseline -0.011 -5"><span class='ocrx_word' id='word_1_573' title='bbox 1844 816 1958 840; x_wconf 58' lang='lat' dir='ltr'>dignitates</span> <span class='ocrx_word' id='word_1_574' title='bbox 1999 817 2031 834; x_wconf 72' lang='lat' dir='ltr'>aut</span> 
     </span>
     <span class='ocr_line' id='line_1_115' title="bbox 1845 850 2031 867; baseline -0.005 -1"><span class='ocrx_word' id='word_1_575' title='bbox 1845 850 1973 867; x_wconf 66' lang='lat' dir='ltr'>titollflsleltd</span> <span class='ocrx_word' id='word_1_576' title='bbox 1989 851 2031 865; x_wconf 70' lang='lat' dir='ltr'>110ss</span> 
     </span>
     <span class='ocr_line' id='line_1_116' title="bbox 1845 878 2032 897; baseline 0.005 -1"><span class='ocrx_word' id='word_1_577' title='bbox 1845 880 1913 897; x_wconf 75' lang='lat' dir='ltr'>tamen</span> <span class='ocrx_word' id='word_1_578' title='bbox 1926 878 2032 897; x_wconf 68' lang='lat' dir='ltr'>consisto-</span> 
     </span>
     <span class='ocr_line' id='line_1_117' title="bbox 1845 908 1977 932; baseline -0.023 -3"><span class='ocrx_word' id='word_1_579' title='bbox 1845 908 1904 929; x_wconf 72' lang='lat' dir='ltr'>riulia</span> <span class='ocrx_word' id='word_1_580' title='bbox 1921 911 1977 932; x_wconf 41' lang='lat' dir='ltr'>ests,</span> 
     </span>
    </p>
   </div>
   <div class='ocr_carea' id='block_1_27' title="bbox 1845 1952 2034 2189">
    <p class='ocr_par' dir='ltr' id='par_1_32' title="bbox 1845 1952 2034 2189">
     <span class='ocr_line' id='line_1_118' title="bbox 1879 1952 2032 1972; baseline -0.007 0"><span class='ocrx_word' id='word_1_581' title='bbox 1879 1952 2032 1972; x_wconf 67' lang='lat' dir='ltr'>Pi-..eservnmii</span> 
     </span>
     <span class='ocr_line' id='line_1_119' title="bbox 1846 1984 2031 2009; baseline -0.005 -6"><span class='ocrx_word' id='word_1_582' title='bbox 1846 1984 1878 2003; x_wconf 69' lang='lat' dir='ltr'>ius</span> <span class='ocrx_word' id='word_1_583' title='bbox 1908 1986 2031 2009; x_wconf 79' lang='lat' dir='ltr'>patronatus</span> 
     </span>
     <span class='ocr_line' id='line_1_120' title="bbox 1846 2017 2033 2041; baseline -0.005 -7"><span class='ocrx_word' id='word_1_584' title='bbox 1846 2017 1866 2034; x_wconf 84' lang='lat' dir='ltr'>et</span> <span class='ocrx_word' id='word_1_585' title='bbox 1877 2017 1977 2041; x_wconf 72' lang='lat' dir='ltr'>p1aesent.</span> <span class='ocrx_word' id='word_1_586' title='bbox 1987 2020 2033 2039; x_wconf 79' lang='lat' dir='ltr'>pcr-</span> 
     </span>
     <span class='ocr_line' id='line_1_121' title="bbox 1845 2046 2034 2065; baseline 0 0"><span class='ocrx_word' id='word_1_587' title='bbox 1845 2051 1908 2065; x_wconf 73' lang='lat' dir='ltr'>sona=</span> <span class='ocrx_word' id='word_1_588' title='bbox 1933 2049 1953 2065; x_wconf 61' lang='lat' dir='ltr'>et</span> <span class='ocrx_word' id='word_1_589' title='bbox 1975 2046 2034 2065; x_wconf 81' lang='lat' dir='ltr'>insti-</span> 
     </span>
     <span class='ocr_line' id='line_1_122' title="bbox 1845 2077 2033 2102; baseline -0.005 -6"><span class='ocrx_word' id='word_1_590' title='bbox 1845 2077 1917 2096; x_wconf 73' lang='lat' dir='ltr'>tuendi</span> <span class='ocrx_word' id='word_1_591' title='bbox 1933 2081 2033 2102; x_wconf 74' lang='lat' dir='ltr'>praesen·</span> 
     </span>
     <span class='ocr_line' id='line_1_123' title="bbox 1845 2107 2033 2131; baseline 0 -5"><span class='ocrx_word' id='word_1_592' title='bbox 1845 2110 1908 2131; x_wconf 68' lang='lat' dir='ltr'>tatas,</span> <span class='ocrx_word' id='word_1_593' title='bbox 1934 2112 1957 2126; x_wconf 82' lang='lat' dir='ltr'>ac</span> <span class='ocrx_word' id='word_1_594' title='bbox 1980 2107 2033 2126; x_wconf 74' lang='lat' dir='ltr'>alia·</span> 
     </span>
     <span class='ocr_line' id='line_1_124' title="bbox 1846 2137 2033 2157; baseline -0.005 0"><span class='ocrx_word' id='word_1_595' title='bbox 1846 2137 1971 2157; x_wconf 61' lang='lat' dir='ltr'>conferendi</span> <span class='ocrx_word' id='word_1_596' title='bbox 1991 2138 2033 2157; x_wconf 81' lang='lat' dir='ltr'>tlic-</span> 
     </span>
     <span class='ocr_line' id='line_1_125' title="bbox 1847 2168 1996 2189; baseline -0.007 -1"><span class='ocrx_word' id='word_1_597' title='bbox 1847 2171 1867 2188; x_wconf 77' lang='lat' dir='ltr'>ta</span> <span class='ocrx_word' id='word_1_598' title='bbox 1882 2168 1996 2189; x_wconf 47' lang='lat' dir='ltr'>benefida.</span> 
     </span>
    </p>
   </div>
  </div>
 </body>
</html>
