2237 3100
76 286 126 314 Au.
144 285 173 312 C.
190 285 258 313 ¹560

942 283 1012 308 PIUS
1035 283 1066 306 lv
1090 283 1137 306 PP.

273 338 374 372 secuti
392 342 478 377 sunt,
491 337 644 381 prosequi
656 336 864 377 intendimus,
883 348 934 377 ne,
951 347 1028 381 pro-

273 396 345 435 pter
363 395 491 424 nostrae
512 390 739 424 declarationis
757 391 917 424 defectum
934 397 965 424 et
979 401 1029 423 ve-

273 443 375 478 ritatis
395 443 669 488 suppressionem,
693 449 805 477 contra
830 449 971 477 mentem
999 450 1030 477 et

273 498 470 530 voluntatem
482 502 619 538 nostras,
634 497 785 542 cuiquam
803 496 1028 542 praeiudicium

273 556 465 596 generetur,
488 557 646 594 quantum
667 551 699 584 in
720 551 812 584 nobis
833 557 878 584 est
892 577 899 591 ,
922 551 1029 594 provi-

274 605 350 638 dere
369 605 523 645 volentes,
546 615 582 637 ac
603 604 761 637 dictarum
787 610 970 637 nostrarum
991 604 1029 636 li-

273 664 417 691 terarum
437 657 596 691 veriorem
630 664 775 691 tenorem
809 657 1031 702 praesentibus

275 722 334 756 pro
346 711 545 745 sufficienter
560 723 710 755 expresso
723 712 889 751 habentes,
904 721 1031 744 necnon

275 771 366 799 motu
387 770 418 798 et
437 764 569 798 scientia
590 765 750 797 similibus
778 764 887 798 literas
906 770 1032 798 nostras

275 818 455 863 praedictas
480 818 518 851 ad
539 823 667 852 sanctae
688 819 850 851 Romanae
870 817 1031 851 Ecclesiae

277 872 468 912 cardinales,
483 872 577 905 etiam
595 872 697 905 ubivis
712 872 859 905 locorum
876 872 1033 905 deceden-

275 931 342 966 tes,
372 937 409 959 ac
429 936 543 958 eorum
577 926 661 958 bona
691 925 811 968 ubique
845 925 1030 965 existentia,

276 980 367 1013 nullo
383 986 489 1024 pacto,
511 980 551 1013 ad
572 980 689 1013 Urbem
710 984 741 1012 et
760 978 890 1012 Curiam
910 978 1034 1023 praesa-

276 1038 342 1074 tas,
365 1043 492 1067 necnon
526 1033 703 1076 praelatos,
725 1031 878 1065 officiales
898 1042 934 1064 ac
955 1031 1034 1065 alios

278 1087 460 1119 saeculares
494 1092 524 1119 et
553 1085 692 1118 cuiusvis
720 1084 848 1117 Ordinis
868 1085 1056 1128 regulares.

279 1139 427 1180 clericos,
450 1145 658 1182 ceterosque,
681 1143 745 1170 tam
766 1138 799 1170 in
819 1138 904 1171 Urbe
925 1144 956 1171 et
975 1138 1035 1171 Cu-

279 1193 327 1226 ria
346 1193 496 1237 praefatis
517 1203 575 1236 pro
590 1198 737 1235 tempore
757 1191 938 1232 existentes,
957 1197 987 1225 et
1002 1191 1035 1224 in

280 1258 317 1280 ea
346 1257 401 1279 seu
431 1246 499 1279 eius
528 1245 676 1278 districtu
709 1245 914 1285 decedentes,
937 1256 1034 1289 quam

280 1299 357 1332 alias
385 1299 459 1332 alibi
494 1298 597 1331 ubivis
630 1299 800 1339 locorum,
830 1298 926 1332 etiam
952 1300 1036 1332 ultra

280 1358 405 1386 montes
432 1358 460 1385 et
483 1352 596 1392 maria,
619 1352 801 1393 existentes,
823 1353 960 1386 testandi
987 1358 1035 1386 ta-

279 1417 373 1447 men,
395 1405 599 1439 codicillandi
629 1411 660 1439 et
687 1406 764 1439 alias
792 1406 831 1439 de
856 1406 950 1439 bonis
971 1407 1037 1440 suis

279 1460 542 1504 quibuscumque
563 1460 809 1504 quomodolibet
843 1460 1036 1505 disponendi

279 1515 480 1555 facultatem,
505 1525 560 1547 seu
579 1514 674 1547 etiam
696 1514 801 1557 quod,
829 1515 875 1547 eis
894 1514 934 1547 ab
955 1514 1036 1548 inte-

280 1573 360 1602 stato
380 1568 622 1609 decedentibus,
641 1578 754 1602 eorum
780 1568 862 1602 bona
884 1568 923 1601 ad
951 1568 1037 1613 ipso-

279 1633 353 1655 rum
373 1622 599 1666 proximiores,
617 1622 685 1666 qui,
708 1621 769 1655 nisi
789 1621 972 1655 beneficiati
993 1634 1038 1655 es-

280 1681 362 1716 sent,
385 1676 560 1710 succedere
580 1676 747 1716 deberent,
765 1675 985 1716 devolvantur,
1009 1682 1039 1709 et

280 1731 417 1764 debeant
437 1731 475 1763 ad
487 1730 660 1773 specialem
678 1729 716 1762 ab
728 1730 786 1773 Ap.
811 1730 891 1763 Sede
908 1731 953 1763 vol
972 1730 1039 1763 offi-

280 1784 406 1818 ciorum
428 1794 561 1817 suorum
577 1783 701 1817 ratione
717 1784 764 1817 vel
784 1783 1036 1827 privilegiorum,

279 1844 334 1871 aut
353 1849 389 1871 ex
401 1838 463 1871 alio
475 1837 588 1882 quovis
599 1837 692 1871 titulo
704 1848 763 1882 pro
779 1843 924 1881 tempore
940 1838 1040 1871 sacul-

279 1898 342 1926 tem
355 1893 523 1931 habentes,
537 1892 773 1935 cuiuscumque
784 1897 896 1931 statuS,
908 1892 1037 1935 gradus,

279 1946 413 1987 ordinis,
427 1946 620 1980 conditionis
637 1951 667 1979 et
682 1945 944 1990 praeeminentiae
965 1957 1039 1990 per-

280 2011 386 2041 sonas,
418 2000 552 2033 minime
573 2011 605 2033 se
627 2000 797 2033 extendere
812 2027 819 2037 ,
842 2010 948 2042 neque
969 2000 1040 2034 illos

280 2059 336 2088 aut
356 2065 470 2087 eorum
496 2054 639 2098 aliquem
665 2053 963 2098 comprehendere,
986 2055 1040 2088 sed

281 2109 320 2141 ab
354 2108 399 2141 eis
433 2108 562 2152 penitus
596 2112 746 2152 exceptos
780 2108 895 2148 fuisse,
918 2108 986 2141 fore
1011 2113 1040 2142 et

282 2173 367 2203 esse,
389 2172 427 2195 ac
451 2161 514 2195 dici
539 2167 570 2194 et
594 2161 736 2201 censeri,
759 2165 789 2194 et
815 2160 893 2193 alias
913 2161 1040 2194 easdem

283 2220 408 2249 nostras
441 2214 549 2247 literas
563 2241 570 2255 ,
599 2214 695 2247 etiam
720 2214 842 2256 absque
862 2214 967 2247 verbis
986 2220 1042 2248 aut

282 2269 360 2302 alias
381 2274 493 2302 contra
513 2279 621 2301 sacros
641 2278 781 2301 canones
801 2268 833 2300 in
854 2267 916 2301 illis
940 2279 1040 2312 appo-

282 2323 361 2365 sitis,
385 2323 417 2355 in
438 2321 589 2355 omnibus
609 2326 637 2354 et
659 2332 718 2366 per
738 2321 859 2363 omnia,
883 2333 919 2355 ac
941 2322 966 2355 si
987 2322 1041 2356 illa

283 2378 315 2411 in
336 2377 382 2411 eis
402 2376 547 2420 apposita
568 2387 631 2409 non
653 2376 797 2416 fuissent,
813 2387 868 2409 seu
889 2377 952 2410 illae
973 2377 1041 2411 sine

283 2430 328 2465 eis
348 2435 563 2471 emanassent,
587 2435 683 2470 stare,
706 2434 736 2462 et
756 2429 789 2462 in
809 2430 875 2463 suis
900 2430 1043 2464 efficacia

283 2486 313 2513 et
338 2479 456 2513 robore
482 2479 698 2523 permansisse
723 2484 751 2511 et
773 2489 965 2522 permanere
986 2479 1042 2513 de-

283 2529 391 2562 buisse
411 2533 442 2562 et
462 2528 592 2561 debere.

327 2578 342 2621 g
361 2577 393 2610 4.
420 2577 625 2611 Declarantes
641 2576 761 2610 eisdem
778 2581 868 2610 motu
886 2582 917 2611 et
936 2577 1042 2611 scien-

1740 265 1778 299 81

1070 335 1228 368 xandrum
1242 333 1293 373 vl,
1316 333 1455 365 Leonem
1475 331 1501 364 X
1517 336 1546 364 et
1567 330 1646 363 alios
1666 329 1828 362 Romanos

1070 389 1258 428 Pontifices,
1281 386 1377 420 etiam
1403 385 1668 430 praedecessores
1688 389 1827 422 nostros,

1071 454 1108 476 ac
1128 442 1223 476 etiam
1249 451 1326 479 nos,
1349 439 1445 472 etiam
1472 437 1503 471 in
1520 437 1675 477 conclavi,
1698 436 1730 469 in
1750 447 1827 480 quo,

1072 496 1177 529 divina
1198 495 1389 538 disponente
1418 490 1590 525 clementia
1608 517 1616 530 ,
1639 490 1678 522 ad
1712 489 1830 523 summi

1073 548 1271 592 apostolatus
1295 546 1420 591 apicem
1449 544 1605 588 assumpti
1632 542 1769 582 suimus,
1797 553 1831 575 e-

1072 603 1147 635 tiam
1169 602 1201 634 in
1222 600 1324 645 ipsius
1343 598 1437 632 Urbis
1457 602 1487 631 et
1503 597 1572 631 eius
1592 596 1830 636 aedificiorum,

1073 656 1304 698 Romanaeque
1319 653 1434 687 Curiae
1455 657 1485 685 et
1506 651 1575 685 eius
1596 650 1783 684 officialium
1796 660 1832 682 ac

1074 709 1211 741 aliarum
1233 718 1446 751 personarum
1463 705 1718 750 praedictarum,
1736 703 1832 736 etiam

1074 769 1161 795 extra
1188 762 1305 795 Urbem
1335 766 1365 794 et
1389 761 1422 793 in
1447 759 1612 803 quibusvis
1638 757 1831 803 provinciis,

1075 816 1169 849 etiam
1191 816 1274 848 ultra
1300 819 1426 848 montes
1446 820 1476 847 et
1497 813 1614 853 maria,
1637 818 1673 845 ut
1693 812 1834 856 praeser-

1075 875 1148 909 tur,
1177 870 1209 902 in
1234 879 1352 911 genere
1386 869 1434 901 vcl
1470 868 1501 901 in
1528 867 1653 911 specie,
1681 866 1767 899 circa
1792 871 1835 898 te-

1075 922 1177 957 standi
1212 928 1242 956 et
1272 922 1466 955 succedendi
1491 920 1676 953 huiusmodi
1698 920 1833 953 faculta—

1076 982 1139 1009 tem
1153 975 1396 1020 quomodolibet
1408 985 1560 1008 concessa
1573 973 1737 1017 privilegia
1747 979 1777 1006 et
1788 973 1836 1006 in-

1076 1030 1177 1069 dulta,
1192 1040 1228 1062 ac
1245 1039 1319 1062 cum
1332 1027 1563 1060 inhibitionum
1583 1027 1788 1059 decretorum
1808 1026 1832 1067 Ι,

1077 1089 1107 1116 et
1127 1083 1159 1116 in
1180 1083 1225 1116 eis
1246 1081 1406 1116 contentis
1435 1080 1598 1119 clausulis,
1615 1079 1686 1112 Iulii
1707 1079 1835 1124 praedi-

1077 1142 1143 1170 ctas
1176 1147 1213 1169 ac
1238 1135 1377 1169 aliorum
1404 1134 1692 1179 praedecessorum
1712 1133 1837 1176 praedi-

1078 1195 1205 1224 ctorum
1228 1189 1370 1232 singulas
1391 1188 1531 1231 desuper
1547 1188 1708 1220 consectas
1729 1186 1835 1219 literas

1078 1249 1109 1277 et
1129 1243 1203 1276 inde
1224 1248 1333 1276 secuta
1353 1252 1593 1286 quaecumque,
1612 1251 1752 1284 quorum
1769 1250 1837 1273 om-

1078 1298 1168 1331 nium
1189 1303 1337 1337 tenores,
1364 1307 1400 1329 ac
1422 1295 1446 1329 si
1467 1296 1505 1328 de
1524 1294 1621 1328 verbo
1642 1294 1681 1327 ad
1702 1294 1836 1327 verbum

1078 1352 1310 1391 insererentur,
1324 1349 1548 1394 praesentibus
1558 1349 1671 1381 baberi
1688 1348 1836 1380 volumus

1079 1416 1138 1449 pro
1159 1405 1329 1449 expressis,
1352 1403 1447 1437 etiam
1469 1403 1508 1436 ad
1528 1403 1589 1436 hoc
1612 1407 1645 1435 ut
1666 1412 1778 1435 omnes
1807 1406 1838 1433 et

1079 1459 1196 1502 singuli
1219 1457 1394 1502 supradicti
1415 1458 1454 1490 de
1477 1456 1628 1490 omnibus
1653 1461 1683 1488 et
1703 1455 1838 1498 singulis

1080 1523 1193 1546 corum
1216 1512 1311 1545 rebus
1332 1516 1361 1544 et
1381 1511 1487 1551 bonis,
1511 1510 1606 1543 etiam
1628 1509 1718 1542 nulla
1738 1518 1838 1552 quan-

1079 1566 1177 1599 titatis
1201 1571 1232 1599 et
1265 1564 1486 1609 acquisitionis
1510 1564 1655 1608 ipsorum
1676 1563 1838 1596 bonorum

1080 1620 1285 1653 distinctione
1320 1619 1444 1660 habita,
1468 1618 1568 1652 libere
1594 1617 1766 1662 disponere
1785 1627 1838 1649 va-

1081 1675 1184 1713 leant,
1207 1685 1243 1707 ac
1277 1674 1302 1707 si
1336 1673 1439 1707 dictae
1474 1677 1602 1705 nostrae
1636 1671 1749 1704 literae
1774 1680 1839 1704 non

1081 1732 1283 1761 emanassent
1302 1732 1357 1760 aut
1373 1727 1453 1759 aliae
1475 1725 1506 1758 in
1527 1730 1694 1770 posterum
1711 1734 1841 1757 emana-

1081 1788 1169 1822 rent,
1192 1782 1275 1815 dicta
1301 1781 1492 1815 auctoritate
1513 1778 1706 1824 apostolica,
1729 1784 1840 1812 tenore

1082 1835 1318 1880 praesentium,
1342 1835 1579 1880 approbamus,
1608 1833 1840 1866 confirmamus

1082 1895 1112 1922 et
1141 1890 1351 1929 innovamus,
1374 1899 1502 1921 necnon
1528 1887 1589 1920 illis
1615 1892 1790 1931 perpetuae
1811 1889 1842 1920 et

1082 1938 1274 1972 inviolabilis
1294 1938 1456 1971 firmitatis
1479 1937 1580 1970 robur
1600 1936 1780 1969 adiicimus.
1804 1935 1842 1969 Et

1082 1987 1306 2028 nihilominus,
1330 1997 1389 2032 pro
1410 1986 1529 2031 potiori
1549 1986 1686 2026 cautela,
1706 1985 1759 2018 illa
1775 1996 1842 2018 om-

1082 2037 1135 2070 nia
1159 2043 1187 2070 et
1215 2037 1340 2080 singula
1366 2037 1488 2070 eisdem
1510 2035 1614 2068 modis
1644 2040 1674 2068 et
1708 2035 1838 2076 formis,

1082 2087 1201 2131 quibus
1234 2097 1293 2130 per
1327 2086 1429 2119 dictos
1462 2084 1728 2129 praedecessores
1763 2094 1841 2117 con-

1083 2147 1172 2169 cessa
1188 2137 1331 2176 suerunt,
1350 2135 1388 2168 de
1404 2145 1498 2175 novo,
1519 2133 1638 2167 eisdem
1651 2132 1842 2166 auctoritate

1083 2190 1113 2218 et
1132 2190 1246 2218 tenore
1266 2195 1303 2217 ac
1324 2189 1413 2218 motu
1435 2189 1463 2216 et
1486 2182 1629 2223 scientia,
1657 2181 1839 2221 statuimus,

1083 2234 1271 2268 ordinamus
1288 2239 1318 2267 et
1338 2233 1559 2273 concedimus,
1579 2242 1706 2265 necnon
1723 2231 1778 2264 illa
1792 2242 1843 2264 va-

1083 2284 1147 2317 lida
1167 2289 1195 2317 et
1218 2283 1361 2317 efficacia
1390 2282 1545 2322 existere,
1570 2291 1709 2325 suosque
1730 2280 1841 2324 plena—

1083 2333 1149 2366 rios
1169 2338 1199 2365 et
1219 2332 1361 2375 integros
1389 2332 1524 2364 effectus
1556 2329 1663 2364 sortiri
1688 2335 1718 2362 et
1740 2329 1841 2362 invio-

1083 2382 1222 2416 labiliter
1246 2381 1409 2416 observari
1438 2391 1474 2414 ac
1495 2380 1629 2424 singulis
1650 2378 1842 2422 supradictis

1085 2431 1268 2474 suffragari.

1129 2482 1143 2524 ξ
1164 2481 1195 2515 5.
1228 2481 1344 2525 Sicque
1373 2480 1405 2513 in
1436 2478 1621 2523 praemissis
1641 2477 1791 2511 omnibus
1812 2482 1843 2511 et

1085 2531 1219 2573 singulis
1240 2541 1297 2574 per
1320 2529 1549 2569 camerarium,
1573 2527 1793 2572 praesidentes
1812 2532 1843 2561 et

1086 2581 1221 2614 clericos
1249 2580 1408 2624 praefatos
1439 2590 1476 2612 ac
1512 2589 1738 2622 quoscumque
1762 2577 1841 2611 alios

284 2627 326 2660 liss
340 2653 348 2667 5
370 2632 435 2660 tam
463 2626 535 2659 Iulli
566 2631 719 2659 statutum
747 2630 778 2659 θῑ
807 2625 1043 2660 ordinationem
1062 2629 1064 2643 ¹
1086 2629 1209 2664 iudices
1238 2634 1267 2663 et
1293 2628 1551 2669 commissarios,
1573 2627 1684 2671 quavis
1703 2628 1841 2661 auctori-

285 2675 471 2709 huiusmodi
504 2686 602 2719 quam
632 2686 690 2719 per
719 2675 843 2709 Sixtum
862 2675 899 2709 IV
920 2680 950 2709 et
969 2675 1043 2709 Ale-

365 2729 440 2760 Bull.
464 2728 541 2760 Rom.
569 2729 624 2760 Vol.
648 2729 704 2761 VII.
908 2729 940 2759 11

1061 2714 1067 2736 l

1123 2689 1134 2715 1
1156 2687 1308 2723 Legendum
1328 2687 1396 2715 forto
1415 2685 1572 2721 (teci-etism.
1593 2685 1642 2721 ⁷r.).

1842 273 1891 299 An.
1910 271 1939 298 C.
1959 272 2029 299 ¹560

1891 333 2027 354 Confirmatio

1843 365 1953 385 constitut.
1975 364 2028 384 Sixti

1843 395 1871 417 lV
1887 398 1907 417 et
1932 396 2028 416 aliorum.

1884 2490 1995 2512 Decretum
2015 2491 2042 2513 ir·

1856 2523 1930 2544 tinans.
