2237 3100
954 249 1022 273 mus
1042 250 1071 273 1v
1091 250 1138 274 Pr.
1724 244 1783 277 401

280 300 476 346 perioribus,
499 300 664 342 ministris,
685 300 895 335 conventibus
911 307 941 334 et
962 312 1035 346 per·
1076 302 1300 336 ltlzcltz’tudim's
1324 303 1521 337 crastenum
1550 309 1619 337 erat
1649 315 1701 337 eor
1728 316 1827 339 imum

280 355 377 395 sonis,
397 354 457 387 sub
472 354 734 398 quibuscumque
750 354 916 388 tenoribus
932 355 1034 388 etsor-
1076 360 1105 387 et
1125 356 1240 388 (10ιῖ1110
1262 366 1338 395 mm,
1361 367 1417 389 nec
1433 358 1598 400 quis-quum
1613 368 1734 398 eornm,
1752 369 1832 401 (luae

279 408 352 450 mis,
382 419 420 442 ac
445 419 519 441 0001
545 408 709 452 quibusvis
740 408 894 442 clausulis
918 414 947 442 et
977 409 1033 442 de-
1072 408 1267 451 possidebat,
1294 409 1420 453 aliquid
1438 421 1531 443 suum»
1547 421 1609 443 esse
1624 411 1761 451 (licebat,
1779 412 1833 444 sed

85 251 136 280 An.
152 249 183 278 C.
202 250 269 278 1565
1850 253 1899 280 An.
1919 254 1948 281 C.
1967 257 2031 282 1505

102 1696 173 1719 Verba
184 1696 258 1724 cap.1.

137 1911 259 1932 neclan-Atio

75 1943 130 1971 quod
181 1941 261 1968 Regula

74 1975 124 1996 San.
151 1974 260 1995 Francis-“i

75 2009 164 2028 renovat
175 2005 260 2031 protes-

74 2039 157 2059 aionem
190 2036 260 2058 Evan-

75 2069 133 2096 gelii.

141 2179 261 2201 Declaratio

76 2215 139 2238 nuper
157 2210 262 2232 obedi-n-

75 2243 113 2268 tta,

130 2445 197 2473 Super
215 2449 264 2472 pro-

77 2477 178 2504 prierato,

279 461 375 496 eretis
394 461 638 505 quomodolibet
649 462 823 503 concessis,
846 463 1032 506 approbatis
1075 466 1170 494 erant
1192 462 1257 494 illis
1277 464 1389 495 omnia
1410 465 1607 497 communia.

279 520 310 549 et
330 515 501 557 innovatis,
523 514 641 558 quibus
657 515 817 556 omnibus,
839 516 935 548 etiam
951 515 976 548 si
993 516 1032 549 de

279 568 342 601 illis
369 578 550 612 eorumque
579 568 652 602 totis
672 569 839 602 tenoribus
869 569 1029 613 speeialis,

279 621 450 666 specifica,
494 621 659 655 individua
683 628 714 655 et
743 633 893 666 expressa
927 633 965 655 ae
993 622 1031 656 de

278 675 376 708 verbo
397 675 436 708 ad
455 674 589 708 verbum
609 675 730 709 mentio
759 675 908 709 habenda
937 681 1029 715 esset,

279 729 411 762 illorum
440 733 568 762 tenores
595 729 819 772 praesentibus
852 740 912 774 pro
941 729 1031 762 suffi-

279 783 402 816 cienter
431 782 588 826 expressis
613 782 781 823 habentes,
806 782 868 816 illis
897 782 975 815 alias
1000 783 1032 815 in

277 847 336 870 suo
356 835 474 870 robore
497 836 736 879 permansuris,
765 836 826 869 1100
846 836 913 870 viee
936 836 1031 869 dum-

279 895 373 930 taxat,
387 888 571 933 specialiter
595 895 625 922 et
649 900 797 934 expresse
823 890 1029 932 derogamus,

278 943 453 986 omniaque
482 948 594 976 eontra
619 942 882 976 reformationem
916 943 1032 976 liuius-

277 996 365 1030 modi
389 996 547 1030 haetenus
572 1006 725 1030 concessa
748 1002 777 1029 et
798 996 883 1030 edita
900 1007 1031 1030 revoca-

276 1061 349 1084 mus
369 1054 399 1084 et
414 1050 630 1090 annullamus,
656 1050 836 1093 ceterisque
862 1050 1032 1084 contrariis

275 1103 549 1148 quibuscumque.

318 1157 433 1190 Datum
455 1157 576 1190 Romae
603 1157 690 1201 apud
721 1156 752 1190 S.
780 1156 936 1197 Marcum,
973 1157 1032 1190 sub

276 1211 397 1244 annulo
435 1210 623 1251 Piscatoris,
656 1210 707 1243 die
742 1220 805 1243 xvn
840 1209 1033 1254 septembris

276 1274 394 1304 anxv,
415 1263 623 1308 pontificatus
643 1263 744 1297 nostri
763 1274 848 1297 anno
863 1269 963 1297 sexto.

291 1317 353 1348 Dat.
369 1317 416 1348 die
440 1318 476 1347 17
500 1316 680 1356 septembris
700 1317 787 1354 1505,
804 1322 883 1356 pont.
911 1326 957 1346 an.
974 1326 1012 1348 v1.

432 1429 618 1474 Sequuntur
634 1430 878 1463 constitutiones

518 1483 776 1525 reformationis.

586 1559 660 1593 CAP.
694 1559 718 1592 I.

319 1635 442 1680 Requla
461 1640 490 1668 et
509 1635 578 1668 vita
596 1635 741 1677 fratrum
768 1635 935 1668 minorum
956 1635 1034 1668 haee

275 1693 331 1731 est,
353 1689 473 1723 scilieet
499 1688 636 1722 Domini
669 1690 776 1722 nostri
799 1689 872 1722 Iesu
907 1688 1034 1722 Christi

273 1742 433 1777 Sanctum
456 1742 674 1786 Et'anyelium
693 1743 869 1784 observare,
899 1743 1034 1775 vivendo

275 1798 312 1831 in
331 1797 525 1837 obedientia,
542 1797 612 1830 sine
622 1797 757 1841 proprio
773 1801 802 1830 et
819 1797 854 1830 ins
870 1797 1029 1830 castftate.

318 1851 380 1884 Per
393 1850 475 1884 11000
489 1850 586 1884 verba
600 1850 797 1895 Seraphieus
822 1856 913 1894 pater
925 1856 1034 1884 noster

275 1904 374 1938 voluit
405 1914 464 1938 nos
492 1903 611 1937 docere
647 1904 735 1947 quod
763 1904 886 1947 Regula
916 1909 947 1937 et
971 1904 1033 1937 vita

275 1968 373 2002 quam
400 1957 617 2001 profitebatur
642 1957 716 1990 'non
746 1962 814 1991 erat
842 1967 893 1990 res
918 1968 1000 1990 nova
1023 1985 1030 1999 ‚

275 2011 331 2045 sed
351 2011 467 2055 procul
483 2010 583 2044 dubio
603 2016 754 2045 renovata
772 2011 929 2055 professio
941 2021 1034 2044 evan-

275 2065 369 2109 gelici
390 2064 540 2098 instituti.

325 2118 465 2151 Vivendo
485 2118 522 2150 inr
539 2118 732 2159 obedientia,
760 2128 826 2151 non
852 2118 957 2151 solum
977 2117 1033 2150 Dei

276 2172 444 2213 mandata,
481 2171 536 2204 sed
565 2171 736 2205 hominum
771 2171 867 2205 etiam
901 2176 1035 2215 propter

275 2227 377 2260 Deum
398 2224 599 2269 exequendo.
623 2225 702 2258 Nam
724 2230 754 2258 et
769 2224 914 2259 Christus
930 2224 1034 2258 Salva-

276 2285 327 2313 tor
350 2284 461 2313 noster
485 2278 588 2312 sactus
615 2284 662 2312 est
688 2277 842 2312 obediens
867 2288 970 2322 usque
995 2279 1034 2312 ad

276 2338 428 2367 mortem.

320 2386 400 2420 Sine
420 2386 565 2429 proprio.
602 2385 694 2426 Quia,
721 2390 757 2418 ut
788 2384 909 2418 dietum
935 2390 981 2418 est
1002 2385 1034 2418 in

277 2435 477 2481 praefatione
493 2463 500 2476 ,
546 2434 660 2468 fratres
695 2434 832 2468 Minores
867 2444 1034 2479 nunquam

278 2485 464 2519 habuerunt
487 2483 682 2527 quiequam,
713 2484 800 2527 quod
819 2483 1032 2527 possiderent,

277 2535 326 2568 vel
349 2544 415 2577 quo
440 2537 610 2567 uterentur
637 2537 790 2575 tanquam
812 2532 965 2576 proprio;
993 2532 1036 2566 ita

279 2584 407 2618 dicebat
426 2584 465 2616 (10
481 2593 514 2616 se
530 2582 599 2627 ipso
611 2582 769 2623 Christus,
798 2582 910 2625 Vulpes
929 2582 1036 2624 foreas

280 2634 411 2674 habent,
433 2638 494 2666 010.
524 2632 559 2666 Et
572 2633 610 2665 de
626 2632 779 2676 apostolis
794 2632 951 2675 seriptum
969 2637 1031 2666 est:

358 2686 433 2717 Bull.
453 2685 530 2717 Rom.
553 2685 607 2717 Vol.
631 2685 689 2716 VII.
877 2685 912 2715 51

1826 494 1836 505 .

1118 515 1163 548 Et
1178 515 1213 547 itt
1230 517 1390 550 castitate.
1418 517 1486 556 Qua
1510 517 1623 550 beatus
1638 517 1831 552 Franciseus

1073 568 1174 601 voluit
1191 568 1305 602 fratres
1326 580 1401 603 suos
1428 571 1543 604 ceteris
1566 576 1750 615 praestare,
1781 571 1831 605 iu—
1848 565 1867 583 ²¹¹

1073 621 1153 654 bens
1162 627 1209 661 01,
1228 622 1349 655 nedum
1366 629 1472 658 mente
1490 629 1521 657 et
1535 635 1672 669 corpore
1689 625 1766 658 casti
1785 636 1832 658 es-

1074 680 1155 715 sent,
1182 675 1237 708 sed
1259 676 1354 710 etiam
1376 688 1416 710 00
1436 678 1593 711 haberent
1618 689 1692 711 0001
1714 679 1830 712 mulie-

1074 728 1163 760 ribus
1184 735 1333 772 suspecta
1356 732 1530 773 consortia,
1559 736 1589 764 et
1616 742 1656 765 ne
1682 732 1829 776 ingrede-

1073 785 1187 814 rentur
1217 784 1411 816 monasteria
1442 786 1700 826 monacharum,
1732 792 1829 830 prout

1073 835 1156 868 infra
1176 835 1314 869 dicetur.
1337 836 1405 870 Duo
1422 837 1454 870 in
1474 838 1537 871 boe
1558 838 1699 883 capitulo
1717 845 1831 873 notan-

1074 894 1137 921 tur.
1168 889 1327 929 Primum,
1354 896 1389 923 ut.
1422 897 1492 924 vota
1517 891 1575 925 ista
1604 892 1827 933 obedientiae,

1074 942 1274 986 paupertatis
1293 947 1324 975 et
1344 943 1496 977 eastitatis
1521 945 1746 979 inviolabiliter
1771 947 1829 980 ob-

1074 1000 1253 1035 serventur,
1278 1006 1336 1038 pro
1357 1007 1498 1048 quorum
1532 999 1747 1042 exequutione
1771 1012 1828 1044 po-

1073 1054 1197 1081 nuntur
1212 1048 1443 1092 ordinationes,
1466 1061 1549 1095 quae
1570 1052 1777 1086 eontinentur
1796 1054 1829 1086 10

1075 1101 1285 1146 sequentibus
1296 1103 1457 1147 capitulis.
1477 1105 1673 1145 Secundum,
1686 1107 1773 1148 quod
1792 1116 1829 1139 eo

1074 1156 1171 1189 modo
1202 1166 1267 1199 quo
1308 1156 1421 1190 beatus
1450 1157 1642 1191 Franciseus
1672 1159 1827 1202 promittit

1075 1209 1486 1245 obedientiambeatissimo
1501 1212 1632 1244 domino
1648 1212 1753 1256 Papae
1769 1214 1831 1246 Ilo-

1074 1263 1168 1296 00110
1197 1269 1228 1296 01
1252 1264 1495 1297 suecessoribus
1528 1265 1615 1305 suis,
1650 1265 1693 1298 ita
1715 1266 1830 1300 fratres

1074 1322 1251 1360 agnoscant
1276 1327 1309 1350 se
1333 1318 1477 1351 subditos
1497 1319 1641 1351 Romano
1662 1319 1827 1360 Pontifici,

1075 1376 1198 1415 et7post
1213 1371 1333 1415 ipsum,
1354 1372 1577 1415 superioribus
1588 1371 1726 1413 Ordinis,
1735 1383 1831 1415 gene-

1075 1424 1209 1466 ralibus,
1228 1424 1491 1468 provincialibus,
1514 1425 1714 1467 custodibus,
1737 1437 1830 1469 guar-

1075 1478 1190 1519 dianis,
1221 1482 1279 1512 eto.
1315 1479 1400 1512 Ilaee
1426 1484 1533 1512 autem
1561 1489 1625 1513 non
1646 1490 1683 1512 ex
1703 1490 1759 1513 sua
1780 1490 1831 1513 vo-

1074 1532 1196 1564 luntate
1217 1532 1335 1573 solum,
1359 1532 1508 1566 cumillis
1523 1533 1626 1566 visum
1642 1533 1751 1574 suerit,
1775 1533 1829 1567 sed

1075 1584 1212 1618 maxime
1231 1596 1268 1618 ex
1292 1590 1377 1627 voto,
1406 1596 1472 1630 quo
1491 1586 1634 1620 adstricti
1655 1591 1730 1620 sunt
1749 1597 1831 1621 sem-

1075 1648 1134 1683 per
1153 1643 1184 1672 et
1199 1637 1332 1682 ubique.

1382 1745 1455 1779 CAP.
1483 1745 1520 1779 II.

1261 1822 1299 1856 St
1319 1823 1375 1865 qni
1394 1823 1554 1856 volu-erint
1574 1827 1631 1856 ete.

1118 1908 1153 1940 In
1173 1908 1236 1941 hoe
1255 1907 1398 1951 capitulo
1419 1913 1494 1940 sunt
1514 1913 1578 1940 tres
1598 1907 1727 1941 articuli
1740 1907 1829 1951 prin-

1875 532 1937 558 Suprt
1966 534 2032 554 castl-

1871 565 1900 583 to.

1846 1833 1915 1855 Verba
1931 1838 1977 1859 cap.
1995 1831 2014 1851 2.

1909 1916 2028 1937 nectamini

1075 1962 1206 2006 eipales.
1226 1960 1353 1994 Primus
1365 1960 1404 1994 de
1419 1961 1615 2005 recipiendis
1627 1961 1664 1993 ad
1678 1960 1828 1994 Ordinem
1845 1948 2030 2004 fssffissffln¹1¹f⁰¹1¹122

1845 2011 1917 2033 vitios.

1074 2015 1238 2055 fratribus,
1269 2014 1430 2047 secundus
1451 2014 1490 2047 de
1514 2014 1769 2058 apostatantibus
1792 2015 1831 2047 ab

1075 2068 1205 2109 Ordine,
1236 2068 1350 2101 tertius
1384 2067 1423 2100 de
1450 2068 1587 2100 fratrum
1620 2068 1828 2101 indumentis.

1075 2121 1165 2155 Circa
1182 2121 1325 2165 primum
1340 2126 1510 2165 ponuntur
1520 2120 1743 2165 infrascriptae
1758 2131 1833 2155 eon-

1076 2175 1256 2208 stitutiones
1276 2185 1312 2208 ex
1341 2175 1471 2208 decreto
1495 2175 1655 2217 generalis
1684 2174 1829 2219 capituli.

1075 2229 1143 2262 Non
1168 2228 1262 2262 liceat
1287 2227 1383 2262 011001
1407 2228 1577 2262 conventui
1598 2228 1646 2261 vel
1662 2228 1733 2262 loco
1755 2239 1833 2272 pue-

1075 2292 1128 2316 ros
1147 2283 1187 2316 ad
1204 2281 1356 2316 Ordinem
1374 2282 1536 2326 recipere,
1560 2291 1666 2325 neque
1686 2281 1832 2315 habitum

1075 2335 1139 2370 illis
1159 2336 1248 2378 dare,
1271 2336 1339 2369 sine
1367 2335 1527 2379 generalis
1553 2335 1601 2368 vel
1627 2335 1833 2379 provincialis

1076 2400 1225 2434 expressa
1254 2390 1402 2430 lieentia,
1430 2399 1513 2432 quae
1543 2399 1607 2422 non
1643 2388 1749 2428 detur,
1772 2388 1833 2422 nisi

1076 2439 1167 2482 prius
1186 2440 1225 2472 de
1246 2449 1425 2484 puerorum
1454 2438 1562 2471 indole
1582 2437 1772 2478 constiterit,
1804 2443 1835 2471 et

1076 2488 1164 2531 quod
1184 2489 1223 2522 de
1239 2488 1428 2534 parentibus
1449 2488 1554 2521 bonae
1579 2486 1683 2520 famae
1704 2487 1765 2520 orti
1782 2486 1833 2519 su-

1077 2537 1171 2571 erint.

1121 2587 1255 2629 Novitii,
1285 2587 1341 2631 qui
1367 2592 1497 2620 sument
1524 2586 1671 2619 habitum
1699 2585 1731 2618 in
1751 2595 1833 2628 quo-

1870 2589 1937 2616 5111101
1951 2595 2032 2611 eorum-

1849 2617 1895 2637 dem
1907 2617 2033 2638 educatione

1077 2647 1218 2679 eumque
1234 2636 1429 2670 monasterio
1445 2640 1518 2669 ante
1531 2640 1668 2669 aetatem
1690 2635 1833 2678 comple·
1850 2647 1871 2665 οι
1886 2646 1964 2668 aem«,
