2237 3100
23 295 74 323 An.
92 293 121 321 C.
137 293 204 321 ¹³62

75 1855 193 1876 Deci-natio

10 1887 66 1907 cirea
106 1893 193 1913 poenam

8 1917 88 1938 tractae
100 1924 156 1945 pacis
173 1921 194 1939 et

9 1951 102 1975 treguae,
116 1952 136 1970 et
148 1955 195 1970 rau-

9 1981 79 2000 tiones
102 1981 126 2000 dc
151 1986 192 2000 nou

9 2012 105 2032 ossendcn
115 2013 141 2032 tu.

877 289 947 313 Plus
969 288 999 312 1v
1024 288 1072 311 ΡΡ.

217 355 282 378 non
303 344 436 390 possint,
460 344 519 377 nisi
537 345 636 388 prius,
647 349 818 386 antequam
840 343 968 375 illorum

218 399 363 442 singulae
384 398 550 441 signentur
575 403 629 430 aut
662 396 837 441 respective
857 396 968 429 decer-

218 457 356 491 nantur,
380 462 454 484 cum
485 451 679 495 competenti
709 450 845 483 termino
865 450 903 483 ad
924 450 969 482 di—

217 506 356 539 cendum
377 515 507 538 causam
536 516 636 548 quare
657 505 774 547 signari
795 510 849 537 aut
878 515 969 547 expe-

217 558 278 591 diri
298 569 364 592 non
384 558 521 591 debeant
539 585 545 595 ,
577 564 611 590 ut
631 558 729 590 moris
750 562 793 591 est
814 584 821 597 ‚
849 568 968 601 procu-

216 618 304 646 rator
323 612 458 652 fiscalis,
480 617 507 645 et
542 611 763 644 thesaurarius
782 612 828 644 vel
851 622 968 654 procu-

216 667 304 695 rator
324 661 356 694 in
376 661 472 695 Curia
491 661 635 693 Romana
659 661 796 693 existens
810 687 817 700 ,
841 661 968 693 thesau-

216 710 293 744 rarii
313 710 400 743 illius
420 709 613 754 provinciae,
637 720 674 742 ex
691 720 755 753 qua
776 709 869 742 suerit
892 720 968 742 con-

215 759 378 793 demnatio
404 760 496 799 sacta,
513 758 713 791 coniunctim
740 758 825 791 citati
852 759 970 792 suerint

215 814 246 842 et
270 809 443 853 signandae
455 808 594 849 veniant,
608 808 737 841 nonnisi
760 808 791 840 iu
811 808 907 841 Curia
922 810 969 842 vel

215 859 247 891 in
265 859 356 892 curia
376 857 517 902 generali
535 863 563 890 et
585 858 657 890 loco
674 856 864 890 residentiae
885 869 969 901 prze-

214 907 290 942 sidis
319 907 406 940 illius
427 906 622 952 provinciae,
644 917 681 939 ex
701 917 764 950 qua
785 916 880 938 causa
901 906 969 950 ipsa

214 961 282 998 est,
311 956 468 990 committi
489 955 622 1000 possint.
646 955 685 987 Et
711 954 736 988 si
755 955 794 987 ob
822 953 968 988 inadver-

213 1006 345 1039 tentiam
376 1016 432 1038 seu
463 1005 557 1045 alias,
581 1004 704 1048 aliquas
726 1003 969 1038 commissiones

214 1066 269 1088 seu
295 1054 504 1088 inhibitiones
529 1059 583 1087 aut
604 1053 775 1087 monitoria
796 1057 826 1085 et
846 1053 970 1088 citatio-

213 1114 270 1137 nes
285 1115 384 1148 super
402 1103 587 1148 praemissis
611 1108 667 1135 aut
685 1102 793 1146 aliquo
815 1103 969 1146 praemis-

213 1163 324 1186 sorum
345 1152 494 1196 expedire
513 1152 686 1194 contingat,
707 1150 830 1184 iudices
850 1152 968 1194 quibus

213 1202 267 1235 illa
287 1201 582 1246 praesentabuntur
612 1199 804 1243 respective,
836 1199 967 1233 illorum

212 1250 320 1293 vigore
350 1250 389 1283 ad
416 1248 616 1282 inhibitionis
636 1249 802 1281 decretum
830 1253 884 1281 aut
911 1249 967 1281 ali-

212 1310 310 1343 quem
334 1299 432 1332 alium
462 1304 589 1339 actum,
612 1297 671 1331 sub
696 1297 792 1331 simili
823 1297 968 1341 indigna-

211 1347 308 1381 tionis
345 1353 473 1381 nostrae
491 1374 499 1388 ,
544 1358 580 1380 ac
624 1346 967 1381 excommunicationis

210 1407 328 1441 poena,
349 1407 415 1430 non
442 1397 583 1430 audeant
609 1407 714 1441 neque
741 1396 864 1440 possint
894 1407 968 1440 pro-

211 1446 336 1487 cedere,
352 1446 413 1479 nisi
432 1446 522 1491 prius
538 1451 568 1479 et
582 1450 655 1478 ante
672 1445 780 1479 omnia
801 1444 859 1478 sibi
881 1446 966 1489 apud

210 1500 279 1529 acta
309 1495 449 1540 legitime
479 1494 635 1535 constito,
667 1494 753 1538 quod
783 1494 965 1538 depositum

210 1545 318 1586 fuerit,
340 1552 375 1579 ut
394 1545 587 1591 praefertur,
606 1546 738 1578 sactum.
762 1545 918 1590 Quodque
934 1548 965 1581 in

210 1595 414 1639 expeditione
435 1594 689 1634 commissionis,
712 1595 940 1629 inliibitionum
956 1625 963 1638 ,

210 1644 373 1677 monitorii
395 1649 426 1677 et
446 1644 635 1678 citationum
657 1649 744 1677 extra
764 1644 906 1687 Curiam,
925 1646 965 1679 ci-

209 1693 345 1727 tationes
360 1693 543 1737 praedictae
559 1693 788 1726 intervenerint
799 1699 830 1727 et
842 1694 887 1727 rei
905 1695 964 1739 ipsi

210 1754 244 1777 se
263 1743 296 1777 in
317 1743 501 1777 carceribus
522 1742 758 1776 constituerint.

254 1793 269 1836 ἓ
288 1792 320 1825 4.
348 1792 387 1826 Et
406 1792 541 1836 insuper
559 1792 714 1835 quoniam
735 1803 773 1825 eo
793 1793 962 1827 hominum

209 1842 398 1886 protervitas
413 1841 550 1882 devenit,
568 1847 603 1874 ut
617 1841 661 1881 hi,
678 1841 733 1885 qui
750 1843 964 1877 homicidium

208 1892 257 1926 vel
274 1891 473 1925 maleficium
499 1891 631 1935 aliquod
658 1892 859 1926 committere
888 1894 964 1927 deli-

208 1943 385 1982 berarunt,
408 1941 498 1985 prius
526 1947 683 1986 quaerant
709 1953 781 1982 eos,
805 1953 885 1985 qnos
905 1954 964 1987 pro

208 1991 355 2026 hostibus
374 1991 514 2031 habent,
534 1996 664 2035 treguae
691 1992 738 2024 vel
766 1992 854 2037 pacis
876 2004 964 2036 prae-

207 2046 294 2075 textu
315 2041 550 2082 assecurando,
573 2042 733 2086 decipere,
754 2053 819 2087 quo
840 2042 965 2076 facilior

207 2096 319 2136 postea
343 2090 450 2125 delicti
472 2092 667 2136 perpetratio
688 2092 853 2132 reddatur,
872 2103 964 2137 expe-

208 2140 318 2186 ditque
347 2146 529 2186 propterea,
551 2146 586 2174 ut
605 2152 686 2185 quos
705 2142 759 2175 Dei
780 2141 878 2175 timor
898 2153 962 2176 non

209 2190 336 2230 retinet,
354 2200 535 2234 poenarum
556 2190 645 2233 rigor
660 2190 852 2223 deterrendo
873 2202 963 2224 coer-

207 2245 277 2274 ceat
291 2266 298 2279 ‚
338 2239 534 2284 populorum
578 2239 680 2283 quieti
724 2240 894 2273 consulere
933 2246 963 2273 et.

207 2288 383 2332 flagitiosos
403 2288 593 2321 sicariorum
627 2299 664 2321 ac
697 2289 960 2323 scandalosorum

206 2336 305 2373 ausus
325 2338 520 2382 deprimere,
538 2348 665 2371 necnon
685 2338 940 2373 cavillationibus
952 2367 959 2380 ,

207 2399 288 2434 quas
307 2388 346 2421 ad
371 2387 547 2420 solutiones
566 2397 746 2431 poenarum
764 2388 961 2431 effugiendas

209 2437 379 2471 hominum
404 2436 526 2470 malitia
547 2437 578 2469 in
599 2436 666 2469 dies
686 2437 860 2479 excogitat,
884 2438 960 2470 sub-

208 2487 316 2521 venire
335 2486 489 2526 volentes,
511 2485 598 2529 quod
627 2496 750 2529 poenae
775 2487 960 2521 conventio-

209 2536 299 2570 nales
325 2534 413 2579 pacis
439 2540 469 2568 et
494 2540 626 2578 treguae
646 2539 772 2578 ruptae,
787 2536 959 2570 etfideius—

210 2584 315 2618 siones
339 2584 379 2618 de
399 2594 464 2618 non
484 2583 691 2623 offendendo,
711 2583 906 2627 stipulentur
927 2585 960 2618 in

209 2634 356 2668 futurum
369 2644 427 2677 per
442 2634 587 2667 notarios
602 2633 633 2666 in
652 2633 792 2667 savorem
808 2633 960 2669 Gamerae

209 2683 412 2729 Apostolicae
451 2688 482 2719 et
509 2693 577 2719 non
608 2682 878 2718 communitatum
913 2684 961 2720 vel

1660 272 1713 305 tat

1011 340 1155 379 alterius;
1191 344 1221 371 et
1255 338 1280 370 si
1313 338 1405 371 aliter
1432 338 1533 369 sactae
1559 334 1699 374 suerint,
1731 335 1762 367 in

1012 394 1112 438 ipsius
1144 393 1296 426 Gamerae
1316 392 1455 424 savorem
1495 389 1664 434 stipulatae
1685 399 1761 421 cen-

1012 454 1153 481 scantur.

1055 503 1069 545 ξ
1089 502 1120 535 5.
1144 501 1298 544 Quodque
1326 500 1357 532 in
1379 499 1483 533 causis
1506 503 1692 541 treguarum
1710 508 1763 541 pa-

1012 556 1122 599 cisque
1148 555 1342 595 sractarum,
1370 553 1431 598 ipsi
1457 552 1611 585 fractores
1635 551 1683 584 vel
1708 561 1763 584 eo-

1012 620 1083 641 rum
1118 608 1322 642 fideiussores
1363 607 1501 649 allegare
1539 615 1603 638 non
1643 604 1765 648 possint

1011 662 1097 705 quod
1115 662 1235 694 offensa
1256 673 1291 694 ex
1313 671 1393 693 nova
1408 670 1503 693 causa
1520 658 1686 703 processit,
1705 669 1764 691 nec

1012 716 1145 758 allegata
1166 715 1318 758 cuiquam
1335 714 1539 756 suffragetur.

1055 770 1069 811 ,ξ
1089 770 1120 802 tt.
1145 769 1177 801 Et
1199 769 1275 812 quia
1300 769 1331 801 in
1352 766 1555 801 cautionibus
1574 767 1613 800 de
1633 776 1698 799 non
1719 767 1764 800 os-

1012 822 1192 860 sendendo,
1216 827 1323 865 partes
1349 821 1520 854 intendunt
1548 825 1583 853 ut
1612 818 1670 852 sibi
1701 830 1761 859 eo,

1012 886 1076 919 quo
1097 875 1213 908 melius
1246 875 1316 908 fieri
1345 879 1469 918 potest,
1492 873 1587 906 modo
1602 899 1609 913 ,
1632 877 1762 905 cautum

1011 929 1051 962 sit
1068 940 1107 962 ne
1132 929 1315 963 offendatur
1332 929 1478 973 impune,
1496 933 1526 961 et
1543 927 1615 960 ideo
1631 926 1765 971 promit-

1012 989 1079 1016 tunt
1101 994 1165 1016 non
1200 983 1304 1016 solun]
1340 993 1398 1027 pro
1432 981 1563 1026 seipsiS,
1584 981 1638 1014 sed
1667 980 1763 1013 etiam

1012 1047 1069 1079 pro
1087 1036 1156 1069 aliis
1177 1047 1290 1069 eorum
1311 1035 1504 1074 coniunctis,
1531 1034 1618 1077 quod
1638 1045 1704 1067 non
1719 1034 1767 1067 os-

1010 1089 1142 1122 sendent
1173 1100 1279 1133 neque
1305 1089 1424 1123 offendi
1458 1087 1596 1127 sacient,
1623 1088 1677 1120 sed
1705 1087 1763 1120 ali-

1010 1143 1140 1186 quando
1166 1143 1367 1176 notariorum
1389 1141 1561 1186 imperitia,
1585 1152 1714 1174 sensum
1735 1146 1766 1174 et

1010 1195 1219 1229 intentionem
1256 1196 1396 1241 partium
1430 1199 1648 1239 pervertente,
1685 1205 1763 1228 con-

1009 1249 1099 1293 tingit
1125 1261 1179 1283 eos
1205 1250 1345 1283 scribere
1378 1249 1465 1293 quod
1490 1253 1596 1292 partes
1628 1248 1763 1292 promit-

1009 1308 1080 1336 tunt
1113 1314 1177 1337 non
1205 1304 1368 1337 offendere
1385 1314 1444 1346 per
1473 1313 1504 1335 se
1529 1306 1559 1335 ct
1585 1302 1685 1342 alios,
1708 1301 1762 1336 ubi

1009 1357 1166 1400 scriptum
1194 1357 1375 1401 oportuisse
1396 1367 1454 1400 pro
1469 1367 1499 1388 se
1518 1360 1547 1388 et
1567 1356 1655 1395 aliis,
1674 1355 1762 1388 diffe-

1008 1410 1145 1444 rentiam
1165 1411 1313 1444 videlicet
1325 1411 1407 1443 inter
1418 1411 1475 1443 lias
1485 1420 1645 1453 vocesper
1660 1414 1690 1442 et
1702 1419 1762 1452 pro

1008 1465 1187 1498 nescientes
1203 1466 1250 1498 vel
1275 1464 1519 1504 confundentes,
1538 1474 1575 1496 ac
1592 1468 1762 1506 propterea

1008 1519 1201 1563 praebentes
1215 1529 1326 1551 ansam
1347 1517 1504 1551 cavillosis
1520 1522 1550 1549 et
1569 1516 1761 1559 delinquen-

1008 1572 1093 1605 tibus
1112 1572 1342 1617 praetendendi
1363 1571 1466 1616 quod,
1484 1572 1564 1604 sacta
1584 1571 1762 1604 offensione

1008 1638 1066 1670 per
1085 1638 1187 1660 unum
1218 1638 1254 1660 ex
1288 1625 1530 1670 comprehensis
1563 1624 1595 1658 in
1628 1625 1761 1658 fideius-

1008 1681 1114 1721 sione,
1140 1691 1204 1713 non
1226 1680 1265 1714 sit
1296 1679 1467 1713 commissa
1492 1678 1655 1723 stipulatio
1682 1690 1761 1723 poe-

1007 1745 1067 1767 nae
1083 1734 1144 1768 nisi
1165 1740 1289 1768 constet
1315 1733 1401 1778 quod
1428 1733 1493 1773 ille,
1521 1732 1576 1776 qui
1605 1733 1758 1774 offendit,

1007 1788 1045 1821 de
1066 1788 1216 1821 mandato
1250 1787 1441 1832 principalis
1470 1786 1651 1828 offenderit,
1674 1787 1760 1820 unde

1007 1841 1103 1875 etiam
1125 1842 1250 1875 infinita
1270 1842 1420 1875 scandala
1448 1841 1618 1881 eveniunt,
1641 1841 1760 1885 illaque

1006 1901 1176 1929 remanent
1196 1895 1367 1941 impunita.
1390 1895 1513 1928 Idcirco
1535 1895 1622 1938 quod
1643 1895 1668 1928 si
1688 1895 1760 1940 quis

1006 1945 1153 1978 notarius
1173 1956 1318 1979 errorem
1339 1944 1527 1978 huiusmodi
1547 1944 1756 1987 commiserit,

1006 1995 1094 2028 mille
1115 1996 1307 2028 ducatorum
1328 1994 1397 2027 auri
1425 1994 1577 2027 Gamerae
1598 1994 1759 2039 Apostoli-

1007 2055 1061 2078 cae
1082 2044 1349 2088 applicandorum
1370 2054 1474 2088 poena
1495 2044 1655 2088 plectatur
1670 2049 1698 2076 et
1713 2044 1759 2077 ni-

998 2092 1182 2128 hilominus
1199 2093 1262 2127 sive
1283 2104 1319 2126 ex
1339 2092 1478 2126 dictione
1490 2104 1560 2137 per,
1578 2093 1640 2126 sive
1661 2104 1697 2127 ex
1713 2094 1759 2127 di-

1006 2142 1110 2176 ctione
1129 2154 1199 2186 pr0,
1216 2143 1380 2186 stipulatio
1401 2148 1557 2187 concepta
1578 2150 1608 2177 et
1623 2143 1758 2176 offensio

1005 2198 1140 2234 sequuta
1162 2192 1275 2229 suerit,
1311 2191 1506 2236 principales
1534 2191 1758 2236 promittentes

1004 2242 1042 2274 ad
1064 2252 1200 2285 poenam
1218 2242 1495 2275 conventionalem
1517 2241 1650 2285 perinde
1670 2247 1758 2276 tene-

1004 2297 1123 2332 antur,
1147 2302 1183 2325 ac
1204 2291 1228 2324 si
1262 2291 1338 2335 ipsis
1363 2291 1590 2324 mandantibus
1623 2291 1757 2325 offensio

1004 2346 1193 2381 emanasset,
1212 2346 1244 2373 et
1262 2340 1301 2373 de
1322 2351 1434 2373 eorum
1451 2341 1600 2374 mandato
1616 2341 1756 2384 legitime

1003 2395 1184 2430 constaret,
1221 2390 1384 2434 iidemque
1418 2390 1534 2423 notarii
1567 2390 1626 2424 sub
1660 2391 1756 2424 simili

1003 2450 1108 2484 poena
1132 2440 1163 2472 in
1191 2439 1414 2472 instrumentis
1446 2439 1692 2474 tideiussionum
1717 2441 1756 2475 de

1002 2500 1065 2522 non
1102 2489 1321 2529 offendendo,
1360 2495 1523 2533 apponant
1561 2490 1752 2524 clausulam:

1002 2538 1106 2578 Quod,
1129 2538 1201 2571 data
1217 2538 1478 2571 contraventione
1506 2539 1642 2572 alicuius
1669 2550 1755 2572 com-

1002 2587 1153 2630 prehensi
1187 2587 1220 2620 in
1255 2587 1474 2632 stipulatione,
1506 2588 1563 2621 etsi
1591 2588 1756 2632 contingat

1002 2636 1098 2668 talem
1134 2636 1429 2670 contravenientem
1463 2648 1536 2670 vere
1570 2643 1600 2671 et
1626 2636 1755 2670 realiter

1004 2685 1150 2720 confiteri
1170 2687 1218 2720 vel
1244 2686 1335 2728 ficte,
1361 2692 1494 2732 propter
1518 2687 1754 2722 contumaciam

1781 281 1829 306 An.
1850 281 1878 306 C.
1897 280 1963 307 1562

1807 508 1962 534 *tltegationes-

1780 545 1818 565 qne
1827 546 1867 559 nov
1886 545 1961 559 causae.

1846 774 1963 796 Declaratin

1779 808 1836 827 circa
1872 807 1963 833 promis-

1778 839 1849 858 siones
1879 838 1903 857 de
1920 843 1962 857 non

1779 869 1913 890 offendendo.
