2237 3100
35 277 85 304 An.
101 276 132 304 C.
149 276 217 303 1569

274 327 289 371 g
308 327 340 360 ’1.
363 327 429 360 Hac
448 326 546 370 igitur
560 333 669 361 nostra
679 326 905 360 constitutione
920 333 980 361 sta—

53 384 133 406 Cenffls
144 390 217 405 eman·
230 381 351 414 tuimus
362 391 492 414 censum
505 392 561 415 seu
571 391 716 414 annuum
723 381 882 414 redditum
894 392 981 414 crea-

36 417 131 469 2¹25&ss
146 422 218 468 3ssss
230 434 257 467 ri
278 433 562 468 constituivenullo
581 435 675 468 modo
696 434 878 478 posse‚nisi
899 435 980 468 11116

39 479 84 505 '³⁵¹⁵'
100 478 218 505 ‘mmm’
231 487 389 521 immobili
402 494 549 533 autquae
563 499 621 532 pro
636 488 793 521 immobili
814 489 980 529 habeatur,

231 541 270 574 de
290 541 340 574 sui
358 547 473 574 natura
493 541 712 582 fructifera,et
730 552 813 585 quae
833 542 980 575 nomina-

230 594 287 627 tim
308 595 404 628 certis
427 595 546 628 finibus
566 594 730 637 designata
753 595 803 628 sit.

274 649 289 692 §
309 648 340 682 2.
363 649 516 689 Rursum,
531 648 591 680 nisi
615 659 688 682 vere
709 648 741 680 in
761 648 900 692 pecunia
919 658 981 680 nu-

46 705 71 741 !32
86 711 131 726 cum
148 710 215 733 pecu-
229 706 364 742 meram,
386 701 610 745 praesentibus
628 700 763 734 testibus
781 712 818 734 ac
842 700 979 741 notario,

33 743 68 758 Μ
82 739 201 757 numm&
230 760 261 789 et
279 755 311 788 in
336 761 410 789 actu
430 755 656 788 celebrationis
682 755 899 795 instrumenti,
916 765 981 787 non

230 814 338 842 autem
372 809 481 853 prius,
513 813 642 853 recepto
675 808 800 852 integro
833 807 981 851 iustoque

231 863 348 907 pretio.

274 916 289 960 ξ
308 915 340 949 3.
363 915 557 956 Solufiones,
578 926 658 959 quas
676 915 771 958 vulgo
792 914 982 958 anticipatas

35 977 217 1031 nsc‘imimem'
230 970 406 1014 appellant,
417 969 488 1003 fieri
510 975 564 1003 aut
585 969 617 1003 in
633 974 764 1013 paetum
782 969 897 1002 deduci
911 980 983 1012 pro-

35 1014 141 1068 flagitii,
168 1014 218 1036 pm·
231 1024 394 1058 bibemus.

276 1079 291 1123 ἕ
310 1079 341 1112 4.
364 1078 598 1113 Conventiones
610 1078 731 1111 directe
751 1083 807 1111 aut
826 1077 983 1110 indirecte

45 1138 157 1166 Oneraque
169 1144 218 1160 con·
231 1133 410 1176 obligantes
438 1132 479 1165 ad
504 1143 597 1165 casus
623 1131 771 1165 fortuitos
800 1141 887 1171 eum,
928 1131 983 1174 qui

36 1173 217 1227 ὲὲἶιηοῗῖςιῗηω
231 1187 311 1220 alias
330 1197 367 1220 ex
390 1190 505 1220 natura
530 1191 715 1219 contractus
741 1195 806 1219 non
839 1190 983 1225 tenetur,

231 1241 322 1274 nullo
343 1240 439 1273 modo
458 1240 564 1273 valere
583 1240 744 1273 volumus.

277 1294 292 1338 ἓ
312 1294 344 1328 5.
366 1293 646 1333 Quemadmodum
667 1303 727 1326 nec
746 1297 877 1336 paetum
897 1292 985 1325 aufe-

36 1352 219 1405 rerffgtffctgfflj
232 1358 307 1381 rens
327 1352 382 1380 aut
404 1347 601 1389 restringens
620 1346 805 1380 facultatem
822 1345 984 1379 alienandi

37 1418 101 1436 tatem
121 1415 219 1436 menan-
233 1411 302 1434 rem
319 1401 431 1434 censui
443 1400 656 1444 suppositam,
670 1400 747 1443 quia
756 1400 905 1433 volumus
918 1410 985 1432 rem

38 1447 65 1467 ‘¹⁵'
233 1455 347 1499 ipsam,
368 1465 496 1498 semper
515 1460 546 1488 et
564 1454 666 1487 libere
686 1464 723 1487 ae
743 1454 811 1486 sine
825 1453 985 1486 solutione

233 1508 458 1542 laudemiiseu
478 1507 766 1551 quinquagesimae
785 1512 839 1540 aut
855 1507 987 1540 alterius

236 1561 426 1606 quantitatis
444 1562 494 1594 vel
515 1561 572 1602 rei,
595 1566 659 1594 tam
680 1561 765 1594 inter
783 1561 870 1594 vivos
890 1571 986 1604 quam

236 1616 269 1649 in
289 1615 405 1649 ultima
423 1615 597 1656 voluntate,
620 1614 766 1648 alienari.

280 1670 295 1713 ἓ
316 1669 347 1703 6.
370 1669 430 1703 Ubi
451 1674 560 1702 autem
580 1668 747 1702 vendenda
766 1668 818 1708 sit,
840 1669 988 1701 volumus

40 1726 88 1780 ‘18¹⁰
99 1727 224 1786 raxam?
237 1723 407 1757 dominum
427 1733 542 1756 census
558 1723 630 1756 aliis
645 1723 796 1756 omnibus
817 1722 986 1767 praeferri,

39 1791 135 1811 dominus
171 1795 224 1811 cen-
237 1777 332 1820 eique
345 1777 537 1810 denunciari
554 1777 757 1810 conditiones
778 1777 897 1821 quibus
916 1787 989 1809 ven-

40 1827 84 1843 ⁸¹¹⁵'
237 1831 341 1865 denda
361 1831 412 1872 sit,
435 1836 465 1865 et
485 1842 542 1874 per
561 1842 705 1864 mensem
726 1831 898 1875 expectari.

282 1885 297 1929 g
317 1886 347 1919 7.
366 1885 461 1919 Pacta
477 1885 676 1919 continentia
691 1896 857 1919 morosum
874 1895 990 1918 census

42 1941 224 1999 mmcsff‘fflssgg
239 1939 419 1972 debitorem
446 1939 550 1972 teneri
578 1939 617 1972 ad
644 1939 797 1972 interesse
817 1938 900 1971 lucri
921 1949 989 1971 ces-

43 2004 107 2030 1101111,
128 2006 149 2024 ει
171 2008 224 2030 qnae
239 1993 350 2034 santis,
371 1993 421 2026 vel
444 1993 483 2026 ad
505 1992 668 2026 cambium
685 2003 741 2025 seu
753 1996 856 2025 certas
875 2001 991 2034 expen-

43 2041 92 2057 ''⁰‘¹'
240 2058 290 2080 sas
309 2052 364 2080 aut
384 2051 470 2080 certa
486 2046 601 2079 salaria
617 2052 673 2079 aut
687 2045 727 2078 ad
746 2045 861 2078 salaria
874 2055 992 2077 561161-

241 2111 356 2145 pensas
376 2100 484 2133 medio
504 2099 686 2132 iuramento
702 2098 872 2132 creditoris
892 2098 991 2141 liqui-

242 2154 374 2194 dandas,
397 2159 452 2186 aut
471 2164 539 2186 rem
573 2153 683 2186 censui
714 2152 891 2185 subiectam
929 2151 992 2184 sive

243 2207 384 2251 aliquam
405 2206 475 2240 eius
499 2212 623 2251 partem
649 2205 807 2245 amittere,
827 2209 881 2237 aut
905 2204 992 2237 aliud

244 2261 295 2294 ius
323 2271 361 2293 ex
385 2261 499 2294 eodem
520 2265 687 2294 contractu
704 2259 768 2292 sive
792 2258 923 2291 aliunde
943 2269 993 2292 ac-

245 2314 400 2358 quisitum
412 2314 560 2358 perdere,
574 2319 627 2347 aut
648 2313 680 2346 in
697 2313 838 2357 aliquam
857 2322 993 2356 poenam

247 2368 373 2409 cadere,
394 2379 431 2401 ex
450 2373 516 2401 toto
537 2367 628 2400 irrita
648 2367 711 2399 sint
730 2371 761 2399 et
780 2366 881 2399 nulla.

291 2421 306 2465 ξ
326 2422 356 2455 8.
379 2421 534 2461 Immo,et
553 2431 686 2454 censum
702 2419 813 2462 augeri
826 2425 856 2452 et
875 2429 993 2452 novum

91 2476 178 2512 ‚Censum
194 2481 232 2496 111-
247 2470 351 2504 creari
371 2481 469 2514 super
484 2470 596 2503 eadem
612 2470 660 2503 vel
673 2469 734 2502 alia
750 2479 796 2509 re,
812 2469 843 2501 in
856 2468 994 2501 favorem

53 2507 150 2560 ἶῗζοζῖι
161 2512 234 2566 Ρζῖἷζῖ
247 2519 392 2554 eiusdem
405 2525 460 2552 aut
476 2529 631 2563 personae
643 2529 700 2562 per
711 2528 785 2551 eum
797 2517 994 2561 suppositae,

55 2568 197 2591 ‘¹0¹‘¹'⁰²'¹¹’¹¹⁵·
248 2580 308 2613 pro
328 2569 479 2602 censibus
499 2568 655 2611 temporis
681 2567 729 2600 vel
758 2566 921 2610 praeteriti
949 2567 997 2599 vel

249 2618 362 2659 futuri,
382 2618 514 2651 omnino
530 2616 753 2661 prohibemus.

294 2668 310 2711 ἓ
329 2667 361 2701 9.
379 2665 905 2709 81611ῑί61111η111ηηυΙΙεῑῐῃυε,ρειοῐτι
921 2674 998 2698 con-

331 2720 404 2751 Bau.
428 2720 504 2752 Rom.
531 2720 585 2751 Vol.
612 2719 669 2751 VII.
883 2718 921 2748 93

907 274 974 299 PIUS
995 274 1015 298 V
1038 275 1086 299 ΡΡ.

1022 327 1156 361 tinentia
1175 327 1351 361 solutiones
1371 337 1507 360 onerum
1534 326 1574 359 ad
1602 337 1676 360 eum
1701 337 1770 370 spe-

1022 387 1120 421 ctare,
1142 382 1180 414 ad
1196 392 1292 424 quem
1313 380 1392 413 alias
1408 380 1446 413 de
1462 380 1532 413 iure
1553 385 1635 413 etex
1655 385 1769 413 natura

1021 440 1204 468 contractus
1224 445 1289 468 non
1312 439 1503 478 spectarent.

1068 489 1082 531 ἓ
1103 489 1156 522 10.
1172 489 1349 529 Postremo,
1362 499 1477 521 census
1497 497 1609 520 omnes
1630 487 1662 519 in
1683 487 1769 520 sutu-

1022 552 1094 574 rum
1115 542 1282 583 creandos,
1305 552 1369 575 non
1379 542 1483 574 solum
1500 552 1534 574 re
1555 541 1588 574 in
1608 546 1709 574 totum
1723 541 1771 574 vel

1022 605 1081 639 pro
1092 601 1182 639 parte
1197 601 1376 639 perempta,
1394 600 1447 628 aut
1461 594 1664 628 infructuosa
1681 594 1714 627 in
1727 600 1772 627 to-

1022 654 1089 681 tum
1111 649 1159 682 vel
1179 660 1237 692 pro
1258 654 1347 692 parte
1367 649 1646 689 effecta,volumus
1665 648 1705 681 ad
1724 659 1772 681 ra-

1023 708 1086 735 tam
1107 704 1227 746 perire,
1257 703 1312 735 sed
1337 703 1432 735 etiam
1460 712 1553 747 posse
1573 712 1632 745 pro
1657 702 1770 735 eodem

1022 756 1127 799 pretio
1152 756 1307 799 extingui.
1333 756 1402 789 Non
1423 756 1568 789 obstante
1592 755 1771 798 longissimi

1023 810 1118 842 etiam
1140 809 1295 853 temporis
1315 820 1351 842 ac
1372 809 1642 849 immemorabili,
1673 809 1772 842 immo

1024 868 1153 896 centum
1182 868 1214 896 et
1242 863 1386 907 plurium
1412 874 1584 903 annorum,
1613 863 1773 906 praescri-

1023 916 1146 960 ptione.
1173 917 1242 949 Non
1262 917 1461 950 obstantibus
1485 916 1649 959 aliquibus
1672 916 1774 960 pactis

1024 970 1146 1003 directe
1167 976 1222 1003 aut
1238 970 1393 1003 indirecte
1409 970 1504 1003 talem
1516 970 1699 1003 facultatem
1716 980 1773 1002 au-

1023 1023 1211 1064 ferentibus,
1232 1024 1492 1067 quibuseumque
1503 1023 1607 1056 verbis
1623 1028 1676 1056 aut
1688 1023 1775 1056 clau-

1025 1078 1103 1111 sulis
1123 1082 1278 1121 concepta
1298 1078 1370 1111 sint.

1069 1131 1150 1174 gli.
1174 1131 1253 1164 Cum
1273 1141 1348 1164 vero
1368 1130 1539 1163 traditione
1555 1141 1573 1174 p
1598 1130 1649 1163 etii
1669 1129 1775 1163 reddi-

1024 1190 1075 1218 tus
1095 1185 1329 1229 extinguendus
1349 1185 1420 1225 erit,
1438 1185 1586 1217 volumus
1601 1195 1659 1228 per
1670 1183 1774 1216 bime-

1026 1245 1089 1273 stre
1109 1245 1181 1273 ante
1211 1240 1242 1272 id
1262 1239 1453 1273 denunciari
1475 1239 1503 1272 ei
1541 1239 1593 1272 cui
1631 1238 1773 1282 pretium

1025 1294 1168 1327 dandum
1184 1294 1255 1335 erit,
1267 1299 1296 1327 et
1315 1292 1701 1337 postdenunciam,intra
1719 1302 1775 1325 an-

1025 1358 1104 1381 num
1124 1347 1353 1389 tamen,etiam
1374 1347 1413 1380 ab
1433 1347 1538 1387 initio,
1560 1346 1700 1390 pretium
1726 1356 1775 1379 re-

1026 1402 1091 1446 peti
1116 1412 1231 1445 posse,
1261 1406 1291 1435 et
1316 1401 1370 1434 ubi
1396 1401 1552 1445 pretium,
1579 1410 1639 1433 nee
1664 1400 1775 1432 volens

1028 1456 1111 1488 intra
1130 1456 1282 1489 bimestre
1303 1455 1412 1494 solvat,
1430 1465 1490 1487 nec
1510 1454 1549 1487 ab
1570 1454 1668 1486 invito
1692 1453 1775 1486 intra

1028 1519 1148 1542 annum
1182 1508 1344 1552 exigatuiff,
1380 1508 1529 1540 volumus
1561 1506 1776 1539 nihilominus

1027 1563 1299 1607 quandocumque
1319 1561 1480 1595 redditum
1502 1560 1644 1602 extingui
1669 1570 1773 1603 posse,

1028 1616 1157 1660 praevia
1181 1621 1288 1649 tamen
1313 1625 1440 1658 semper
1459 1613 1619 1647 denuncia
1644 1613 1682 1646 de
1714 1623 1778 1656 qua

1029 1680 1138 1713 supra,
1161 1674 1191 1702 et
1215 1679 1279 1702 non
1300 1668 1501 1702 obstantibus
1523 1667 1573 1700 his
1593 1667 1632 1700 de
1660 1666 1778 1710 quibus

1029 1734 1137 1766 supra.
1157 1723 1258 1767 ldque
1279 1721 1440 1756 observari
1466 1721 1658 1754 mandamus
1681 1720 1777 1753 etiam

1029 1777 1115 1821 quod
1136 1777 1258 1820 pluries
1273 1787 1310 1809 ac
1325 1775 1447 1819 pluries
1458 1775 1689 1808 denunciatum
1702 1774 1779 1807 fuis-

1030 1836 1088 1872 set,
1111 1842 1170 1864 nec
1186 1841 1341 1875 umquam
1357 1830 1489 1863 effectus
1509 1834 1638 1863 secutus
1654 1828 1775 1861 fuisset.

1075 1887 1158 1930 51⁶2.
1180 1887 1275 1920 Pacta
1294 1886 1389 1920 etiam
1415 1885 1613 1919 continentia
1638 1883 1779 1929 pretium

1031 1950 1157 1981 census,
1180 1946 1266 1974 extra
1286 1951 1396 1974 casum
1417 1939 1640 1984 praedictum,
1662 1938 1701 1971 ab
1729 1938 1779 1969 in-

1031 1994 1106 2031 vito,
1122 1999 1176 2027 aut
1191 1995 1231 2027 ob
1246 2005 1384 2039 poenam
1402 1999 1455 2027 aut
1473 1994 1514 2027 ob
1527 1993 1623 2026 aliam
1640 2003 1780 2032 eausam,

1033 2051 1133 2094 repeti
1152 2060 1257 2095 posse,
1279 2049 1412 2083 omnino
1434 2048 1655 2093 prohibemus.

1077 2104 1155 2148 513.
1173 2105 1426 2147 Contractusque
1438 2103 1497 2135 sub
1507 2102 1569 2135 alia
1584 2102 1686 2134 forma
1699 2105 1783 2145 post-

1033 2159 1094 2191 hac
1114 2158 1324 2191 celebrandos
1346 2155 1565 2190 foeneratitios
1587 2154 1779 2187 iudicamus.

1034 2212 1071 2245 Et
1098 2212 1149 2251 ita,
1179 2211 1242 2244 illis
1271 2215 1442 2255 propterea
1468 2219 1533 2241 non
1560 2207 1780 2247 obstantibus,

1034 2265 1189 2309 quicquid
1220 2265 1268 2297 vel
1296 2274 1444 2308 expresse
1471 2263 1520 2296 vel
1549 2262 1644 2295 tacite
1672 2268 1784 2295 contra

1034 2319 1114 2352 haec
1134 2324 1243 2352 nostra
1259 2318 1408 2351 mandata
1427 2316 1509 2357 dari,
1527 2315 1648 2349 remitti
1669 2320 1723 2348 aut
1738 2315 1786 2348 di-

1036 2377 1117 2411 mitti
1139 2377 1339 2422 contingat‚a
1351 2377 1428 2410 fisco
1443 2376 1592 2409 volumus
1602 2385 1696 2419 posse
1712 2384 1786 2408 ven-

1037 2436 1151 2470 dicari.

1082 2494 1096 2537 ἓ
1116 2493 1168 2526 14.
1193 2494 1282 2526 Hanc
1301 2497 1408 2526 autem
1429 2491 1627 2525 salutiferam
1647 2490 1787 2524 sanctio-

1038 2562 1111 2585 nem
1143 2552 1263 2585 nedum
1289 2551 1321 2584 in
1348 2561 1446 2583 censu
1473 2549 1598 2583 noviter
1627 2549 1785 2589 creando,

1039 2621 1150 2644 verum
1171 2610 1267 2643 etiam
1289 2610 1321 2642 in
1342 2614 1450 2643 creato
1475 2618 1682 2652 quocumque
1707 2613 1788 2640 tem-

1040 2679 1118 2713 pore
1139 2669 1322 2709 alienando,
1334 2669 1430 2702 modo
1445 2673 1517 2712 post
1536 2667 1788 2712 publicationem

1783 270 1834 297 An.
1851 271 1881 298 C.
1899 270 1967 298 ¹569

1809 331 1879 352 Onera
1895 335 1968 353 extra-

1785 368 1824 383 nea
1853 363 1968 389 prohiben-

1785 397 1824 414 tur.

1812 497 1892 517 Comus
1914 498 1969 523 perit

1786 532 1969 556 pretatureiceu-

1785 563 1838 582 suae
1881 568 1966 589 pereni-

1786 603 1843 625 Istae.

1814 1145 1893 1167 Redimi
1909 1151 1977 1173 quan-

1788 1178 1813 1199 do
1829 1179 1903 1205 possit.

1822 1904 1896 1931 Repeti
1912 1903 1936 1924 ab
1948 1904 1978 1924 in-

1795 1936 1837 1957 vito
1854 1941 1894 1956 non
1919 1934 1977 1955 licet.

1856 2120 1981 2140 Contractus

1798 2152 1859 2173 aliter
1874 2153 1919 2173 initi
1936 2151 1982 2171 soc-

1799 2185 1892 2204 neratitii
1925 2183 1980 2203 iudi-

1799 2217 1913 2239 catum-,et
1931 2219 1984 2240 poe-

1800 2253 1826 2267 na
1858 2246 1908 2266 fisco
1938 2244 1983 2265 sol<

1801 2279 1863 2298 vitur.

1856 2504 1912 2526 naec
1931 2503 1988 2525 bula

1804 2542 1856 2563 quos
1867 2542 1943 2557 census
1954 2541 1987 2555 ex-

1804 2568 1876 2594 cipiat.
