2237 3100
24 285 72 314 An.
89 284 119 312 C.
139 283 206 312 ¹568

62 1460 159 1482 provisio
174 1466 212 1488 pro

30 1492 153 1514 eorumdem
177 1498 214 1512 su-

29 1525 160 1545 :tentatione
181 1529 214 1544 as-

29 1556 119 1581 alguala.

59 2151 170 2173 clausulae
179 2157 217 2178 pro

34 2183 120 2203 huiusce
136 2183 218 2203 consti-

36 2215 123 2235 tutionis
134 2214 218 2235 nmilia»

904 283 972 307 PIUS
997 283 1015 306 V
1039 283 1087 306 ΡΡ.

1667 274 1731 308 705

220 334 322 380 hyteri
347 340 378 369 et
403 335 538 379 capituli
567 334 711 369 eiusdem
744 335 917 376 ecclesiae,
947 341 977 368 et
995 338 1002 355 ¹
1020 335 1266 378 comprehendi,
1287 336 1342 369 sed
1362 345 1491 380 semper
1524 335 1564 369 ab
1589 335 1653 369 illis
1681 346 1775 369 exce-

220 388 297 432 ipsis
320 388 454 422 omnino
489 388 797 429 contradicentibus,
818 394 977 432 perpetuo
997 402 999 409 ¹

220 441 493 475 dismembramus
531 447 562 475 ct
584 452 790 486 separamus3
827 442 975 485 illasque,

220 505 296 528 cum
315 495 484 536 vestibulo,
511 494 674 535 viridario,
704 495 832 527 iuribus
852 500 882 528 et
902 505 977 539 per-

220 547 377 588 tinentiis,
409 547 562 591 praefatis
583 558 636 581 sex
656 547 913 591 poenitentiariis
947 552 978 580 ct

220 600 348 634 duobus
375 601 537 634 conversis
566 607 622 634 aut
649 600 810 641 tertiariis,
832 611 891 644 pro
913 600 975 633 liu-

221 653 362 686 iusmodi
381 653 579 687 habitatione
595 659 626 686 ct
638 664 710 694 usu,
727 661 885 698 perpetuo
901 664 980 687 con-

220 705 378 746 cedimus,
409 706 452 739 ita
472 707 560 749 quod
580 706 676 739 liceat
696 707 774 750 ipsis
794 718 847 740 sex
867 707 980 750 poeni-

222 759 378 792 tentiariis
397 759 527 792 aedium
544 765 574 793 et
596 760 736 793 aliorum
757 760 978 803 praefatorum

221 813 426 856 corporalem
447 813 684 856 possessionem
714 824 772 856 per
792 824 824 846 se
853 814 901 846 vel
922 824 980 857 per

222 865 322 899 alium
349 876 406 899 seu
437 865 528 906 alios,
565 866 699 910 propria
724 866 915 899 auctoritate
950 872 980 899 et

222 918 344 962 absque
366 918 439 952 vitio
459 918 554 962 spolii
582 929 639 952 seu
665 924 912 959 attentatorum,
942 919 980 951 li-

222 972 299 1005 bere
319 972 567 1016 apprehendere
588 978 618 1005 et
641 978 800 1016 perpetuo
827 973 979 1013 retinerc3

223 1035 299 1058 cum
316 1035 354 1058 eo
374 1030 483 1058 tamen
503 1030 539 1058 ut
559 1025 637 1058 alias
657 1025 718 1069 ipsi
739 1025 894 1059 ecclesiae
910 1037 982 1058 san-

223 1082 293 1111 ctae
305 1078 519 1119 Potentiance‚
537 1079 644 1122 quoad
659 1079 788 1112 titulum
806 1079 982 1123 presbyteri

224 1131 408 1172 cardinalis,
427 1131 460 1164 in
475 1131 576 1165 nihilo
589 1132 775 1175 derogetur,
791 1138 887 1175 atque
903 1132 982 1165 alia-

224 1195 299 1218 rum
332 1185 420 1218 illius
454 1196 565 1218 rerum
595 1191 625 1218 et
651 1185 815 1218 bonorum
848 1186 985 1219 admini-

225 1238 349 1280 stratio,
372 1240 605 1282 fructuumque
625 1240 792 1284 perceptio
822 1245 853 1273 et
877 1241 985 1284 dispo-

225 1292 298 1325 sitio
329 1293 369 1325 ad
398 1292 717 1337 areliiprcsbyterum
742 1298 772 1326 et
804 1293 984 1337 capitulum

226 1346 399 1389 praefatos,
422 1351 458 1378 ut
482 1346 584 1390 prius,
610 1345 782 1390 pertineat.

271 1399 287 1443 ἓ
306 1398 338 1432 8.
351 1399 499 1442 Insuper,
511 1409 571 1443 pro
581 1410 643 1432 usu
656 1404 686 1432 et
706 1398 777 1432 aliis
792 1399 986 1433 necessariis

228 1463 282 1486 sex
301 1452 625 1497 poenitentiariorum
646 1458 677 1486 et
696 1452 839 1486 duorum
854 1463 986 1486 convcr-

229 1516 340 1539 sorum
361 1506 593 1549 praefatorum,
616 1511 816 1539 menstruam
832 1506 987 1550 provisio-

230 1569 304 1592 nem
323 1558 550 1603 vigintinovem
571 1564 739 1592 scutorum
762 1559 832 1592 auri
847 1559 879 1592 in
891 1571 984 1599 auro,

229 1623 330 1657 super
354 1611 503 1657 pecuniis
537 1611 810 1655 compositionum
845 1623 929 1656 quae
954 1612 986 1645 in

230 1665 338 1700 osticio
357 1665 537 1699 Datariatus
556 1666 658 1699 nostri
678 1665 772 1706 fiunt,
795 1664 915 1699 eisdem
934 1677 986 1699 sex

230 1719 488 1763 poenitentiariis
511 1719 560 1752 vel
581 1729 696 1752 eorum
723 1719 929 1763 procuratori
947 1720 987 1752 ad

230 1773 263 1805 id
283 1772 323 1806 ab
354 1772 400 1805 eis
418 1777 609 1817 potestatem
628 1772 774 1813 habenti,
796 1783 856 1816 per
886 1783 988 1815 pecu-

231 1824 359 1858 niarum
380 1826 570 1859 earumdem
595 1825 829 1869 depositarium
854 1825 989 1868 singulis

231 1878 407 1920 mensibus,
428 1878 532 1911 donec
552 1878 615 1911 illis
635 1878 698 1911 alia
715 1878 830 1911 idonea
846 1878 988 1921 assigna-

232 1932 275 1965 tio
295 1932 378 1965 sacta
405 1931 514 1971 fuerit,
540 1942 606 1975 quo
639 1941 716 1964 casu
750 1936 780 1965 et
810 1941 876 1964 non
911 1931 989 1964 alias

232 1986 374 2029 praefata
385 1985 524 2029 provisio
535 1995 660 2018 cessare
671 1990 852 2025 censeatur,
867 1984 990 2027 integre

232 2039 476 2081 persolvendam
499 2037 709 2072 concedimus
729 2043 760 2071 et
775 2038 986 2081 assignamus.

276 2092 291 2135 ἓ
308 2091 340 2126 9.
355 2092 571 2125 Decernentes
591 2097 777 2134 praesentes
792 2091 915 2124 litteras
931 2090 990 2123 sub

233 2145 332 2178 nullis
351 2144 622 2184 revocationibus,
649 2143 928 2188 suspensionibus,
951 2143 990 2176 li-

234 2198 467 2239 mitationibus,
491 2197 750 2238 reductionibus,
778 2197 992 2230 restitutioni—

234 2252 306 2293 bus,
338 2251 605 2295 derogationibus
630 2256 687 2283 aut
713 2250 784 2283 aliis
820 2250 993 2283 contrariis

234 2305 500 2349 dispositionibus
525 2303 681 2337 similium
711 2304 759 2336 vel
784 2303 992 2336 dissimilium

236 2358 505 2392 constitutionum
527 2364 557 2391 et
577 2357 834 2399 ordinationum,
857 2368 916 2400 per
935 2368 993 2390 nos

236 2423 273 2446 ac
303 2413 418 2446 Sedem
451 2411 682 2455 Apostolicam,
716 2411 812 2443 etiam
843 2417 932 2443 motu
963 2417 994 2444 et

237 2461 371 2494 scicntia
391 2460 562 2500 similibus,
582 2466 612 2493 et
633 2470 670 2493 ex
692 2459 860 2502 quibusvis
889 2459 994 2492 causis

238 2510 428 2553 urgentibus
472 2508 723 2552 quantumlibet,
762 2519 822 2551 pro
847 2513 994 2552 tempore

238 2558 340 2598 sactis,
358 2557 482 2591 etiamsi
494 2557 526 2589 in
541 2557 602 2589 illis
622 2557 661 2589 de
672 2557 794 2589 eisdem
811 2556 996 2600 patentibus

238 2607 353 2640 litteris
373 2612 403 2640 et
423 2616 537 2639 eorum
558 2610 624 2638 toto
642 2611 754 2639 tenore
768 2616 805 2639 ac
822 2606 907 2647 data,
926 2617 996 2649 spe-

240 2654 341 2697 cialis,
363 2654 515 2699 specifica
541 2660 572 2687 et
601 2664 752 2698 expressa
781 2653 902 2688 mentio
927 2654 994 2695 liat,

320 2707 394 2738 Ball.
412 2707 493 2738 Rom.
513 2707 567 2738 Vol.
587 2707 644 2737 Vll.
840 2708 878 2735 89

1019 394 1100 432 ptas,
1128 393 1158 421 et
1177 388 1304 432 quoties
1338 388 1412 422 illac
1438 388 1658 422 emanaverint
1681 388 1776 422 toties

1019 442 1051 474 in
1074 441 1245 484 pristinum
1266 447 1383 475 statum
1409 442 1584 483 restitutas,
1619 442 1777 486 repositas

1019 501 1050 528 et
1070 495 1214 538 plenarie
1243 495 1464 539 reintegrataS,
1496 507 1533 529 ac
1562 495 1601 529 de
1630 506 1713 529 novo
1747 501 1778 529 et

1019 558 1227 591 quacumque
1248 548 1333 590 data,
1357 560 1415 592 pcr
1433 549 1579 593 pri0rem
1599 554 1630 582 ct
1648 549 1778 592 provin-

1021 600 1190 634 ciucialem
1231 612 1268 635 ac
1311 602 1577 645 poenitentiarios
1617 603 1779 646 praefatos

1021 654 1180 697 eligenda,
1203 665 1373 688 concessas
1393 666 1461 689 esse
1481 662 1512 690 et
1536 656 1671 697 censeri,
1692 656 1778 690 etita

1021 712 1149 740 nostrae
1169 707 1443 742 incommutabilis
1472 709 1644 743 voluntatis
1673 715 1704 743 et
1728 710 1779 743 in-

1021 760 1173 794 tentionis
1193 772 1261 794 esse
1281 767 1312 795 ct
1331 762 1412 802 fore;
1435 762 1585 807 ipsasque
1605 768 1780 807 praesentes

1021 815 1112 847 nullo
1144 825 1289 857 unquam
1319 821 1466 859 tempore
1494 816 1780 860 de-subreptionis

1023 872 1054 900 et
1073 867 1274 909 obreptionis
1295 878 1351 901 seu
1372 868 1529 902 nullitatis
1546 869 1632 910 vitio,
1651 874 1706 902 aut
1734 869 1779 901 in-

1023 920 1175 953 tentionis
1195 926 1325 955 nostrae
1345 922 1392 954 vel
1418 921 1481 955 alio
1510 922 1664 966 quopiam
1692 922 1780 956 dese-

1023 978 1077 1006 etu
1097 974 1215 1014 notari,
1237 980 1292 1007 aut
1316 974 1348 1007 in
1380 974 1430 1007 ius
1455 975 1504 1008 vel
1530 975 1781 1009 controversiam

1023 1037 1232 1071 quacumque
1246 1027 1371 1061 ratione
1384 1028 1432 1061 vel
1444 1039 1541 1062 causa
1553 1029 1661 1063 vocari
1673 1039 1779 1074 posse;

1025 1090 1221 1124 causamque
1242 1091 1311 1121 seu,
1333 1092 1446 1114 causas
1466 1088 1600 1126 propter
1633 1093 1714 1125 quas
1733 1094 1783 1116 re-

1024 1133 1160 1174 vocatio,
1183 1134 1327 1175 abolitio,
1351 1135 1497 1176 cassatio,
1514 1136 1703 1176 annullatio,
1719 1137 1783 1180 pri-

1024 1186 1118 1227 vatio,
1142 1188 1275 1227 amotio,
1308 1188 1468 1222 institutio
1499 1194 1530 1222 et
1558 1189 1620 1222 alia
1640 1190 1782 1233 praefata

1026 1241 1119 1281 fiunt,
1157 1251 1266 1274 coram
1303 1253 1527 1286 quocumque,
1565 1242 1698 1276 minime
1728 1254 1781 1277 ve-

1027 1293 1157 1334 rificari,
1177 1304 1238 1328 nec
1267 1295 1308 1328 ob
1342 1295 1374 1327 id
1395 1306 1451 1328 seu
1472 1306 1509 1328 ex
1534 1306 1599 1339 quo
1627 1295 1782 1329 interesse

1026 1352 1176 1392 putantes
1200 1348 1303 1382 vocati
1324 1359 1389 1382 non
1421 1348 1553 1388 suerint,
1588 1359 1647 1392 per
1672 1349 1784 1383 subre-

1028 1401 1171 1444 ptionem
1203 1402 1349 1435 obtentas
1384 1401 1560 1444 praesumi,
1596 1402 1784 1446 viribusque

1028 1460 1201 1498 propterea
1234 1465 1358 1488 carere.
1381 1455 1499 1498 Sieque
1527 1466 1585 1498 per
1610 1466 1786 1499 quoscum-

1028 1518 1091 1551 que
1107 1507 1230 1541 iudices
1245 1508 1428 1542 ordinarios
1440 1514 1471 1542 et
1500 1509 1673 1552 delegatos,
1689 1509 1785 1543 etiam

1029 1572 1202 1594 causarum
1222 1561 1335 1594 Palatii
1368 1562 1544 1606 Apostolici
1570 1563 1736 1596 auditores
1756 1568 1788 1596 et

1028 1614 1059 1647 S.
1083 1614 1120 1647 R.
1146 1614 1181 1646 E.
1218 1614 1410 1654 cardinales
1433 1625 1472 1649 ex
1495 1615 1606 1659 quavis
1635 1626 1732 1649 causa
1757 1621 1789 1648 et

1029 1667 1194 1708 instantia,
1224 1668 1350 1702 sublata
1379 1669 1425 1702 eis
1458 1675 1622 1702 eteorum
1652 1669 1790 1702 cuilibet

1029 1720 1140 1764 quavis
1170 1721 1262 1755 aliter
1291 1722 1458 1755 iudicandi
1489 1728 1520 1755 et
1552 1723 1787 1766 interpretandi

1030 1774 1180 1807 facultate
1211 1780 1242 1808 et
1270 1774 1473 1816 auctoritate,
1493 1785 1551 1808 seu
1572 1775 1712 1809 scienter
1738 1777 1788 1810 vel

1030 1827 1230 1870 ignoranter,
1253 1827 1424 1870 contigerit
1440 1828 1602 1862 attentari.

1074 1881 1089 1924 ἓ
1109 1880 1162 1914 10.
1177 1880 1247 1914 Non
1267 1881 1469 1915 obstantibus
1493 1888 1603 1915 nostra
1618 1892 1677 1926 per
1691 1893 1788 1926 quam

1031 1935 1155 1967 dudum
1166 1933 1338 1975 voluimus,
1352 1934 1436 1968 inter
1446 1935 1521 1975 alia,
1538 1935 1625 1979 quod
1635 1935 1789 1980 deinceps

1031 1998 1089 2030 per
1108 1997 1351 2032 quamcumque
1371 1989 1615 2022 concessionem
1636 1994 1692 2022 aut
1718 2000 1789 2032 gra-

1031 2041 1107 2073 tiam
1141 2051 1200 2084 per
1228 2051 1299 2082 nos,
1328 2041 1423 2075 etiam
1458 2047 1548 2075 motu
1577 2048 1609 2075 et
1641 2054 1678 2076 ex
1702 2048 1790 2077 certa

1032 2094 1166 2127 scicntia
1186 2094 1380 2135 faciendam,
1403 2095 1485 2127 nulli
1506 2096 1556 2128 ius
1580 2095 1641 2128 sibi
1660 2096 1789 2140 quaesi-

1032 2154 1100 2181 tum
1122 2147 1368 2191 quomodolibet
1387 2149 1569 2189 tolleretur,
1592 2154 1623 2182 et
1637 2149 1710 2193 piae
1724 2160 1790 2183 me*

1034 2201 1156 2234 moriae
1175 2201 1331 2234 Bonisacii
1353 2199 1456 2245 Papae
1476 2202 1551 2242 VllI,
1582 2202 1677 2235 etiam
1698 2214 1791 2246 prae-

1033 2254 1212 2288 decessoris
1232 2254 1346 2296 nostri,
1369 2265 1433 2298 qua
1457 2260 1587 2288 cavetur
1606 2266 1646 2289 ne
1676 2257 1790 2291 fratres

1034 2308 1251 2341 Mendicantes
1270 2318 1352 2341 nova
1381 2308 1452 2341 loca
1472 2308 1632 2352 recipere,
1654 2315 1710 2342 aut
1737 2321 1790 2343 re-

1035 2367 1128 2405 cepta
1148 2361 1287 2395 retinere
1308 2361 1442 2405 possint,
1459 2361 1527 2395 sine
1538 2362 1671 2406 speciali
1686 2363 1791 2397 dictae

1035 2414 1126 2447 Sedis
1145 2415 1349 2458 Apostolicae
1369 2414 1499 2447 licentia
1520 2414 1558 2447 de
1570 2415 1791 2458 prohibitione

1035 2463 1224 2496 huiusmodi
1257 2464 1457 2497 mentionem
1482 2464 1632 2505 faciente,
1654 2464 1792 2508 aliisque

1037 2512 1322 2545 constitutionibus
1332 2518 1362 2546 et
1374 2512 1632 2548 ordinationibus
1640 2514 1789 2556 apostoli·

1037 2560 1095 2600 cis,
1126 2566 1157 2593 et
1189 2561 1349 2595 dictarum
1384 2562 1415 2595 S.
1443 2562 1560 2595 Mariae
1594 2563 1720 2597 Maioris
1755 2574 1792 2596 ac

1038 2609 1069 2642 S.
1086 2609 1294 2643 Potentianae
1320 2610 1544 2652 ecclesiarum,
1564 2611 1747 2645 iuramento
1763 2617 1794 2645 ct

1038 2659 1284 2694 confirmatione
1323 2659 1500 2703 apostolica
1533 2660 1581 2694 vel
1601 2661 1712 2704 quavis
1737 2661 1793 2694 fir-

1789 285 1841 313 An.
1858 288 1887 316 C.
1907 288 1975 316 ¹568

1815 1903 1829 1912 ⁸
1873 1903 1988 1930 vernuilo

1803 1937 1964 1959 contrariorum*
