2237 3100
244 297 294 323 An.
311 296 339 324 C.
358 296 422 325 ¹56¹

255 783 310 804 Bona
323 783 427 804 deceden-

243 816 292 836 tium
303 815 348 835 sine
360 817 427 834 testa-

243 849 314 867 mento
337 847 356 865 in
393 845 428 864 lio-

243 877 312 904 spirali
335 877 358 896 ad
377 875 426 896 ittud

244 911 351 935 spectent.

248 1260 425 1287 Indulgenttnpro

242 1294 308 1320 prima
325 1294 425 1319 cuiusque

242 1325 321 1345 mensis
360 1325 426 1344 domi?

244 1357 298 1376 nica.

273 2013 369 2034 facultas
394 2013 431 2033 eli-

206 2039 211 2044 ’
246 2046 307 2071 gendi
318 2045 430 2066 contesso-

247 2082 298 2101 rem,
322 2077 358 2103 qui
379 2081 431 2096 con-

245 2108 322 2128 fratres
337 2107 430 2127 absolvat

247 2141 293 2164 etei,-

277 2389 374 2418 Erigendi
400 2391 433 2411 vei

250 2424 375 2451 aggregandi
384 2428 435 2442 ron-

250 2455 355 2477 fraterna.
384 2454 434 2473 alias

253 2493 299 2508 cum
328 2485 436 2511 indulgen-

251 2520 326 2539 tiarum
349 2518 435 2544 pai-tici*

252 2551 344 2577 panone.

484 288 548 323 142

440 363 553 386 eorum
573 356 689 385 nutum
712 349 894 393 eligendum
912 354 943 383 et
962 348 1187 389 amovendum,

440 412 533 450 prout
552 406 707 439 haetenus
724 405 919 440 habuerunt,
942 413 1105 447 perquem
1120 403 1191 435 mis-

441 470 493 492 sae
513 465 540 492 et
559 459 618 492 alia
635 458 739 491 divina
755 457 859 490 officia
872 456 1044 497 celebrari,
1067 467 1103 488 ac
1117 456 1191 499 ipsis

442 512 678 546 celebrantibus
698 517 725 544 et
747 510 988 554 aliisquibusris
1004 509 1192 541 christifide-

441 566 525 599 libus
547 565 764 598 Eucharistiae
786 569 813 596 et
838 562 1058 596 Poenitentiae
1085 573 1190 595 sacra-

442 625 548 653 menta
570 618 744 651 ministrari
770 618 874 649 facere
904 615 1042 660 possint,
1074 616 1191 648 habere

442 679 470 706 et
492 672 629 705 retinere
651 683 685 703 ac
708 669 888 703 conservari
910 670 1026 702 facere.

485 726 500 767 ,Ε
520 725 550 758 9.
574 725 608 757 Et
632 724 689 768 ipsi
711 723 877 766 guardiam
901 728 928 755 et
953 723 1192 755 administrato-

442 790 492 812 res
512 790 548 811 ac
583 778 760 811 confratres
786 782 902 813 restes,
935 776 1106 819 pecunias,
1135 788 1192 809 an-

442 843 532 872 rum,
564 836 733 874 argentum
762 836 788 863 et
817 830 878 863 alia
904 830 989 862 bona
1015 840 1192 873 quaecum-

442 897 503 930 que
524 885 771 919 deservientium
793 890 820 917 et
847 883 983 917 aliorum
1011 894 1192 927 pauperum

441 939 665 973 decedentium
686 939 725 971 ab
746 938 893 971 intestato
930 937 961 969 in
983 937 1067 970 dicto
1089 942 1194 969 extru-

442 1000 503 1031 cto,
524 999 578 1026 aut
599 993 630 1026 in
651 998 816 1037 posterum
839 991 1037 1031 extruendis,
1059 1002 1116 1034 per
1145 990 1192 1022 di-

442 1054 508 1081 ctos
529 1048 706 1080 confratres
727 1046 878 1090 hospitali
909 1045 1077 1089 percipere
1108 1050 1135 1076 et
1162 1044 1193 1076 in

442 1112 534 1134 usum
557 1106 583 1133 et
614 1100 783 1133 utilitatem
812 1098 998 1132 huiusmodi
1029 1097 1195 1141 hospitalis

442 1160 636 1187 convertere.

486 1208 500 1248 ,ξ
520 1207 572 1241 «10.
597 1207 758 1250 Dictisque
780 1206 995 1239 confratrilnis
1016 1211 1041 1237 et
1062 1205 1195 1248 quibus-

441 1260 486 1292 vis
506 1260 576 1293 aliis
596 1259 870 1295 christifidelibus,
894 1259 948 1302 qui
968 1259 998 1290 in
1021 1258 1105 1290 dicto
1127 1269 1194 1290 ora-

442 1314 523 1347 torio
540 1314 601 1346 sire
619 1314 776 1357 cappella,
800 1314 902 1356 prima
924 1312 1082 1355 cuiusque
1105 1322 1194 1344 men-

441 1368 481 1400 sis
506 1367 555 1400 die
589 1368 766 1403 dominica,
803 1377 925 1399 sacram
961 1366 1193 1398 Eucliaristiam

441 1421 648 1464 sumpserint,
677 1426 702 1453 et
736 1420 909 1464 quinquies
934 1419 1116 1452 Orationem
1134 1419 1194 1451 Do-

442 1475 593 1507 minicain
620 1480 650 1507 et
679 1474 910 1507 Salutationem
942 1473 1140 1515 Angelicam,
1163 1472 1195 1504 in

441 1528 630 1562 memoriam
651 1528 794 1571 quinque
820 1528 989 1560 vulnerum
1012 1527 1080 1559 lesu
1104 1526 1194 1559 Chri-

442 1582 479 1616 sti
492 1582 618 1615 Domini
630 1582 743 1619 nostri,
763 1581 912 1621 dixerint,
932 1580 1118 1625 precatique
1131 1581 1196 1612 l'ue-

442 1636 506 1668 rint
526 1635 780 1680 omnipotentem
804 1635 904 1667 Deum
927 1644 986 1677 pro
1007 1644 1098 1677 pace,
1122 1633 1195 1665 uni-

441 1695 516 1729 tate,
541 1688 769 1732 tranquillitate
791 1699 827 1721 ac
853 1686 937 1720 felici
959 1692 1041 1719 statu
1069 1692 1196 1718 sanetae

443 1743 553 1775 matris
579 1743 760 1781 Ecclesiae,
781 1742 943 1784 totiusque
971 1741 1081 1784 populi
1111 1740 1195 1772 clu-i-

443 1796 549 1835 stiani,
573 1796 713 1840 qualibet
736 1796 820 1833 rice,
850 1795 1028 1839 plenariam
1050 1794 1195 1827 omnium

443 1856 652 1894 peccatorum
673 1860 806 1882 suorum
836 1848 1067 1891 indulgentiam
1095 1852 1121 1879 et
1146 1859 1195 1879 re-

444 1904 642 1936 missionem.

489 1958 503 2001 ξ
529 1958 576 1990 ll.
600 1958 730 1990 Necnon
751 1957 843 1989 dictis
864 1955 1079 1989 confratribus
1100 1955 1197 1987 sacul-

446 2017 540 2044 tatem
571 2016 601 2043 ut
634 2012 850 2044 conscssorem
878 2012 938 2043 sire
975 2010 1195 2045 consessores,

445 2065 501 2109 qui
522 2076 576 2098 eos
597 2065 629 2098 in
651 2065 761 2097 mortis
789 2065 926 2097 articulo
947 2064 985 2096 ab
1016 2062 1103 2095 ouini
1126 2073 1197 2094 sen-

446 2119 543 2152 tentia
569 2117 912 2151 excommunicationis
938 2122 965 2149 et
990 2117 1029 2149 ab
1050 2115 1199 2148 omnibus

448 2184 560 2206 eorum
583 2173 741 2217 peccatis,
773 2184 789 2204 a
816 2172 911 2214 eulpa
937 2176 966 2203 et
987 2180 1102 2213 poena,
1135 2170 1200 2212 ple-

447 2227 536 2260 narie
557 2227 737 2265 absolvant,
760 2226 878 2267 eligere
899 2224 1064 2268 perpetuis
1085 2222 1200 2255 suturis

448 2280 660 2325 temporibus.

493 2335 507 2376 ἕξ
526 2334 580 2367 ΔῙΞΣ.
607 2335 737 2367 Necnon
751 2334 871 2367 eisdem
883 2332 1069 2376 guardianis
1090 2337 1116 2363 et
1144 2331 1199 2363 ad*

449 2389 722 2422 ministratoribus
748 2399 806 2432 pro
828 2393 972 2431 tempore
994 2385 1201 2419 existentibus

450 2448 481 2474 ut
505 2453 724 2486 spiascumque
742 2440 1017 2473 confraternitates
1034 2445 1120 2471 extra
1141 2438 1200 2470 Fr-

451 2491 522 2524 beni
547 2492 606 2524 snb
626 2491 810 2523 huiusmodi
831 2490 987 2523 vocabulo
1014 2488 1199 2523 instituere,

452 2546 478 2573 et
499 2551 555 2583 pro
576 2545 720 2582 tempore
743 2539 900 2571 institutas
916 2537 1066 2570 omnibus
1087 2541 1117 2568 et
1136 2535 1201 2568 sin-

452 2589 534 2632 gulis
562 2588 733 2632 praedictis
761 2593 791 2620 et
811 2588 881 2620 aliis
901 2586 1074 2630 privilegiis
1102 2590 1130 2617 et
1153 2584 1201 2616 in-

452 2638 549 2671 dultis
573 2638 724 2681 deinceps
753 2636 979 2673 concedendis,
1012 2636 1070 2668 sub
1091 2635 1201 2668 condi-

452 2688 594 2720 tionibus
614 2692 642 2719 et
664 2686 776 2719 t'ormis
788 2686 832 2718 eis
843 2685 1011 2724 benevisis,
1034 2685 1200 2718 decorare.

1035 295 1213 320 BULLAmt'M
1233 293 1384 320 nonitNttM

1233 349 1350 392 illaque
1380 346 1426 380 eis
1451 346 1483 379 in
1510 350 1574 379 toto
1593 345 1641 378 vel
1661 345 1693 378 in
1721 349 1811 389 parte
1836 354 1980 377 commu-

1233 402 1340 434 nicare
1366 401 1464 433 libere
1495 405 1522 432 et
1551 399 1636 432 licite
1657 400 1799 437 valeant,
1837 398 1983 430 similiter

1234 454 1451 488 concedimus.

1277 509 1291 549 ξ
1319 508 1371 540 ta.
1408 507 1451 539 ‚to
1480 506 1695 549 indulgentias
1731 505 1917 538 huiusmodi
1954 510 1984 537 et

1235 566 1419 605 praesentes
1439 560 1560 599 literas,
1583 559 1641 591 sub
1662 560 1920 602 quibuscumque
1938 569 1985 591 re-

1234 615 1469 651 vocationibus,
1493 613 1772 657 suspensionibus,
1803 612 1984 655 derogatio-

1235 669 1329 701 nibus
1353 668 1400 700 xel
1421 666 1668 700 limitationibus
1701 677 1984 710 quarumcumque

1235 722 1386 754 similium
1420 722 1467 753 rel
1501 719 1704 753 dissimilium
1743 720 1919 762 gratiarum
1956 725 1984 752 et

1236 775 1522 817 indulgentiarum,
1551 785 1608 818 per
1633 784 1690 806 nos
1709 779 1736 806 et
1758 774 1871 806 Sedem
1901 774 1985 816 Apo-

1235 829 1393 867 stolicam,
1416 829 1512 861 etiam
1530 828 1561 860 in
1578 828 1718 860 favorem
1734 827 1885 860 basilicae
1899 826 1987 859 Prin-

1236 883 1315 926 cipis
1340 883 1565 926 Apostolorum
1587 881 1625 914 de
1645 881 1728 914 Urbe
1748 880 1934 914 huiusmodi
1957 884 1987 913 et

1236 936 1476 980 expeditionum
1494 941 1605 968 contra
1621 934 1766 967 infideles
1782 940 1811 967 et
1821 934 1986 967 Cruciatae

1236 991 1382 1029 Sanctae,
1405 990 1452 1022 vel
1473 989 1562 1027 alias,
1585 988 1680 1021 etiam
1704 988 1743 1021 ad
1764 987 1984 1032 imperatoris,

1236 1054 1361 1086 regum,
1383 1043 1567 1086 reginarum
1589 1048 1617 1075 et
1640 1042 1777 1075 aliorum
1803 1041 1987 1086 principum

1236 1096 1437 1136 instantiam,
1472 1095 1715 1138 quomodolibet
1754 1105 1813 1138 pro
1844 1099 1988 1139 tempore

1237 1150 1344 1189 sactis,
1367 1150 1551 1182 nullatenus
1563 1147 1806 1192 comprehendi,
1829 1147 1883 1180 sed
1904 1157 1988 1180 sem-

1236 1215 1294 1247 per
1314 1204 1353 1236 ab
1374 1203 1436 1236 illis
1457 1208 1616 1246 exceptas,
1630 1208 1660 1234 et
1681 1200 1890 1245 quotiesillae
1906 1212 1990 1234 ema·

1236 1258 1371 1294 naliunt,
1399 1257 1492 1289 toties
1513 1256 1543 1288 in
1566 1256 1737 1299 pristinum
1759 1260 1875 1288 statum
1897 1254 1989 1288 resti-

1238 1317 1320 1343 tutas
1341 1316 1366 1343 et
1391 1311 1428 1343 de
1449 1321 1529 1342 novo
1551 1320 1718 1343 concessas
1739 1308 1825 1349 sore3
1848 1308 1989 1353 ipsisque

1238 1364 1452 1397 ‹enti-atribiis
1482 1369 1508 1396 et
1533 1363 1606 1396 valiis
1629 1362 1799 1406 praedictis
1819 1361 1988 1405 suffragari

1237 1418 1354 1449 debere
1375 1417 1590 1449 decernimus.

1282 1470 1369 1514 §tt
1402 1470 1469 1503 Non
1496 1469 1696 1502 obstantibus
1722 1468 1888 1512 quibusvis
1911 1478 1989 1513 apo-

1237 1523 1376 1563 stolicis,
1400 1534 1435 1555 ac
1457 1523 1489 1555 in
1510 1522 1762 1566 provincialibus
1782 1526 1812 1554 et
1829 1520 1990 1566 synodali-

1236 1577 1297 1609 bus
1318 1576 1463 1609 couciliis
1488 1576 1592 1616 editis,
1622 1575 1826 1617 generalibus
1848 1574 1895 1607 vel
1917 1585 1989 1619 spe-

1239 1631 1382 1671 cialibus,
1417 1629 1701 1663 constitutionibus
1731 1633 1761 1662 et
1777 1628 1989 1662 ordinationi-

1238 1685 1308 1723 bus,
1346 1694 1471 1716 necnon
1492 1683 1618 1715 statutis
1659 1688 1687 1715 et
1724 1682 1908 1726 privilegiis,
1940 1681 1990 1714 in-

1238 1737 1334 1770 dultis
1355 1742 1382 1769 et
1418 1737 1518 1769 literis
1539 1735 1735 1780 apostolicis,
1773 1735 1830 1768 sub
1856 1735 1990 1778 quibus-

1239 1802 1378 1834 cumque
1400 1791 1566 1823 tenoribus
1586 1796 1613 1823 et
1637 1790 1759 1829 formis,
1781 1800 1816 1822 ac
1833 1800 1907 1822 cum
1923 1789 1992 1834 qui-

1240 1845 1345 1877 busvis
1384 1845 1535 1877 clausulis
1575 1850 1603 1876 ct
1637 1844 1773 1876 decretis
1807 1843 1987 1883 concessis,

1240 1899 1438 1932 confirmatis
1454 1904 1482 1931 et
1501 1898 1669 1937 innovatis3
1693 1897 1811 1940 quibus
1826 1897 1988 1937 omnibus

1240 1953 1374 1989 etiamsi,
1392 1963 1451 1996 pro
1464 1952 1593 1984 illorum
1615 1951 1786 1984 sufficienti
1807 1951 1989 1994 derogatio-

1241 2017 1300 2045 ne,
1339 2007 1377 2039 tle
1408 2006 1469 2038 illis
1512 2017 1689 2049 eorumque
1720 2005 1793 2038 totis
1826 2005 1991 2038 tenoribus

1240 2060 1400 2104 specialis,
1423 2059 1586 2103 specifica,
1610 2059 1772 2091 individua
1796 2064 1825 2091 et
1844 2069 1991 2102 expressa

1240 2126 1276 2146 ac
1297 2114 1336 2146 de
1356 2114 1452 2146 verbo
1473 2113 1510 2145 ad
1532 2113 1683 2149 verbum,
1715 2123 1778 2146 non
1803 2117 1910 2145 autem
1934 2123 1993 2156 per

1242 2168 1401 2200 clausulas
1438 2167 1603 2209 generales
1644 2167 1727 2199 idem
1762 2166 1989 2210 importantes,

1243 2224 1363 2256 mentio
1398 2234 1452 2255 seu
1492 2222 1621 2265 quaeris
1651 2221 1712 2254 alia
1749 2221 1910 2265 expressio
1933 2221 1991 2254 lia—

1242 2276 1346 2309 benda
1367 2281 1416 2308 aut
1441 2275 1548 2318 aliqua
1565 2275 1626 2308 alia
1647 2274 1801 2318 exquisita
1826 2275 1929 2307 forma
1952 2274 1990 2306 ad

1242 2330 1302 2362 boc
1337 2329 1486 2362 servanda
1516 2329 1616 2365 soret,
1649 2333 1775 2361 tenores
1807 2327 1992 2360 huiusmodi

1244 2384 1465 2426 praesentilms
1499 2394 1557 2427 pro
1601 2382 1797 2415 sufficienter
1837 2382 1993 2426 expressis

1243 2437 1408 2477 babentes,
1431 2436 1493 2469 illis
1517 2436 1594 2468 alias
1623 2436 1654 2468 in
1680 2446 1737 2468 suo
1772 2435 1887 2468 robore
1920 2446 1993 2478 per-

1245 2487 1419 2523 mansuris,
1443 2486 1501 2518 liae
1526 2485 1592 2518 rice
1617 2485 1791 2524 dumtaxat,
1814 2485 1995 2528 specialiter

1244 2540 1270 2567 et
1294 2546 1440 2578 expresse
1471 2536 1675 2577 derogamus,
1711 2534 1890 2578 ceterisque
1916 2545 1994 2568 con-

1244 2584 1350 2616 trariis
1366 2585 1637 2628 quibuscumque.

1288 2634 1371 2666 Nulli
1393 2644 1469 2677 ergo
1490 2638 1546 2667 etc.
1575 2633 1605 2665 Si
1626 2632 1698 2675 quis
1718 2637 1774 2665 etc.

1290 2684 1400 2716 Datum
1422 2683 1540 2716 Romae
1565 2682 1648 2725 apud
1675 2682 1704 2714 S.
1729 2682 1879 2721 Petrum,
1909 2691 1993 2714 anno

1995 288 2042 314 An.
2064 287 2092 314 C.
2116 288 2179 316 ⁴56¹
2218 292 2221 295 “

2012 518 2113 539 ctausutae
2129 525 2184 546 prn-

2001 551 2126 571 servativae.

2017 1475 2128 1497 clausulae
2151 1476 2190 1497 de-

2005 1507 2133 1534 rogatorias.
