2237 3100
65 276 117 304 An.
137 273 249 304 (3.1568

935 278 1004 303 PIUS
1025 278 1046 302 V

263 328 459 369 iuramento,
497 328 744 362 confirmatione
767 329 945 374 apostoliea
970 331 1018 364 vel

261 381 372 425 quavis
388 381 539 414 firmitate
559 382 623 414 alia
642 382 814 423 roboratis,
844 384 969 417 statutis
989 390 1018 418 et

263 433 566 475 consuetudinibus;
600 434 774 478 privilegiis
802 446 947 480 quoque,
971 437 1019 470 in-

262 487 361 521 dultis
385 492 416 521 et
444 487 558 521 litteris
578 488 775 532 apostolicis,
799 488 862 522 illis
887 500 1019 523 eorum-

262 552 327 585 que
354 540 576 585 superioribus
596 547 627 574 et
650 543 817 585 personis,
839 553 898 586 per
921 553 1019 586 quos-

263 605 405 638 cumque
437 593 599 628 Romanos
623 595 796 628 Pontifices
828 596 1019 639 praedeces-

263 658 352 682 sores
365 653 493 681 nostros
507 658 544 680 ac
561 658 621 681 nos
635 653 666 681 et
681 648 796 682 Sedem
809 649 1019 693 praedictam,

262 701 323 734 sub
357 700 621 743 quibuscumque
653 701 820 734 tenoribus
845 707 876 734 et
909 702 1021 735 sormis

262 764 300 786 ae
319 752 486 796 quibusvis
506 752 660 786 clausulis
671 758 701 786 et
715 753 865 794 decretis,
880 765 1019 797 quomo-

262 805 385 839 dolibet
404 805 578 846 concessis,
600 805 788 849 approbatis
804 812 834 839 et
847 807 943 840 etiam
964 808 1020 841 ite-

263 858 340 892 ratis
366 858 490 892 vicibus
514 858 684 899 innovatis,
706 859 826 902 quibus
854 861 1017 898 omnibus,

263 911 358 945 etiam
373 912 411 953 si,
427 922 486 956 pro
498 911 630 945 illorum
645 911 817 945 sufficienti
837 912 1019 956 derogatio·

263 975 316 1006 ne,
328 965 368 999 de
387 965 465 1010 ipsis
484 975 666 1009 eorumque
679 965 753 998 totis
767 966 936 999 tenoribus
947 977 1020 1010 spe-

263 1017 363 1059 cialis,
383 1017 548 1062 specifica,
570 1028 721 1062 expressa
740 1023 771 1051 et
796 1018 960 1053 individua
984 1031 1021 1053 ac

263 1070 304 1104 de
335 1071 434 1105 verbo
463 1071 504 1104 ad
531 1071 689 1111 verbum,
724 1081 791 1104 non
821 1077 929 1105 autem
963 1083 1022 1117 per

264 1123 428 1158 clausulas
473 1125 641 1168 generales
669 1124 755 1157 idem
794 1125 1018 1169 imponantes,

265 1177 386 1211 mentio
402 1188 459 1212 seu
470 1177 601 1221 quaevis
610 1178 672 1210 alia
688 1178 850 1221 expressio
862 1179 1020 1220 habenda,

265 1236 322 1264 aut
354 1231 462 1275 aliqua
487 1232 550 1264 alia
576 1231 733 1274 exquisita
761 1232 865 1264 forma
891 1232 931 1265 ad
959 1233 1022 1266 hoe

264 1284 420 1317 servanda
439 1284 535 1324 foret,
556 1289 685 1317 tenores
705 1284 906 1325 huiusmodi,
934 1296 972 1318 ac
996 1286 1021 1319 si

264 1337 304 1370 de
328 1337 426 1370 verbo
446 1337 636 1370 adverbum
663 1336 900 1377 insererentur,
927 1350 1022 1382 prae-

265 1389 410 1423 sentibus
429 1400 488 1434 pro
511 1389 710 1423 sufficienter
731 1390 890 1433 expressis
904 1391 1023 1424 haben-

265 1447 324 1484 tes,
347 1443 409 1476 illis
428 1443 507 1476 alias
527 1443 559 1476 in
579 1453 638 1476 suo
658 1442 777 1476 robore
788 1445 1021 1487 permansuris,

266 1496 328 1529 hae
352 1495 420 1529 viee
433 1496 617 1535 dumtaxat,
644 1496 761 1529 harum
791 1497 873 1530 serie
898 1498 1023 1541 specia-

266 1549 341 1583 liter
368 1555 399 1583 et
423 1560 572 1593 expresse
605 1543 821 1593 derogamus,
854 1551 1024 1584 contrariis

266 1602 542 1646 quibuscumque;
564 1608 620 1636 aut
639 1602 665 1636 si
680 1603 854 1647 aliquibus,
875 1614 1024 1637 eommu-

266 1656 409 1690 nitervel
422 1656 559 1697 divisim,
582 1656 621 1689 ab
637 1656 750 1690 eadem
766 1657 805 1690 sit
817 1657 899 1691 Sede
919 1658 1024 1690 indul-

267 1714 336 1742 tum
356 1709 444 1753 quod
475 1708 636 1750 interdici,
659 1709 812 1753 suspendi
831 1711 880 1744 vel
901 1721 1026 1744 exeom-

268 1762 430 1796 munieari
449 1772 515 1795 non
535 1762 659 1806 possint
677 1773 736 1806 per
759 1763 882 1796 litteras
896 1770 1025 1808 aposto-

267 1814 347 1848 licas
366 1825 432 1848 non
452 1814 606 1848 facientes
629 1815 761 1859 plenam
782 1821 813 1849 et
841 1827 1024 1860 expressam

267 1877 306 1901 ac
325 1867 364 1901 de
383 1868 480 1901 verbo
501 1868 541 1900 ad
559 1868 693 1902 verbum
719 1869 758 1901 de
772 1869 1025 1902 indultohuius-

268 1920 356 1954 modi
389 1921 611 1962 mentionem;
647 1926 678 1955 et
715 1921 913 1965 quibuslibet
954 1923 1026 1955 aliis

268 1973 458 2017 privilegiis,
481 1974 692 2018 indulgentiis
709 1980 739 2007 et
759 1974 875 2008 litteris
895 1981 1024 2018 aposto-

268 2026 351 2067 licis,
367 2027 575 2070 generalibus
585 2027 633 2060 vel
644 2027 853 2070 specialibus,
867 2038 971 2071 quoru
978 2038 1026 2060 m-

269 2090 411 2124 cumque
430 2085 581 2114 tenorum
594 2081 742 2120 existant,
758 2091 816 2123 per
827 2092 922 2123 quac,
934 2091 1028 2125 prae-

268 2133 414 2166 sentibus
442 2143 509 2166 non
538 2143 689 2177 expressa
718 2134 765 2166 vel
786 2134 928 2166 totaliter
961 2144 1027 2166 non

270 2186 402 2227 inserta,
437 2186 573 2220 effectus
608 2196 721 2219 earum
749 2186 900 2230 impediri
926 2187 1047 2219 valcat=

269 2243 515 2287 quomodolibet
543 2244 593 2277 vel
626 2243 762 2283 differri,
784 2250 813 2277 et
847 2244 1028 2287 dequibus

270 2311 452 2344 eorumque
483 2301 560 2334 totis
592 2301 761 2335 tenoribus
794 2302 834 2335 de
866 2302 964 2335 verbo
989 2303 1027 2335 ad

269 2358 404 2391 verbum
413 2359 562 2392 habenda
577 2359 662 2392 sitin
677 2359 922 2393 nostrislitteris
939 2370 1029 2393 men-
1048 2380 1049 2384 =

271 2415 316 2449 tio
337 2415 501 2459 specialis.

316 2473 331 2516 ἓ
348 2473 379 2507 5.
401 2473 557 2507 Volumus
576 2478 685 2506 autem
714 2473 812 2517 quod,
832 2478 966 2517 propter
990 2484 1028 2506 u-
1047 2471 1050 2496 t

74 2535 257 2595 οηθῐζᾰοξξέὲίἱίξ
271 2530 418 2572 monem,
439 2530 653 2564 annexionem
675 2535 706 2564 et
730 2530 1028 2574 incorporationem

73 2599 145 2620 tanda.

270 2588 441 2632 praefatas,
457 2588 692 2622 monasterium
709 2588 816 2632 ipsum
831 2588 1028 2632 inspiritua-

271 2645 357 2683 libus
375 2656 442 2680 non
469 2645 629 2687 laedatur,
650 2656 711 2679 nec
731 2645 765 2679 in
793 2645 1029 2690 temporalibus

1082 279 1131 303 rr.
1706 268 1771 303 709

1061 331 1290 366 detrimentum
1310 329 1477 371 sustineat,
1501 329 1557 364 sed
1576 330 1646 364 eius
1674 341 1817 376 congrue

1061 391 1296 430 supportentur
1310 395 1409 418 onera
1429 384 1602 418 antedicta.

1105 439 1120 480 ἓ
1140 438 1171 470 Ο.
1207 437 1293 470 Nulli
1315 448 1391 480 ergo
1412 437 1546 470 omnino
1570 437 1742 470 hominum
1776 437 1816 471 li-

1062 496 1129 523 ceat
1160 491 1244 524 hanc
1272 490 1422 533 paginam
1443 495 1571 523 nostrae
1592 490 1734 530 unionis,
1758 501 1816 524 an-

1061 544 1220 584 nexionis,
1243 543 1527 587 incorporationis,
1555 543 1689 584 decreti,
1722 543 1818 577 dero-

1061 596 1200 638 gationis
1233 602 1264 629 et
1295 596 1470 630 voluntatis
1496 596 1685 640 infringere,
1712 597 1761 630 vel
1788 597 1816 630 ei

1062 659 1142 682 ausu
1163 650 1337 682 temerario
1358 649 1533 683 contraire.

1107 702 1138 735 Si
1160 702 1232 745 quis
1252 708 1360 735 autem
1382 707 1439 736 cle.

1105 754 1219 788 Datum
1249 755 1369 788 Romae
1399 756 1485 800 apud
1513 756 1545 789 S.
1570 755 1715 796 Petrum,
1732 766 1818 789 anno

1062 809 1297 842 lncarnationis
1318 809 1500 842 dominicae
1521 809 1695 842 millesimo
1720 810 1816 853 quin—

1061 862 1240 904 gentesimo
1258 863 1455 904 sexagesimo
1473 867 1596 903 octavo,
1614 868 1725 895 octavo
1746 862 1818 896 idus

1062 915 1266 957 septembris,
1283 916 1489 958 pontificatus
1501 915 1601 948 nostri
1612 926 1696 948 auno
1708 915 1813 948 tertio.

1122 972 1184 1002 Dat.
1199 972 1247 1002 die
1265 973 1283 1002 ὓ
1302 977 1377 1012 sept.
1396 972 1602 1012 1508‚pomis.
1620 982 1695 1002 auno
1712 981 1755 1002 111.

1399 1149 1486 1182 CXII.

1063 1225 1242 1258 Moderatio
1262 1230 1291 1258 et
1313 1225 1469 1257 revocatio
1486 1225 1745 1268 privileqiornm,
1773 1226 1819 1267 of-

1108 1279 1193 1321 ᾖς’-ἰὼ*
1213 1278 1380 1310 Romanae
1401 1277 1520 1310 Cariae
1539 1289 1576 1310 oc
1597 1279 1727 1310 militiis
1747 1288 1819 1311 con-

1108 1342 1277 1371 cessorum,
1291 1332 1375 1363 circa
1392 1332 1562 1374 pensiones·
1577 1331 1768 1364 obtinendas
1791 1336 1819 1364 et

1111 1384 1365 1426 transfhrrmlus,
1388 1395 1424 1416 or
1459 1385 1676 1426 rpcoerlulz'wts
1714 1395 1830 1434 conce·

1109 1438 1230 1469 dendus
1243 1464 1250 1477 ,
1288 1438 1484 1480 mze'onesqtte
1518 1441 1548 1469 ct
1582 1437 1820 1480 suppressiones

1110 1490 1530 1533 beneficiorumfaciendos,
1560 1500 1597 1522 ac
1631 1490 1822 1531 facultatem

1110 1543 1147 1576 cte
1170 1544 1261 1576 bonis
1281 1543 1500 1576 ecclesiasticis
1522 1543 1663 1576 testandi
1683 1542 1709 1575 ¹.

1100 1623 1162 1652 Pius
1180 1623 1250 1659 Papa
1269 1622 1298 1656 V,
1318 1623 1353 1651 ad
1375 1624 1537 1659 perpetuam
1556 1623 1598 1652 rei
1615 1623 1787 1652 memoriam.

1111 1694 1360 1727 Sacrosanctum
1377 1694 1540 1727 Ecclesiae
1555 1694 1611 1727 Dei
1634 1699 1753 1728 statum
1776 1695 1822 1728 in-

1068 1753 1194 1790 tegrum
1226 1752 1257 1780 et.
1293 1748 1493 1780 incolumem
1526 1753 1689 1791 praestare
1723 1748 1821 1781 oflicii

1067 1801 1168 1833 nostri
1197 1811 1271 1833 eum
1305 1800 1357 1841 sit,
1387 1811 1614 1844 quaecumque
1649 1800 1695 1833 illi
1727 1801 1824 1834 detri-

1068 1859 1214 1887 mentum
1248 1853 1364 1886 asferre
1397 1859 1589 1894 noscuntur,
1624 1858 1736 1887 nostra
1764 1864 1824 1888 nos

1068 1908 1159 1940 decet
1179 1906 1437 1940 consideratione
1458 1917 1598 1940 morere.

1112 1961 1178 2004 gl.
1206 1960 1289 1993 Sane
1318 1965 1425 1993 tantae
1461 1965 1633 2003 tantaeque
1663 1960 1823 1994 immode-

1068 2020 1155 2046 ratae
1189 2013 1228 2047 de
1259 2013 1357 2046 rebus
1391 2013 1574 2053 dominicis,
1609 2013 1706 2046 etiam
1736 2019 1824 2047 extra

1068 2067 1217 2099 ordinem
1247 2066 1518 2106 ecclesiasticum,
1546 2066 1747 2109 largitiones,
1774 2067 1825 2099 his

1068 2119 1251 2152 novissimis
1272 2119 1475 2163 temporibus
1495 2119 1692 2152 succrevisse
1712 2119 1823 2162 perhi-

1068 2173 1197 2212 bentur,
1234 2178 1267 2205 ut
1303 2173 1367 2205 iam
1401 2172 1523 2216 optima
1552 2183 1701 2216 quaeque
1726 2172 1823 2205 alieni

1046 2210 1187 2258 {sensim
1218 2225 1420 2266 exhauriant,
1444 2231 1475 2258 et
1507 2226 1593 2268 quod
1619 2225 1652 2257 in
1682 2225 1825 2258 fovendis

1047 2296 1048 2318 ;
1070 2279 1391 2322 multiplicandisque
1411 2278 1569 2310 ministris
1584 2278 1824 2318 ecclesiasticis,

1047 2330 1049 2362 t
1070 2332 1243 2364 fundandis
1262 2331 1457 2370 seminariis,
1479 2330 1824 2374 alendispauperibus,

1047 2402 1049 2423 3
1070 2384 1416 2424 recreandisinfirmis,
1435 2383 1651 2416 instaurandis
1667 2383 1824 2424 ecelesiis,

1047 2427 1049 2435 Α
1070 2438 1244 2471 fulciendis
1268 2438 1403 2471 aedibus
1431 2441 1587 2470 vetustate
1608 2437 1823 2481 consumptis,

1048 2499 1049 2518 t
1071 2491 1248 2524 educandis
1266 2491 1343 2523 viris
1363 2490 1520 2532 religione
1541 2495 1572 2523 et
1591 2490 1738 2523 doctrina
1758 2491 1824 2524 cla-

1048 2521 1051 2610 i
1107 2568 1117 2593 1
1137 2566 1173 2593 De
1194 2566 1337 2593 unionibus
1351 2564 1432 2592 habes
1448 2565 1527 2591 etiam
1547 2565 1689 2592 concilium
1708 2565 1824 2592 Triden-

1070 2611 1166 2641 tiuum,
1183 2617 1248 2637 sess.
1266 2616 1315 2641 vu,
1329 2617 1387 2644 cap.
1401 2616 1445 2641 v1;
1465 2612 1492 2635 ct
1510 2616 1576 2636 sess.
1598 2617 1655 2641 xw,
1672 2616 1732 2645 cap.
1746 2616 1787 2642 1x3
1798 2611 1826 2636 et

1048 2648 1052 2697 s
1070 2662 1136 2681 sess.
1152 2662 1233 2686 xxiv,
1249 2662 1307 2689 cap.
1325 2661 1376 2680 xm
1395 2656 1421 2680 et
1440 2660 1487 2686 xv,
1508 2654 1544 2679 De
1555 2652 1672 2687 Reform.

1833 277 1884 306 An.
1902 277 1930 306 C.
1949 278 2017 307 1568

1846 448 1957 471 Clausulac.
1973 456 2018 477 pm-

1834 481 1902 501 nales.

1863 1708 1980 1729 Exci-hum,

1864 1968 1944 1989 Causae
1967 1975 2022 1990 ron<

1838 2000 1963 2021 stituttonts.
