2237 3100
486 222 501 256 1
508 221 574 256 040

531 293 596 316 non
625 284 841 317 custodientes
860 282 892 314 in
923 282 1013 314 Statu
1038 281 1197 314 Ecclesia-

531 337 624 377 stico,
642 336 718 370 452.

576 390 730 433 Sequitur
749 388 915 433 ampliatio
929 399 1107 432 poenarum
1120 399 1198 421 eon-

532 449 579 476 tra
605 444 746 475 fautores
763 442 985 480 bannitorum,
1004 442 1079 476 456.

577 496 730 539 Sequitur
750 496 938 528 mandatum
958 496 1131 539 quotannis
1151 495 1198 528 di-

533 556 615 582 ctam
636 549 758 581 bullam
778 549 977 593 publicandi,
1000 549 1077 583 458.

533 603 742 636 Confirmatio
761 609 956 636 statutorum
974 609 1002 635 et
1025 602 1201 636 ordinatio-

533 667 609 688 num
631 656 661 688 in
683 656 804 700 synodo
831 656 1023 699 provinciali
1046 655 1200 689 Mediola-

534 709 625 742 nensi
646 709 732 742 circa
752 719 857 741 mores
871 709 1202 752 personarum-eccle-

531 762 732 795 siasticarum
754 763 897 796 eiusdem
909 763 1107 806 provinciae,
1122 761 1198 796 458.

551 815 761 849 Confirmatio
792 816 973 849 litterarum
1006 815 1077 849 Iulii
1116 816 1140 848 lI
1171 821 1199 848 et

532 869 646 903 Leonis
681 870 704 902 X
736 875 849 902 contra
879 869 1028 903 dominos
1054 870 1201 902 locorum

533 928 563 956 et
601 922 849 956 communitates
880 933 944 955 non
983 923 1202 956 custodientes

532 987 645 1010 eorum
685 977 861 1014 territoria,
894 988 934 1010 ne
970 977 1133 1010 venientes
1163 977 1202 1010 ad

533 1031 651 1064 Urbem
691 1036 719 1064 et
750 1031 938 1064 recedentes
977 1031 1199 1068 derobentur,

531 1083 608 1117 461.

444 1137 533 1171 XVII.
552 1137 746 1170 Caussarum
766 1137 881 1171 Curiae
899 1137 1052 1172 Gamerae
1069 1140 1204 1182 Aposto-

534 1191 615 1224 licae
649 1191 809 1234 generalis
846 1191 1004 1223 auditoris
1035 1192 1203 1224 facultates

534 1244 733 1288 procedendi
770 1249 882 1277 contra
919 1245 1200 1288 archiepiscopos,

534 1297 703 1342 episcopos
717 1303 908 1341 ceterosque
921 1299 1082 1342 praelatos
1094 1298 1126 1330 in
1137 1298 1203 1330 suis

533 1351 679 1384 ecclesiis
701 1356 729 1384 et
752 1351 956 1385 dioecesibus
974 1352 1109 1385 minime
1126 1351 1203 1385 resi-

535 1405 658 1446 dentes,
672 1404 749 1438 464.

445 1457 547 1491 XVIII.
581 1459 822 1492 Declarationes
857 1459 943 1491 circa
973 1459 1203 1501 allegationem

536 1522 635 1545 novae
657 1523 785 1553 causae,
810 1513 841 1544 in
864 1523 939 1545 casu
967 1512 1086 1545 fractae
1117 1512 1204 1556 pacis

534 1566 581 1598 vel
593 1572 737 1608 treguae3
759 1566 1058 1609 admissionemque
1070 1576 1203 1599 reorum

536 1619 567 1652 in
589 1619 828 1652 contumaciam
857 1620 1149 1652 condemnatorum
1173 1619 1205 1651 in

536 1672 625 1706 Statu
651 1673 878 1706 Eetlesiastico
899 1673 937 1705 ad
960 1673 1122 1706 faciendas
1148 1674 1204 1706 ‹le-

538 1726 711 1767 l'ensiones,
729 1727 812 1759 infra
827 1727 875 1759 vel
889 1732 958 1770 post
971 1738 1109 1767 annum,
1132 1737 1206 1760 nec-

537 1790 603 1812 non
624 1781 711 1813 circa
732 1781 995 1824 praeventionem
1018 1781 1101 1814 inter
1122 1781 1205 1814 iudi-

533 1844 603 1867 cem
614 1834 867 1867 ecclesiasticum
882 1840 913 1867 et
926 1835 1044 1867 laicum
1061 1835 1093 1867 in
1113 1845 1205 1868 caus-

539 1887 582 1919 sis
604 1886 693 1921 mixti
717 1888 789 1928 sori,
806 1888 882 1921 465.

580 1940 919 1983 Sequiturdeclaratio
936 1942 1040 1975 dictae
1054 1942 1206 1975 eonstitu-

537 1993 644 2034 tionis,
667 1994 743 2028 467.

447 2047 525 2080 Xlx.
548 2047 774 2091 ExemptIOnes
784 2048 940 2082 Ordinum
952 2050 1205 2083 llIendicantium

537 2112 596 2145 pro
616 2113 729 2135 eorum
751 2103 844 2135 bonis
865 2108 895 2135 et
916 2103 1064 2146 personis
1081 2115 1098 2136 a
1118 2105 1206 2136 solu-

540 2155 626 2188 tione
647 2156 848 2198 gabellarum
872 2161 902 2189 et
923 2168 1206 2201 quarumcumque

539 2209 1006 2253 contributionum,oncreque
1021 2211 1205 2255 hospitandi

539 2263 671 2304 milites,
698 2263 775 2297 468.

451 2315 513 2348 XX.
526 2316 653 2349 Poenae
666 2323 777 2350 contra
793 2323 994 2362 receptantes
1011 2319 1203 2356 homicidas,

538 2371 687 2411 rebelles,
715 2377 911 2414 grassatores
941 2372 1088 2415 aliosque
1109 2373 1206 2405 buius

541 2419 674 2452 furfuris
700 2420 860 2461 homines,
884 2420 960 2454 472.

452 2465 529 2500 XXI.
564 2468 734 2501 Revocatio
768 2469 926 2502 facultatis
960 2470 1207 2512 quomodolibet

541 2526 711 2550 concessae
728 2518 856 2551 Graecis
878 2518 989 2550 Latino
1010 2518 1086 2559 ritu,
1102 2524 1129 2550 ct
1148 2519 1205 2550 La-

541 2564 614 2597 tinis
634 2565 755 2599 Graeco
781 2577 870 2599 more.
887 2567 1072 2600 celebrandi
1095 2567 1207 2600 missas

542 2615 688 2648 etdivina
708 2615 825 2658 officia,
848 2616 924 2651 473.

444 603 505 636 XV.

443 816 517 849 XVI.

1065 229 1211 254 BULLARII
1236 228 1353 253 ROMANI

1240 281 1331 314 XXII.
1367 280 1539 314 Revocatio
1567 281 1806 314 constitutionis
1833 282 1879 315 Pii
1908 283 1945 316 IV
1965 289 1995 316 et

1329 335 1491 368 innovatio
1512 335 1645 368 alterius
1666 335 1902 370 constitutionis
1918 337 1996 370 Gre-

1329 388 1410 431 gorii
1430 388 1469 421 XI
1490 393 1521 421 et
1540 388 1713 422 Clementis
1722 389 1759 421 VI
1779 396 1875 432 super
1893 391 1998 433 expri-

1330 442 1455 475 mendis
1475 442 1629 484 gradibus
1655 442 1948 486 propinquioribus
1965 444 1997 476 in

1331 495 1627 539 dispensationibus
1636 496 1930 529 matrimonialibus
1941 496 2000 529 im-

1331 549 1496 592 petrandis
1516 549 1549 582 in
1574 549 1877 592 diversisgradibm
1890 577 1897 591 ,
1920 549 1996 583 475.

1242 602 1347 635 XXIII.
1382 603 1620 636 Declarationes
1648 603 1777 636 concilii
1805 603 1998 645 Tridentini,

1331 666 1407 689 sess.
1432 665 1516 696 xxiv,
1545 666 1615 699 cap.
1640 666 1662 689 11
1678 662 1709 689 et
1728 666 1770 697 lv,
1791 656 1876 690 circa
1896 657 2001 701 impe-

1332 709 1475 742 dimenta
1515 708 1717 751 cognationis
1754 709 1934 753 spiritualis
1971 715 2002 744 et

1334 762 1502 795 astinitatis
1517 773 1554 795 ex
1571 763 1797 804 fornicatione,
1813 764 1920 807 quoad
1936 775 2002 797 ma-

1334 816 1487 849 trimonia
1498 822 1569 860 post
1578 816 1860 850 confirmationem
1873 816 2002 851 concilii

1334 875 1499 903 contracta
1524 876 1552 903 et
1580 870 1620 903 de
1635 876 1745 904 cetero
1766 871 1999 913 contrahenda,

1332 924 1409 958 476.

1377 977 1532 1020 Sequitur
1540 977 1601 1010 alia
1612 978 1786 1011 declaratio
1807 978 2003 1023 circaimpe-

1334 1031 1476 1064 dimenta
1497 1031 1698 1074 cognationis
1719 1031 1906 1075 spiritualis,
1921 1032 1998 1067 477.

1377 1085 1532 1129 Sequitur
1551 1085 1613 1118 alia
1634 1086 1809 1119 declaratio
1830 1086 1916 1119 circa
1940 1086 2001 1119 im-

1333 1139 1557 1183 pedimentum
1578 1139 1743 1172 affinitatis
1763 1145 1794 1172 et
1818 1139 2003 1174 fornicatio-

1334 1192 1395 1230 nis,
1418 1192 1494 1226 478.

1245 1245 1347 1278 XXIV.
1363 1245 1551 1278 Familiares
1571 1251 1698 1280 sanctae
1714 1246 1878 1281 Romanae
1895 1247 2003 1282 Eccle-

1334 1299 1400 1332 siae
1411 1299 1628 1332 cardinalium
1650 1305 1679 1332 et
1689 1299 1828 1333 aliorum
1836 1300 2002 1344 ›praelato—

1335 1364 1405 1385 rum
1424 1352 1587 1385 Romanae
1600 1352 1715 1386 Curiae
1735 1353 1857 1397 regalia
1875 1353 1924 1387 vel
1944 1354 2001 1387 sti-

1334 1407 1453 1450 pendia
1465 1417 1529 1439 non
1552 1412 1709 1440 conventa
1729 1407 1768 1440 ab
1794 1407 1839 1440 eis
1871 1408 1920 1441 vel
1946 1418 2002 1441 eo—

1335 1471 1406 1493 rum
1422 1460 1617 1493 haeredibus
1634 1465 1744 1504 petere
1765 1461 2001 1505 prohibentur;

1335 1520 1366 1548 et
1389 1515 1469 1547 ordo
1494 1514 1526 1547 in
1550 1514 1786 1548 satisfaciendis
1811 1516 2001 1550 eorumdem

1336 1567 1554 1601 creditoribus
1570 1568 1776 1611 praefinitur,
1794 1568 1871 1602 478.

1380 1621 1532 1665 Sequitur
1551 1621 1613 1654 alia
1634 1621 1666 1654 in
1687 1622 1861 1665 praedictis
1882 1622 2002 1656 eonsti-

1337 1675 1431 1715 tutio,
1460 1674 1538 1707 479.

1380 1729 1533 1772 Sequitur
1542 1729 1717 1763 declaratio
1725 1730 1831 1773 quoad
1840 1735 2003 1763 aromata-

1335 1782 1412 1822 rios,
1435 1782 1511 1815 480.
1924 1812 1927 1813 ⁷

1248 1835 1337 1869 XXV.
1348 1836 1532 1869 Iuris-dictio
1549 1836 1721 1869 consulum
1733 1837 1811 1870 artis
1823 1838 2003 1881 agricultu-

1337 1900 1390 1922 rae
1400 1889 1495 1923 Urbis
1514 1890 1732 1932 cognoscendi
1752 1901 1881 1925 caussas
1897 1903 2005 1926 rerum

1337 1944 1376 1976 ad
1396 1949 1498 1976 artem
1510 1943 1726 1987 spectantium
1738 1944 1821 1977 inter
1834 1955 2006 1988 quascum—

1337 2008 1400 2040 que
1430 2007 1595 2040 personas,
1622 2002 1653 2030 et
1673 1997 1876 2032 confirmatio
1902 2004 2005 2033 statu-

1336 2056 1444 2084 torum
1466 2050 1546 2091 eius,
1569 2050 1646 2084 48‘1.

1248 2104 1350 2137 XXVI.
1378 2104 1481 2137 Sclavi
1506 2104 1657 2148 baptizati
1691 2105 1730 2137 ad
1763 2111 2004 2140 conservatores

1336 2159 1440 2191 almae
1462 2158 1554 2191 Urbis
1575 2168 1633 2201 pro
1642 2158 1789 2192 libertate
1811 2160 2003 2203 confugien-

1335 2217 1393 2249 tes,
1417 2211 1599 2244 libertatem
1612 2217 1867 2255 consequuntur,
1877 2218 1908 2246 et
1920 2214 2004 2247 cives

1335 2265 1471 2298 Romani
1493 2265 1690 2305 efficiuntur,
1712 2265 1789 2299 48⁹2.

1248 2319 1364 2351 XXVII.
1378 2318 1559 2351 Iurisdictio
1570 2317 1679 2351 vicarii
1700 2318 1804 2362 Papae
1815 2319 1901 2352 circa
1920 2320 2004 2353 obli-

1336 2373 1480 2415 gationes
1495 2378 1521 2405 et
1538 2378 1723 2405 contractus
1735 2372 1832 2406 initos
1853 2373 1885 2405 in
1900 2373 2004 2407 forma

1336 2422 1489 2455 Gamerae
1514 2422 1730 2465 Apostolicae,
1742 2422 1849 2464 quoad
1865 2422 1937 2456 loca
1951 2423 2003 2466 pia

1336 2477 1367 2504 et
1392 2482 1545 2514 personas
1584 2470 1818 2504 ecclesiasticas
1842 2471 1875 2504 in
1904 2471 2000 2513 Urbe,

1336 2519 1413 2552 483.

1248 2568 1376 2601 XXVIII.
1389 2568 1560 2611 privilegia
1575 2579 1634 2613 pro
1655 2569 1881 2602 exercentibus
1901 2573 2001 2601 artem

1337 2618 1555 2661 agriculturae
1571 2618 1604 2652 in
1613 2618 1762 2652 districtu
1777 2618 1880 2651 almae
1893 2617 1999 2660 Urbis,
