2237 3100
69 271 120 297 An.
137 271 166 298 C.
186 270 253 299 ¹566

944 273 1011 297 PIUS
1034 271 1053 294 V
1078 271 1124 295 ΓΡ.

266 327 363 363 voret,
399 322 527 356 eosdem
563 324 714 356 vassallos
746 334 784 358 ac
812 324 956 358 subditos
990 330 1020 357 ct

265 375 424 419 populum
445 375 631 409 universum
653 376 728 409 dicti
750 377 937 419 comitatus,
965 378 1020 422 qui

265 428 361 461 ctiam
388 438 446 472 per
469 429 596 461 cosdem
627 430 763 463 Paulum
790 436 819 463 et
847 430 1019 475 Syffridum

265 486 408 514 oratores
429 491 503 514 suos
523 482 608 515 (licto
629 483 868 526 praedecessori
889 484 1020 517 immor-

264 535 353 575 tales,
368 545 428 578 pro
445 540 576 578 paterna
586 536 741 569 charitate
758 542 788 569 et
804 537 1020 571 sollieitudine

263 587 515 630 defensioneque
538 588 669 621 illorum
702 599 761 633 per
787 589 895 633 ipsum
928 601 1020 634 prae-

263 640 466 674 decessorem
499 641 682 684 benigniter
705 648 866 686 suscepta,
902 643 1019 686 gratias

263 698 406 735 egerant,
435 693 549 736 dignos
575 704 644 727 esse
665 705 799 728 censens
818 706 901 738 quos
921 696 953 728 in
974 702 1019 730 tot

262 745 482 779 calamitatum
505 747 766 790 damnorumque
787 759 1017 792 perpessorum

261 808 507 842 recompensam
535 799 698 843 aliquibus
719 801 912 844 specialibus
932 802 1017 835 savo-

261 851 350 885 rihus
371 858 401 884 et
420 853 531 895 gratiis
552 859 820 896 prosequeretur,
846 854 933 898 ipsos
954 860 1017 888 tres

259 909 359 938 status
378 915 558 949 corumque
579 906 724 949 singulos
743 918 760 939 a
778 907 944 950 quibusvis
963 918 1017 940 ex-

259 958 564 991 communicationis
608 964 639 992 et.
680 959 841 993 interdicti
881 961 1016 1004 aliisque

259 1011 484 1045 ecclesiasticis
500 1012 677 1053 sententiis,
691 1013 836 1046 censuris
847 1019 878 1046 et
892 1014 1016 1057 poenis,

258 1076 277 1097 a
295 1065 366 1098 iure
386 1065 433 1098 vel
449 1065 488 1099 ab
500 1065 641 1105 homine,
658 1066 769 1110 quavis
784 1067 954 1100 occasione
968 1068 1017 1100 vel

259 1129 356 1152 causa
376 1118 458 1159 latis,
481 1118 505 1151 si
526 1118 645 1162 quibus
665 1119 910 1162 quomodolibet
925 1120 1017 1154 inno-

258 1171 322 1205 dati
333 1171 482 1211 existunt,
495 1172 534 1204 atl
544 1171 696 1205 effectum
707 1172 915 1216 praesentium
923 1173 1016 1206 dum-

258 1230 342 1258 taxat
362 1225 640 1268 consequcndum,
668 1226 784 1258 harum
806 1226 888 1259 serie
908 1227 1014 1260 absol-

256 1289 332 1312 vens
352 1284 383 1312 et
402 1278 566 1312 absolutos
581 1278 650 1310 fore
666 1288 812 1319 censens,
836 1284 925 1313 motu
941 1290 1016 1324 pro-

256 1332 340 1375 prio,
362 1342 428 1364 non
448 1332 488 1364 ad
508 1331 653 1375 ipsorum
674 1330 772 1364 trium
803 1337 945 1366 statuum
965 1332 1014 1366 vel

255 1385 394 1419 alicuius
409 1395 469 1429 pro
481 1384 526 1418 eis
541 1383 644 1417 eidem
657 1385 899 1427 praedecessori
916 1397 1014 1431 super

255 1438 317 1472 hoe
338 1439 464 1472 oblatae
484 1437 647 1481 petitionis
668 1437 866 1480 instantiam,
898 1440 953 1473 sed
974 1440 1013 1472 de

255 1502 344 1525 mera
364 1491 572 1530 liberalitate,
605 1501 641 1523 ex
667 1496 754 1524 certa
781 1491 913 1525 scientia
934 1504 1010 1533 sua,

253 1545 314 1578 sub
338 1545 450 1578 datum
482 1543 630 1577 videlicet
663 1549 749 1577 sexto
779 1544 931 1579 kalendas
956 1547 1012 1580 dc-

254 1598 406 1638 cembris,
424 1597 631 1642 pontificatus
647 1597 697 1629 sni
718 1607 802 1630 anno
824 1604 924 1639 sexto,
946 1605 1010 1632 tam

252 1651 291 1685 de
311 1650 466 1692 Falernis,
487 1650 565 1683 alias
575 1650 705 1690 Pernes,
724 1651 906 1694 praedictae
921 1652 1011 1685 dioe-

253 1706 346 1747 cesis,
368 1705 457 1748 quod
477 1714 553 1737 cum
572 1703 753 1747 praeteritis
779 1706 945 1738 mensibus
962 1705 1010 1738 di-

253 1764 323 1792 ctus
343 1757 573 1803 praedecessor
593 1756 711 1790 dilecto
732 1757 799 1790 filio
819 1759 921 1791 nobili
943 1759 1009 1792 viro

252 1811 444 1846 Balthassari
464 1810 643 1855 Rangonio,
671 1810 851 1843 marchioni
872 1812 1010 1845 Lonzani

253 1870 284 1898 ct
303 1864 484 1908 Savignani,
516 1863 549 1897 in
575 1863 724 1897 laborum
751 1870 781 1896 et
805 1864 1009 1898 servitiorum

253 1917 495 1962 praedecessori
516 1923 544 1950 ct
566 1916 639 1950 Sedi
665 1917 849 1960 praedictae
870 1918 903 1950 in
924 1919 1010 1952 dicto

253 1971 338 2004 bello
359 1976 489 2004 strenue
511 1970 734 2014 impensorum
747 1981 1007 2014 recompensam,

253 2023 292 2056 ad
312 2023 382 2056 eius
406 2023 501 2055 vitam
523 2023 555 2056 in
571 2023 703 2056 feudum
730 2023 838 2056 nobile
864 2024 911 2056 vel
932 2024 1010 2057 alias

253 2076 482 2117 concessisset,
519 2076 588 2109 eius
622 2077 865 2109 concessionem
894 2077 1008 2110 huius—

254 2130 342 2164 modi
367 2130 490 2162 dudum
511 2129 687 2172 apostolica
711 2130 901 2164 auctoritate
921 2141 1009 2164 revo-

254 2188 391 2224 caverat,
415 2187 592 2216 cassaverat
607 2187 637 2215 et
656 2183 889 2224 annullaverat,
911 2194 1008 2227 quam

255 2237 379 2270 insulae
398 2235 548 2276 Valciaci,
571 2235 766 2277 Malancenc,
781 2236 1009 2270 Murmurionis

254 2290 411 2331 Falconis,
440 2289 539 2322 Villae
567 2289 606 2322 de
627 2289 789 2329 Montillis,
820 2290 1008 2333 Interaqua—

255 2354 340 2384 runi,
363 2342 611 2385 Pontissorgiae,
630 2341 854 2382 Caderossiae,
868 2342 1010 2376 Gueiira-

254 2403 326 2434 nae,
354 2391 514 2435 Segureti,
541 2390 672 2430 Sablcti,
699 2390 891 2431 Menerbiae,
918 2391 1008 2425 Bovi—

255 2441 385 2481 liarum,
404 2441 592 2479 Lavearum,
609 2438 733 2471 Avisani
750 2439 914 2479 Marnassi,
932 2440 1010 2474 Abe-

254 2491 327 2523 lene
346 2489 526 2529 Grillionio,
549 2488 684 2521 Sanctae
702 2487 856 2521 Caeciliae
881 2488 1010 2523 Paludis

255 2537 512 2582 Gardepariolis‚
538 2536 712 2580 omniaque
740 2542 770 2569 et
797 2536 922 2579 singula
948 2538 1010 2571 alia

255 2587 386 2631 oppida,
407 2592 511 2620 terrac
531 2591 560 2619 et
576 2586 648 2618 loca
658 2585 829 2618 comitatus
840 2586 1006 2628 praedicti,

254 2646 338 2680 quae
356 2640 434 2669 tune
454 2634 694 2679 praedecessori
718 2633 858 2678 Sedique
882 2635 1007 2678 praefa-

334 2688 409 2719 Ball.
425 2687 502 2719 Rom.
523 2688 578 2718 Vol.
600 2687 658 2718 VII.
850 2687 890 2718 54

1711 263 1776 297 425

1064 323 1101 356 tis
1121 322 1305 356 immediate
1331 322 1500 362 suberant,
1532 322 1745 366 imposterum
1762 337 1820 369 per

1065 376 1170 419 ipsum
1182 376 1464 419 praedecessorem
1485 376 1533 408 vel
1550 376 1648 408 alium
1669 388 1725 410 seu
1741 379 1820 411 alios

1063 429 1224 462 Romanos
1243 429 1415 462 Pontifices
1435 440 1639 462 successores
1659 440 1746 471 suos,
1773 432 1820 465 ‹li-

1063 488 1213 526 clamque
1232 483 1360 523 Sedem,
1374 494 1411 515 ex
1421 493 1642 527 quacumque,
1657 484 1753 517 ctiam
1766 496 1820 518 ne-

1062 535 1200 568 ccssaria
1212 541 1243 568 et
1259 535 1318 579 ipsi
1335 536 1409 569 Sedi
1424 535 1606 576 utilissima,
1629 547 1725 570 causa
1744 539 1818 571 nul-

1062 589 1187 621 latenus
1207 588 1378 629 infeudari,
1398 589 1446 622 vel
1467 588 1529 622 alio
1549 599 1758 634 quocumque
1779 591 1818 623 ti-

1063 641 1142 681 tulo,
1165 641 1260 674 ctiam
1277 642 1316 674 ad
1331 642 1427 675 breve
1443 647 1583 685 tempus,
1597 642 1731 676 alienari
1742 655 1816 687 pos-

1061 699 1147 733 sent,
1178 694 1288 727 cadem
1309 694 1500 728 auctoritate
1521 701 1680 739 perpetuo
1710 698 1817 730 statuit

1060 752 1091 779 et
1111 747 1280 787 ordinavit,
1302 758 1339 780 ac
1355 752 1508 781 statutum
1530 753 1561 780 et
1580 748 1817 783 ordinationem

1060 800 1237 843 praedicta,
1272 801 1446 845 litei-nsque
1473 801 1612 845 desuper
1637 802 1816 836 conficien-

1060 851 1116 885 das
1137 854 1227 886 nullo
1249 864 1392 897 unquam
1414 860 1571 897 tempore,
1595 855 1707 897 quovis
1723 867 1819 899 quac-

1060 905 1119 938 sito
1140 906 1249 939 colore
1270 907 1317 939 vel
1329 906 1470 949 ingenio,
1489 907 1655 940 autetiam
1677 909 1818 942 enormis

1059 958 1108 991 vel
1138 959 1382 992 enormissimae
1416 959 1567 993 laesionis
1600 971 1656 993 seu
1689 972 1816 994 recom-

1059 1021 1178 1054 pensae
1190 1012 1391 1045 servitiorum
1408 1013 1457 1045 vel
1473 1012 1705 1056 obsequiorum
1726 1025 1818 1057 prae-

1059 1064 1220 1098 decessori
1241 1070 1271 1098 et
1290 1064 1363 1098 Sedi
1391 1064 1563 1108 praedictis
1593 1065 1817 1109 impensorum

1059 1117 1263 1158 huiusmodi,
1281 1123 1337 1151 aut
1356 1117 1418 1150 alio
1440 1123 1619 1161 praetextu,
1643 1119 1681 1151 de
1703 1120 1816 1152 subre-

1058 1170 1178 1214 ptionis
1193 1171 1242 1203 vel
1265 1170 1463 1214 obreptionis
1483 1176 1539 1203 aut
1558 1170 1715 1204 nullitatis
1730 1172 1816 1212 vitio,

1058 1234 1115 1256 seu
1149 1223 1337 1257 intentionis
1362 1234 1440 1256 suae
1469 1224 1598 1257 defectu
1627 1225 1731 1257 notari
1768 1227 1815 1259 vel

1058 1275 1135 1309 alias
1155 1286 1288 1320 quoquo
1310 1276 1405 1309 modo
1422 1276 1606 1319 impugnari
1627 1287 1733 1321 posse,
1757 1289 1816 1311 nec

1057 1330 1117 1363 sub
1137 1329 1303 1372 quibusvis
1332 1329 1602 1370 revocationibus,
1630 1332 1814 1374 suspensio·

1057 1383 1165 1424 nibus,
1196 1383 1472 1425 derogationibus,
1501 1382 1748 1417 limitationibus
1766 1385 1814 1418 vel

1057 1436 1126 1469 aliis
1159 1436 1329 1469 contrariis
1362 1435 1626 1479 dispositionibus
1659 1436 1813 1471 similium

1055 1489 1245 1532 gratiarum,
1275 1489 1370 1522 etiam
1396 1500 1455 1533 per
1481 1489 1763 1532 praedecessorem
1784 1497 1815 1524 et

1055 1543 1170 1576 Sedem
1187 1542 1360 1587 praefatos,
1383 1543 1430 1576 vel
1446 1542 1661 1585 eiuslegatos‚
1683 1554 1720 1576 ex
1735 1556 1813 1588 qua—

1054 1596 1100 1629 vis
1119 1607 1228 1636 causa,
1251 1596 1491 1639 quantumlibet
1505 1596 1691 1637 iustissima,
1715 1597 1811 1630 etiam

1055 1649 1319 1683 consistorialiter
1328 1659 1386 1693 pro
1397 1654 1544 1693 tempore
1557 1649 1713 1682 emanatis
1725 1661 1810 1683 com-

1055 1702 1228 1746 prehendi,
1251 1703 1307 1736 sed
1327 1713 1455 1746 semper
1475 1703 1514 1735 ab
1532 1702 1595 1735 illis
1615 1708 1758 1746 excepta,
1780 1708 1811 1736 et,

1053 1756 1179 1799 quoties
1199 1755 1273 1788 illae
1298 1760 1497 1794 emanarent,
1526 1755 1619 1788 toties
1643 1755 1675 1788 in
1700 1756 1808 1799 pristi-

1053 1820 1131 1842 num
1161 1814 1277 1842 statum
1307 1809 1453 1842 restituta
1474 1813 1505 1841 et
1529 1809 1568 1841 de
1592 1819 1685 1849 novo,
1714 1809 1810 1842 ctiam

1052 1862 1112 1896 sub
1132 1862 1205 1895 data
1233 1873 1292 1906 per
1320 1863 1407 1905 ipsos
1433 1867 1497 1894 tres
1526 1867 1625 1895 status
1650 1862 1809 1905 eligenda,

1053 1925 1205 1949 concessa
1224 1915 1306 1955 sore;
1328 1920 1359 1948 et
1379 1914 1419 1947 ad
1439 1915 1500 1948 hoc
1511 1920 1547 1947 ut
1570 1915 1746 1959 praemissa
1762 1927 1811 1949 re-

1051 1968 1157 2002 vocari
1177 1969 1226 2001 vel
1246 1968 1309 2001 illis
1334 1967 1482 2011 derogari
1512 1973 1567 2001 aut
1600 1968 1693 2001 aliter
1718 1979 1810 2013 prae-

1052 2021 1189 2055 iudicari
1205 2021 1365 2064 nequiret,
1398 2021 1452 2053 illa
1473 2020 1648 2065 literasque
1669 2022 1810 2066 desuper

1052 2074 1270 2108 conficiendas
1290 2075 1353 2107 vim
1369 2080 1546 2119 perpetuae
1568 2079 1598 2107 et
1618 2075 1809 2109 inviolabilis

1051 2128 1141 2171 legis,
1164 2139 1200 2161 ac
1210 2128 1305 2162 validi
1317 2133 1348 2161 et
1363 2128 1503 2161 efficacis
1523 2133 1710 2161 contractus
1726 2129 1809 2162 inter

1051 2182 1332 2226 praedecessorem
1366 2192 1403 2215 ac
1428 2181 1543 2215 Sedem
1569 2182 1749 2225 praedictas
1779 2189 1809 2216 et

1051 2235 1218 2269 Cameram
1249 2235 1467 2278 Apostolicam
1496 2245 1533 2267 ex
1566 2245 1642 2276 una,
1679 2245 1807 2269 necnon

1050 2288 1138 2332 ipsos
1156 2293 1221 2321 tres
1245 2293 1346 2321 status
1368 2287 1514 2332 partibus
1533 2297 1570 2320 ex
1591 2288 1691 2320 altera
1710 2288 1806 2321 desu-

1050 2352 1120 2386 per,
1143 2341 1237 2374 etiam
1254 2341 1293 2374 de
1309 2340 1444 2373 fratrum
1456 2340 1603 2381 consilio,
1621 2341 1808 2375 solemniter

1051 2394 1194 2439 stipulati
1224 2400 1255 2428 et
1278 2394 1355 2427 hinc
1375 2394 1449 2427 inde
1474 2394 1570 2427 iurati
1594 2394 1727 2434 habere,
1758 2395 1807 2438 ip-

1052 2453 1168 2487 sosque
1192 2449 1257 2477 tres
1282 2448 1381 2476 status
1401 2453 1457 2477 scu
1480 2453 1594 2477 eorum
1619 2443 1807 2487 quempiam

1050 2492 1089 2525 ad
1100 2492 1241 2536 aliquam
1254 2491 1519 2536 praemissorum,
1533 2491 1572 2524 ‹le
1584 2491 1703 2535 quibus
1711 2491 1807 2524 ctiam

1051 2541 1156 2575 dictus
1177 2542 1407 2586 praedecessor
1424 2540 1484 2574 sibi
1505 2540 1579 2573 satis
1596 2546 1743 2574 constare
1759 2546 1806 2573 at-

1051 2595 1183 2623 testatus
1203 2596 1250 2624 est
1266 2589 1518 2624 verificationem
1534 2589 1668 2622 aliamve
1688 2589 1819 2633 proba-.

1051 2639 1172 2673 tionem
1192 2650 1258 2674 non
1280 2639 1395 2681 teneri,
1426 2639 1481 2673 scd
1502 2639 1533 2672 in
1558 2638 1608 2672 his
1627 2638 1705 2672 huic
1729 2648 1807 2672 suae

1837 274 1885 300 An.
1904 274 1933 300 C.
1955 275 2023 302 1560
