2237 3100
852 263 947 287 INDEX
968 262 1169 287 RUBRICARUM

331 329 369 352 ex
384 317 635 352 fideicommisso
651 322 705 349 aut
727 321 920 349 testamento
943 322 996 348 aut

331 372 442 416 quavis
458 372 522 405 alia
535 371 640 404 valida
660 369 872 413 dispositione
892 369 998 411 (dum-

331 425 429 459 modo
461 435 527 458 non
561 424 623 457 sint
658 423 792 457 sortitae
817 422 996 464 effectum),

331 485 360 512 et
381 478 543 512 revocatio
559 478 750 511 facultatum
771 487 809 510 eo
831 476 930 509 modo
951 475 998 508 le-

331 531 514 576 gitimandi,
540 530 594 565 93.

244 585 335 619 XXX.
359 585 570 619 Confirmatio
586 590 615 616 et
639 582 783 617 extensio
800 582 999 615 iurisdictio-

332 639 382 672 nis
394 637 599 682 praesidentis
611 642 641 670 et
655 635 826 669 camerarii
843 635 999 679 Pdparum

333 693 426 725 almae
442 692 536 725 Urbis
548 691 581 723 in
595 691 718 724 caussis
729 690 878 723 civilibus
893 695 921 722 et
936 690 999 722 cri—

333 746 521 786 minalibus,
540 751 568 779 et
591 745 687 779 etiam
704 744 907 777 indultorum
924 754 1002 776 nau-

334 805 440 832 tarum
462 805 493 832 et
506 806 725 832 mercatorum
744 797 920 841 Ripalium,
943 796 998 830 95.

244 852 351 886 XXXI.
378 853 550 896 Deputatio
576 858 605 886 et
632 852 802 885 facultates
827 849 1002 884 cardinalis

335 906 506 939 camerarii
522 905 739 949 cognoscendi
755 915 827 937 cum
840 910 913 937 roto
926 914 1003 936 con-

334 959 531 1003 gregationis
556 969 778 1002 quascumque
799 969 928 991 caussas
953 957 1002 989 in-

336 1019 455 1047 teresse
480 1014 676 1047 Reverendze
701 1012 844 1046 Camera*
865 1013 1003 1055 Aposto-

337 1067 607 1111 licaetangentes,
619 1078 655 1100 ac
669 1066 835 1100 revidendi
852 1070 1005 1109 computa

337 1122 528 1154 officialium
556 1127 587 1155 et
623 1121 782 1161 aliorum,
814 1119 909 1153 etiam
940 1119 1004 1152 iam

336 1175 472 1208 solidata
497 1181 528 1208 et
549 1174 667 1215 decisa,
689 1180 719 1207 et
741 1179 930 1207 contractus
949 1173 1005 1206 lte-

337 1229 464 1262 sionem
476 1229 622 1262 eiusdem
640 1228 782 1262 Camera*
802 1227 1007 1261 continentes

339 1283 558 1324 rescindendi,
579 1294 615 1316 ac
636 1283 799 1316 honorum
820 1282 1008 1315 detentores

339 1337 526 1377 coercendi,
545 1336 598 1370 97.

249 1391 369 1424 XXXII.
397 1390 609 1425 Confirmatio
630 1389 899 1423 constitutionum
922 1388 1008 1421 aPio

340 1445 379 1485 ll,
400 1444 499 1477 Paulo
516 1444 553 1485 Il,
569 1443 657 1477 Sixto
677 1443 726 1484 lv,
744 1442 825 1475 Iulio
846 1443 884 1482 II,
903 1443 1009 1475 Leone

340 1498 366 1531 X
391 1504 422 1532 et
442 1498 606 1532 Clemente
635 1497 686 1530 VII
707 1497 868 1530 editarum
896 1502 1010 1529 contra

343 1552 524 1586 homicidas
537 1558 569 1585 et
585 1552 737 1585 bannitos
750 1561 929 1593 eorumque
943 1551 1011 1582 fau-

343 1612 429 1640 tores
459 1612 488 1640 et
522 1606 715 1650 complices,
743 1616 778 1637 ac
800 1604 951 1638 dominos
980 1610 1009 1637 et

343 1660 595 1693 communitates
619 1670 683 1693 non
710 1659 931 1692 custodientes
955 1667 1011 1690 eo-

342 1724 415 1746 rum
430 1714 593 1747 territoria
603 1725 620 1746 a
631 1712 785 1752 bannitis,
797 1712 923 1744 furibus
932 1717 1009 1751 etc.;

343 1773 374 1800 et
394 1767 557 1801 revocatio
578 1776 859 1811 quarumcumque
876 1765 1011 1797 faculta-

344 1826 413 1853 tum
424 1821 585 1863 gratiandi
599 1820 791 1860 homicidas,
803 1825 857 1852 aut
880 1829 953 1851 cum
967 1818 1012 1851 eis

345 1874 576 1918 componendi,
599 1873 676 1907 1102.

389 1927 544 1972 Sequitur
569 1927 746 1961 declaratio
768 1927 856 1959 circa
876 1925 1012 1959 faculta-

345 1986 410 2015 tem
422 1981 617 2014 officialibus
633 1981 838 2014 interdic-tam
853 1979 1013 2023 gratiandi

345 2042 401 2069 aut
421 2035 640 2079 componendi
664 2035 817 2068 bamiitos
841 2045 878 2067 ex
903 2044 1014 2066 caussa

348 2089 531 2127 homicidii,
557 2089 635 2123 105.

257 2142 392 2176 ΧΧΧΙΙΙ.
419 2143 547 2177 Erectio
568 2142 716 2176 ecclesiae
736 2141 966 2175 Lancianensis
982 2141 1014 2173 in

349 2197 636 2241 metropolitanam
651 2208 725 2230 cum
741 2196 862 2229 iurium
878 2202 905 2229 et
923 2195 1016 2228 iuris-

348 2251 529 2284 dictionum
555 2251 872 2295 metropoliticorum
898 2249 1015 2292 elargi-

349 2305 450 2346 tione,
470 2304 547 2340 106.

260 2358 391 2392 XXXIV.
418 2358 600 2392 Declaratio
629 2364 659 2392 et
688 2357 856 2402 ampliatio
884 2356 1015 2389 iurisdi-

351 2412 468 2446 ctionis
501 2412 674 2445 consulum
703 2411 781 2444 artis
819 2410 1017 2444 mercantiae

352 2472 536 2505 pannorum
557 2462 596 2494 de
616 2461 715 2501 Urbe,
739 2460 814 2494 109.

262 2510 380 2544 XXXV.
406 2511 578 2553 privilegia
594 2516 623 2544 et
645 2510 866 2554 exemptiones
891 2508 1018 2553 praela-

352 2566 474 2601 torum,
501 2560 599 2594 Sacro
621 2566 649 2594 et
672 2560 883 2593 OEcumenico
903 2559 1018 2592 Conci-

352 2609 396 2642 lio
421 2610 611 2645 Tridentino
632 2609 865 2650 assistentium,
889 2619 1020 2642 eorum-

352 2670 416 2704 que
435 2659 658 2699 familiarium,
675 2658 752 2693 110.

345 2710 424 2741 Ruti.
448 2708 527 2741 Rom.
553 2708 608 2741 Vol.
636 2708 694 2740 ΠΙ.
885 2708 944 2739 130

1663 251 1678 283 ’1
1685 249 1750 284 033

1172 314 1327 358 Sequitur
1341 312 1503 345 indultum
1517 312 1604 354 quod
1626 312 1658 344 in
1678 322 1792 345 eorum

1129 367 1241 400 litibus
1260 366 1523 410 supersedeatur,
1544 364 1622 398 1112.

1041 421 1171 454 xxxvl.
1198 420 1370 464 Deputatio
1409 419 1554 463 quinque
1587 418 1792 461 legatorum,

1130 475 1183 517 qui
1205 475 1335 507 nornine
1356 474 1461 517 Papae
1494 472 1633 505 concilio
1657 472 1795 505 Triden-

1132 529 1198 561 tino
1212 529 1356 571 pnesint,
1376 539 1450 562 cum
1464 526 1672 560 facultatibus
1687 536 1797 559 neces-

1131 582 1233 621 sariis,
1255 582 1331 615 113.

1042 635 1186 667 XXXIII.
1211 635 1301 674 Quod
1322 636 1408 668 hona
1429 635 1539 669 omnia
1559 635 1697 668 fratrum
1714 633 1797 667 mili-

1132 694 1198 720 tum
1207 688 1376 732 hospitalis
1386 689 1494 722 Sancti
1504 689 1633 722 Ioannis
1644 688 1798 721 Hieroso-

1131 742 1277 785 lymitani
1298 743 1418 786 ubique
1439 742 1678 782 decedentium,
1701 742 1798 775 etiam

1133 806 1169 829 cx
1183 796 1295 828 illicita
1315 796 1539 839 negociatione
1559 796 1727 839 acquisita,
1752 795 1799 829 uti

1133 850 1247 892 spolia,
1261 860 1326 883 non
1339 850 1377 882 ad
1388 849 1555 883 Cameram
1569 850 1589 881 A
1597 849 1799 892 postolicam,

1134 903 1190 936 sed
1216 903 1255 935 ad
1281 903 1387 946 ipsum
1412 903 1572 946 hospitale
1597 908 1745 946 spectent
1770 909 1801 936 et

1134 957 1330 999 pertineant,
1352 956 1428 989 1114.

1045 1010 1204 1043 XXXVIII.
1228 1010 1508 1043 Confraternitatis
1523 1010 1582 1042 suh
1598 1009 1802 1044 invocatione

1135 1063 1335 1096 Sanctissimi
1366 1063 1533 1103 Crucitixi,
1570 1064 1609 1096 ad
1644 1074 1804 1107 pauperes

1135 1117 1276 1161 virgines
1287 1117 1507 1150 maritandum
1519 1116 1646 1160 aliaque
1661 1117 1713 1161 pia
1725 1127 1803 1160 ope-

1137 1182 1172 1203 ra
1197 1170 1416 1204 exercendum
1430 1169 1557 1213 pridem
1569 1170 1600 1202 in
1614 1170 1699 1204 Urbe
1714 1170 1806 1203 insti-

1139 1231 1239 1264 tutae,
1263 1224 1297 1256 in
1321 1223 1713 1256 archiconfraternitatem
1735 1234 1805 1256 ere-

1139 1279 1215 1312 ctio:
1239 1289 1313 1311 cum
1334 1277 1462 1310 indulto
1492 1277 1626 1320 singulis
1647 1277 1741 1310 annis
1773 1278 1806 1310 in

1139 1334 1219 1366 festo
1240 1332 1271 1366 S.
1300 1331 1422 1372 Crucis,
1444 1341 1546 1363 unum
1569 1342 1660 1364 reum
1686 1331 1808 1375 capita-

1138 1387 1214 1420 Iiter
1230 1386 1483 1419 condemnatum
1496 1396 1512 1418 a
1525 1385 1712 1418 carceribus
1724 1385 1807 1418 libe-

1139 1441 1233 1474 randi
1249 1452 1256 1480 ·‚
1284 1439 1532 1482 iurisdictioque
1554 1439 1727 1472 cardinalis
1739 1439 1808 1473 eius

1141 1493 1335 1538 protectoris
1352 1503 1573 1537 quascumque
1596 1492 1696 1536 ipsius
1716 1503 1808 1526 caus-

1141 1559 1191 1581 sas
1212 1546 1444 1590 cognoscendi,
1467 1545 1542 1578 117.

1185 1601 1470 1645 Sequiturercctio
1488 1600 1518 1632 in
1535 1598 1807 1633 archiconfrater-

1142 1657 1277 1689 nitatem
1299 1661 1327 1688 et
1345 1655 1509 1687 indultum
1524 1653 1685 1687 liberandi
1701 1663 1809 1687 carce-

1144 1717 1264 1748 ratum,
1290 1708 1366 1741 ⁴121.

1053 1765 1186 1798 XXXIX.
1210 1761 1403 1807 Suppressio
1420 1761 1516 1794 officii
1538 1760 1679 1803 regentis
1698 1760 1810 1794 Came-

1143 1828 1198 1851 rae
1218 1816 1422 1860 Apostoliczcz
1446 1820 1640 1858 sanctaeque
1657 1813 1810 1846 Romame

1143 1871 1294 1905 Ecclesiae
1309 1869 1466 1903 cardinali
1480 1868 1659 1902 camerario
1675 1868 1812 1911 aliisque

1144 1926 1287 1959 eiusdem
1296 1923 1438 1957 Camerse
1446 1922 1640 1956 officialibus
1651 1920 1812 1954 restitutio

1144 1980 1346 2018 facultatum,
1361 1977 1481 2010 iurium
1494 1981 1522 2009 et
1538 1975 1812 2015 iurisdictionum,

1145 2033 1221 2067 ⁴123.

1056 2088 1117 2121 XL.
1132 2087 1365 2131 Inquisitorum
1383 2084 1566 2118 haereticae
1580 2081 1747 2127 pravitatis
1766 2082 1813 2115 fa-

1148 2142 1251 2174 cultas
1270 2138 1468 2184 procedendi
1491 2143 1605 2170 contra
1629 2135 1815 2169 sacerdotes

1146 2195 1201 2239 qui
1218 2193 1372 2227 mulieres
1387 2191 1592 2236 poenitentes
1608 2190 1639 2222 in
1650 2194 1723 2222 actu
1739 2199 1816 2222 con-

1147 2248 1296 2281 fessionis
1321 2247 1359 2279 ad
1382 2251 1472 2279 actus
1492 2244 1682 2277 inhonestos
1701 2253 1816 2287 provo-

1148 2313 1221 2335 care
1243 2307 1271 2334 et
1294 2300 1425 2333 allicere
1446 2303 1584 2337 tentant,
1602 2296 1679 2330 2126.

1150 2354 1331 2399 Applicatio
1343 2351 1549 2386 Reverendae
1565 2350 1718 2384 Gamerae
1733 2350 1817 2394 Apo-

1149 2408 1280 2443 stolicae
1301 2406 1446 2440 omnium
1459 2406 1623 2437 fructuum
1640 2403 1817 2436 beneficio-

1150 2470 1221 2492 rum
1248 2455 1459 2495 ltaliae,Sedi
1484 2453 1690 2497 Apostolicae
1714 2461 1820 2485 reser-

1150 2514 1296 2541 vatorum
1313 2516 1369 2538 seu
1383 2503 1587 2542 affectorum,
1601 2512 1659 2545 pro
1672 2506 1818 2544 tempore

1150 2567 1214 2601 quo
1229 2556 1323 2588 aliter
1335 2564 1432 2597 quam
1455 2562 1513 2596 per
1533 2561 1659 2584 cessum
1681 2550 1750 2594 ipsa
1764 2550 1818 2583 be-

1152 2605 1268 2639 neficia
1291 2601 1487 2642 vacaverint,
1509 2601 1587 2634 1⁶27.

1063 2656 1151 2690 XLII.
1178 2653 1362 2688 iurisdictio
1400 2658 1429 2685 et
1462 2651 1632 2685 facultates
1665 2648 1822 2683 auditoris

1058 2357 1133 2390 XLI.
