2237 3100
43 275 93 302 An.
109 272 140 300 C.
158 271 225 300 ¹569

57 334 139 372 'ludaei
151 339 224 355 omnes
238 334 310 358 mus
327 328 365 358 ut
384 334 496 358 omnes
515 330 547 358 et
565 324 683 369 singuli
708 324 876 370 utriusque
893 336 985 359 sexus

42 365 224 419 ξ’,ῗῇἶῖζῖ-,ζῗξιξῖ
237 378 378 419 hebraei,
395 378 428 411 in
444 378 532 412 omni
552 378 672 412 ditione
694 385 800 412 nostra
815 380 984 424 temporali

41 428 64 449 Β·
81 428 110 453 ¹⁷0³
126 427 188 448 '‘⁰⁰¹“
203 430 224 447 ⁰²
238 437 269 465 et
293 432 351 464 sub
372 443 408 465 ca
429 431 671 465 consistentium
693 432 868 472 civitatum,
885 438 985 466 terra-

40 460 128 480 Ancona
160 464 224 478 exce-

40 491 89 518 pus,
107 489 161 510 ¹nfr³
179 493 223 525 “9⁵
237 496 310 518 rum
330 490 361 518 et
380 486 810 527 locorum,domicellorum,
826 487 983 520 baronum

40 521 221 580 ῗαειιῗῗῖἷιῑοῖῑέω
236 537 441 582 aliorumque
483 539 690 572 dominorum
728 539 955 583 temporalium
975 566 982 580 ,

235 591 333 625 etiam
358 602 485 625 merum
518 597 549 625 et
584 592 717 625 mixtum
749 592 922 636 imperium
948 604 984 626 ac

234 644 316 678 vitae
330 645 484 688 necisque
494 650 682 688 potestatem
698 651 728 678 et
744 656 984 689 quamcumque

235 698 331 731 aliam
352 698 610 732 iurisdictionem
630 704 726 742 atque
747 699 983 742 exemptionem

234 752 437 793 habentium,
460 752 499 785 de
519 752 597 796 ipsis
612 753 744 785 omnino
759 752 888 792 finibus,
901 753 984 785 intra

234 806 333 839 trium
363 806 523 839 mensium
540 806 679 849 spatium
705 812 874 850 postquam
895 817 984 850 prac-

234 865 340 893 sentes
357 860 472 893 litterae
488 860 541 894 hic
556 860 677 893 fuerint
704 860 893 904 publicatae,
913 871 982 894 om-

235 913 312 946 nino
332 913 497 947 excedant.

279 966 294 1010 g
313 966 345 1000 ⁶2.
381 967 506 1006 Quibus
544 967 727 1012 praeteritis
745 994 752 1010 ,
785 967 984 1011 quicumque

51 1023 220 1045 ¹¹¹0b⁶dientium
234 1020 300 1053 sive
320 1020 445 1054 incolae
462 1021 525 1054 sive
542 1021 703 1064 peregrini
726 1021 789 1054 sive
810 1026 984 1064 praesentes

37 1061 127 1083 ‘'mm''
234 1073 299 1107 sive
318 1073 430 1115 futuri,
453 1074 486 1107 in
507 1085 713 1119 quacumque
734 1074 838 1108 dictae
853 1074 984 1108 ditionis

234 1127 359 1161 civitate
373 1155 380 1168 ,
402 1133 490 1161 terra
516 1129 564 1161 vel
594 1129 665 1162 loco
679 1155 686 1168 ,
710 1129 805 1161 etiam
826 1128 983 1162 domicel-

234 1181 353 1223 lorum,
376 1182 549 1222 baronum,
567 1182 773 1215 dominorum
795 1187 825 1215 et
844 1182 983 1215 aliorum

234 1240 457 1279 exemptorum
482 1235 737 1279 praedictorum,
758 1236 983 1279 quandocum-

233 1298 297 1331 que
318 1288 437 1321 inventi
459 1288 591 1330 fuerint,
618 1289 716 1322 rebus
736 1289 887 1322 omnibus
908 1300 982 1333 spo-

233 1342 355 1375 lientur
379 1347 410 1375 et
428 1341 496 1375 fisci
521 1342 646 1376 iuribus
667 1342 884 1387 applicentur,
896 1353 984 1375 man-

234 1395 320 1439 cipia
358 1397 521 1430 Romanae
554 1396 717 1430 Ecclesiae
752 1395 852 1436 fiant,
888 1402 919 1429 et
951 1396 982 1429 in

234 1454 424 1493 perpetuam
434 1450 618 1483 servitutem
633 1454 825 1490 asserantur,
835 1450 984 1494 dictaque

233 1503 377 1537 Ecclesia
410 1504 491 1537 illud
524 1503 610 1537 idem
648 1504 698 1537 ius
732 1504 764 1536 in
794 1515 849 1537 eos
863 1531 870 1544 ,
897 1504 984 1548 quod

234 1557 333 1590 ceteri
345 1557 467 1591 domini
489 1557 522 1590 in
542 1568 649 1591 servos
669 1563 700 1591 et
721 1558 899 1602 mancipia,
924 1558 983 1590 sibi

234 1610 348 1644 debeat
366 1611 548 1645 vendicare.
570 1611 655 1644 Urbe
675 1611 775 1644 Roma
801 1617 832 1645 et
855 1612 985 1644 Ancona

234 1664 397 1697 dumtaxat
417 1665 566 1709 exeeptis,
579 1665 635 1698 ubi
646 1676 701 1698 eos
716 1666 801 1699 solos
816 1665 983 1705 hebraeos,

233 1718 289 1762 qui
314 1728 402 1751 nunc
431 1729 484 1752 eas
517 1719 682 1760 habitant,
716 1719 755 1752 ad
786 1719 983 1763 praedictam

234 1772 423 1805 memoriam
455 1772 595 1816 amplius
631 1772 829 1806 excitandam
873 1783 984 1816 prose-

230 1825 444 1872 -quendasque
464 1837 539 1860 cum
560 1826 772 1860 orientalibus
792 1827 984 1870 negotiatio-

235 1888 291 1911 nes
315 1883 511 1924 mutuosque
541 1885 740 1914 commeatus
756 1891 830 1913 cum
847 1881 982 1921 eisdem,

235 1932 453 1975 permittimus
475 1933 681 1975 tolerandos;
704 1945 778 1967 cum
799 1945 837 1967 eo
863 1939 983 1975 tamen,

235 1991 270 2019 ut
294 1991 418 2020 nostras
443 1992 474 2020 et
492 1988 779 2031 praedecessorum
799 1994 984 2022 nostrorum

234 2040 378 2084 aliasque
399 2042 572 2075 canonicas
605 2042 644 2075 de
669 2042 715 2075 eis
741 2043 986 2076 constitutiones

235 2095 383 2128 studeant
403 2095 586 2137 observare,
605 2096 653 2129 sin
674 2096 794 2136 minus,
818 2097 850 2129 in
866 2107 986 2141 poenas

235 2158 348 2181 omnes
367 2160 450 2193 quae
475 2149 568 2183 dictis
601 2150 887 2183 constitutionibus
907 2161 985 2184 con-

236 2201 391 2243 tinentur,
414 2213 559 2247 quasque
580 2203 612 2236 in
633 2204 695 2236 hoc
720 2204 921 2245 innovamus,
948 2215 986 2238 eo

237 2255 308 2300 ipso
332 2255 486 2290 incidant.
509 2257 668 2291 Futurum
690 2257 776 2290 enim
805 2268 984 2301 speramus,

237 2320 304 2350 eOS,
326 2310 382 2353 qui
397 2311 587 2355 praesertim
607 2316 717 2344 nostro
739 2317 769 2344 et
788 2311 886 2344 huius
897 2312 987 2345 Sedis

238 2364 426 2407 conspectui
450 2365 587 2408 proximi
621 2370 711 2405 sunt,
739 2375 841 2398 noxae
861 2370 949 2398 metu
969 2377 987 2398 a

238 2418 407 2452 maleficiis
426 2424 675 2463 temperaturos,
698 2423 728 2451 et
752 2418 915 2451 interdum
927 2419 986 2452 ali-

238 2477 328 2510 quos,
354 2468 400 2501 uti
421 2468 557 2501 antehac
581 2472 691 2500 nostro
707 2477 837 2510 quoque
857 2468 987 2501 hortatu

237 2517 314 2550 satis
333 2517 443 2550 multis
463 2517 608 2559 contigit,
625 2517 736 2549 lumen
756 2517 898 2550 veritatis
913 2528 986 2550 cum

238 2565 356 2608 gaudio
377 2566 553 2608 agnituros.
577 2565 639 2598 Sed
664 2565 770 2598 neutri
795 2566 835 2598 ad
856 2565 985 2607 alteros,

239 2615 352 2648 necin
377 2615 477 2649 alium
502 2614 605 2648 dictae
634 2614 767 2647 ditionis
787 2615 895 2648 locum
920 2616 987 2650 ullo

905 272 974 297 PIUS
996 273 1015 297 V
1038 272 1086 297 PP-

1667 261 1725 295 741
1790 271 1840 298 An.
1858 271 1887 297 c.
1906 271 1974 299 ¹569

1027 334 1132 368 neque
1148 324 1334 368 quempiam
1355 334 1392 357 cx
1408 323 1598 368 proscriptis
1610 323 1650 357 ad
1670 334 1703 357 se
1723 335 1775 358 re-

1027 378 1158 421 cipiant,
1185 378 1210 410 si
1244 377 1403 412 servitutis
1423 378 1535 421 iugum
1559 383 1589 410 et
1616 378 1776 422 supplicia

1026 432 1186 465 voluerint
1206 432 1333 465 evitare.
1352 432 1502 464 Iubemus
1515 431 1613 474 igitur
1629 432 1773 464 omnium
1835 443 1928 465 uniones
1952 448 1973 465 et

1789 475 1866 500 gubern
1877 479 1941 496 untes
1953 479 1974 496 01.

1790 507 1824 526 alii
1841 513 1863 527 ex
1873 511 1972 533 :quantur

1027 486 1278 529 provinciarum,
1298 485 1460 519 civitatum
1472 490 1503 518 et
1515 485 1662 518 locorum
1673 485 1775 519 dictae

1027 539 1157 573 ditionis
1174 540 1305 583 legatos,
1326 540 1567 582 gubernatores,
1588 540 1775 583 praesiden—
1791 536 1973 589 f'ijgffizmfiflssiffl·

1027 599 1084 633 tes,
1107 598 1272 637 praetores
1306 599 1336 626 et
1369 593 1592 637 magistratus,
1617 604 1655 626 ac
1679 594 1775 626 etiam

1026 646 1172 679 locorum
1194 647 1385 687 ordinarios,
1411 657 1538 680 necnon
1572 647 1774 688 domicellos,

1026 699 1176 741 barones,
1198 700 1347 733 dominos
1380 705 1411 733 et
1443 705 1607 744 exemptos
1627 700 1776 744 supradi-

1026 758 1104 793 ctos,
1132 764 1168 787 ac
1202 764 1426 797 quoscumque
1460 754 1540 787 alios
1572 753 1612 786 ad
1636 765 1718 798 quos
1743 754 1775 787 id

1026 807 1176 850 pertinet,
1198 812 1233 840 ut
1253 808 1390 851 quisque
1412 818 1469 851 pro
1490 818 1535 848 se,
1566 807 1656 840 nulla
1676 808 1738 840 alia
1758 818 1775 840 a

1025 860 1119 893 nobis
1138 866 1302 904 expectata
1323 861 1464 893 iussione
1496 866 1551 894 aut
1584 861 1700 893 mentis
1719 861 1775 894 dc-

1027 913 1214 954 claratione,
1227 914 1337 947 onmia
1349 914 1512 957 praedicta
1531 914 1773 958 quamprimum

1026 973 1245 1010 exequantur;
1282 973 1312 1001 et
1344 973 1474 1000 caveant
1510 967 1682 1011 diligenter
1717 968 1775 1001 ulli

1026 1021 1158 1065 posthac
1174 1021 1305 1054 hebraei
1329 1021 1367 1054 ad
1388 1021 1471 1065 ipsas
1492 1021 1684 1065 provincias,
1701 1021 1775 1053 civi-

1026 1080 1104 1108 tates
1124 1080 1155 1107 ct
1174 1075 1256 1115 loca,
1280 1074 1374 1108 etiam
1403 1074 1663 1115 domicellorum,
1682 1075 1775 1108 baro-

1025 1139 1103 1161 num
1137 1135 1167 1162 et
1199 1129 1336 1162 aliorum
1363 1129 1617 1173 praedictorum,
1637 1140 1674 1162 ex
1693 1140 1773 1173 qua-

1026 1193 1165 1227 cumque
1178 1194 1283 1223 causa,
1295 1183 1434 1227 amplius
1445 1183 1609 1216 accedant.
1623 1183 1774 1222 Quicum-

1025 1247 1089 1280 que
1113 1247 1200 1277 vcro,
1237 1237 1332 1270 ctiam
1372 1237 1411 1269 de
1445 1236 1482 1269 iis
1514 1236 1568 1280 qui
1604 1237 1724 1270 Romae
1744 1242 1775 1270 et

1026 1290 1176 1323 Anconae
1200 1301 1288 1323 nunc
1322 1296 1420 1331 sunt,
1452 1300 1586 1323 excurso
1621 1290 1772 1324 trimestri

1026 1343 1194 1388 proximo,
1217 1344 1335 1377 inventi
1366 1344 1397 1376 in
1431 1354 1637 1387 quacumque
1671 1344 1774 1377 dictae

1026 1397 1154 1430 ditionis
1186 1403 1290 1442 parte,
1316 1397 1411 1430 etiam
1436 1408 1518 1440 quae
1539 1396 1673 1430 dominii
1695 1401 1775 1430 tem-

1026 1450 1180 1494 poraliter
1210 1450 1398 1483 eorumdem
1433 1450 1692 1490 domicellorum,
1719 1450 1775 1484 ba-

1027 1515 1156 1544 ronum,
1179 1504 1385 1538 dominorum
1411 1510 1442 1537 et
1467 1509 1691 1549 exemplorum
1724 1504 1773 1544 sit,

1026 1558 1129 1592 statim
1172 1559 1333 1592 Ecclesiae
1377 1558 1559 1603 praedictae
1601 1558 1775 1603 mancipati

1027 1612 1059 1644 in
1097 1612 1279 1645 servitutem
1315 1618 1504 1656 perpetuam
1543 1611 1775 1651 coniiciantur3

1026 1677 1165 1709 quorum
1186 1666 1279 1699 etiam
1306 1666 1484 1699 cervicibus
1516 1666 1677 1708 graviores
1697 1676 1776 1709 poe-

1026 1731 1082 1753 nas
1120 1720 1307 1764 impendere
1342 1719 1576 1763 significamus,
1612 1724 1646 1752 ut
1679 1719 1775 1752 ceteri

1027 1785 1139 1807 eorum
1180 1774 1327 1817 exemplo
1364 1773 1488 1807 discant
1530 1772 1641 1817 quanti
1682 1771 1774 1805 suerit

1026 1828 1109 1860 hauc
1134 1833 1275 1861 nostram
1305 1827 1556 1871 prohibitionem
1577 1831 1697 1860 temere
1718 1836 1775 1859 ne-

1026 1882 1171 1925 glexisse.

1070 1936 1084 1979 ξ
1104 1934 1135 1968 3.
1157 1935 1226 1968 Νο11
1247 1934 1446 1968 obstantibus
1466 1934 1637 1979 praedictis
1648 1945 1684 1967 ac
1701 1943 1776 1967 con-

1027 1989 1245 2022 stitutionibus
1264 1994 1295 2022 et
1314 1988 1570 2022 ordinationibus
1582 1987 1775 2032 apostolicis,

1027 2042 1151 2085 legibus
1189 2042 1418 2076 communibus
1455 2047 1485 2075 et
1524 2041 1776 2085 municipalibus

1028 2096 1278 2140 provinciarum,
1297 2096 1458 2130 civitatum
1479 2101 1510 2129 et
1529 2095 1675 2129 locorum
1686 2105 1776 2139 prae-

1028 2150 1201 2191 dictorum;
1223 2160 1349 2183 necnon
1374 2150 1525 2183 Gamerae
1559 2149 1773 2193 Apostolicae‚

1028 2205 1221 2245 iuramento,
1249 2204 1494 2237 confirmatione
1523 2202 1699 2245 apostolica
1728 2202 1775 2235 vel

1028 2258 1139 2302 quavis
1158 2257 1308 2291 firmitate
1330 2257 1391 2291 alia
1415 2257 1585 2296 roboratis,
1609 2256 1731 2289 statutis
1747 2261 1777 2289 et

1028 2311 1329 2353 consuetudinibus,
1352 2317 1383 2345 et
1411 2310 1678 2344 conventionibus
1702 2320 1774 2343 cum

1027 2366 1242 2400 hebraeorum
1281 2365 1518 2410 praedictorum
1557 2365 1773 2405 universitate,

1028 2419 1123 2453 etiam
1144 2420 1202 2453 sub
1227 2419 1289 2453 fide
1305 2419 1446 2463 publica,
1469 2418 1580 2462 paetis;
1603 2418 1776 2462 privilegiis

1028 2480 1170 2513 quoque,
1196 2469 1339 2509 indultis,
1362 2467 1618 2512 exemptionibus
1637 2473 1669 2501 et
1691 2468 1775 2501 litte—

1029 2518 1072 2551 ris
1098 2518 1293 2562 apostolicis,
1335 2516 1397 2550 illis
1430 2516 1580 2550 omnibus
1612 2528 1649 2550 ac
1681 2517 1775 2550 etiam

1029 2567 1200 2611 praedictis
1219 2566 1407 2607 domicellis,
1427 2566 1603 2599 baronibus
1622 2571 1653 2599 et
1672 2567 1776 2599 domi-

1029 2618 1089 2658 nis,
1107 2617 1316 2661 ipsorumque
1330 2615 1518 2655 civitatibus,
1531 2615 1637 2656 terris,
1654 2615 1733 2649 locis
1748 2621 1779 2649 et

1817 1941 1926 1963 Clausutue
1938 1943 1973 1964 du-

1790 1974 1918 2000 togaton-tae.

240 2668 384 2708 tempore
425 2664 607 2708 demigrent
638 2674 699 2698 nec
727 2664 985 2708 proficiscantur,
1029 2666 1168 2712 populis,
1188 2676 1246 2711 per
1264 2675 1487 2712 quoscumque
1512 2665 1675 2700 Romanos
1693 2666 1777 2700 Pon·
