2237 3100
221 253 268 280 An.
292 255 320 282 C.
339 256 404 284 1565

249 797 354 818 talearum
376 804 398 818 o<

216 831 263 850 tiam
292 833 311 850 et
333 830 398 850 elei-i-

216 871 295 889 corum,

238 1819 389 1847 impudicarum

206 1852 314 1873 mulierum
362 1854 390 1873 ibl

207 1885 325 1905 aedificant.
351 1886 390 1911 pri-

205 1915 269 1940 vileg.
317 1919 390 1936 contra

206 1949 273 1966 const.
291 1945 389 1967 Lcontsx

206 1981 227 1997 et
242 1977 305 1998 (Elem.
321 1977 355 1998 vlt
369 1983 387 1999 et

206 2009 264 2029 Pauli
281 2008 316 2028 tlt.

462 247 529 282 384

417 309 487 343 illas
506 310 539 344 in
559 311 754 355 emptionem
775 311 911 345 aliorum
927 311 1087 343 bonorum
1105 314 1166 342 sta-

416 364 530 397 bilium
564 365 595 397 in
622 365 799 398 evidentem
834 364 1003 397 utilitatem
1037 373 1168 397 conver-

417 418 513 459 tendi,
529 419 688 462 depositas
708 423 816 450 tenent
832 418 881 450 vel
897 417 929 450 in
950 418 1096 450 futurum
1120 422 1165 449 te-

415 472 557 511 nebunt,
580 472 649 504 illas
669 472 700 503 in
721 471 911 511 domorum,
935 471 967 503 in
987 471 1071 504 dicta
1092 471 1166 504 civi-

414 530 477 559 tate
506 525 579 565 Pia,
602 525 858 557 aedificationem
879 535 1060 568 exponere,
1082 535 1163 569 quae

414 579 458 612 sie
487 578 646 622 expositae
674 578 704 610 in
730 578 907 611 evidentem
927 578 1096 611 utilitatem
1119 579 1166 622 ip-

413 643 521 665 sarum
555 631 765 665 ecclesiarum
799 636 829 664 et
862 632 1009 665 locorum
1035 632 1175 676 piorum'

414 687 544 719 cessisse
565 691 595 718 et
615 685 728 718 cedere
749 690 952 718 censeantur.

456 740 470 782 ξ
486 739 537 772 te.
561 739 604 771 Ac
621 739 720 779 laicis,
740 739 833 771 etiam
851 739 1041 782 coniugatis,
1059 745 1087 773 et
1101 741 1166 773 ele-

412 792 486 826 ricis
514 793 547 825 in
580 792 648 836 ipsa
681 792 804 826 civitate
829 793 883 826 Pia
904 793 1162 834 aedificantibus,

411 846 497 890 qued
530 846 701 890 pensiones
734 857 832 891 super
852 847 1086 880 beneficiorum
1109 858 1162 880 ec-

411 899 661 933 clesiastieorum
678 900 847 941 fructibus,
861 901 1037 934 redditibus
1048 906 1075 934 et
1090 912 1163 945 pro-

409 953 554 987 ventibus
575 953 633 986 sibi
654 953 839 996 assignatas,
863 954 902 988 ad
925 961 1027 988 ratam
1048 956 1159 989 decem

410 1014 588 1044 scutorum,
602 1019 658 1051 pro
672 1008 813 1052 quolibet
830 1009 1014 1042 centenario
1033 1020 1091 1054 per
1108 1021 1162 1043 eos

410 1063 443 1096 in
463 1062 648 1096 fabricando
669 1073 728 1106 pro
744 1068 889 1107 tempore
905 1073 1055 1107 expenso,
1077 1064 1160 1097 reci-

410 1127 485 1161 pere
500 1144 507 1157 ,
530 1116 668 1150 retinere
702 1122 729 1150 et
766 1117 951 1160 percipere,
975 1128 1011 1151 ac
1031 1118 1109 1151 alias
1129 1119 1161 1152 in

409 1171 534 1215 quasvis
550 1181 715 1215 personas,
727 1171 821 1204 etiam
838 1170 869 1203 in
886 1171 997 1204 mortis
1012 1171 1160 1211 articulo,

409 1232 439 1260 et
458 1232 554 1270 prout
578 1226 766 1259 eorumdem
797 1226 988 1260 Sanctorum
1018 1227 1101 1259 Petri
1131 1233 1161 1260 et

408 1279 498 1313 Pauli
518 1290 554 1312 ac
572 1279 618 1312 Pii
638 1280 816 1324 nuncupati
837 1279 966 1321 milites,
989 1279 1075 1313 iuxta
1096 1281 1160 1324 pri-

408 1333 519 1376 vilegia
540 1344 598 1376 per
616 1344 674 1366 nos
694 1339 723 1366 et
749 1334 1013 1377 praedecessores
1034 1339 1160 1367 nostros

408 1387 467 1421 sibi
492 1397 661 1426 concessa,
685 1388 886 1431 formamque
916 1387 961 1421 eis
991 1388 1156 1429 traditam,

407 1442 502 1476 etiam
524 1440 643 1483 absque
660 1451 819 1474 consensu
835 1441 918 1474 dicta
933 1441 1090 1475 beneficia
1106 1442 1160 1474 ob-

407 1495 577 1530 tinentium
602 1495 740 1539 desuper
760 1495 920 1536 habendo,
942 1495 1160 1540 parisormiter

406 1550 590 1585 transferre.
619 1549 662 1582 Ita
688 1549 774 1593 quod
796 1549 961 1592 privilegia
982 1549 1093 1583 eadem
1115 1549 1158 1582 sic

406 1603 649 1639 aedificantibus
670 1603 770 1643 laicis,
793 1603 887 1635 etiam
910 1603 1047 1644 clericis,
1063 1603 1157 1636 etiam

406 1657 555 1704 praelatis
580 1663 608 1690 et
646 1657 802 1700 religiosis
836 1667 987 1691 concessa
1016 1664 1046 1691 et
1074 1669 1159 1691 com-

405 1712 567 1746 municata
590 1717 791 1745 censeantur.

449 1768 464 1811 {
484 1767 536 1799 111.
572 1766 758 1810 Iinpudicae
787 1776 871 1803 vero,
906 1776 986 1809 quas
1021 1766 1159 1800 curiales

404 1817 517 1859 vulgus
538 1816 697 1859 appellat,
721 1821 747 1847 et
779 1815 859 1847 aliae
880 1815 1068 1849 inhonestae
1089 1827 1161 1849 mu-

404 1866 510 1905 lieres,
533 1875 616 1908 quae
636 1864 668 1896 in
689 1864 772 1897 dicta
790 1864 913 1897 civitate
929 1864 982 1897 Pia
998 1866 1036 1897 ad
1052 1866 1159 1899 minus

406 1926 463 1959 pro
484 1914 582 1948 sentis
601 1913 786 1957 quingentis
810 1912 1068 1955 aedificaverint,
1094 1921 1156 1947 tam

405 1966 443 1998 de
477 1964 542 1997 suis
563 1962 728 1996 ⁴aedificiis
762 1962 947 1995 huiusmodi
970 1974 1065 2005 quam
1088 1965 1159 1998 aliis

405 2025 517 2047 earum
538 2013 631 2046 bonis
651 2013 979 2056 quomodocumque,
1004 2013 1098 2046 etiam
1121 2026 1158 2047 ex

405 2063 490 2107 turpi
520 2068 655 2106 quaestu
689 2061 852 2105 acquisitis
883 2066 913 2094 et
937 2062 1156 2105 acquirendis,

404 2112 550 2145 similiter
571 2112 677 2145 testari
704 2117 729 2144 et
757 2111 929 2154 disponere
949 2111 1048 2144 libert·
1070 2118 1096 2145 et
1121 2114 1158 2146 li-

404 2161 463 2195 cite
483 2162 627 2197 valeant;
650 2171 708 2193 nec
738 2161 815 2192 tales
841 2159 1003 2196 mulieres,
1028 2167 1157 2196 testatae

402 2211 449 2243 vel
471 2210 509 2242 ab
530 2210 677 2243 intestato
696 2210 903 2244 decedentes,
925 2209 1064 2253 aliquam
1088 2224 1157 2255 par-

405 2266 467 2292 tem
490 2260 684 2292 monasterio
709 2259 964 2292 Convertitarum
991 2260 1027 2293 de
1050 2261 1154 2301 l'rbe,

405 2309 490 2341 iuxta
511 2309 754 2351 dispositionem
775 2309 889 2341 Leonis
910 2309 934 2341 X
956 2320 992 2341 ac
1014 2311 1158 2343 ret-elen-

405 2359 462 2390 dae
483 2358 657 2391 memoriae
681 2358 854 2391 tssrllementis
874 2358 923 2390 Yll
946 2364 974 2391 et
996 2360 1083 2391 l'auli
1106 2361 1155 2401 Ill,

406 2408 622 2440 Romanorum
669 2407 860 2440 Pontificum
901 2408 995 2440 etiam
1026 2410 1158 2451 praede.—

405 2467 568 2489 cesstjirum
585 2462 783 2493 nostrorum,
802 2462 828 2489 et
848 2467 958 2489 eorum
981 2457 1155 2499 privilegia,

406 2506 543 2537 debitam
574 2506 757 2549 relinquere
788 2510 977 2545 teneantur,
1000 2506 1054 2538 sed
1074 2507 1157 2539 dicta

406 2564 517 2587 eorum
538 2554 621 2586 bena
640 2554 740 2586 libere
762 2559 792 2586 et
812 2554 1020 2596 integraliter,
1039 2560 1101 2587 tam
1121 2566 1157 2589 ex

406 2608 595 2636 testamento
616 2614 712 2646 quam
734 2604 772 2635 ab
793 2604 940 2637 intestato
954 2631 962 2645 ,
985 2604 1024 2637 ad
1045 2615 1156 2638 earum

406 2652 560 2686 haeredes
581 2652 747 2697 pervenire
768 2653 915 2686 debeant.

1014 256 1193 281 BtJLLAntt'M
1217 255 1367 280 ROMANUM

1974 257 2023 284 An.
2042 257 2071 285 C.
2088 258 2157 287 1565

1254 308 1268 351 ξ
1287 307 1341 340 12.
1363 308 1518 352 Quodque
1538 310 1652 343 domus
1668 316 1699 344 et
1713 311 1859 344 aedificia
1870 321 1960 355 quae·
1999 322 2094 345 AEdmea
2114 324 2156 346 iu-

1210 372 1361 404 cumque,
1383 373 1442 406 per
1461 363 1587 405 quosvis
1606 363 1638 397 in
1658 363 1741 398 dicta
1761 365 1884 398 civitate
1900 365 1955 398 Pia
1973 354 2156 408 ξξῒῃξὲὃῖῗωζζῗ

1208 425 1267 459 pro
1295 420 1439 459 tempore
1469 422 1650 450 constructa
1663 444 1671 459 ,
1694 429 1730 451 ex
1750 430 1957 463 quocumque
1972 420 2083 475 222¹&ss
2097 418 2156 470 {3ss³

1209 468 1344 502 erimine
1365 474 1396 502 et
1415 469 1542 511 delicto,
1565 476 1791 514 praeterquam
1816 473 1957 507 haeresis
1973 480 2000 500 ti·
2016 479 2072 501 fidei·

1208 527 1238 555 et
1262 523 1366 556 laesae
1396 523 1584 564 maiestatis,
1613 524 1780 559 confiscari
1800 537 1865 559 non
1885 538 1958 571 pos-

1207 576 1280 616 sint,
1303 576 1342 608 ad
1363 577 1462 610 instar
1482 577 1721 622 privilegiorum
1738 580 1856 613 montis
1866 581 1954 623 fidei,

1207 630 1261 663 sed
1282 640 1395 663 eorum
1416 631 1554 664 dominis
1574 636 1605 664 et
1624 634 1865 668 successoribus
1875 634 1954 676 suis,

1206 683 1340 726 perinde
1369 695 1406 717 ac
1435 684 1459 717 si
1484 685 1599 718 delicta
1618 696 1683 719 non
1707 687 1954 729 commisissent,

1206 743 1365 781 perpetuo
1395 738 1488 771 firma
1519 744 1549 772 et
1581 738 1690 773 illaesa
1709 751 1877 775 remanere
1897 742 1953 776 de-

1206 790 1311 832 beant,
1331 791 1450 825 eisdem
1471 792 1660 826 auctoritate
1680 801 1709 827 et
1728 799 1840 829 tenore
1853 823 1861 837 ‚
1884 806 1957 841 per-

1207 849 1303 888 petuo
1325 845 1533 879 concedimus
1553 851 1583 879 et
1601 846 1807 891 indulgemus
1827 854 1884 883 etc.

1248 899 1262 941 ξ
1283 899 1337 932 13.
1368 899 1529 939 Ceterum,
1552 910 1592 933 ne
1613 900 1645 933 in
1665 901 1734 945 ipsa
1753 903 1878 937 civitate
1897 903 1954 938 Pia
2009 915 2090 938 nomini
2105 917 2155 938 run-

1204 953 1375 986 aedificare
1401 954 1542 986 volentes
1570 964 1588 986 a
1616 954 1791 989 fundorum
1816 957 1955 991 dominis
1971 947 2156 1000 ffssfflmffidffi

1205 1007 1270 1039 ullo
1305 1006 1400 1040 modo
1433 1007 1657 1049 retrahantur,
1678 1009 1773 1042 etiam
1798 1016 1956 1055 perpetuo
1970 1009 2021 1061 {³5:¹²
2040 1011 2153 1063 ζζὲζῗὶξζζζ

1204 1060 1373 1093 statuimus
1397 1065 1428 1094 et
1455 1061 1643 1096 ordinamus
1668 1064 1767 1107 quod,
1798 1064 1883 1099 intra
1901 1077 1956 1100 an·
1970 1071 2098 1108 votemibus,
2119 1072 2154 1094 ¹0-

1204 1125 1281 1147 num
1302 1125 1320 1147 a
1340 1114 1412 1148 data
1432 1116 1651 1159 praesentium
1675 1118 1930 1162 computandum
1946 1147 1954 1162 ,
1971 1108 2028 1130 ⁰³‘⁰’
2045 1106 2066 1125 '¹⁸
2079 1104 2120 1125 '¹¹⁰'

1204 1168 1235 1200 in
1255 1167 1366 1211 quovis
1386 1168 1519 1203 civitatis
1539 1170 1611 1203 Piae
1632 1171 1704 1204 loco
1720 1171 1889 1206 aedificare
1903 1184 1956 1207 vo-

1202 1221 1351 1262 lentibus,
1373 1222 1494 1256 domini
1521 1223 1611 1256 fundi
1625 1251 1632 1265 ,
1653 1224 1677 1257 si
1698 1224 1758 1268 ipsi
1783 1225 1955 1261 aedificare

1202 1276 1376 1317 noluerint,
1396 1288 1451 1310 seu
1464 1288 1496 1311 se
1516 1278 1686 1311 aedificare
1702 1278 1783 1312 velle
1798 1279 1953 1323 dicentes,

1202 1329 1262 1362 nisi
1283 1330 1364 1363 infra
1385 1331 1545 1365 trimestre
1570 1331 1740 1366 aedificare
1763 1333 1953 1378 coeperint,

1202 1384 1336 1416 fundum
1358 1384 1544 1418 huiusmodi
1564 1396 1623 1429 pro
1643 1396 1752 1420 annuo
1768 1398 1867 1421 censu
1884 1399 1956 1432 per-

1202 1443 1315 1481 petuo,
1331 1438 1368 1471 ad
1387 1438 1545 1472 rationem
1566 1439 1662 1473 unius
1682 1439 1751 1473 iulii
1772 1452 1831 1485 pro
1851 1442 1956 1486 quali-

1201 1491 1254 1523 bet
1274 1503 1388 1531 canna,
1411 1493 1486 1526 dare
1503 1499 1533 1526 et
1552 1494 1660 1527 locare
1679 1499 1860 1537 teneantur,
1876 1501 1907 1529 et
1915 1495 1955 1529 ad

1201 1544 1232 1577 id
1257 1545 1407 1589 compelli
1442 1546 1564 1590 possint
1588 1553 1618 1580 et
1651 1547 1797 1582 debeant.
1825 1549 1954 1594 Ipsique

1202 1599 1415 1632 conductores
1448 1600 1511 1633 sive
1544 1601 1706 1634 censuarii
1744 1613 1763 1635 a
1792 1603 1952 1637 solutione

1201 1653 1296 1696 primi
1317 1654 1477 1687 semestris
1498 1655 1630 1688 omnino
1651 1655 1744 1688 liberi
1768 1661 1799 1689 et
1814 1657 1952 1701 exempti

1201 1707 1263 1739 sint
1282 1713 1313 1740 et
1332 1718 1399 1740 esse
1426 1707 1656 1751 intelligantur.
1685 1709 1863 1754 Quodque,
1885 1715 1951 1744 tam

1200 1761 1374 1794 fundorum
1403 1761 1526 1795 domini
1558 1773 1655 1806 quam
1685 1763 1899 1798 conductores
1919 1769 1951 1798 et

1201 1815 1373 1856 censuarii,
1396 1815 1478 1848 infra
1499 1827 1551 1849 sex
1576 1827 1701 1850 menses
1725 1827 1743 1849 a
1763 1817 1836 1851 data
1859 1829 1953 1862 prae-

1201 1869 1350 1909 sentium,
1369 1881 1386 1902 a
1401 1870 1452 1902 die
1472 1869 1641 1903 locationis
1665 1871 1840 1915 respective
1864 1883 1953 1906 com-

1200 1924 1370 1966 putandos,
1393 1923 1529 1957 fabricas
1544 1924 1731 1957 huiusmodi
1752 1925 1884 1959 omnino
1900 1927 1950 1960 in-

1201 1977 1335 2009 clinare:
1363 1982 1393 2010 et
1422 1977 1573 2010 infundo
1599 1984 1728 2011 centum
1762 1990 1949 2022 cannarum,

1201 2031 1426 2072 conductores,
1463 2031 1568 2067 mille:
1591 2032 1681 2064 fundi
1706 2043 1779 2066 vero
1805 2033 1948 2075 domini,

1199 2085 1450 2128 quingentorum
1485 2091 1650 2118 scutorum
1680 2097 1823 2119 summas
1852 2086 1884 2120 in
1903 2088 1950 2120 sa-

1200 2138 1321 2171 bricam
1342 2150 1514 2182 exponere3
1529 2144 1555 2172 et
1575 2138 1615 2171 ita
1632 2140 1950 2183 proportionabiliter

1200 2193 1369 2226 aedificare
1390 2194 1542 2234 volentes,
1556 2199 1620 2226 tam
1637 2193 1758 2227 domini
1779 2195 1837 2228 soli
1853 2207 1949 2239 quam

1200 2248 1425 2287 conductores,
1458 2259 1516 2291 pro
1550 2247 1628 2280 situs
1662 2232 1838 2291 qualititate
1859 2255 1889 2282 et
1909 2249 1948 2282 ad

1201 2307 1300 2333 ratam
1321 2302 1523 2338 huiusmodi,
1546 2301 1701 2334 fabricare
1720 2307 1902 2335 teneantur.

1242 2356 1257 2397 J<
1282 2355 1330 2388 14.
1361 2356 1580 2388 Conductores
1609 2360 1716 2388 autem
1737 2356 1870 2400 praefati
1891 2367 1947 2390 eo-
2001 2368 2147 2391 Conductore·

1200 2420 1337 2451 rumque
1364 2410 1519 2442 haeredes
1543 2415 1570 2442 et
1602 2419 1820 2450 successores,
1842 2421 1946 2454 quan-
1962 2403 2148 2458 Zffinfuuffiffi'

1199 2459 1383 2502 documque
1403 2459 1461 2491 sibi
1484 2459 1652 2502 placuerit,
1667 2459 1794 2491 eosdem
1815 2460 1944 2499 functos,
1963 2466 2024 2483 *⁰⁰¹³
2066 2464 2148 2515 “0⁰¹3ss

1199 2507 1292 2539 etiam
1328 2507 1367 2539 ad
1401 2508 1570 2543 eeclesias,
1604 2506 1772 2550 hospitalia
1804 2508 1852 2540 vel
1885 2508 1947 2541 alia
1962 2497 2148 2553 ?„2‘‡‡,‘„⁸⁰¹p„j

1199 2567 1423 2600 spiaecumque
1445 2558 1514 2589 loca
1537 2557 1587 2600 pia
1609 2556 1849 2599 quomodolibet
1873 2568 1947 2600 per·
1963 2559 2019 2577 ‘¹¹¹¹'-

1200 2605 1347 2645 tinentes,
1371 2605 1456 2638 iuxta
1486 2606 1650 2638 facultates
1674 2611 1800 2639 sanctae
1823 2617 1947 2641 memo-

1201 2654 1265 2688 riae
1286 2655 1362 2688 Sixti
1382 2655 1419 2687 IV
1438 2660 1469 2687 et
1482 2654 1650 2688 Alexandri
1670 2654 1705 2687 Vt
1726 2661 1756 2688 et
1775 2656 1888 2689 Leonis
1908 2656 1944 2697 X,
