2237 3100
253 288 300 313 An.
320 287 349 314 C.
367 288 432 314 ³567

277 605 388 626 Decretum
408 607 434 626 ir-

252 639 324 656 ritant,

276 875 385 895 clausulae
397 876 431 895 de-

251 907 377 931 rogatortne.

288 2375 334 2395 Sola
355 2376 428 2396 sufficit

249 2409 361 2431 signatum.

493 274 558 308 514

449 340 574 383 singula
606 339 666 371 alia
696 338 842 375 faciendi,
879 337 1017 373 dicendi,
1053 336 1196 379 gerendi,

451 392 622 427 mandandi
644 398 670 423 ct
694 391 888 434 cxequeudi,
912 390 942 422 in
965 389 1148 432 praemissis
1169 396 1199 423 et

449 447 534 480 circa
573 457 608 478 ea
646 443 821 477 necessaria
858 454 912 475 scu
956 443 1198 485 (pioinodolibet

449 506 642 544 Opportuna.

493 554 507 595 ξ
526 553 556 586 3.
577 552 694 594 Sicque
714 549 808 583 ctiam
827 549 856 581 in
875 549 1058 592 praemissis
1078 549 1117 582 ab
1133 561 1198 582 oiu-

450 607 543 638 nibus
560 603 696 643 censeri,
724 614 761 635 ac
782 602 876 635 etiam
898 613 955 645 per
974 613 1197 647 quoscumque

447 658 657 691 aliosiudices
673 661 745 696 eux,
764 656 888 688 sublata
904 660 974 694 σία,
988 655 1122 689 iudicari
1138 662 1193 689 ele.

447 712 576 746 debere:
613 711 807 752 irritumque
839 713 895 741 cle.
929 709 1134 743 decernimus
1169 716 1196 743 et

447 765 648 797 declaramus
668 764 705 796 (le
722 763 823 806 gratia
844 762 986 805 speciali.

491 818 506 861 ξ
526 817 555 850 4.
589 818 658 850 Non
675 815 875 849 obstantibus
896 815 1079 858 praemissis
1100 829 1134 849 ac
1152 817 1197 849 ‹li-

447 876 497 902 cta
517 876 626 903 nostra
646 870 684 902 tle
701 879 765 901 non
787 868 927 901 tollendo
949 868 1018 901 iure
1039 869 1195 912 quaesito,

447 929 475 955 ct
496 922 660 966 quibusvis
685 922 755 954 aliis
779 921 979 966 apostolicis,
1009 923 1196 956 universali-

448 977 507 1009 bus
538 975 851 1019 provincialibusque
872 981 899 1007 et
932 975 1136 1019 synottatitzms
1161 989 1196 1009 ac

447 1030 699 1074 municipalibus
719 1027 1002 1061 constitutionibus
1017 1034 1044 1061 ct
1067 1030 1197 1063 ordina-

447 1084 587 1116 tionibus
612 1083 806 1127 specialibus
831 1087 858 1114 vt
881 1082 1097 1124 generaltt›us;
1125 1095 1197 1117 ncc-

446 1148 510 1170 non
528 1137 621 1170 etiam
634 1137 727 1170 Urbis
742 1142 769 1169 et
784 1135 897 1169 Curiae
910 1136 1084 1176 Romanae,
1103 1138 1195 1170 ctiam

448 1190 629 1223 iuramento
645 1195 701 1223 etc.
718 1189 887 1229 roboratis,
906 1189 1030 1222 statutis
1042 1195 1114 1230 etc„
1135 1192 1196 1224 usi-

447 1243 519 1283 bus,
541 1244 676 1283 naturis,
711 1243 790 1276 stilis
810 1248 840 1275 ct
869 1243 964 1275 etiam
986 1243 1074 1276 novis
1094 1245 1195 1277 resor-

448 1296 655 1337 mationibus;
686 1295 859 1340 privilegiis
894 1296 926 1328 in
952 1307 1069 1338 genere
1097 1299 1143 1330 vel
1165 1298 1196 1331 in

447 1349 569 1393 specie,
602 1350 660 1382 sub
685 1349 947 1393 quilmscumque
977 1350 1142 1384 tenoribus
1168 1358 1195 1384 et

447 1403 569 1443 formis,
587 1414 623 1436 ac
645 1413 718 1435 cum
740 1402 916 1446 quibusvis,
938 1402 1033 1436 etiam
1060 1404 1195 1448 deroga-

447 1456 601 1489 toriarum
619 1455 841 1499 derogatoriis,
860 1456 994 1499 aliisque
1012 1457 1196 1491 efficacibus

446 1515 476 1542 et
500 1509 636 1543 insolitis
666 1509 831 1549 clausulis,
868 1509 1132 1555 irritantibusque
1167 1517 1197 1544 et

445 1563 515 1596 aliis
535 1563 672 1597 decretis·
691 1568 763 1603 eta,
786 1563 882 1596 etiam
903 1569 993 1598 motu
1014 1565 1145 1608 proprio
1166 1572 1196 1599 et

445 1611 713 1651 consistorialiter*
728 1622 785 1650 etc.
809 1629 845 1651 ac
857 1618 935 1651 alias
949 1618 980 1651 in
997 1620 1194 1653 eontrarium

445 1671 685 1714 quomodolibet
707 1671 868 1705 concessis
885 1676 955 1712 etc„
968 1671 1000 1704 in
1012 1678 1194 1716 posterum-

445 1736 507 1768 que
528 1725 754 1766 concedendis,
784 1736 911 1759 necnon
940 1725 1076 1769 legibus,
1099 1727 1194 1760 etiam

446 1778 617 1821 pontificiis
642 1785 672 1811 et
692 1779 913 1823 imperialibus
942 1784 1015 1816 elo,
1047 1780 1139 1814 editis
1165 1787 1193 1814 ct

445 1832 588 1872 edendis,
611 1832 729 1875 quibus
750 1833 913 1873 omnibus,
943 1834 1065 1867 etiamsi
1091 1836 1128 1868 de
1150 1836 1195 1869 eis

445 1890 516 1924 etc„
538 1896 650 1919 eorum
672 1892 800 1919 tenores
820 1892 876 1919 cle.
901 1898 958 1930 pro
982 1889 1074 1931 plene
1091 1895 1119 1921 et
1132 1892 1194 1922 sus-

447 1939 589 1972 ticienter
611 1940 768 1984 expressis
784 1941 949 1981 hahentes,
967 1941 1118 1975 latissime
1135 1944 1194 1976 hac

445 1993 510 2026 vice
523 1993 728 2035 derogamus,
747 1994 925 2037 cett-risque
942 1996 1110 2029 contrariis
1121 1997 1194 2040 qui-

446 2047 658 2091 buscumque,
689 2040 804 2080 statum
835 2052 890 2080 cte.
924 2054 950 2081 ct
981 2051 1094 2083 merita
1121 2062 1195 2083 cau-

445 2111 552 2133 sarum
572 2100 772 2141 huiusmodi,
795 2113 830 2134 ac
852 2102 1101 2145 praemissorum
1124 2116 1193 2138 om-

445 2154 533 2187 nium
563 2160 590 2187 et
617 2154 754 2188 aliorum
784 2156 1040 2190 necessariorum
1067 2164 1194 2192 tenores

444 2212 499 2240 etc.
528 2208 622 2240 etiam
653 2219 711 2252 pro
737 2209 830 2252 plene
857 2214 886 2242 ct
915 2210 1112 2245 sufficienter
1141 2225 1193 2246 cx-

444 2261 561 2304 pressis
585 2262 749 2295 habentes.

488 2316 503 2358 ἓ
524 2315 554 2349 5.
587 2316 740 2348 Volumus
773 2321 879 2349 autem
915 2326 1114 2360 praesentem
1135 2332 1193 2354 no-

444 2373 545 2401 strum
567 2374 689 2402 motuni
718 2369 889 2413 proprium
921 2373 1083 2414 perpetuis
1112 2379 1193 2407 tem-

446 2422 578 2465 poribus
598 2423 727 2463 durare,
757 2434 794 2456 ac
825 2423 911 2456 illius
930 2426 1029 2457 solani
1050 2427 1193 2470 signatu-

447 2487 514 2508 ram
532 2476 692 2517 sufficere,
715 2482 745 2510 et
764 2477 896 2521 ubique,
919 2478 950 2511 in
969 2478 1086 2514 iudicio
1103 2488 1134 2515 et
1144 2494 1194 2516 ex-

447 2535 505 2569 tra,
541 2530 636 2563 fidem
656 2531 774 2572 facere,
810 2532 918 2574 regula
945 2535 1104 2568 contraria
1129 2547 1192 2569 non

447 2582 601 2617 obstante.

592 2637 709 2678 Placet,
732 2643 821 2672 motu
842 2639 984 2683 proprio.
1008 2640 1046 2673 M.

753 2712 867 2721 ——

1044 284 1222 309 BULLAan
1246 284 1395 308 ROMANUM

1573 338 1658 371 XLIJ.

1240 420 1425 452 Proluiln'lin
1448 422 1571 454 iudaeis
1600 424 1785 465 po.x·.s-idcmli
1812 427 1893 458 bona
1927 431 1990 459 sla-

1284 474 1375 509 Iulia,
1398 485 1488 516 quac,
1503 475 1570 507 nisi
1589 477 1771 509 vendantur
1790 478 1828 510 ab
1843 479 1991 512 cisiuscm

1282 529 1419 566 sancita,
1441 529 1604 571 applicata
1625 535 1793 563 censemur
1813 533 1922 566 (Iomui
1937 545 1990 566 ca-

1285 581 1543 614 llmrmncnorzmae
1565 583 1602 615 de
1625 583 1706 616 Urbe
1729 583 1752 616 ¹.

1362 671 1422 699 Pius
1441 672 1511 707 Papa
1530 672 1559 704 V.
1575 674 1652 701 motu
1670 675 1792 709 proprio,
1810 676 1866 703 etc.

1259 782 1262 784 .
1283 749 1337 791 3¹1.
1353 749 1432 783 Cum
1445 762 1503 784 nos
1514 762 1630 795 nuper,
1649 754 1912 789 constitutionem
1923 757 1991 791 feli-

1240 802 1529 837 cisrecordationis
1539 805 1627 838 Pauli
1646 807 1747 850 Papae
1758 808 1876 851 quarti,
1899 821 1991 854 prae-

1239 856 1414 889 decessoris
1431 857 1544 897 uostri‚
1567 864 1678 892 contra
1694 860 1851 894 hebraeos
1871 862 1989 897 editam

1240 909 1436 949 innovantes,
1478 911 1560 944 inter
1593 917 1699 945 cetera
1733 915 1940 949 statuerimus
1959 923 1991 951 et

1240 963 1595 1007 mandaverimusqnod
1609 965 1752 1007 hebraei,
1773 973 1834 1000 tam
1854 968 1886 1002 in
1906 970 1990 1004 alma

1240 1016 1322 1049 l⁷rhe
1348 1023 1467 1057 nostra,
1499 1029 1595 1061 quam
1617 1018 1648 1052 in
1669 1020 1834 1063 quibusvis
1853 1021 1924 1056 aliis
1944 1024 1988 1057 ci-

1239 1070 1398 1108 vitatibus,
1423 1071 1516 1104 terris
1535 1077 1565 1104 et
1580 1072 1660 1105 locis
1680 1079 1807 1107 sanctae
1826 1075 1989 1111 Romanae

1239 1123 1399 1157 Ecclesiae
1440 1126 1609 1169 temporali
1652 1127 1795 1161 dominio
1823 1129 1987 1172 subiectis,

1240 1176 1322 1209 bona
1348 1177 1524 1211 immobilia
1560 1190 1616 1222 per
1645 1190 1699 1213 eos
1728 1191 1885 1224 possessa,
1908 1183 1989 1218 infra

1238 1235 1366 1273 tempus
1406 1242 1464 1275 per
1497 1232 1701 1275 magistratus
1730 1235 1987 1279 praefigendum,

1238 1294 1302 1316 non
1337 1285 1538 1318 obstantibus
1570 1286 1695 1319 indulto
1723 1292 1753 1320 et
1782 1290 1989 1324 concessione

1238 1337 1357 1369 eisdem
1378 1338 1526 1371 hebraeis
1548 1350 1607 1382 per
1626 1339 1728 1373 felicis
1757 1342 1990 1377 recordationis

1238 1390 1328 1423 Pium
1350 1398 1512 1436 quartum,
1529 1394 1624 1427 ctiam
1637 1395 1916 1438 praedecessorem
1932 1409 1989 1431 no-

1238 1450 1350 1485 strum,
1368 1446 1454 1489 quod
1482 1447 1590 1480 liceret
1616 1448 1660 1481 eis
1685 1449 1769 1481 bona
1788 1449 1913 1484 stabilia
1933 1463 1988 1485 us-

1237 1508 1300 1540 que
1321 1499 1358 1531 ad
1391 1511 1551 1533 summam
1578 1501 1665 1535 millo
1685 1507 1716 1535 et
1735 1502 1988 1546 quingentorum

1237 1552 1429 1585 ducatorum
1450 1554 1521 1587 auri
1543 1554 1581 1587 de
1597 1554 1731 1588 Camera
1745 1560 1856 1590 tenere
1876 1563 1907 1592 et
1916 1570 1989 1604 pos-

1237 1605 1352 1646 sidere,
1376 1607 1468 1645 sacta,
1481 1608 1663 1641 christianis
1682 1610 1820 1644 vendere
1839 1616 1988 1646 teneren-

1236 1664 1300 1697 tur,
1319 1670 1356 1692 ac
1372 1661 1473 1694 multa
1493 1661 1613 1695 eisdem
1634 1662 1796 1704 hebraeis,
1818 1675 1858 1698 ne
1877 1666 1923 1699 eis
1942 1667 1988 1700 fa-

1237 1723 1309 1746 cere
1336 1714 1446 1747 liceret
1473 1715 1747 1759 prohibuerimus,
1774 1719 1892 1762 partim
1914 1730 1989 1754 vero

1237 1772 1268 1799 ut
1298 1767 1393 1801 iidem
1420 1770 1525 1803 facere.
1550 1776 1578 1803 et
1605 1771 1773 1806 observare
1802 1779 1990 1809 tenerentur

1237 1823 1511 1865 praeceperimus3
1534 1830 1562 1857 et
1584 1826 1681 1868 quod,
1706 1825 1728 1858 si
1756 1826 1831 1860 dieti
1857 1828 1987 1863 hebraei

1237 1874 1321 1907 circa
1350 1887 1386 1909 ca
1416 1888 1452 1909 ac
1479 1879 1654 1922 praemissa
1675 1879 1706 1912 in
1731 1880 1839 1924 aliquo
1870 1882 1988 1916 defice-

1237 1934 1318 1967 rent,
1335 1929 1418 1962 iuxta
1433 1932 1618 1975 qualitatem
1631 1933 1750 1973 delicti,
1764 1934 1796 1967 in
1810 1935 1893 1968 dicta
1904 1936 1988 1970 Urbe

1236 1988 1356 2023 nostra,
1390 1996 1446 2027 per
1480 1996 1536 2018 nos
1565 1992 1620 2019 aut
1654 1987 1808 2021 vicarium
1840 1996 1987 2024 nostrum

1236 2047 1290 2069 seu
1313 2038 1392 2071 alios
1415 2050 1433 2071 a
1454 2040 1546 2073 nobis
1574 2040 1788 2084 deputandos,
1811 2048 1841 2076 et.
1861 2043 1893 2076 in
1914 2044 1987 2078 civi-

1236 2091 1365 2129 tatibus,
1389 2093 1480 2125 terris
1501 2099 1528 2127 et
1552 2094 1630 2127 locis
1649 2096 1834 2138 praedictis,
1850 2109 1908 2142 per
1922 2110 1989 2132 ma-

1235 2145 1402 2187 gistratus,
1430 2152 1594 2190 tamquam
1628 2149 1763 2182 rebelles
1790 2155 1821 2183 et
1845 2151 1989 2186 criminis

1236 2200 1339 2232 laesae
1370 2201 1543 2234 maiestatis
1573 2202 1629 2241 rei,
1658 2214 1695 2235 ac
1724 2215 1741 2235 a
1773 2208 1837 2237 toto
1866 2207 1987 2251 populo

1235 2252 1410 2286 christiano
1433 2254 1578 2295 diffidati,
1594 2262 1703 2289 nostro
1723 2264 1750 2290 et
1772 2253 1914 2302 ipsorum
1942 2260 1986 2293 vi-

1236 2307 1313 2339 carii
1347 2318 1383 2340 ao
1404 2308 1663 2352 deputandorum
1685 2317 1713 2344 et
1742 2312 1985 2356 magistratuum

1235 2360 1367 2393 arbitrio
1379 2362 1487 2405 puniri
1500 2370 1640 2406 possent,
1659 2365 1871 2406 (lecrevimus,
1890 2373 1985 2410 prout

1236 2414 1339 2451 latius,
1361 2414 1392 2447 in
1413 2415 1496 2448 dicta
1518 2417 1745 2452 constitutione
1757 2417 1877 2461 nostra,
1893 2420 1986 2454 cuius

1236 2474 1379 2502 tenorem
1395 2473 1468 2509 etc„
1492 2470 1687 2505 continetur.

1261 2522 1293 2565 ,ξ
1319 2522 1349 2554 2.
1385 2523 1439 2563 Et,
1463 2523 1545 2557 sicut
1568 2525 1661 2558 nohis
1686 2536 1790 2570 nuper
1823 2527 1986 2570 innotuit,

1235 2575 1367 2618 quidam
1387 2576 1532 2618 hebraei,
1551 2578 1708 2612 obstinata
1735 2579 1841 2613 adhuc
1869 2582 1985 2615 mentis

1235 2629 1366 2671 duritie,
1384 2630 1469 2664 bona
1490 2631 1625 2673 stabilia,
1643 2638 1753 2666 contra
1772 2639 1918 2669 tenorem
1939 2636 1985 2669 di·

1272 2693 1281 2718 t
1304 2691 1343 2718 Ex
1363 2692 1467 2728 Regest.
1485 2693 1510 2720 in
1527 2694 1635 2722 Archiv.
1658 2695 1714 2722 Vat.

2005 290 2052 314 An.
2070 288 2098 314 C.
2123 288 2187 315 ¹567

2041 778 2088 798 Atia
2111 781 2189 800 consti-

2005 810 2087 830 tutinne
2115 810 2188 831 decre·

2005 843 2064 861 verat
2089 840 2138 861 Pius
2162 842 2187 862 ab

2004 872 2102 894 hebraeis
2139 880 2187 895 ven-

2005 904 2073 925 denda
2088 910 2137 926 esse
2152 906 2187 927 bo-

2004 940 2031 955 na
2045 935 2129 956 stabilia
2149 937 2186 957 suh

2004 972 2075 993 poena
2089 966 2186 994 perduel—

2004 997 2075 1019 tionis.

2026 2549 2062 2571 Cui
2081 2551 2174 2572 constitu

2000 2582 2051 2602 ttoni
2074 2582 2138 2603 variis
2161 2583 2183 2603 fl-

1999 2612 2105 2634 ottonibus
2120 2618 2182 2641 quum

1998 2643 2048 2664 dicu
2063 2643 2149 2666 hubi-aei
2158 2642 2180 2665 it-

1998 2674 2104 2701 luderent,
