2237 3100
79 240 129 267 An.
147 239 174 267 C.
195 240 262 268 1565

102 570 162 591 Aliud
172 569 259 597 privile-

75 603 131 628 gium
148 602 259 623 aedifican-

75 634 133 653 tium.

127 1323 204 1344 Civitas
219 1322 255 1344 Pia

69 1355 159 1381 gaudeat
185 1355 255 1374 onmi-

70 1386 107 1406 bus
137 1385 253 1412 privilegiis

69 1418 162 1438 civitatis
172 1415 253 1438 Leoni-

69 1454 117 1469 nau.

115 2295 254 2316 Exeeutomm

71 2326 179 2353 deputatio
196 2328 217 2346 ot
226 2324 254 2346 lu-

72 2358 170 2380 cunnos.

949 234 1015 259 PIUS
1039 232 1069 257 lv
1093 233 1139 256 PP.

276 290 372 325 etiam
414 289 634 323 Romanorum
667 287 859 323 Pontificum
889 289 1024 334 praede-

276 354 440 379 cessorum
461 348 659 384 nostrorum,
682 347 775 375 aucta
794 342 919 376 decima
935 348 1024 388 parte

276 408 402 439 census,
415 398 573 437 francare,
587 402 660 430 etse
672 397 710 430 ab
726 396 911 430 huiusmodi
927 408 1026 431 censu

274 452 412 487 liberare
431 461 468 484 ac
489 451 628 484 totaliter
645 450 786 484 eximere
806 451 942 484 valeant.

317 506 332 551 ἓ
351 506 404 540 15.
427 505 606 545 Praeterea,
624 504 679 548 qui
698 503 729 536 in
745 504 868 537 civitate
884 504 937 537 Pia
951 504 1025 537 :edi-

273 559 449 600 ficaverint,
472 558 505 591 in
523 558 762 591 venditionibus
782 558 1021 598 viridariorum,

272 614 438 648 vinearum
450 617 481 645 ct
491 616 696 646 terrenorum
708 611 739 644 in
751 611 898 656 partibus
909 612 1025 645 Trans-

272 667 400 702 tiberim
430 665 633 700 existentium
653 692 660 706 ,
681 676 814 710 quoquo
844 665 939 698 medo
963 675 1023 709 pro

272 728 418 765 tempore
437 720 603 759 faciendis,
626 719 695 752 aliis
715 719 770 763 qui
790 719 823 752 in
847 719 930 752 dicta
948 719 1024 752 civi-

272 781 334 809 tate
357 774 412 808 Pia
436 784 501 807 non
530 772 785 813 aedificaverint,
812 773 908 806 etiam
933 773 958 806 si
978 772 1022 805 vi-

272 829 336 864 cini
364 839 474 862 rerum
499 833 529 861 et
552 828 714 861 bonorum
730 827 890 860 venalium
912 827 1024 860 huius-

272 883 358 917 modi
370 883 504 916 existant
515 881 659 921 omnino,
673 880 805 915 arbitrio
816 888 923 915 tamen
938 892 1022 925 prae-

270 939 352 978 fato,
374 936 529 981 praeferri
550 935 672 980 possint
693 940 720 968 et
746 935 902 976 debeant,
926 940 1024 980 prout

271 997 302 1026 et
319 990 596 1035 quemadmodum
617 990 641 1023 si
662 989 712 1023 ius
727 989 863 1033 congrui
879 1000 935 1023 seu
949 1001 1023 1033 pro-

271 1045 437 1085 timeseos‚
459 1043 583 1077 ratione
602 1043 772 1077 vicinitatis
785 1070 792 1084 ,
816 1044 1021 1078 communio-

270 1099 320 1133 nis
337 1099 386 1132 vel
406 1097 483 1132 alias
503 1097 821 1142 quomodocumque,
845 1097 1020 1140 haberent,

270 1154 303 1187 in
332 1152 449 1197 quibus
473 1153 569 1186 etiam
589 1152 644 1196 qui
670 1151 760 1199 prius
785 1151 1019 1194 aedificaverit,

270 1207 384 1242 ceteris
403 1205 615 1251 praeferatur.

312 1260 401 1305 §1st
437 1260 537 1292 Porro
570 1258 688 1292 dictam
722 1258 880 1292 civitatem
910 1259 1019 1301 Fiam,

267 1320 438 1361 postquam
455 1317 639 1347 constructa
659 1317 689 1346 et
709 1312 877 1346 aedificata
902 1313 1019 1355 suerit,

268 1369 364 1403 etiam
384 1379 421 1402 ex
441 1377 528 1401 nunc
547 1372 646 1411 prout
666 1377 701 1400 ex
722 1372 800 1400 tunc
814 1394 821 1408 ,
848 1367 996 1411 regimini
1013 1395 1019 1409 ,

267 1421 548 1462 administrationi,
570 1421 730 1465 gubernio
756 1426 786 1454 et
806 1421 1021 1455 iurisdictioni

268 1477 411 1511 eiusdem
428 1476 573 1509 moderni
586 1480 616 1508 et
634 1485 692 1519 pro
710 1481 855 1519 tempore
884 1475 1021 1509 existen-

267 1531 306 1565 tis
325 1529 490 1575 praefecti,
514 1529 654 1563 adinstar
673 1529 774 1573 ipsius
795 1529 927 1562 civitatis
942 1530 1021 1563 Leo-

266 1585 373 1626 ninae,
391 1595 494 1629 aeque
518 1583 742 1629 principaliter
768 1588 798 1617 et
825 1583 894 1617 sine
914 1584 1023 1628 aliqua

267 1638 458 1679 differentia,
484 1637 690 1677 subiicimus3
722 1637 934 1681 eamdemque
955 1648 1023 1670 om-

267 1693 362 1727 nihus
387 1698 417 1726 et
442 1691 575 1736 singulis
605 1691 798 1735 privilegiis,
821 1691 1019 1731 honoribus,

266 1747 445 1787 favoribus,
465 1745 575 1790 gratiis
595 1750 626 1778 et
645 1745 851 1779 facultatibus
864 1772 872 1786 ,
895 1755 1022 1778 necnon

268 1800 392 1835 statutis
413 1806 443 1834 et
471 1799 778 1839 consuetudinibus,
801 1799 919 1842 quibus
939 1799 1023 1832 dicta

268 1855 376 1889 civitas
396 1854 538 1889 Leonina
557 1853 672 1894 utitur,
695 1853 817 1897 potitur
837 1858 867 1887 et
886 1853 1020 1897 gaudet,

268 1909 334 1950 uti,
370 1908 466 1953 potiri
500 1913 531 1941 et
564 1908 706 1951 gaudere
740 1906 887 1940 similiter
920 1917 1022 1951 aeque

268 1962 489 2008 principaliter
523 1972 637 2006 posse;
675 1961 864 2005 dictumque
898 1961 1022 2005 praese-

269 2022 356 2051 ctum
387 2026 446 2060 pro
474 2021 620 2059 tempore
642 2016 829 2049 existentem
854 2015 1023 2059 utriusque

269 2070 411 2111 civitatis,
431 2069 582 2104 Leoninae
601 2069 749 2103 videlicet
768 2075 864 2113 atque
883 2069 956 2109 Piae,
974 2079 1023 2102 ca-

267 2124 434 2169 pitaneum
474 2134 530 2157 seu
568 2124 768 2169 praesectum
802 2123 1025 2167 principaliter

269 2178 471 2213 denominari
493 2184 523 2212 et
543 2177 680 2211 describi
698 2178 816 2210 debere
833 2178 994 2210 volumus.

313 2233 401 2278 §w
438 2232 560 2266 Dilecto
590 2231 656 2265 tilio
677 2230 858 2271 Vitell'otio,
891 2231 1025 2264 Sanctae

269 2287 386 2322 Mariae
409 2286 441 2320 in
463 2285 606 2319 Via-Lata
640 2284 775 2318 diacono
802 2284 957 2317 cardinali
978 2284 1025 2317 Vi-

270 2341 358 2376 tellio
393 2345 599 2384 nuncupato,
628 2339 795 2379 moderno,
817 2343 847 2372 et
866 2349 926 2383 pro
947 2344 1026 2373 tem-

270 2401 351 2437 pore
369 2389 513 2424 existenti
534 2394 661 2422 sanctae
681 2389 844 2421 Romanae
864 2389 1025 2423 Ecclesiae

272 2440 463 2479 camerario,
485 2449 612 2472 necnon
641 2438 785 2472 eiusdem
813 2437 977 2472 modernis
997 2443 1027 2471 et

274 2500 331 2534 pro
351 2494 498 2534 tempore
518 2487 726 2522 existentibus
743 2488 906 2532 praefecto
921 2493 952 2520 et
966 2487 1028 2521 via—

273 2550 346 2572 rum
367 2538 538 2582 magistiis,
562 2542 652 2570 motu
674 2536 805 2580 proprio
831 2541 862 2569 et
882 2547 919 2570 ex
940 2541 1027 2570 certa

274 2588 419 2629 scientia,
440 2587 583 2621 districte
599 2585 828 2631 praecipiendo
843 2613 850 2626 ,
873 2586 1027 2620 mandan-

273 2643 321 2671 tes
336 2643 496 2681 quatenus
513 2637 573 2681 ipsi
588 2637 635 2669 vel
655 2636 719 2669 duo
731 2641 785 2669 aut
803 2646 887 2669 unus
903 2646 1026 2677 eorum,

354 2691 428 2721 Butt.
452 2691 530 2722 Rom.
552 2690 605 2721 Vol.
632 2689 689 2720 Vll.
867 2690 905 2720 49

1712 221 1777 256 385

1067 297 1126 332 per
1145 297 1177 321 se
1196 287 1243 320 vel
1265 286 1364 320 alium
1385 296 1442 320 seu
1462 285 1553 327 alios,
1576 291 1762 330 praesentes
1783 287 1820 320 li-

1069 347 1151 375 teras
1170 346 1201 375 et
1220 341 1252 374 in
1268 340 1312 374 eis
1333 345 1484 374 contenta
1503 350 1742 383 quaecumque,
1765 340 1820 373 ubi

1068 401 1098 429 et
1128 395 1258 439 quando
1283 405 1366 439 opus
1396 393 1510 434 suerit,
1543 404 1580 426 ac
1604 393 1731 436 quoties
1760 404 1820 438 pro

1067 454 1157 493 parte
1186 449 1323 482 alicuius
1357 448 1597 492 praedictorum
1626 447 1747 480 suerint
1774 459 1822 481 re-

1067 503 1187 547 quisiti,
1206 503 1394 537 solemniter
1414 502 1626 546 publicantes,
1647 512 1684 534 ac
1701 501 1823 534 condu-

1067 557 1210 590 ctoribus
1231 563 1261 590 et
1276 557 1533 597 aedificantibus,
1556 566 1736 600 eorumque
1756 556 1821 589 hae-

1066 611 1198 644 redibus
1223 617 1253 644 ct
1277 610 1539 650 successoribus,
1561 620 1598 642 ac
1619 609 1771 643 omnibus
1791 615 1823 643 ct

1066 660 1200 703 singulis
1225 660 1296 693 aliis
1329 671 1427 703 supra
1461 658 1651 699 nominatis,
1674 658 1705 691 in
1726 670 1821 704 prae-

1067 709 1171 743 missis
1204 710 1342 743 essicacis
1361 708 1556 742 defensionis
1584 708 1745 752 praesidio
1773 719 1821 742 as-

1066 759 1223 800 sistentes,
1246 759 1375 799 saciant,
1388 758 1579 791 auctoritate
1598 763 1719 799 nostra,
1737 769 1820 802 pra:-

1065 814 1170 842 sentes
1184 809 1294 842 literas
1315 814 1346 842 et
1361 807 1469 842 omnia
1495 808 1527 840 in
1547 807 1592 842 eis
1608 812 1759 841 contenta
1778 809 1818 841 ab

1066 858 1228 898 omnibus,
1251 857 1346 891 etiam
1380 857 1440 890 sub
1469 856 1581 900 poenis
1602 867 1716 890 eorum
1737 858 1822 890 arbi-

1065 907 1126 941 trio
1138 907 1341 951 imponendis
1357 911 1388 939 et
1403 906 1615 950 applicandis,
1635 905 1770 939 firmiter
1788 914 1821 941 et

1065 956 1291 990 inviolabiliter
1324 955 1486 989 observari
1505 983 1512 997 ,
1545 956 1681 999 illasque
1714 956 1820 990 debite

1065 1007 1246 1040 executioni
1258 1005 1446 1040 demandari
1458 1010 1646 1049 procurent.
1660 1005 1722 1038 Nos
1734 1006 1819 1039 enim

1064 1056 1127 1089 illis
1151 1062 1182 1089 et
1214 1066 1329 1089 eorum
1368 1055 1521 1095 cuilibet,
1561 1054 1669 1087 omnia
1699 1060 1730 1087 ct
1759 1055 1821 1088 sin-

1064 1106 1139 1150 gula
1160 1106 1334 1150 praemissa
1359 1104 1497 1138 faciendi
1518 1109 1548 1137 et
1568 1104 1767 1147 exequendi,
1791 1111 1819 1138 ct

1064 1166 1148 1199 quae
1177 1155 1210 1188 in
1241 1154 1285 1188 cis
1309 1154 1408 1188 dubia
1428 1152 1611 1192 inciderint,
1635 1153 1819 1186 declarandi

1065 1210 1096 1238 et
1115 1204 1358 1248 interpretandi,
1375 1214 1412 1237 ac
1429 1208 1557 1247 tempus
1577 1208 1608 1235 et
1624 1208 1771 1246 tempora
1787 1203 1819 1235 in

1065 1253 1248 1297 praemissis
1268 1252 1464 1297 prorogandi
1485 1257 1515 1285 et
1539 1252 1743 1292 moderandi,
1767 1263 1820 1286 cc-

1065 1308 1198 1347 teraque
1227 1302 1259 1336 in
1288 1303 1337 1336 his
1366 1308 1396 1336 et
1423 1302 1508 1336 circa
1533 1312 1570 1335 ea
1589 1302 1771 1335 neccssaria
1791 1308 1821 1336 et

1064 1358 1249 1397 opportuna
1282 1352 1430 1396 gerendi,
1454 1353 1601 1396 plenam,
1624 1351 1759 1384 liberam
1788 1357 1819 1384 et

1065 1402 1284 1436 omnimodam
1297 1403 1481 1436 facultatem
1494 1406 1525 1435 et
1536 1406 1725 1447 potestatem
1743 1412 1818 1435 con-

1065 1451 1209 1486 cedimus
1231 1462 1288 1495 per
1308 1456 1502 1496 praesentes.

1109 1501 1123 1545 §
1143 1500 1197 1534 18.
1229 1501 1360 1534 Necnon
1394 1501 1503 1534 onmia
1528 1505 1558 1533 et
1582 1500 1708 1544 singula
1728 1511 1819 1544 prac-

1066 1550 1160 1584 missa
1174 1578 1182 1592 ,
1204 1551 1307 1584 valida
1332 1556 1362 1584 et
1391 1550 1534 1584 efficacia
1555 1550 1707 1592 existere,
1730 1561 1820 1584 suos-

1065 1612 1127 1644 que
1152 1601 1315 1645 plenarios
1335 1606 1365 1634 et
1385 1600 1527 1643 integros
1547 1599 1682 1633 effectus
1710 1600 1818 1633 sortiri

1065 1655 1095 1683 et
1112 1649 1336 1684 inviolabiliter
1356 1649 1531 1690 observari,
1553 1660 1590 1682 ac
1611 1649 1744 1692 singulis
1764 1660 1819 1683 su-

1065 1700 1218 1744 pradictis
1247 1699 1429 1743 suffragari.
1462 1699 1577 1743 Sicque
1607 1699 1640 1732 in
1668 1699 1820 1733 omnibus

1065 1754 1096 1781 et
1129 1749 1263 1793 singulis
1297 1749 1481 1793 praemissis
1512 1759 1571 1793 per
1604 1748 1819 1782 camerarium

1066 1800 1245 1843 praefatum
1279 1803 1310 1832 et
1343 1798 1477 1832 dilectos
1511 1797 1594 1831 filios
1628 1797 1731 1831 dictae
1764 1798 1820 1832 Ca-

1066 1859 1174 1882 merae
1194 1848 1413 1893 praesidentes
1433 1853 1464 1881 ct
1488 1847 1643 1887 clericos,
1665 1858 1702 1881 ac
1722 1858 1820 1891 quos-

1067 1909 1207 1942 cumque
1227 1898 1349 1932 iudices
1373 1904 1401 1931 et
1433 1897 1684 1937 commissarios,
1711 1898 1821 1941 quavis

1065 1948 1256 1982 auctoritate
1289 1949 1478 1991 fungentes,
1515 1946 1609 1981 etiam
1649 1957 1820 1980 causarum

1066 1997 1176 2030 Palatii
1214 1997 1389 2041 Apostolici
1428 1997 1611 2038 auditores,
1645 2007 1681 2030 ac
1719 1996 1821 2040 ipsius

1067 2052 1195 2081 sanetae
1229 2047 1392 2080 Romanae
1425 2047 1585 2081 Ecclesiae
1620 2046 1798 2080 cardinales
1812 2074 1819 2087 ‚

1067 2096 1191 2130 sublata
1212 2096 1256 2130 cis
1281 2102 1311 2131 et
1336 2108 1448 2130 eorum
1470 2096 1602 2130 cuilibet
1635 2096 1746 2140 quavis
1766 2096 1822 2129 ali-

1068 2152 1115 2178 ter
1135 2145 1299 2179 iudicandi
1320 2151 1350 2179 et
1370 2146 1601 2191 interpretandi
1622 2146 1774 2180 facultate
1790 2153 1822 2180 et

1067 2196 1269 2236 auctoritate,
1293 2195 1429 2229 iudicari
1463 2201 1493 2229 et
1526 2195 1652 2229 definiri
1682 2195 1818 2236 debere;

1067 2255 1104 2277 ac
1128 2244 1285 2289 quidquid
1306 2256 1398 2278 secus
1419 2255 1517 2289 super
1536 2245 1585 2277 liis
1605 2256 1623 2278 a
1642 2255 1820 2289 quoquam,

1068 2294 1177 2337 quavis
1192 2294 1395 2335 auctoritate,
1410 2294 1549 2329 scienter
1559 2296 1607 2328 vel
1623 2294 1820 2338 ignoranter,

1068 2344 1214 2377 attentari
1236 2344 1416 2388 contigerit,
1439 2344 1566 2378 irritum
1587 2350 1617 2378 et
1646 2344 1743 2378 inane
1769 2344 1824 2378 de—

1069 2394 1243 2428 cernimus.

1111 2445 1126 2487 g
1146 2444 1200 2478 lt).
1236 2445 1305 2478 Non
1339 2444 1539 2478 obstantibus
1564 2443 1749 2488 praemissis
1784 2455 1820 2477 ac

1068 2493 1233 2537 quibusvis
1253 2493 1539 2527 constitutionibus
1563 2498 1593 2526 et
1613 2493 1823 2527 ordinationi-

1068 2543 1128 2576 bus
1149 2543 1332 2587 apostolicis
1345 2571 1352 2584 ,
1374 2555 1411 2577 ae
1431 2543 1583 2577 Gamerae
1602 2543 1695 2577 Urbis
1716 2549 1746 2577 et
1764 2544 1822 2577 ba-

1069 2592 1178 2627 silicae
1197 2593 1434 2637 praedietarum
1456 2600 1487 2627 et
1510 2594 1647 2627 aliarum
1668 2593 1820 2627 ecclesia—

1068 2653 1140 2676 rum
1162 2653 1199 2676 ac
1219 2643 1489 2677 monasteriorum
1510 2649 1541 2677 et
1560 2643 1715 2678 Ordinum
1735 2653 1816 2686 quo-

1836 231 1885 258 ΑΗ,
1903 231 1931 259 C.
1951 232 2017 259 ¹565

1862 1514 1973 1535 Decretum
1988 1514 2019 1534 ir-

1834 1547 1910 1568 ritaus.

1863 2457 1973 2478 clausulae
1987 2457 2021 2478 de-

1837 2491 1964 2517 rogaturiae.
