2237 3100
39 251 90 288 An.
109 259 137 286 c.
155 259 223 288 1567

97 531 221 560 Diplomatin

40 569 111 586 causa.

917 259 985 283 PIUS
1010 258 1027 281 V
1052 259 1100 282 PP-

238 322 297 346 suo
319 311 460 355 regulari
494 311 652 352 instituto,
675 313 713 345 ad
740 312 794 345 Dei
815 313 944 346 laudem
965 317 994 345 ct

237 365 405 408 religionis
433 365 628 399 christianae
654 365 909 407 incrementum,
934 371 994 399 sta-

236 418 333 452 bilius
351 430 557 464 permanere.

281 473 296 516 §
315 473 346 506 ’1.
375 473 470 514 Sane,
497 485 557 518 pro
585 479 676 517 parte
696 474 804 507 dilecti
825 473 883 506 filii
903 473 993 506 Guil—

236 526 325 559 lelmi
345 527 600 567 Maeannechini,
614 527 741 560 Ordinis
758 528 893 560 fratrum
908 527 994 560 Prae-

237 580 420 613 dicatorum
441 580 645 624 professoris,
664 580 696 613 in
716 591 815 623 regno
831 580 994 613 Hibernia)

236 633 379 674 oriundi,
403 634 489 677 apud
516 634 631 667 Sedem
666 634 865 677 praedictam
886 644 993 676 perso-

236 687 352 720 naliter
381 687 560 728 constituti,
584 692 616 720 et
635 688 831 721 dilectorum
850 687 993 720 filiorum

236 741 384 785 priorum
414 746 445 774 et
466 742 603 774 fratrum
633 742 857 774 universarum
883 741 995 774 domo-

235 805 309 827 rum
321 795 396 828 dicti
417 794 557 835 Ordinis,
588 795 620 828 in
653 795 767 828 eodem
792 805 893 838 regno
920 805 994 828 con-

235 849 430 890 sistentium,
455 849 651 889 nominibus,
668 850 761 883 nobis
777 860 883 893 nuper
904 850 993 882 exhi-

234 901 300 935 bita
320 903 431 946 petitio
448 903 633 936 continebat
645 903 732 946 quod
752 903 837 936 inter
852 903 913 935 alia
930 903 994 946 pri-

234 955 349 999 vilegia
368 962 399 990 et
425 955 562 997 indulta,
581 957 700 1000 quibus
722 956 836 990 diversi
856 956 993 989 Romani

235 1008 407 1043 Pontifices
439 1011 706 1054 praedecessores
729 1010 830 1043 nostri
865 1010 992 1053 praedi-

235 1067 323 1095 ctum
363 1062 529 1104 Ordinem,
566 1074 694 1097 necnon
728 1063 815 1096 illius
844 1063 991 1107 priores,

235 1116 369 1156 fratres,
401 1117 516 1150 domos
544 1122 575 1150 et
612 1118 683 1150 loca
715 1117 747 1149 in
775 1116 860 1150 dicto
893 1127 993 1159 regno

236 1169 454 1211 consistentia,
485 1170 698 1203 diversimode
719 1176 889 1209 ornarunt,
912 1171 992 1203 illud

233 1234 364 1268 quoque
380 1224 425 1257 eis
445 1224 627 1268 specialiter
649 1230 889 1265 concesserunt,
906 1225 992 1268 quod

233 1276 393 1310 dictarum
414 1277 587 1310 domorum
608 1278 641 1310 in
662 1278 777 1311 eodem
797 1288 898 1321 regno
918 1279 991 1311 sun-

233 1330 361 1364 datores
389 1342 426 1364 ac
450 1331 504 1364 alii
524 1342 598 1364 suas
613 1331 655 1364 ibi
669 1332 853 1375 sepulturas
869 1332 991 1375 eligen-

233 1389 281 1417 tes
306 1395 325 1417 a
358 1385 518 1419 solutione
546 1386 659 1419 tertiae
691 1385 790 1430 partis
818 1386 992 1419 canonicae

233 1444 440 1482 nuncupatae
477 1445 509 1472 et
544 1439 832 1472 administrationis
866 1440 992 1483 episco-

233 1492 315 1535 palis
339 1493 463 1526 ratione
488 1493 610 1526 funeris
629 1493 865 1537 parochialium
887 1495 991 1527 eccle-

235 1545 369 1586 siarum,
383 1546 564 1579 rectoribus
576 1547 706 1580 illarum
724 1547 802 1579 alias
818 1547 991 1581 obvenien-

235 1599 285 1641 tis,
299 1609 426 1632 necnon
444 1600 616 1634 oblationis
633 1601 842 1633 candelarum
860 1607 890 1633 et
910 1612 991 1644 quo-

233 1663 452 1697 rumcumque
472 1653 610 1687 aliorum
632 1654 767 1693 iurium,
785 1655 909 1687 ratione
931 1656 992 1688 1111-

234 1706 374 1740 iusmodi
385 1707 537 1740 funerum
546 1708 789 1751 quomodolibet
798 1708 991 1749 debitorum,

234 1759 329 1793 liberi
357 1766 388 1794 et
402 1761 542 1805 exempti
563 1761 626 1793 sint
641 1766 673 1794 et
697 1772 764 1794 esse
786 1768 991 1802 censeanlnr;

234 1814 388 1858 quodque
432 1815 547 1847 fratres
581 1814 754 1847 domorum
786 1815 990 1856 huiusmodi,

235 1877 348 1901 omnes
364 1873 394 1901 et
414 1868 557 1911 singulas
572 1868 723 1909 decimas,
737 1868 859 1901 ratione.
881 1869 993 1902 scudo-

236 1932 308 1955 rum
326 1922 403 1965 ipsis
419 1922 570 1955 domibus
585 1923 783 1965 pereosdem
808 1922 994 1955 fundatores

236 1985 273 2008 ae
285 1985 511 2018 quoscumque
527 1975 606 2008 alios
622 1975 846 2008 christifideles
866 1976 993 2009 relicto-

236 2028 438 2069 rum‚libere
466 2029 593 2070 exigere
614 2033 642 2061 et
665 2029 832 2072 percipere
858 2029 992 2072 possint,

236 2086 334 2124 prout
355 2081 387 2113 in
406 2081 509 2113 literis
538 2082 723 2124 apostolicis
750 2082 890 2125 desuper
916 2093 993 2115 con-

237 2134 327 2167 sectis
348 2135 475 2177 plenius
496 2134 693 2167 continetur.
717 2134 777 2167 Pro
800 2140 889 2178 parte
918 2135 995 2168 dieti

237 2188 414 2227 Guillelmi,
429 2188 523 2220 etiam
537 2188 630 2220 dietis
641 2188 838 2228 nominibus,
854 2199 995 2222 asseren-

238 2242 277 2275 tis
292 2242 380 2286 quod
394 2247 536 2275 rectores
547 2242 693 2285 praefati,
706 2253 833 2276 necnon
848 2243 994 2276 locorum

237 2295 405 2335 ordinarii,
428 2296 663 2329 cathedralium
684 2297 895 2329 eeclesiarum
912 2309 995 2341 prte-

237 2349 294 2382 lati
313 2354 345 2382 et
368 2349 553 2393 superiores
578 2360 614 2383 ac
638 2350 753 2383 diversi
770 2350 823 2382 alii
845 2351 946 2384 multa
963 2352 995 2384 in

239 2403 307 2436 dies
334 2403 519 2447 gravamina
542 2404 718 2448 prioribus,
747 2404 909 2445 fratribus,
938 2405 995 2438 do-

239 2452 346 2485 mibus
362 2458 393 2486 et
404 2453 483 2485 10015
495 2453 677 2496 praedictis,
695 2464 793 2496 super
808 2454 996 2487 huiusmodi

245 2501 419 2545 privilegiis
443 2501 475 2534 in
503 2512 616 2535 eorum
638 2513 712 2541 usu,
744 2502 887 2534 inserunt
903 2508 934 2535 et
950 2503 995 2536 ia-

239 2554 360 2591 cturas3
382 2551 461 2593 quin
487 2551 581 2584 etiam
612 2551 651 2583 ab
678 2561 715 2583 eo
744 2555 902 2594 tempore,
931 2562 996 2594 quo

239 2598 361 2632 dictum
373 2610 509 2642 regnum
526 2600 765 2633 haereticorum
780 2600 920 2633 nationis
935 2601 996 2633 An-

239 2648 322 2691 gliae
355 2649 492 2683 audacia
538 2654 567 2682 et
602 2649 720 2682 scholis
748 2648 890 2682 infestari
921 2660 995 2683 eoe-

1685 250 1748 283 547

1036 318 1127 357 ptum
1166 319 1233 353 est,
1269 313 1343 346 dicti
1378 317 1519 346 rectores
1553 318 1584 345 et.
1611 314 1796 357 superiores

1036 367 1194 399 nonnulla
1209 367 1369 410 sepulcra,
1393 365 1516 409 lapides
1541 371 1571 398 et
1594 366 1655 399 alia
1677 377 1794 400 monu-

1037 427 1144 453 menta
1164 420 1310 453 fidelium
1336 421 1576 459 defunctorum,
1597 431 1679 463 quae
1701 420 1733 452 in
1750 420 1794 452 di-

1037 474 1094 506 ctis
1111 474 1274 515 domibus,
1292 473 1437 507 ecclesiis
1458 478 1488 507 et
1507 473 1588 506 locis
1609 479 1794 506 constructa

1037 533 1146 568 erant,
1173 528 1246 561 111110
1268 528 1300 560 111
1320 538 1394 561 511115
1416 527 1537 571 quique
1562 527 1715 560 ccclesias
1731 528 1796 559 vio-

1037 582 1139 614 lenter
1176 587 1406 625 asportarunt,
1441 581 1621 624 eademque
1654 580 1794 613 indebite

1038 641 1196 678 usurpant
1224 641 1255 668 et
1285 636 1441 676 detinent,
1474 635 1505 668 in
1535 646 1601 668 non
1629 635 1792 668 modicum

1036 688 1184 728 Ordinis,
1207 689 1379 721 domorum
1406 694 1436 721 et
1468 689 1603 721 fratrum
1624 688 1793 720 Praedica-

1037 747 1143 775 torum
1173 743 1404 786 vilipendium,
1427 742 1657 775 detrimentum
1688 747 1719 775 et
1748 742 1793 774 ia-

1037 799 1161 828 cturam
1175 822 1182 835 ,
1205 795 1298 827 nobis
1319 795 1377 828 fuit
1392 795 1560 828 humiliter
1576 795 1792 838 supplicatum

1037 854 1071 881 ut
1100 848 1273 891 privilegiis
1298 855 1328 881 01
1348 849 1481 881 indultis
1511 849 1706 892 praedictis,
1737 860 1794 891 pro

1037 912 1151 935 eorum
1173 902 1378 935 subsistentia
1392 902 1540 942 tirmiori,
1559 902 1654 935 etiam
1668 907 1795 934 nostrae

1038 955 1247 998 protectionis
1278 955 1377 988 robur
1406 955 1561 993 adiicere,
1593 961 1618 987 et
1651 955 1728 987 alias
1756 955 1795 986 il-

1037 1009 1143 1042 lorum
1171 1008 1287 1048 statui,
1310 1008 1532 1052 tranquillitati
1567 1014 1598 1041 et
1633 1009 1794 1041 indemni—

1036 1061 1091 1094 tati
1121 1062 1153 1094 in
1188 1063 1248 1095 liac
1278 1068 1368 1106 parte
1394 1062 1520 1105 plenius
1552 1062 1722 1094 consulere
1756 1062 1794 1094 (10

1035 1115 1232 1158 benignitate
1248 1115 1424 1159 apostolica
1441 1115 1661 1158 dignaremur.

1080 1170 1094 1211 ξ
1114 1168 1145 1201 2.
1165 1169 1227 1201 Nos
1240 1169 1348 1211 igitur,
1371 1169 1427 1211 (1111
1449 1173 1582 1202 cunctos
1608 1169 1742 1201 Ordines
1763 1174 1789 1201 et

1036 1222 1186 1265 religiosa
1208 1223 1288 1262 loca,
1317 1222 1355 1254 ad
1388 1221 1461 1254 [idei
1484 1221 1661 1255 catholicae
1683 1222 1793 1255 firma-

1037 1281 1181 1309 mentum
1205 1276 1238 1308 in
1263 1276 1395 1308 tutelam
1417 1275 1573 1315 instituta,
1600 1276 1632 1308 in
1654 1275 1718 1309 suis
1744 1276 1793 1308 iu-

1036 1329 1125 1362 ribus
1140 1335 1170 1362 01
1190 1329 1375 1373 privilegiis,
1398 1329 1600 1372 11111111111111111
1617 1329 1708 1361 nobis
1733 1335 1791 1367 051,

1036 1383 1143 1415 invare
1181 1389 1209 1416 et
1245 1384 1432 1423 0011101010,
1481 1383 1667 1425 eisdemque
1705 1383 1791 1415 omni

1035 1447 1099 1479 quo
1112 1447 1287 1479 possumus
1303 1436 1421 1469 auxilio
1442 1435 1611 1469 subvenire
1633 1441 1792 1473 tenemur,

1035 1489 1237 1532 praedictum
1276 1490 1486 1523 Guillelmum
1515 1489 1659 1532 aliosque
1678 1489 1793 1522 fratres

1034 1554 1051 1575 a
1081 1543 1246 1586 quibusvis
1276 1542 1633 1582 excommunicationis,
1656 1552 1791 1585 suspen—

1035 1596 1133 1629 sionis
1164 1602 1193 1630 et
1219 1597 1397 1637 interdicti,
1417 1596 1551 1640 aliisque
1568 1595 1793 1629 ecclesiasticis

1035 1650 1217 1691 sententiis,
1239 1650 1386 1683 censuris
1407 1655 1437 1683 et
1457 1649 1587 1694 poenis,
1609 1660 1626 1682 a
1644 1649 1715 1682 iure
1744 1649 1792 1681 vel

1035 1702 1074 1735 ab
1107 1703 1250 1742 homine,
1281 1703 1392 1747 quavis
1425 1704 1595 1737 occasione
1620 1704 1668 1737 vel
1697 1714 1793 1736 causa

1036 1757 1119 1797 latis,
1133 1757 1156 1790 si
1174 1757 1293 1801 quibus
1305 1757 1549 1800 quomot'lolibet
1569 1758 1713 1791 innodati
1730 1757 1794 1790 exi-

1036 1816 1133 1851 stunt,
1157 1812 1195 1844 ad
1216 1812 1367 1845 effectum
1389 1812 1608 1855 praesentium
1629 1812 1794 1844 dumtaxat

1037 1865 1315 1908 consequendum,
1339 1866 1455 1898 harum
1485 1865 1568 1898 serie
1593 1865 1794 1898 absolventes

1036 1923 1066 1951 et
1086 1918 1250 1951 absolutos
1269 1920 1337 1952 sore
1363 1925 1541 1959 censentes,
1569 1929 1697 1952 necnon
1727 1919 1793 1963 pri-

1036 1972 1226 2014 vilegiorum
1252 1978 1283 2005 et
1312 1972 1513 2006 indultorum
1553 1971 1792 2015 praedictorum

1037 2030 1163 2058 tenores
1179 2026 1404 2070 praesentibus
1426 2037 1484 2069 pro
1501 2026 1660 2069 expressis
1676 2026 1794 2058 liaben-

1037 2084 1094 2119 tes,
1116 2079 1304 2112 huiusmodi
1324 2079 1614 2123 supplicationibus
1635 2079 1792 2117 inclinati,

1039 2132 1200 2175 praedicta
1239 2144 1365 2166 necnon
1392 2132 1499 2166 omnia
1520 2139 1550 2166 et
1580 2133 1706 2175 singula
1733 2133 1794 2165 alia

1038 2186 1215 2230 privilegia,
1244 2186 1374 2229 gratias,
1403 2187 1635 2226 immunitates,
1659 2197 1793 2220 conces-

1037 2240 1144 2273 siones
1164 2246 1194 2273 ct
1221 2240 1346 2273 indulta
1377 2240 1488 2273 01111111
1520 2246 1546 2272 et
1583 2240 1735 2274 domibus
1764 2247 1790 2273 et

1037 2294 1190 2328 fratribus
1212 2294 1383 2338 praedietis
1404 2306 1461 2338 per
1481 2305 1706 2339 quoscumque
1734 2295 1793 2327 Ro-

1038 2358 1150 2381 manos
1179 2348 1349 2381 Pontifices
1373 2349 1639 2391 praet‘lecessores
1666 2354 1794 2382 nostros

1038 2401 1224 2434 huiusmodi
1252 2402 1497 2445 quomodolibet
1520 2413 1688 2442 concessa,
1718 2413 1792 2436 eum

1038 2455 1188 2488 omnibus
1209 2461 1239 2487 ct
1259 2455 1394 2497 singulis
1415 2455 1446 2487 in
1467 2455 1512 2488 eis
1528 2456 1687 2489 contentis
1707 2457 1795 2489 clau-

1038 2504 1116 2536 sulis
1144 2511 1175 2537 01
1203 2504 1353 2545 decretis,
1381 2504 1573 2538 auctoritate
1602 2505 1790 2549 apostolica,

1040 2558 1149 2586 tenore
1175 2554 1407 2597 praesentium,
1426 2554 1645 2598 approbamus
1671 2561 1701 2587 et
1721 2565 1794 2587 con-

1038 2601 1215 2642 firmamus,
1231 2613 1268 2635 ac
1292 2608 1389 2647 prout
1409 2603 1448 2635 ab
1469 2603 1546 2646 ipsis
1567 2604 1793 2646 praedecesso—

1038 2651 1127 2684 ribus
1152 2662 1305 2686 concessa
1333 2657 1421 2693 sunt,
1449 2651 1639 2687 innovamus
1664 2658 1694 2686 et
1719 2663 1792 2696 per—

1811 259 1860 285 Α11.
1879 258 1907 285 C.
1928 259 1994 286 1567

1877 1178 1993 1199 Coueesnlo

1810 1210 1976 1236 privilegiorum.
