2237 3100
232 264 270 290 An
298 263 328 290 C.
350 262 414 290 15616

262 857 411 877 Thesaumsms

229 893 249 909 et
279 889 312 908 :ilii
343 888 410 914 Papae

229 920 316 940 ministri
329 921 410 946 quando

228 952 330 971 rationem
363 951 409 970 retr

229 983 278 1002 dere
298 982 395 1002 debeant,

274 2361 321 2381 com
355 2378 370 2380 ..

234 2394 288 2412 tani.
306 2392 401 2413 offirlum.

474 252 537 286 3020

431 316 489 360 ipsi
510 315 662 349 Gamerae
683 314 774 348 aliter
793 313 942 357 expedire
963 313 1117 351 videatur,
1146 312 1177 344 in

430 369 498 413 ipso
514 373 692 405 contractu,
719 378 815 410 quem
836 377 910 398 cum
927 366 971 398 eis
990 366 1122 398 Camera
1140 365 1177 398 de

430 428 537 455 cetero
558 421 681 456 inierit,
708 420 918 462 exprimatur,
950 425 979 451 et
1000 419 1053 451 ille
1073 418 1111 451 ad
1132 419 1175 457 id,

428 475 487 508 sub
520 485 623 518 poena
658 473 744 506 mille
778 473 969 505 ducatorum
1003 472 1174 511 similium,

428 529 524 562 etiam
557 527 660 560 eidem
695 526 848 559 Gamerae
886 525 1175 569 applicandorum,

428 592 553 615 necnon
574 580 717 613 eiusdem
741 578 1025 611 administrationis
1044 578 1177 611 rationis

427 634 610 673 amissione,
641 643 724 677 quae
753 632 857 665 statim
879 632 917 665 ab
938 632 983 665 eis
1003 632 1102 665 libere
1122 643 1176 665 au-

427 687 514 727 ferri,
552 692 582 720 ct
610 687 682 719 aliis
711 685 844 719 concedi
878 685 1018 729 possint,
1045 685 1176 719 omnino

426 741 654 783 adstringatur.

470 794 558 837 g46.
591 794 627 826 Et
652 794 786 837 insuper
805 793 893 837 quod
917 794 1078 836 praefatus
1111 794 1177 826 tlte-

426 847 591 881 saurarius
610 847 779 891 generalis,
807 847 845 879 de
878 846 1029 880 omnibus
1054 852 1082 880 et
1117 847 1177 880 sin-

425 901 510 945 gulis
529 901 626 934 rebus
657 906 685 934 et
716 900 863 945 pecuniis
888 900 927 933 ab
951 911 989 934 eo
1009 901 1055 933 rel
1078 901 1177 944 depu-

425 955 497 988 tatis
521 954 587 987 suis
607 953 639 986 in
660 954 747 987 hunc
772 964 875 998 usque
895 953 978 987 diem
1000 955 1177 987 undecum-

425 1019 489 1052 que
513 1013 543 1041 et
573 1007 880 1051 quomodocumque
914 1008 1052 1052 receptis
1073 1014 1100 1041 ct
1122 1019 1175 1041 cx-

426 1061 546 1106 pensis;
564 1072 601 1095 ac
612 1061 707 1094 etiam
727 1060 809 1093 alius
829 1061 1049 1094 thesaurarius
1069 1067 1177 1094 noster

426 1120 581 1155 secretus,
599 1115 638 1148 de
649 1114 910 1158 quibuscumque
921 1115 1079 1158 pecuniis,
1097 1126 1176 1158 quas

426 1168 536 1202 habuit
558 1174 585 1201 et
609 1168 764 1212 percepit,
796 1179 923 1201 necnon
944 1168 1094 1211 magister
1118 1169 1175 1201 do-

426 1233 498 1255 mus
514 1228 642 1262 nostrae,
655 1222 777 1265 accepti
793 1222 963 1265 hucusque
979 1228 1008 1254 et
1025 1222 1173 1266 impensi·⁸

426 1288 463 1309 ac
482 1276 681 1319 gubernator
701 1275 804 1316 Urbis,
828 1281 1021 1319 procurator
1046 1276 1173 1315 fiscalis,

426 1341 553 1363 necnon
565 1329 707 1372 magistri
724 1329 846 1362 riarum
866 1329 1009 1362 eiusdem
1026 1329 1129 1364 Urbis,
1147 1335 1174 1362 et

426 1383 624 1427 quicumque
645 1382 698 1415 alii
720 1383 818 1415 nostri
848 1383 879 1414 in
900 1383 984 1415 alma
1006 1384 1088 1416 Urbe
1114 1394 1177 1415 ma-

425 1437 576 1480 gistratus
595 1442 623 1469 et
654 1436 822 1477 officiales,
856 1441 918 1468 tam
947 1436 1002 1479 qui
1023 1436 1061 1469 de
1083 1448 1175 1481 prac-

426 1490 506 1523 senti
527 1495 612 1530 sunt,
635 1500 732 1532 quam]
752 1490 808 1534 qui
829 1490 860 1522 in
881 1490 1090 1534 praeteritum
1107 1491 1175 1523 sue-

427 1544 502 1584 rint,
521 1543 757 1587 cuiuscumque
773 1550 884 1583 status,
902 1545 1020 1587 gradus
1035 1546 1081 1578 x'cl
1099 1556 1178 1588 prze-

426 1597 620 1631 eminentiac
641 1597 718 1637 sint,
746 1598 783 1631 de
810 1598 1071 1642 quilmscumquc
1102 1609 1178 1632 con-

427 1651 694 1693 demnationibus,
723 1652 946 1686 criminalibus
979 1663 1035 1685 scu
1065 1653 1178 1696 poenis

427 1712 480 1739 aut
515 1705 822 1749 compositionibus,
864 1707 986 1739 ratione
1020 1718 1177 1750 quorum-

427 1770 567 1803 cumque
607 1759 798 1793 delictorum
833 1766 862 1793 ct
896 1772 1178 1806 ‹piarumcumquc

429 1825 611 1853 causarum,
631 1814 670 1846 ab
691 1813 735 1846 cis
754 1814 910 1848 hactenus
931 1815 1031 1855 sactis,
1053 1822 1104 1848 aut
1127 1817 1178 1849 ad-

429 1868 615 1900 ministratis
648 1869 703 1901 vel⁴
729 1869 845 1901 exactis
864 1896 871 1909 ,
893 1876 922 1902 ct
943 1870 981 1902 ad
1011 1870 1177 1904 Camcram

430 1922 643 1966 Apostolicam
667 1923 903 1966 spectantibus:
926 1924 1077 1968 deinceps
1105 1936 1178 1958 vero

430 1976 649 2009 thesaurarius
675 1977 740 2021 ipse
764 1978 934 2020 generalis,
957 1977 1084 2021 singulo
1101 1990 1179 2023 quo-

429 2042 491 2074 quc
516 2030 673 2070 semestri;
701 2032 851 2074 magister
871 2031 986 2064 domus
1006 2037 1112 2065 autem
1143 2045 1178 2065 ac

429 2085 637 2128 gubernator,
669 2085 888 2118 thesaurarius
908 2091 1049 2118 secretus
1078 2093 1107 2119 ct
1128 2087 1179 2119 alii

431 2149 542 2172 omncs
558 2137 703 2182 praefati,
715 2138 842 2181 singulo
853 2139 1006 2172 trimestri
1023 2140 1178 2173 rationem

426 2189 534 2225 'dictae
567 2192 719 2226 Gamerae
753 2192 784 2225 in
820 2198 1011 2237 perpetuum
1047 2194 1180 2228 reddere

433 2252 612 2279 teneantur.

476 2302 490 2343 ξ
509 2300 562 2333 47.
587 2300 756 2344 Proprium
777 2307 885 2334 autem
912 2301 949 2333 sit
974 2301 1057 2334 inter
1077 2309 1181 2336 cetera

326 2354 507 2386 ==1=-‹-····dicti
543 2354 755 2387 commissarii
798 2366 935 2395 munus,
975 2355 1182 2390 demandatus

433 2407 594 2441 iudicibus
627 2407 842 2447 redditiones,
882 2409 1021 2442 rationes
1051 2420 1180 2451 omnes,

433 2456 625 2500 easdemque
655 2457 842 2491 commissas
871 2458 1023 2491 adnotare
1054 2464 1080 2491 et
1114 2459 1182 2492 illa-

435 2516 506 2538 rum
543 2507 680 2538 celerem
716 2506 951 2550 expeditionem
986 2518 1180 2549 procurare,

435 2566 614 2599 curareque
650 2562 683 2588 ut
714 2556 745 2588 id
773 2561 894 2595 totum,
925 2557 1011 2599 quod
1043 2558 1183 2600 perfecto

436 2605 560 2637 calculo
593 2604 754 2648 reliquum
782 2605 875 2638 suerit
901 2605 1003 2638 cidem
1031 2606 1182 2640 Gamerae

434 2653 590 2694 debitum,
612 2653 651 2686 ad
672 2664 786 2687 manus
806 2654 990 2699 depositarii
1010 2656 1181 2700 generalis,

1015 258 1193 283 BULLARIUM
1213 257 1364 282 ROMANUM

1219 312 1266 343 vel
1289 311 1430 350 illorum,
1454 311 1491 343 ad
1513 321 1594 354 quos
1618 312 1804 354 spectaverit
1840 322 1896 344 seu
1917 311 1971 345 de-

1220 371 1344 397 cretum
1365 364 1473 403 suerit,
1495 364 1736 408 quamprimum
1757 375 1792 398 re
1812 365 1879 409 ipsa
1897 375 1970 408 per-

1218 418 1333 450 veniat,
1356 418 1394 450 Et
1413 422 1447 450 ut
1472 418 1632 451 debitores
1652 418 1800 451 remediis
1816 424 1971 463 opportu-

1219 470 1268 503 nis
1288 471 1326 503 ad
1348 470 1438 510 illud,
1457 470 1558 503 donec
1588 469 1696 503 onmia
1716 470 1838 514 integre
1859 482 1970 514 perso-

1219 523 1285 556 luta
1310 523 1441 561 suerint,
1471 523 1718 567 compellantur,
1745 530 1970 559 contractuum

1219 578 1365 610 omnium
1406 584 1502 621 atque
1531 577 1762 622 capitulorum,
1793 579 1970 624 scriptura-

1220 642 1357 674 rumque
1378 630 1409 663 in
1431 630 1563 664 Camera
1587 630 1854 665 celebrandorum
1875 638 1906 666 et
1924 633 1970 667 di-

1219 685 1462 718 scutiendorum
1498 685 1644 730 exempla
1684 686 1818 729 singulis
1845 687 1971 721 clericis

1219 744 1246 771 et
1283 737 1498 771 cameralibus
1522 749 1580 782 per
1605 738 1706 772 dictos
1726 744 1792 773 tres
1811 739 1879 773 dies
1897 746 1971 774 ante

1218 793 1415 825 deferantur.
1439 792 1528 831 Quod
1550 791 1574 825 si
1590 792 1629 825 ab
1645 793 1750 827 officio
1775 793 1821 826 sic
1844 794 1904 827 sihi
1921 794 1970 827 in-

1219 846 1328 879 iuncto
1351 846 1504 879 defecisse
1529 846 1715 887 constiterit,
1737 847 1833 881 unius
1853 848 1972 882 mensis

1219 900 1334 933 salario
1355 905 1385 933 et
1405 900 1557 933 iocalium
1578 900 1738 944 portione,
1761 901 1821 934 sibi
1845 901 1878 934 in
1894 913 1970 946 pro-

1218 954 1302 986 xima
1323 954 1474 988 divisione
1495 954 1682 994 obtentur&
1705 954 1772 987 etsi
1787 954 1904 988 iterum
1920 955 1972 989 de-

1218 1008 1315 1047 ficiat,
1349 1008 1463 1040 salario
1485 1007 1647 1041 semestris
1667 1007 1782 1051 integri
1802 1008 1970 1052 puniatur;

1219 1061 1310 1094 tertia
1330 1072 1404 1093 vero
1425 1061 1503 1101 rice,
1524 1061 1630 1095 officio
1647 1072 1705 1095 suo
1725 1068 1883 1106 perpetuo
1901 1063 1970 1107 pri-

1218 1120 1307 1147 vatus
1332 1119 1452 1147 existat.

1261 1170 1276 1210 ,Ξ
1304 1168 1357 1201 48.
1386 1168 1515 1208 terum,
1541 1179 1615 1201 cum
1636 1179 1752 1213 magna
1780 1174 1876 1213 atque
1905 1180 1972 1203 am-

1985 255 2038 282 An.
2054 254 2082 281 C.
2103 253 2169 282 15612

1999 1186 2170 1214 Computatorum

1220 1221 1269 1265 pla
1290 1221 1435 1263 negocia,
1457 1232 1539 1264 quae
1555 1222 1699 1265 quotidie
1719 1222 1751 1254 in
1767 1222 1900 1256 Camera
1918 1235 1971 1267 ge·
1984 1217 2085 1274 {5⁸3¹oe
2122 1218 2169 1240 ⁰¹¹5*

1219 1281 1347 1314 runtur,
1371 1285 1446 1318 prae
1463 1285 1576 1308 corum
1599 1275 1749 1309 varietate
1769 1281 1865 1320 atque
1887 1278 1971 1315 mul-

1219 1328 1366 1367 titudine,
1389 1329 1547 1371 quaedam
1568 1329 1607 1362 ab
1628 1331 1885 1365 antecessoribus
1912 1342 1970 1365 ne-

1218 1384 1336 1425 glecta,
1373 1382 1489 1425 partim
1524 1382 1556 1415 in
1590 1383 1743 1417 diuturna
1776 1384 1971 1419 obscuritate

1220 1436 1389 1477 latuerint,
1422 1437 1536 1479 partim
1567 1437 1662 1470 etiam
1683 1449 1817 1483 prorsus
1835 1450 1971 1474 evanue-

1220 1491 1299 1531 rint,
1332 1491 1418 1523 unde
1439 1490 1512 1523 dicti
1534 1491 1643 1525 clerici
1674 1497 1703 1525 ct
1728 1494 1915 1535 camerales,
1938 1493 1970 1527 in

1220 1555 1343 1578 summa
1381 1544 1510 1576 illorum
1550 1545 1750 1588 ignoratione
1788 1552 1948 1581 versantes
1962 1574 1969 1587 ,

1220 1600 1412 1643 plerun‘iquc
1433 1598 1558 1631 consilii
1579 1599 1747 1643 ancipites,
1769 1600 1971 1644 saepissime-

1220 1664 1282 1697 que
1300 1652 1454 1691 distracti,
1478 1663 1544 1685 rcm
1564 1653 1665 1697 ipsam
1683 1655 1729 1686 vcl
1750 1653 1971 1697 imperfectam

1222 1707 1404 1750 relinquunt
1428 1708 1487 1747 vel,
1518 1718 1592 1740 cum
1618 1719 1735 1751 magno
1755 1708 1898 1742 eiusdem
1918 1708 1973 1742 Ca-

1222 1772 1327 1795 mcrac
1349 1761 1551 1801 dominicum,
1583 1762 1739 1795 diversam
1760 1767 1875 1806 agunt,
1905 1764 1972 1796 sue-

1222 1816 1347 1860 rintquc
1364 1822 1535 1860 propterea
1550 1817 1590 1849 ab
1606 1817 1682 1860 ipsis
1698 1817 1823 1850 clericis
1837 1823 1866 1851 ct
1882 1828 1973 1861 prae-

1221 1871 1398 1903 sidentilms
1405 1876 1643 1914 computatores
1650 1871 1814 1912 Gamerae,
1825 1883 1888 1905 una
1897 1883 1972 1905 cum

1222 1925 1283 1958 alio
1304 1925 1343 1957 ab
1364 1924 1408 1957 eis
1428 1936 1486 1968 pre
1504 1930 1649 1968 tempore
1669 1925 1853 1966 substituto,
1875 1937 1972 1970 supe-

1222 1979 1363 2012 rioribus
1383 1978 1546 2011 mensibus
1566 1979 1729 2013 constituti
1758 1986 1854 2024 atque
1879 1991 1972 2024 prae-

1222 2033 1294 2066 t'ccti
1315 2043 1412 2065 curae
1433 2032 1625 2065 conficiendi
1650 2033 1768 2066 librum
1795 2033 1970 2074 maiorem,

1223 2087 1254 2119 in
1275 2097 1371 2130 quom
1398 2087 1506 2119 onmia
1527 2087 1566 2119 ad
1586 2087 1752 2120 Camcram
1768 2081 1972 2131 quomodoli-

1223 2141 1273 2173 lwt
1296 2140 1471 2184 spectantia
1491 2140 1522 2173 in
1543 2141 1610 2174 dies
1630 2141 1774 2185 singulos
1793 2142 1832 2175 ab
1856 2141 1902 2174 eis
1924 2140 1972 2174 di-

1223 2194 1336 2227 stincte
1357 2194 1651 2236 conscriberentur,
1686 2202 1782 2240 atque
1799 2201 1899 2229 ·certo
1923 2205 1973 2228 or-

1224 2248 1297 2281 dine
1319 2255 1583 2291 congcicrentur.
1606 2250 1669 2283 Nos
1693 2250 1799 2294 itaque
1816 2251 1890 2289 hoc,
1908 2259 1972 2282 non

1224 2302 1331 2335 minus
1358 2302 1575 2335 necessarium
1610 2315 1707 2347 quam
1737 2304 1826 2343 utile,
1856 2303 1972 2336 harum

1225 2355 1306 2389 serie
1326 2357 1542 2400 approbantes
1562 2362 1590 2390 et
1606 2357 1805 2398 innovantes,
1827 2356 1974 2389 similiter

1225 2410 1394 2444 statuimus
1414 2415 1443 2443 et
1471 2411 1658 2444 ordinamus
1681 2411 1766 2455 quod
1790 2410 1851 2455 ipsi
1873 2411 1974 2453 depu-

1226 2459 1279 2491 tati
1300 2466 1327 2491 et
1350 2459 1518 2503 praetecti,
1541 2470 1652 2493 omnes
1663 2465 1691 2493 et
1705 2460 1846 2502 singulos
1866 2458 1974 2492 introi-

1227 2514 1276 2539 tus
1296 2520 1331 2541 ac
1344 2508 1444 2541 exitus
1455 2508 1557 2541 eidem
1578 2509 1728 2542 Gamerae
1744 2507 1776 2540 in
1792 2507 1859 2540 dies
1878 2507 1973 2540 obve-

1226 2557 1360 2598 nientes,
1382 2558 1581 2601 quicumque
1596 2557 1727 2597 suerint,
1750 2557 1901 2600 illiusque
1918 2557 1973 2590 de-

1226 2607 1365 2641 bitorum
1383 2614 1410 2641 ct
1428 2608 1625 2641 creditorum
1640 2607 1784 2647 nomina,
1807 2607 1973 2650 undequa-

1225 2668 1288 2700 que
1309 2657 1526 2701 provenientia
1547 2657 1579 2690 in
1595 2657 1655 2690 hoc
1671 2656 1740 2700 ipso
1756 2656 1838 2690 libro
1859 2656 1973 2690 maiori
