2237 3100
205 274 255 302 An.
274 273 304 301 C.
323 273 390 301 ¹⁸65

232 751 298 777 Super
324 751 391 771 bono-

205 789 249 802 rum
262 784 391 809 asportatio-

206 818 241 838 ue,

233 1282 343 1308 Bquttundt
365 1283 392 1304 ll-

207 1315 285 1334 cerina.

235 1789 304 1811 Verba
314 1796 361 1817 cnp.
372 1789 392 1810 6.

235 1979 354 2001 Deetarntio
362 1985 394 2000 su-

210 2016 248 2038 pet·
264 2012 394 2037 proprietate

209 2044 231 2062 et
246 2047 284 2061 mu
300 2042 394 2067 pectinis

209 2075 230 2092 οι
246 2072 334 2092 aliorum
354 2072 393 2093 bo-

209 2109 282 2123 norum
293 2103 311 2123 1.

451 261 517 296 406

1006 266 1186 292 BULLARIUM
1210 265 1361 290 ROMANL'M

406 323 647 367 mancipaverit,
669 329 699 355 et
720 323 751 355 in
771 322 914 355 Romana
933 320 1029 354 Curia
1056 318 1157 353 libere
1200 318 1254 361 qui
1275 318 1307 351 in
1327 318 1469 360 generali
1490 317 1644 362 capitulo,
1666 328 1782 362 parurn
1803 323 1875 363 post
1890 319 1958 352 obi-

405 383 435 410 et
460 377 593 421 impune
622 376 727 418 vagari
757 374 951 418 permiserit,
988 373 1026 405 ab
1051 373 1158 405 officio

406 441 464 463 suo
485 431 585 469 cadat,
607 434 635 462 et
658 438 720 461 nor.
735 427 833 470 possit
853 426 990 465 restitui,
1020 425 1081 458 nisi
1102 436 1159 467 per

405 483 589 525 generalem
614 482 661 514 vel
686 482 835 523 generate
865 479 1055 522 capitulum.
1092 478 1159 510 Hoc

406 541 513 568 autem
531 546 595 567 non
616 535 720 567 solum
736 534 774 566 de
792 537 1002 577 procuratore
1018 531 1160 564 Cismon-

406 594 492 627 tane,
507 588 560 620 sed
577 587 672 620 etiam
686 587 725 619 dc
736 586 991 625 Ultramontano,
1008 584 1033 618 si
1050 584 1158 625 suerit,

406 641 615 683 intelligatur.

450 694 651 737 Cuicumque
677 693 848 735 contigerit
870 693 909 725 de
929 692 1079 724 mandato
1106 702 1160 724 sn-

406 747 571 789 periorum
593 747 632 779 ad
652 747 751 779 alium
778 747 887 778 locum
911 745 1158 787 transmigrare,

406 807 555 834 teneatur
578 800 763 843 relinquere
784 799 910 839 cellam,
930 804 957 831 et
980 798 1005 831 si
1025 810 1088 841 qua
1103 798 1161 830 ha—

406 855 459 887 bet
473 855 557 887 bona
569 853 711 886 suousui
728 853 896 896 deputata,
919 851 1078 894 superiori
1099 851 1161 884 loci

407 907 491 939 unde
519 906 664 939 discedit.
693 906 724 939 Si
749 905 822 948 quis
849 915 924 937 vero
954 904 1163 947 asportaverit

406 959 529 1002 aliquid
549 964 636 991 extra
666 964 859 991 conventum
879 957 953 1000 <nisi
973 957 1005 990 id
1026 963 1162 1000 gestaret

406 1023 465 1056 pro
495 1023 552 1044 sua
580 1011 768 1044 necessitate
794 1016 820 1043 et
853 1010 892 1043 de
922 1010 1097 1053 superioris
1127 1011 1163 1043 li-

407 1065 536 1107 centia),
560 1065 646 1098 illico
659 1064 696 1097 iis
707 1064 801 1097 bonis
821 1064 962 1107 privatus
983 1064 1022 1097 sit
1041 1070 1072 1097 et
1092 1075 1163 1107 pro-

407 1118 544 1162 scriptus
568 1130 586 1151 a
614 1123 773 1151 conventu
802 1117 841 1149 ad
870 1117 1041 1150 arbitrium
1066 1128 1162 1160 supc—

407 1171 514 1205 rioris.

450 1225 613 1258 Cavebunt
648 1226 744 1258 etiam
775 1224 958 1268 superiores
988 1234 1028 1256 ne
1058 1224 1162 1257 omni-

406 1277 466 1311 bus
481 1279 599 1322 passim
612 1279 787 1311 concedant
805 1277 966 1309 licentiam
984 1277 1159 1320 equitandi,

407 1332 596 1375 praesertim
617 1332 769 1364 fratribus
789 1330 983 1371 iunioribus,
1013 1330 1069 1373 qui
1090 1336 1160 1362 sunt

407 1386 558 1418 robustae
575 1385 808 1428 complexionis
821 1391 852 1417 ct
867 1384 899 1416 in
916 1383 1082 1416 literarum
1099 1390 1164 1416 stu-

407 1438 466 1471 diis
492 1450 556 1472 non
585 1450 616 1471 se
642 1444 815 1478 exercent;
851 1437 996 1481 quamvis
1029 1437 1162 1470 intentio

406 1491 490 1525 beati
511 1492 673 1525 Francisci
697 1492 729 1524 iu
752 1492 811 1524 hac
832 1496 922 1535 parte
944 1491 1050 1535 potius
1070 1501 1162 1534 pom-

407 1555 481 1588 pam
502 1551 533 1578 et
553 1547 668 1579 fastum
690 1545 852 1589 respiciat,
880 1555 976 1588 quam
998 1543 1163 1587 equitandi

406 1600 681 1642 opportunitatem
702 1600 861 1632 excludat.

707 1705 781 1739 Car.
811 1706 858 1738 lv.

406 1781 579 1825 Praecipio
603 1782 743 1824 firmiter
768 1781 928 1823 fratribus
948 1781 1107 1814 tmiversis
1128 1785 1163 1813 ut

559 1835 647 1868 nullo
668 1835 759 1867 modo
779 1835 930 1867 denarios
953 1839 1009 1868 ele.

452 1919 486 1952 In
506 1920 569 1953 hoc
595 1919 736 1963 capitulo
762 1930 839 1952 usus
860 1919 1073 1963 pecuniarum
1094 1930 1163 1953 om-

408 1973 499 2005 nium
533 1984 591 2016 per
611 1984 643 2006 se
666 1974 715 2006 vel
740 1972 962 2016 interpositam
993 1984 1163 2016 personam

408 2026 534 2059 videtur
553 2026 685 2059 omnino
703 2026 855 2059 fratribus
872 2026 1164 2070 lilinoribusprima

408 2079 513 2112 fronte
534 2079 735 2119 interdictus,
762 2079 805 2111 ita
834 2090 949 2112 sonare
972 2079 1099 2112 videtur
1125 2080 1163 2112 li-

407 2138 492 2165 tera:
516 2133 571 2166 sed
590 2132 695 2165 statim
717 2138 823 2165 tamen
840 2132 872 2164 in
892 2132 1084 2175 quibusdam
1111 2144 1163 2166 ea-

407 2184 496 2217 sibus
515 2185 642 2218 videtur
666 2196 850 2225 concessus,
878 2184 933 2217 ubi
956 2184 1088 2218 dieitur:
1105 2186 1163 2218 Ta-

408 2247 483 2270 men
499 2248 557 2281 pro
574 2237 820 2271 necessitatibus
831 2236 1037 2270 infirmorum
1054 2243 1081 2270 et
1095 2238 1164 2271 aliis

408 2285 560 2318 fratribus
586 2286 769 2327 induendis,
792 2290 822 2318 et
847 2285 933 2329 quod
955 2286 1068 2319 fratres
1089 2297 1163 2330 pos-

406 2334 469 2367 sint
489 2335 646 2378 equitare,
673 2336 698 2368 si
713 2334 902 2368 necessitate
928 2340 1085 2377 cogantur
1104 2340 1160 2368 oto.

406 2382 592 2424 Praeterea,
623 2388 659 2416 ut
675 2383 892 2416 communiter
911 2382 1164 2426 interpretantur

408 2431 556 2465 doctores
583 2437 613 2465 et
640 2432 815 2476 praecipue
844 2436 984 2474 quatuor
1006 2432 1160 2474 magistri,

445 2490 455 2515 1
479 2489 518 2515 Tu
539 2489 680 2516 recordare
699 2489 772 2524 quod
790 2489 886 2518 bullae.
908 2497 976 2524 quae
999 2489 1041 2516 liic
1066 2490 1091 2515 ia
1113 2490 1163 2516 sme

407 2529 487 2556 huius
503 2530 610 2564 capituli
630 2531 757 2562 citantur,
778 2533 841 2557 suut
861 2531 1001 2557 remissive
1034 2531 1163 2558 indicatae

408 2567 450 2596 hic
470 2570 495 2596 in
521 2570 595 2596 rubr.
617 2570 650 2596 Et
669 2571 804 2597 concessio
824 2570 926 2597 concilii
946 2570 1032 2603 Tridi,
1054 2570 1095 2597 hic
1116 2580 1162 2606 pa-

408 2609 472 2635 riter
497 2609 617 2645 allegata,
641 2610 736 2645 tegitur
756 2609 781 2637 in
801 2618 867 2637 sess.
886 2618 956 2643 xxv,
975 2611 1012 2636 De
1022 2611 1161 2644 licaretur„

407 2657 466 2684 cap.
484 2649 511 2676 3.

1201 377 1268 404 tum
1289 372 1373 404 beati
1393 371 1573 413 Francisci,
1596 372 1665 404 eius
1684 373 1839 415 Regulam
1860 372 1959 417 expli-

1201 429 1328 465 cerunt,
1350 424 1509 465 videlice-1,
1532 425 1710 458 Alexander
1719 426 1757 459 de
1773 426 1858 467 Ales,
1876 425 1960 459 Gau-

1202 478 1322 518 fredus,
1342 477 1477 510 Ioannes
1494 478 1533 510 de
1553 478 1688 521 Rupella
1704 484 1734 511 et
1748 479 1905 512 Ricardus
1920 479 1959 512 de

1202 590 1332 627 recepta
1352 590 1408 624 est,
1438 584 1605 617 sciendum
1634 590 1680 617 est
1703 585 1791 628 quod
1813 585 1960 629 recipere

1203 638 1376 681 pecuniam
1406 649 1464 681 per
1500 649 1552 678 se,
1588 643 1634 671 est
1668 649 1738 671 eam
1770 638 1960 672 auctoritate

1204 691 1335 734 propria
1369 690 1556 733 dispensare
1584 697 1615 724 et
1641 691 1673 723 in
1706 701 1781 724 suos
1810 692 1960 735 proprios

1204 754 1281 776 usus
1302 748 1507 783 convertere;
1529 743 1674 787 recipere
1695 755 1769 777 vero
1786 755 1844 788 per
1863 744 1961 777 inter-

1204 797 1340 840 positam
1362 808 1550 841 personam,
1582 803 1629 831 est
1648 809 1718 831 eam
1739 798 1770 830 in
1792 809 1887 831 usum
1916 799 1962 830 al-

1205 850 1303 883 terius
1333 851 1522 884 auctoritate
1554 851 1686 895 propria
1717 856 1904 884 convertere
1931 856 1962 884 et

1205 904 1401 947 dispensare.
1429 905 1521 944 Quod
1541 904 1654 938 fratres
1676 905 1815 938 Minores
1832 905 1961 947 regula-

1205 957 1282 990 riter
1306 969 1371 991 non
1402 959 1565 998 fecerunt,
1598 958 1720 1002 quippe
1749 958 1804 1002 qui
1824 957 1962 991 confessi

1205 1010 1268 1043 sint
1297 1022 1425 1055 semper
1459 1011 1567 1044 onmia
1593 1011 1682 1052 iura,
1719 1011 1901 1044 dominium
1932 1017 1963 1045 et

1206 1064 1436 1107 proprietatem
1456 1065 1617 1097 bonorum
1638 1064 1783 1098 omnium
1806 1076 1864 1098 suo
1888 1065 1963 1098 usui

1205 1117 1435 1160 deputatorum
1456 1128 1554 1160 penes
1578 1117 1754 1150 Ecclesiam
1784 1117 1962 1150 Romanam

1206 1169 1356 1211 extitisse,
1371 1182 1431 1203 usu
1441 1170 1514 1203 sacti
1527 1170 1682 1213 simplicis
1691 1170 1834 1203 contenti
1847 1181 1854 1211 ;
1876 1170 1962 1204 unde

1207 1235 1275 1256 mos
1296 1224 1349 1257 ille
1370 1223 1509 1263 inolevit,
1527 1228 1557 1256 et
1573 1229 1732 1256 servatum
1757 1224 1915 1257 hactenus
1929 1223 1963 1256 in

1207 1276 1373 1319 lleligione
1400 1287 1528 1320 semper
1553 1276 1623 1315 suit,
1650 1281 1686 1309 ut
1705 1276 1786 1309 nulli
1806 1287 1962 1321 umquam

1206 1330 1345 1371 licuerit,
1369 1330 1464 1363 etiam
1490 1330 1523 1362 in
1552 1330 1682 1371 Ordine,
1704 1330 1877 1364 haeredem
1903 1330 1962 1365 sihi

1206 1383 1385 1423 nominare,
1408 1393 1514 1426 neque
1530 1383 1652 1427 aliquid
1671 1383 1843 1427 disponere
1862 1384 1901 1417 de
1913 1395 1963 1419 re-

1205 1436 1265 1469 bus
1286 1448 1344 1469 sno
1364 1436 1438 1469 usui
1458 1436 1638 1480 applicatis,
1661 1436 1757 1470 ctiam
1778 1437 1803 1470 si
1823 1448 1861 1471 ex
1879 1438 1962 1472 inte-

1206 1495 1297 1529 stato,
1321 1495 1375 1522 aut
1395 1490 1457 1523 alio
1478 1500 1687 1534 quocumque
1712 1491 1808 1524 modo
1829 1491 1889 1524 sibi
1903 1492 1963 1525 ob-

1205 1543 1362 1583 venerint,
1377 1543 1437 1576 nisi
1456 1543 1627 1577 accesserit
1647 1543 1695 1576 sui
1726 1544 1904 1588 superioris
1923 1544 1963 1578 li-

1206 1596 1320 1636 centia,
1341 1608 1424 1640 quae
1439 1607 1504 1630 non
1520 1596 1581 1629 nisi
1601 1608 1638 1630 ex
1662 1597 1846 1630 rationabili
1867 1608 1965 1631 causa

1206 1648 1357 1689 dabatur,
1380 1661 1462 1694 quae
1483 1656 1589 1683 tamen
1610 1650 1718 1690 hodie,
1736 1656 1808 1694 post
1835 1650 1964 1685 decreta

1206 1701 1381 1737 Tridentin.
1401 1703 1525 1748 synodi,
1540 1704 1680 1747 amplius
1690 1703 1758 1736 dari
1769 1703 1960 1748 nonjpotest.

1250 1757 1341 1796 Quod
1361 1768 1435 1790 vero
1455 1757 1495 1789 ad
1516 1762 1637 1789 tactum
1657 1757 1872 1801 pecuniarum
1889 1757 1963 1791 atti-

1207 1816 1276 1852 net,
1313 1822 1350 1844 ex
1387 1810 1563 1854 apostoliea
1600 1810 1791 1843 anctoritate
1827 1811 1965 1844 habetur

1206 1864 1293 1908 quod
1315 1869 1417 1897 tactus
1437 1869 1491 1896 aut
1512 1864 1721 1896 contrectatio
1747 1863 1883 1908 simplex
1905 1875 1963 1908 pe-

1207 1917 1379 1951 cuniarum
1416 1917 1545 1950 nullum
1585 1917 1709 1950 crimen
1736 1922 1792 1950 aut
1825 1917 1965 1961 turpitu-

1207 1971 1313 2004 dinem
1334 1970 1502 2015 impingit,
1522 1970 1577 2004 sed
1593 1970 1716 2004 crimen
1737 1976 1783 2004 est
1802 1970 1835 2003 in
1855 1971 1963 2004 animo

1208 2024 1325 2065 fratris,
1347 2023 1586 2068 quipecuniam
1601 2024 1650 2056 vel
1674 2034 1766 2057 avare
1786 2024 1902 2068 recipit
1915 2024 1964 2057 vel

1207 2079 1359 2119 occultat,
1389 2082 1443 2110 aut
1464 2077 1533 2110 eius
1554 2076 1734 2110 dominium
1763 2082 1794 2110 et
1818 2076 1964 2121 proprie-

1208 2136 1303 2164 tatem
1338 2131 1370 2163 in
1404 2142 1436 2164 se
1469 2130 1618 2163 transfert
1645 2135 1757 2163 contra
1786 2130 1960 2173 Regulam,

1206 2196 1303 2228 quam
1325 2185 1488 2228 professus
1505 2189 1569 2224 est;
1587 2183 1675 2227 quod
1694 2183 1831 2227 explicat
1849 2183 1962 2216 beatus

1206 2238 1228 2270 F
1232 2237 1440 2270 ranciscusin
1450 2237 1553 2281 capite
1565 2242 1664 2277 sexto,
1685 2247 1759 2270 cum
1784 2232 1860 2269 dicit
1875 2237 1961 2270 Fra-

1207 2291 1438 2323 tresm'lce'lsihc'
1455 2291 1677 2334 approprient,
1696 2295 1756 2323 etc.
1778 2290 1889 2334 Neque
1903 2299 1961 2333 pu-

1205 2345 1338 2377 tandum
1371 2349 1418 2377 est
1451 2345 1580 2377 beatum
1610 2344 1819 2377 Franciscum
1848 2348 1959 2376 conta-

1206 2402 1293 2430 ctum
1309 2398 1522 2441 pecuniarum
1543 2397 1724 2440 simplicem
1743 2395 1959 2440 prohibuisse,

1206 2456 1279 2478 cum
1296 2445 1327 2478 id
1338 2447 1544 2488 Evangelium
1560 2456 1625 2478 non
1637 2445 1814 2489 prohibeat.
1837 2444 1960 2487 Regula

1204 2505 1278 2527 vero
1294 2494 1362 2527 eius
1379 2495 1418 2528 sit
1434 2495 1525 2534 haec,
1543 2499 1578 2527 ut
1589 2494 1656 2538 ipse
1676 2493 1792 2536 inquit,
1811 2497 1959 2526 sanctum

1204 2543 1412 2586 Evangelium
1433 2544 1612 2576 observare.
1635 2543 1673 2575 Et
1687 2541 1777 2575 divus
1797 2541 1961 2575 Bonaven-

1206 2597 1277 2624 tura
1309 2592 1386 2626 dicit
1422 2593 1509 2636 quod
1534 2592 1601 2624 sine
1628 2601 1787 2624 consensu
1815 2601 1882 2624 non
1905 2601 1959 2624 ac-

1204 2641 1345 2684 quiritur
1369 2641 1543 2687 possessi0;
1570 2650 1646 2684 ergo
1670 2639 1826 2684 quamdiu
1849 2644 1960 2675 manet

1973 264 2024 293 An.
2040 265 2070 294 C.
2089 263 2158 293 ¹⁸6³
