2237 3100
445 265 510 300 522

445 327 460 370 ἓ
477 327 530 361 16.
548 327 612 361 Nec
627 327 727 370 aliqui
744 338 780 360 ex
793 328 960 371 hospitalis
977 335 1003 361 ct
1023 328 1156 360 militiae

241 388 350 424 Ειςυψῑῐο
376 396 387 408 a
407 381 438 414 S.
463 381 571 414 Lazari
597 382 763 418 fratribus,
785 382 924 419 donatis,
946 382 1156 414 servitoribus

199 421 388 477 ῗξῗῑζῃζζᾎξιψζᾞῖ
401 435 543 468 vassallis
563 440 594 468 et
615 435 738 467 colonis
758 435 789 466 in
819 435 1017 477 prioratibus
1036 463 1043 475 ‚
1066 447 1155 468 rom-

200 484 386 539 {lli‘cfffg'orffi'ffij
402 487 538 528 mendis,
561 487 722 526 domibus,
751 487 964 530 hospitalibus
982 514 989 527 ,
1012 488 1156 532 leprosa-

202 544 259 564 v0¹³
274 545 386 564 mimum
402 540 457 573 riis
476 546 529 573 aut
552 540 622 573 aliis
651 539 817 583 quibusvis
843 540 1012 573 beneficiis
1029 567 1037 578 ,
1067 553 1157 584 prae-

199 576 305 628 ἐἶῗιῗέζξο
322 579 387 631 Εῗέῒῑ
401 593 461 626 diis
477 593 539 626 sive
555 592 708 636 grangiis,
719 593 1028 637 quomodocumque
1044 606 1061 628 a
1072 595 1156 628 dicto

199 638 387 697 ξζζξῗξῑζῗέᾈξῗ
402 645 550 689 hospitali
584 645 854 688 dependentibus,
885 646 918 679 in
946 647 1157 690 quibuscum-

199 702 244 735 ciae
264 701 387 726 regimim·
400 709 462 743 que
483 698 564 731 locis
582 727 589 740 ,
612 699 671 732 sub
703 710 991 744 quorumcumque
1018 701 1155 745 patriar-

198 734 277 759 ⁹⁰m³⁹
399 753 549 792 charum,
560 752 896 796 archiepiscoporum,
910 754 1153 798 episcoporum,

399 806 658 845 universitatum,
676 806 900 850 hospitalium,
912 813 1089 849 rectorum,
1102 820 1155 842 ec-

398 859 572 892 clesiarum
592 859 751 892 limitibus
778 865 809 893 et
836 860 1061 894 iurisdictione
1081 873 1156 895 con-

398 913 498 946 stituti
517 939 525 953 ,
547 913 690 946 decimas
728 919 784 946 aut
817 915 1007 948 canonicam
1034 916 1156 959 portio-

398 977 471 1000 nem
516 978 573 1000 seu
608 967 810 1000 caritativum
851 968 1032 1002 subsidium
1053 997 1061 1011 ,
1102 976 1155 1003 aut

397 1026 529 1064 quartas
549 1026 754 1065 nuncupatas
768 1048 775 1061 ,
798 1032 856 1054 seu
877 1022 955 1055 alias
980 1034 1155 1065 quascum-

396 1085 460 1119 que
480 1075 632 1108 collectas
656 1085 713 1108 seu
734 1075 1004 1116 contributiones,
1030 1082 1093 1109 tam
1119 1087 1155 1109 ex

397 1128 539 1172 antiquis
558 1128 728 1172 hospitalis
748 1129 779 1162 S.
807 1129 959 1163 Lazariet
978 1129 1156 1164 beneficio-

399 1193 472 1215 rum
507 1182 696 1215 huiusmodi
722 1182 859 1216 culturis
876 1209 884 1223 ,
919 1194 1018 1226 quam
1048 1195 1085 1216 ex
1105 1195 1156 1218 re-

400 1240 512 1269 center
522 1235 617 1268 cultis
629 1235 810 1275 novalibus,
828 1236 1045 1280 alicuiquovis
1061 1238 1156 1271 modo

399 1289 522 1322 solvere
547 1293 731 1329 teneantur,
754 1288 814 1322 nisi
840 1294 937 1332 prout
956 1289 1010 1322 alii
1031 1292 1158 1334 regula-

399 1353 450 1375 res
470 1341 611 1374 cuiusvis
631 1341 764 1374 militiae
794 1342 930 1382 milites,
952 1345 1158 1385 generalibus

399 1395 447 1428 vel
468 1394 663 1438 specialibus
683 1394 769 1428 circa
785 1395 848 1428 hoc
868 1396 1045 1439 privilegiis
1072 1399 1156 1442 paci-

400 1449 461 1482 fice
480 1448 660 1491 gaudentes
677 1474 685 1487 ,
709 1449 833 1482 solvere
853 1455 1024 1490 tenentur,
1047 1462 1064 1484 a
1083 1452 1156 1495 qui-

399 1502 460 1535 bus
480 1502 634 1535 omnihus
663 1502 886 1535 exactionibus
905 1531 912 1544 ‚
944 1509 1040 1547 atque
1061 1506 1156 1538 etiam

399 1566 481 1589 novo
506 1555 649 1588 subsidio
665 1582 676 1595 ,
703 1556 870 1589 carissimo
890 1556 924 1589 in
944 1556 1070 1591 Christo
1090 1559 1157 1593 filio

400 1616 510 1643 nostro
530 1609 681 1653 Philippo
702 1610 931 1653 Hispaniarum
950 1611 1017 1654 regi
1039 1612 1071 1644 in
1092 1613 1158 1646 suis

400 1663 508 1707 regnis
533 1673 592 1707 per
611 1674 838 1708 quoscumque
853 1664 1016 1698 Romanos
1024 1666 1157 1700 Pontifi-

401 1727 454 1750 ces
488 1717 755 1761 praedecessores
788 1723 918 1751 nostros
942 1729 1109 1760 concesso,
1128 1725 1158 1753 et

400 1769 558 1804 canonica
584 1769 733 1813 portione
757 1781 813 1804 seu
837 1776 953 1814 quarta
968 1779 1157 1817 nuncupata

402 1823 434 1856 in
455 1823 610 1856 Franciae
644 1823 752 1865 regnis
786 1823 960 1867 imposita,
992 1836 1118 1859 necnon
1141 1837 1158 1859 a

400 1876 664 1920 quibuscumque
689 1876 760 1909 aliis
781 1878 1007 1919 facultatibus,
1029 1880 1159 1922 regibus

401 1930 589 1963 huiusmodi
613 1935 644 1963 et
671 1930 742 1964 aliis
763 1931 967 1974 principibus
996 1934 1159 1967 concessis

400 1984 449 2016 vel
470 1983 687 2016 concedendis
707 1984 739 2016 in
760 1984 918 2025 futurum,
947 1986 1056 2019 onmia
1082 1987 1157 2020 dicti

401 2036 569 2081 hospitalis
589 2038 672 2078 loca,
700 2048 827 2071 necnon
848 2039 1060 2072 ecclesiarum
1080 2051 1159 2084 quo-

402 2090 643 2134 modocumque
659 2102 676 2124 a
696 2091 782 2125 dicto
801 2092 952 2135 hospitali
973 2093 1159 2137 dependen-

402 2144 483 2176 tium
500 2145 654 2185 fabricae,
677 2145 716 2178 ad
738 2147 922 2190 exemplum
948 2147 1085 2180 aliarum
1108 2160 1159 2182 re-

401 2197 565 2240 gularium
587 2198 776 2232 militiarum
798 2200 961 2239 locorum,
979 2201 1042 2234 sint
1058 2201 1159 2235 libera

403 2255 434 2284 et
454 2256 613 2295 exempta.

447 2305 462 2348 ξ
482 2305 535 2338 17.
563 2306 601 2338 Et
626 2305 761 2350 insuper
794 2307 881 2349 quod
902 2307 1036 2351 praefati
1060 2309 1160 2352 magi—

228 2370 326 2422 rhncuilras
344 2377 388 2421 sex·
404 2363 469 2391 ster
489 2363 519 2391 et
539 2364 725 2399 conventus,
747 2359 872 2403 priores
889 2387 896 2400 ,
933 2367 1162 2405 praeceptores

203 2405 236 2422 tra
254 2408 301 2422 enti
353 2408 389 2422 ru-

204 2436 269 2453 men„
287 2436 308 2452 e,
324 2438 389 2459 qm,
405 2416 460 2444 aut
479 2411 680 2455 quicumque
700 2413 753 2446 alii
765 2423 802 2446 ex
822 2412 898 2446 dicti
918 2413 1086 2457 hospitalis
1101 2416 1162 2448 fra-

203 2469 292 2514 fumvffl
336 2464 533 2504 ³¹⁵⁰⁵tribus‚
569 2476 629 2508 per
662 2476 886 2510 quoscumque
920 2467 1068 2500 locorum
1108 2474 1163 2501 aut

213 2498 285 2515 ructus
296 2498 315 2514 et
329 2499 390 2520 [incur

205 2527 250 2547 uias
280 2531 303 2545 οι
339 2525 392 2545 locis
407 2518 568 2546 terrarum
584 2514 743 2555 dominos,
774 2520 839 2548 tam
859 2515 1044 2559 spirituales
1064 2528 1162 2560 quam

205 2557 293 2613 ι’ζζξζ““ξ“
305 2556 393 2612 ᾗζξζῗζ·
407 2563 614 2606 temporales,
639 2564 763 2597 etiamsi
783 2564 884 2607 regali
899 2564 1052 2608 dignitate
1073 2577 1164 2609 prae-

206 2618 283 2644 iuaque
299 2619 323 2638 ad
336 2623 394 2644 qua·
408 2611 564 2654 fulgeant,
577 2611 673 2645 etiam
693 2613 726 2646 in
741 2613 836 2647 terris
846 2613 876 2647 S.
891 2613 992 2653 RJE„
1004 2614 1044 2647 ab
1060 2620 1163 2648 extra-

207 2654 275 2676 ΜΨ
301 2649 392 2670 ¹³⁶⁸¹⁵²¹¹¹¹
410 2659 518 2693 ctione
537 2660 702 2702 frumenti,
718 2662 820 2703 ordei,
838 2661 916 2703 vini,
938 2662 1012 2704 olei,
1030 2663 1165 2706 legumi-

201 275 251 300 An.
268 273 296 300 G.
319 274 385 302 ¹567

1015 274 1196 301 BULLARIUM
1219 273 1371 297 ROMANUM

1968 275 2018 301 An.
2036 276 2068 303 C.
2084 275 2151 303 ¹³67

1198 336 1277 357 num
1293 331 1323 356 et
1343 335 1630 369 quorumcumque
1653 328 1833 369 fructuum,
1857 334 1953 373 atquc
1968 343 2014 365 10„
2031 345 2077 365 stne
2095 345 2152 365 anuo

1198 379 1294 410 ctiam
1316 378 1544 421 pecuniarum,
1563 390 1599 411 ex
1620 380 1834 423 prioratibus,
1862 394 1952 416 coni-
1968 375 2091 432 {bffiffh
2117 382 2152 396 ”’

1199 431 1350 471 mendis,
1388 432 1542 465 membris
1559 459 1567 473 ,
1605 433 1756 467 domibus
1773 461 1781 474 ,
1811 436 1954 480 grangiis

1198 485 1306 518 aliisve
1323 485 1458 529 praefati
1473 486 1642 529 hospitalis
1657 486 1736 519 locis
1762 489 1953 530 provenien·

1199 538 1293 579 tium,
1313 539 1404 572 nullo
1420 550 1576 583 umquam
1598 540 1696 573 modo
1716 540 1868 585 impediri
1879 553 1953 586 pos-

1199 592 1261 624 sint
1281 603 1346 636 quo
1367 593 1476 626 minus
1495 594 1637 636 praefata
1658 594 1768 627 omnia
1786 621 1793 635 ,
1816 606 1877 639 pro
1897 606 1955 629 sua

1199 656 1423 689 possessorum
1456 647 1620 680 voluntate
1638 674 1646 688 ,
1669 648 1702 680 in
1727 659 1955 693 quaecumque

1199 699 1345 732 fidelium
1366 700 1437 732 loca
1456 727 1462 740 ,
1485 700 1524 732 ab
1558 701 1646 734 omni
1673 701 1808 744 pedagio
1827 728 1835 742 ,
1869 702 1955 736 datio

1199 763 1255 785 seu
1276 758 1390 793 tracta,
1413 758 1445 785 ut
1468 754 1661 797 praefertur,
1673 754 1776 788 libera
1797 760 1827 788 et.
1847 766 1954 788 exem-

1199 812 1252 849 pta
1276 807 1401 840 valeant
1420 813 1596 850 asportare.

1242 859 1257 902 ᾗ
1278 859 1330 892 18.
1353 859 1391 892 Et
1410 860 1495 893 bona
1516 861 1671 903 magistri,
1685 862 1845 906 priorum,
1859 874 1954 907 prae·
2006 879 2114 907 Knmptto
2129 886 2154 901 e-

1199 917 1369 955 ceptorum
1390 919 1419 945 ct
1440 914 1576 947 fratrum
1612 926 1648 948 ac
1677 915 1815 949 aliarum
1841 928 1953 960 perso·
1969 914 2080 969 ζζξῖωξζζ
2094 913 2156 969 ⁵222}

1198 976 1315 998 narum
1342 966 1547 1008 huiusmodi,
1575 974 1639 1001 tam
1664 969 1821 1012 acquisita
1855 982 1953 1015 quam
1969 974 2154 1008 mssnmt’fo‘ss-

1198 1017 1230 1050 iu
1251 1018 1422 1062 posterum
1439 1021 1637 1064 acquirenda
1651 1049 1658 1061 ,
1689 1033 1726 1055 ex
1746 1024 1956 1058 concessione
1970 1009 2060 1025 nonem.

1198 1073 1376 1115 apostolica
1396 1074 1445 1106 vel
1466 1075 1654 1117 magistrali,
1678 1086 1715 1109 ex
1741 1076 1792 1110 die
1821 1077 1956 1111 emissae

1199 1137 1258 1170 per
1278 1127 1408 1160 eosdem
1429 1128 1568 1172 priores,
1582 1134 1820 1173 praeceptores,
1843 1132 1958 1165 fratres

1199 1185 1228 1212 et
1250 1190 1405 1223 personas
1426 1181 1647 1225 professionis,
1674 1183 1714 1216 ab
1734 1184 1887 1218 omnibus
1901 1185 1958 1218 de·

1200 1233 1292 1266 cimis
1312 1239 1342 1267 et
1358 1235 1429 1267 aliis
1450 1236 1776 1276 oncribus,similiter
1796 1238 1834 1271 ad
1851 1249 1957 1272 exem-

1199 1287 1289 1330 plum
1307 1287 1468 1320 bonorum
1490 1289 1629 1322 aliarum
1649 1291 1850 1333 regularium
1870 1292 1956 1325 mili-

1199 1339 1331 1380 tiarum,
1354 1341 1466 1382 libera,
1488 1342 1647 1376 immunia
1667 1349 1698 1377 et
1722 1350 1870 1389 exempta
1890 1345 1956 1379 exi-

1200 1399 1296 1426 stant.

1243 1448 1258 1490 g
1292 1447 1341 1480 19.
1376 1448 1410 1481 Et
1452 1451 1539 1493 quod
1577 1451 1739 1495 quaelibet
1779 1453 1954 1496 querelae,
1999 1470 2153 1491 tumme-ion.

1199 1501 1417 1543 quaestiones,
1429 1503 1511 1543 lites,
1527 1515 1644 1538 causae
1656 1510 1687 1538 et
1702 1506 1954 1549 controversiae,
1971 1503 2157 1554 ξ’ξῗξζξζξζῦζζ

1199 1565 1279 1597 quas
1299 1566 1336 1588 ex
1365 1566 1452 1589 nunc
1492 1557 1575 1591 inter
1605 1560 1718 1592 fratres
1747 1565 1778 1592 et
1811 1561 1957 1594 subditos
1971 1571 2016 1607 ’,Μ’
2033 1565 2156 1600 ,wethm-

1200 1609 1368 1652 hospitalis
1388 1616 1418 1643 et
1434 1611 1568 1645 militiae
1584 1612 1616 1646 S.
1630 1613 1751 1654 Lazari,
1770 1621 1957 1658 praesentes
1972 1599 2158 1653 lsssskssil‘e‘tlgiffil}

1199 1667 1230 1695 et
1249 1662 1388 1703 futuros,
1411 1675 1447 1697 cx
1463 1665 1629 1708 quibusvis
1639 1667 1864 1701 occasionibus
1879 1669 1957 1702 oriri
1974 1662 1995 1679 ⁰²
2009 1658 2104 1679 'nuum'

1200 1721 1230 1749 et
1250 1717 1371 1750 moveri
1398 1719 1580 1761 contigerit,
1603 1720 1716 1763 quovis
1744 1722 1853 1762 modo,
1881 1733 1955 1756 cum

1200 1770 1353 1804 omnibus
1371 1772 1436 1805 suis
1457 1772 1688 1813 incidentibus,
1705 1776 1957 1818 emergentibus,

1201 1825 1353 1857 connexis
1373 1830 1404 1858 et
1423 1827 1568 1867 annexis,
1591 1838 1628 1860 ac
1649 1827 1795 1861 omnium
1817 1829 1958 1863 cuiusvis

1200 1878 1426 1921 appellationis
1460 1881 1713 1924 (praeterquam
1749 1882 1782 1914 in
1814 1883 1959 1917 defectus

1201 1936 1256 1964 aut
1278 1932 1451 1975 denegatae
1473 1933 1613 1967 iustitiae
1633 1961 1640 1974 ,
1667 1935 1715 1968 vel
1737 1935 1815 1968 illati
1844 1947 1959 1980 perpe-

1201 1995 1269 2017 ram
1292 1991 1405 2018 contra
1430 1986 1646 2020 stabilimenta
1683 1993 1714 2020 et
1747 1989 1958 2023 consuetudi-

1201 2048 1258 2071 nes
1278 2038 1354 2071 dicti
1389 2039 1559 2083 hospitalis
1589 2041 1782 2084 gravaminis
1802 2042 1954 2086 casibus),

1202 2097 1327 2124 remoto
1361 2092 1538 2131 obstaculo,
1560 2104 1618 2137 per
1638 2105 1696 2137 pro
1717 2099 1864 2139 tempore
1889 2107 1959 2129 ma-

1202 2144 1337 2187 gistrum
1358 2151 1386 2178 et
1405 2152 1598 2179 conventum
1614 2147 1690 2180 dicti
1705 2147 1884 2192 hospitalis,
1902 2160 1959 2183 seu

1202 2199 1275 2231 illos
1295 2210 1331 2232 ex
1352 2200 1505 2233 fratribus
1524 2201 1643 2244 quibus
1668 2201 1728 2245 ipsi
1754 2202 1906 2247 magister
1929 2208 1960 2236 et

1203 2258 1380 2286 conventus
1412 2253 1443 2286 id
1475 2254 1722 2295 commiserint,
1745 2255 1840 2288 etiam
1856 2266 1959 2300 usque

1203 2305 1242 2338 ad
1264 2306 1390 2339 tertiam
1415 2307 1611 2340 definitivam
1645 2308 1836 2342 sententiam
1856 2308 1959 2342 inclu-

1204 2359 1278 2400 sive,
1299 2360 1491 2401 audiantur,
1521 2372 1649 2394 necnon
1674 2362 1780 2405 (iuxta
1811 2362 1958 2396 laudabi-
2004 2408 2009 2409 ⁷

1204 2414 1250 2447 les
1270 2415 1522 2448 consuetudines
1551 2420 1582 2447 et
1606 2415 1823 2449 stabilimenta
1845 2416 1958 2460 hospi-

1206 2467 1276 2500 talis
1300 2468 1488 2501 huiusmodi
1515 2474 1546 2502 et
1573 2468 1652 2502 alias
1671 2474 1770 2512 prout
1789 2469 1870 2502 iuris
1890 2470 1959 2503 fue-

1205 2516 1259 2559 rit)
1291 2517 1399 2550 debito
1439 2518 1502 2550 fine
1539 2518 1754 2558 decidantur;
1780 2528 1960 2562 omnesque

1205 2570 1236 2598 et
1256 2566 1373 2610 singuli
1404 2566 1530 2611 priores
1547 2594 1554 2607 ,
1577 2572 1816 2611 praeceptores,
1841 2567 1960 2602 milites

1206 2619 1237 2647 et
1261 2615 1375 2648 fratres
1403 2616 1571 2660 hospitalis
1604 2615 1739 2660 praefati
1764 2616 1959 2660 (postquam

1206 2663 1246 2697 de
1267 2664 1420 2698 mandato
1445 2675 1502 2698 seu
1527 2665 1718 2698 auctoritate
1738 2665 1883 2709 magistri
1901 2675 1959 2700 seu
