2237 3100
93 238 143 265 An.
160 238 190 265 C.
207 238 274 265 ¹565

94 299 148 321 mira
162 306 237 320 annum
255 301 275 321 in
294 296 560 335 praeceptorum,
594 291 730 324 militum
762 297 792 324 et
813 292 946 324 fratrum
968 292 1041 325 dieti

93 334 469 389 ΞὲῗέξέῑΐεηῗζὲἶῙῑοερίίιιίἰε,
495 355 625 377 erucem
648 346 695 378 vel
721 345 865 378 habitum
892 351 977 379 extra
995 346 1041 377 di-

92 392 212 446 ss'ssmffi‘*
233 394 276 421 ¹²¹³·
293 402 379 431 ctum
397 404 603 438 conventum,
617 399 711 432 etiam
733 410 750 431 a
770 399 914 432 Romano
935 399 1041 432 Ponti-

293 451 351 484 fiee
373 451 419 484 vel
430 451 467 484 de
478 451 547 484 eius
562 451 690 484 lieentia
708 457 886 496 receptum,
904 458 1040 495 gestans,

292 505 375 538 intra
395 515 528 545 annum,
553 511 722 549 postquam
740 505 829 538 illum
851 505 1039 549 susceperit,

290 563 346 592 aut
363 557 421 591 sibi
441 558 479 591 de
501 559 657 602 prioratu,
680 559 913 603 praeceptoria,
936 559 1041 593 officio

290 612 337 645 vel
362 611 521 645 beneficio
550 612 716 656 hospitalis
750 613 936 646 huiusmodi
966 624 1041 657 pro-

291 665 392 698 visum
431 666 479 698 vel
499 665 576 699 alias
597 666 628 698 in
649 666 718 699 eius
744 667 883 699 favorem
905 667 1041 710 disposi-

290 722 358 750 tum
384 718 491 751 suerit.

334 771 349 815 ἓ
368 771 444 805 t70.
467 772 511 805 Ac
531 772 730 816 quicumque
755 772 837 805 alius
857 773 959 806 dietae
986 773 1042 805 mi—

88 829 273 882 beufggisgdegitceg
290 824 376 858 litiae
397 826 591 859 beneficium
613 827 659 859 vel
685 826 873 870 pensionem
895 826 1041 859 obtinens

87 892 273 919 0rd1n1s‚ve1iru-
289 884 345 911 aut
373 879 496 913 fruetus
530 880 733 924 percipiens,
769 880 1041 924 quandocumque

87 927 273 982 ssffiesfflpgfcnij
290 944 348 977 pro
369 933 502 967 servitiis
527 934 701 977 Religionis
712 939 766 967 aut
781 934 859 967 alias
879 939 1038 971 evocatus,

87 988 179 1015 Fi⁶¹¹²0⁵›
195 987 271 1013 ”⁰⁰³¹ss
289 997 345 1020 seu
366 986 397 1019 in
418 987 578 1020 solutione
595 987 715 1020 iurium
733 986 914 1020 eommunis
925 987 1041 1020 aerarii

86 1023 211 1071 'igranffirrere
237 1021 272 1039 te·
289 1050 438 1073 morosus
472 1041 567 1073 suerit
588 1046 618 1073 et
647 1040 772 1079 citatus,
808 1050 917 1073 corani
949 1040 1041 1073 dietis

289 1094 442 1137 magistro
472 1100 503 1127 et
533 1100 691 1127 conventu
726 1093 939 1137 personaliter
976 1105 1040 1127 non

288 1147 520 1192 comparuerit.
561 1159 596 1181 ac
623 1148 684 1180 illis
721 1147 935 1181 obedientiam
962 1147 1039 1181 alia-

287 1212 350 1244 que
366 1200 436 1234 iura
456 1201 562 1234 debita
582 1211 646 1234 non
668 1201 872 1245 praestiterit,
896 1206 1040 1244 tempore

287 1254 347 1287 sibi
372 1254 411 1286 ad
445 1253 475 1286 id
511 1254 717 1297 praefigendo
751 1254 879 1297 elapso,
908 1254 1018 1287 habitu
1031 1282 1038 1295 ,

286 1306 450 1349 dignitate,
473 1307 751 1340 administratione
777 1312 807 1339 et
827 1306 986 1340 beneficio
1003 1318 1040 1340 ae

285 1371 494 1404 quocumque
518 1361 642 1394 honore
664 1366 694 1393 et
717 1361 835 1398 officio,
856 1361 934 1394 alias
954 1361 1040 1394 iuxta

286 1414 423 1446 formam
440 1413 731 1447 stabilimentorum
751 1420 782 1447 et
797 1414 1038 1458 privilegiorum

286 1467 539 1511 praedictorum,
553 1479 590 1501 eo
607 1468 677 1513 ipso
694 1474 813 1509 eareat,
834 1468 1040 1512 privatusque

287 1526 467 1562 censeatur,
481 1532 547 1563 seu,
560 1522 584 1555 si
605 1522 774 1563 videbitur,
792 1522 908 1566 privari
928 1523 1036 1566 possit.

331 1575 345 1618 ἓ
370 1575 445 1608 ’17’Ῑ.
473 1576 537 1609 Nee
563 1576 627 1608 ulla
656 1575 754 1609 huius
775 1576 883 1609 statuti
904 1576 1038 1619 deroga-

98 1633 269 1660 Nussaexeminio
287 1628 330 1661 tio
349 1634 404 1662 aut
424 1630 583 1673 exemptio
603 1630 698 1663 realis
718 1630 764 1663 vel
789 1629 968 1673 personalis
984 1641 1039 1663 seu

85 1664 269 1717 {iiiilffiiliffffi
285 1682 347 1715 alia
377 1682 480 1725 gratia
513 1683 760 1726 praeservativa,
798 1683 893 1716 etiam
930 1688 1037 1723 motu,

86 1728 188 1778 ssssss'ffiffl’
200 1733 269 1779 „2³2¹ssst
287 1736 419 1769 seientia
439 1742 469 1769 et
485 1737 649 1780 potestatis
666 1737 865 1781 plenitudine
882 1737 1040 1771 similibus

85 1794 209 1841 fl‘gffiffifffl
237 1792 271 1810 2²-
286 1790 531 1834 quomodolibet
551 1801 609 1834 pro
632 1797 775 1835 tempore
792 1794 873 1824 saeta
893 1802 948 1823 seu
965 1802 1040 1824 eon-

287 1855 386 1885 cessa,
405 1850 516 1878 eontra
537 1846 712 1889 praemissa
731 1846 842 1879 valeat.

331 1899 346 1943 g
361 1900 437 1934 ¹172.
460 1900 524 1933 Nee
540 1901 692 1943 magister
709 1906 739 1933 et
755 1905 930 1933 eonventus
946 1911 1038 1944 prae-

85 1949 89 1953 *
136 1959 236 1986 Magister
252 1954 341 1987 usati
363 1954 425 1986 illis
445 1965 559 1998 parere
585 1959 772 1991 teneantur,
797 1955 861 1993 sed,
888 1954 949 1986 illis
976 1965 1038 1987 non

85 1994 273 2049 {iniveiiissonpeise’
287 2008 499 2047 obstantibus,
534 2009 573 2041 de
594 2008 758 2052 prioratu,
794 2008 1015 2053 praeceptoria
1030 2036 1037 2049 ,

85 2053 272 2110 ἓξῃῗξζξξεϋῗζζ
287 2062 452 2105 dignitate,
475 2062 581 2095 officio
596 2063 643 2095 vel
659 2062 829 2101 beneficio,
853 2062 896 2095 sic
913 2068 967 2095 aut
983 2074 1040 2106 per

86 2116 234 2142 Pfi'fflmflem*
287 2115 499 2161 privationem
515 2115 854 2155 lmiusmodivaeante,
878 2116 963 2149 iuxta
979 2120 1039 2149 sta-

286 2169 451 2203 bilimenta
472 2175 502 2202 et
517 2169 578 2202 alia
590 2169 775 2213 praemissa,
797 2169 897 2203 libere
913 2169 1038 2213 disponi

286 2229 341 2257 aut,
361 2223 415 2256 illa
438 2223 517 2256 alias
537 2234 594 2266 per
624 2234 697 2256 eum
719 2224 765 2256 vel
793 2234 858 2264 eos,
882 2224 921 2256 ad
941 2235 1037 2267 quem

287 2289 342 2312 seu
372 2288 453 2322 quos
473 2276 667 2310 antianitatis
695 2278 742 2310 vel
763 2277 826 2310 alio
847 2277 917 2311 iure
939 2278 1036 2322 perti-

286 2337 351 2372 net,
379 2332 538 2376 acceptari
562 2331 696 2376 possint.

330 2387 344 2429 ἓ
365 2386 440 2420 173.
472 2387 687 2419 Deeernentes
720 2385 826 2418 omnia
854 2391 881 2419 et
914 2386 1038 2430 singula

111 2436 269 2479 ὒῑξῦἒυῐῆέὴυ·
287 2436 459 2479 praemissa
491 2447 527 2469 ae
558 2440 742 2479 praesentes
776 2441 900 2468 nostras
930 2436 1037 2469 literas

86 2471 270 2526 '„¹¹1{“Sr¹¹2⁵0¹2¹0'¹r¹v¹3'
287 2486 375 2518 nullo
398 2496 550 2529 umquam
579 2490 724 2528 tempore
753 2485 791 2517 de
820 2485 1037 2529 subreptionis

88 2532 150 2551 Μ’·
286 2535 332 2567 vel
371 2534 569 2579 obreptionis
607 2539 659 2567 aut
696 2534 850 2566 nullitatis
879 2534 952 2567 vitio
981 2545 1036 2568 seu

287 2583 472 2617 intentionis
492 2589 619 2617 nostrae
637 2584 763 2616 defectu
789 2583 892 2616 notari
914 2585 960 2617 vel
977 2583 1036 2617 im-

291 2633 427 2678 pugnari
447 2638 502 2666 aut
525 2633 615 2676 argui
647 2643 750 2678 posse:
774 2643 879 2677 neque
896 2632 948 2666 illa
971 2644 1037 2666 om-

965 239 1032 263 Pms
1056 239 1086 262 1v
1110 238 1157 261 PP.

1086 291 1137 323 nia
1158 294 1185 321 et
1209 288 1333 331 singula
1355 287 1547 332 praemissa,
1577 291 1739 329 tamquam
1774 286 1833 318 eis-

1728 223 1790 255 5367

1085 345 1156 377 dem
1179 354 1294 385 magno
1316 341 1467 387 magistro
1488 346 1518 373 et
1537 340 1720 379 conventui,
1751 341 1834 373 mili-

1085 398 1145 431 tiae
1167 398 1213 430 vel
1232 396 1398 435 militibus,
1412 395 1539 440 partim,
1560 393 1701 427 videlicet
1728 396 1834 437 quoad

1085 451 1225 494 antiqua,
1239 450 1395 489 restituta;
1409 454 1448 488 et,
1461 449 1565 492 quoad
1578 459 1668 485 nova,
1682 459 1718 480 ex
1739 460 1835 481 eausa

1084 515 1219 538 onerosa
1250 514 1419 543 concessa,
1455 502 1514 535 sub
1550 501 1734 546 quibusvis,
1771 507 1833 534 tam

1084 558 1301 602 praesentum}
1323 568 1420 601 quam
1441 555 1594 589 similium
1619 556 1666 589 vel
1696 555 1833 588 dissimi-

1085 611 1163 643 lium
1185 611 1374 653 gratiarum,
1398 611 1429 642 in
1449 620 1566 652 genere
1587 609 1634 642 vel
1650 608 1681 641 in
1702 608 1831 653 ispeeie,

1085 664 1351 709 suspensionibus
1372 675 1408 697 ae
1430 662 1710 707 derogationibus,
1747 674 1834 697 revo—

1084 719 1276 759 cationibus,
1302 717 1559 756 limitationibus,
1577 717 1831 758 alterationibus,

1084 772 1219 815 aliisque
1240 771 1408 805 contrariis
1430 771 1692 815 dispositionibus
1708 782 1725 804 a
1743 771 1834 805 nobis

1084 830 1114 858 et
1133 836 1150 858 a
1166 824 1408 858 suecessoribus
1424 824 1551 861 nostris.
1575 830 1602 857 et
1616 836 1633 857 a
1649 824 1728 857 Sede
1746 836 1834 868 prae-

1084 879 1276 922 sata,quavis
1293 880 1331 912 de
1348 890 1455 919 causa,
1479 878 1715 921 quantumlibet
1728 878 1833 912 iustis-

1084 932 1175 973 sima,
1188 944 1246 976 pro
1259 939 1404 976 tempore
1421 937 1577 971 emanata,
1589 932 1831 975 comprehendi,

1084 986 1138 1018 sed
1158 997 1286 1030 semper
1306 987 1345 1018 ab
1367 985 1428 1018 illis
1440 990 1582 1029 excepta,
1598 985 1765 1029 etquoties
1781 986 1831 1018 illa

1083 1039 1291 1079 emanabunt,
1328 1038 1420 1072 toties
1445 1039 1476 1071 in
1512 1038 1681 1081 pristinum
1717 1045 1832 1073 statum

1081 1086 1228 1126 restituta
1249 1098 1279 1125 et
1299 1093 1337 1125 de
1359 1102 1452 1130 novo,
1480 1091 1575 1124 etiam
1605 1092 1664 1125 sub
1680 1092 1751 1125 data
1778 1104 1834 1137 per

1084 1156 1236 1188 magnum
1263 1145 1451 1188 magistrum
1481 1144 1648 1188 eligenda,
1683 1156 1832 1179 concessa

1083 1210 1151 1232 esse
1181 1204 1211 1231 et
1236 1199 1372 1232 censeri.
1410 1198 1539 1232 Necnon
1574 1199 1756 1242 praemissis
1798 1213 1834 1232 ae

1083 1252 1305 1296 praesentibus
1325 1252 1437 1292 literis,
1468 1252 1562 1285 etiam
1583 1263 1641 1297 per
1661 1264 1833 1296 quascum-

1082 1317 1144 1350 que
1162 1307 1268 1340 literas
1280 1306 1481 1350 apostolioas,
1498 1307 1592 1339 etiam
1609 1307 1735 1351 quasvis
1749 1308 1835 1341 elau-

1082 1360 1177 1399 sulas,
1199 1361 1365 1402 generales
1380 1360 1427 1392 vel
1439 1359 1606 1404 speciales,
1628 1360 1722 1393 etiam
1739 1361 1833 1394 dero-

1081 1414 1279 1456 gatoriarum
1309 1413 1527 1456 derogatorias
1574 1414 1770 1448 efficaciores
1805 1421 1831 1447 et

1083 1467 1238 1507 insolitas,
1261 1478 1297 1500 ae
1318 1467 1414 1500 etiam
1436 1467 1593 1501 irritantia
1613 1468 1753 1508 decreta,
1776 1470 1834 1502 sub

1082 1532 1289 1564 quacumque
1318 1521 1488 1554 verborum
1515 1521 1732 1565 expressione,
1750 1522 1781 1555 iu
1803 1534 1834 1556 se

1082 1574 1294 1615 continentes,
1330 1575 1516 1608 nullatenus
1549 1575 1695 1618 derogari
1728 1586 1833 1619 posse,

1081 1639 1141 1661 nee
1166 1628 1271 1671 quoad
1302 1628 1357 1661 illa
1386 1629 1575 1671 derogatum
1597 1628 1739 1669 censeri,
1776 1629 1834 1663 uisi

1081 1686 1174 1714 tenor
1194 1681 1321 1714 illarum
1353 1682 1391 1714 de
1411 1682 1508 1715 verbo
1528 1681 1566 1714 ad
1586 1682 1732 1721 verbum,
1756 1683 1833 1716 nibil

1082 1734 1210 1778 penitus
1234 1734 1365 1775 omisso,
1398 1735 1552 1775 insertus,
1587 1740 1618 1768 et
1648 1735 1834 1769 huiusmodi

1081 1789 1305 1832 derogationes
1317 1789 1581 1822 consistorialiter
1598 1790 1710 1829 sactae,
1733 1796 1763 1823 et
1779 1803 1835 1834 pei·

1083 1843 1181 1876 trinas
1201 1843 1366 1877 distinctas
1386 1843 1494 1876 literas
1514 1843 1664 1877 eumdem
1690 1850 1834 1877 tenorem

1082 1897 1282 1931 continentes
1310 1898 1414 1931 tribus
1433 1898 1591 1931 distinctis
1611 1898 1770 1932 similibus
1791 1899 1834 1932 vi-

1082 1952 1173 1984 cibus
1193 1962 1309 1995 magno
1331 1952 1482 1995 magistro
1503 1958 1534 1985 e‘t
1554 1954 1723 1986 conventui
1745 1966 1835 1997 prae-

1082 2006 1152 2039 t'atis
1182 2006 1344 2039 intimatae
1365 2012 1396 2039 et
1416 2006 1594 2039 insinuatae
1623 2008 1761 2046 suerint,
1797 2021 1833 2042 ac

1082 2060 1226 2104 ipsorum
1253 2060 1395 2103 magistri
1417 2065 1447 2093 et
1470 2058 1645 2093 eonve'ntus
1669 2062 1707 2094 ad
1729 2062 1759 2094 id
1780 2074 1832 2095 ex-

1083 2124 1211 2158 pressus
1231 2114 1359 2147 accedat
1383 2124 1543 2153 assensus;
1569 2119 1599 2147 et
1623 2115 1716 2148 aliter
1736 2116 1834 2149 factas

1081 2167 1307 2210 derogationes
1327 2167 1448 2201 nemini
1471 2168 1651 2211 suffragari,
1674 2180 1711 2202 ae
1733 2170 1832 2211 magi-

1080 2230 1181 2255 strum
1207 2227 1237 2255 et
1256 2229 1447 2255 conventum
1479 2222 1637 2265 praefatos
1657 2223 1695 2256 ad
1717 2236 1831 2267 paren-

1080 2283 1156 2315 dum
1179 2281 1278 2315 literis
1297 2281 1507 2325 derogatoriis
1528 2282 1712 2316 huiusmodi
1734 2285 1832 2318 etde-

1080 2340 1175 2374 cretis
1195 2352 1292 2385 super
1311 2341 1373 2373 illis
1394 2340 1608 2385 processibus,
1643 2353 1679 2374 ae
1701 2342 1830 2376 illorum

1080 2400 1331 2443 exequutoribus
1356 2406 1386 2433 et
1415 2400 1746 2444 subexequutoribus‚
1779 2415 1831 2435 eo-

1080 2469 1216 2501 rumque
1238 2458 1394 2491 mandatis
1406 2464 1436 2491 et
1451 2458 1683 2492 monitionibus
1699 2460 1829 2494 miniuu¹

1080 2516 1193 2555 teneri,
1212 2517 1265 2549 sed
1282 2516 1354 2550 illos
1372 2517 1538 2550 literarum
1555 2517 1740 2551 huiusmodi
1758 2530 1830 2552 exe-

1080 2575 1241 2608 cutionem
1269 2576 1400 2609 omnino
1422 2576 1590 2620 impedire,
1624 2587 1682 2609 nee
1708 2577 1829 2610 ration·¹

1080 2634 1279 2668 resistentiae
1296 2635 1442 2669 censuris
1453 2633 1677 2669 ecelesiasticis
1692 2646 1748 2679 per
1763 2648 1830 2668 eos-

1853 231 1902 257 An.
1920 230 1946 256 C.
1969 229 2034 256 1565
