2237 3100
281 250 332 276 An.
351 248 380 276 C.
400 249 467 278 ¹563

307 896 368 917 Cuius
384 896 464 917 adhae-

281 928 348 948 sic-nis
368 929 465 948 verifica·-

281 960 310 979 tin
321 960 345 979 ab
361 960 401 980 isto
412 959 465 979 [ὀπι-

282 991 338 1011 lifice
353 991 464 1011 cardinali-

279 1021 318 1041 bus
334 1023 463 1048 inquisitori-

280 1053 318 1073 bus
351 1054 463 1074 commissa

279 1083 324 1104 [uil.

304 1865 348 1892 Qua
364 1865 460 1885 verifica-

276 1898 334 1917 tione
351 1896 428 1921 habita,
441 1900 460 1916 et

280 1928 328 1948 huic
365 1927 460 1947 PJnuaci

279 1959 460 1984 relatiuipseeon-

280 1994 311 2011 tra
364 1990 460 2010 Odetlnm

278 2021 377 2048 procedi,
394 2023 415 2040 et
437 2021 460 2039 aii

282 2053 408 2072 sententiam
430 2052 461 2071 ri<

286 2084 317 2104 ari
329 2083 401 2107 iussu,

525 241 589 277 Ο248
612 270 615 272 .

1078 255 1259 280 Bt’LLAntt'M
1282 256 1433 281 ROMANUM

482 305 567 337 ferae
603 310 706 339 sectae
739 306 843 347 viros,
871 306 1180 350 pseudotheologos,
1202 307 1233 339 ia
1277 307 1386 340 secisse
1407 313 1437 340 et
1457 307 1564 341 adhuc
1584 307 1729 349 existere,
1752 308 1879 352 aliaque
1900 308 1933 341 in
1955 318 2028 341 san-

482 363 623 391 rectores
656 364 686 391 et
719 359 982 398 concionatores,
1010 359 1127 403 quibus
1155 361 1234 393 alios
1253 386 1255 392 ,
1276 365 1358 393 etam
1398 361 1493 393 tidem
1536 366 1567 393 et
1604 362 1795 395 catholicam
1839 361 2028 405 religionem

482 412 635 445 seducere
664 423 699 445 ae
732 413 863 445 inficere
894 418 1011 457 posset,
1034 413 1234 447 familiariter
1253 396 1255 438 Ι
1276 413 1473 446 commisisse
1489 413 1734 458 comperiissent
1749 420 1779 447 et
1794 415 1886 448 nobis
1902 415 1933 447 in
1950 425 2028 447 con-

483 464 662 505 retinuerit,
686 476 775 498 arma
809 466 998 509 sumpserit,
1022 477 1058 499 ae
1079 467 1139 499 alia
1159 478 1232 510 gra-

482 517 608 550 vissima
628 519 786 551 haeresim
808 518 1008 551 manifestam
1030 519 1230 557 denotantia,

482 570 689 613 pertinaciter
708 576 819 603 eontra
839 572 935 604 tidem
957 572 1147 605 catholicam
1165 585 1233 606 san-

483 629 630 667 ctamque
648 624 824 657 Romanam
840 625 1014 658 Ecclesiam
1036 627 1229 659 commiserit

481 678 527 709 rel
549 678 791 721 perpetraverit,
804 678 836 710 in
852 689 978 721 gravem
996 679 1119 713 divinae
1140 681 1233 713 Maie-

480 730 567 763 statis
587 731 741 764 offensam
759 742 795 764 ac
811 732 956 765 omnium
973 733 1231 767 clnistilidelium

480 784 680 817 scandalum.

523 837 538 879 ξ
558 837 588 869 2.
612 838 674 871 Nos
696 838 803 881 igitur,
822 850 961 883 quorum
983 845 1029 873 est
1047 851 1106 885 pro
1123 846 1231 874 nostro

479 890 646 933 pastoralis
666 891 762 924 otlieii
784 892 960 926 ministerio
982 894 1164 937 praemissis
1180 895 1232 928 de-

479 943 541 976 bite
575 945 758 988 providere,
788 956 851 979 non
885 947 1036 979 valentes·
1058 948 1136 981 citra
1170 949 1231 980 irn-

480 1008 609 1030 mensae
630 998 716 1031 illius
736 998 859 1032 divinae
880 1000 1049 1033 Maiestatis
1061 1002 1228 1043 offensam,

478 1061 605 1084 necnon
631 1051 889 1085 christifidelium
919 1054 1107 1086 eorumdem
1138 1066 1230 1087 sean-

478 1103 606 1144 dalum,
629 1105 724 1138 modo
759 1105 867 1149 aliquo
902 1106 1094 1150 praemissa,
1121 1113 1230 1151 utpote

477 1162 540 1189 tam
563 1157 660 1202 impia
682 1164 712 1191 et.
732 1159 877 1192 enormia
894 1160 1139 1193 conniventibus
1155 1172 1231 1196 ocu-

479 1210 516 1242 lis
529 1211 742 1254 pertransire,
756 1218 790 1245 ut
801 1217 909 1245 tamen
921 1212 1104 1246 videremus
1115 1225 1155 1246 an
1168 1215 1230 1247 cla-

478 1273 602 1296 morem
615 1291 622 1305 ,
651 1265 706 1308 qui
741 1265 779 1297 ad
813 1276 872 1298 nos
904 1272 1113 1309 pervenerat,
1145 1268 1229 1301 idem

476 1316 607 1350 Odettus
627 1328 725 1361 opere
746 1318 979 1362 complevisset,
994 1320 1230 1354 venerabilibus

477 1370 628 1403 fratribus
648 1371 766 1404 nostris
787 1377 915 1405 sanctae
935 1373 1098 1406 Romanae
1119 1374 1229 1407 Eccle-

475 1423 540 1457 siae
574 1425 792 1459 cardinalibus
809 1453 816 1467 ,
854 1427 1034 1460 haereticae
1069 1428 1231 1471 pravitatis

474 1477 721 1521 inquisitoribus
740 1481 946 1522 generalibus
962 1481 993 1513 in
1010 1481 1152 1514 Romana
1167 1482 1229 1516 Cu-

476 1532 523 1565 ria
544 1533 720 1577 deputatis,
752 1540 785 1567 ut
811 1535 849 1567 de
874 1536 1059 1579 praemissis
1080 1538 1231 1571 omnibus

475 1592 505 1619 et
525 1586 659 1630 singulis
679 1598 711 1620 se
732 1588 902 1632 diligenter
923 1589 1133 1623 informarent
1151 1591 1231 1624 veri-

473 1645 637 1685 tatemque
662 1641 802 1685 desuper
821 1642 1033 1685 inquirerent,
1054 1654 1090 1676 ac
1116 1644 1230 1678 deinde

475 1694 566 1727 nobis
591 1694 623 1727 in
649 1695 839 1730 consistorio
861 1703 970 1730 nostro
991 1703 1113 1732 secreto
1130 1699 1229 1732 refer-

474 1753 558 1788 rent,
581 1749 803 1783 commisimus
824 1756 851 1783 et
874 1751 1107 1784 mandavimus.

520 1801 534 1843 ἓ
563 1800 594 1834 3.
631 1802 777 1846 Cumque
812 1804 990 1837 cardinales
1024 1804 1231 1848 inquisitores

476 1855 622 1899 praefati,
646 1856 803 1889 mandatis
824 1857 940 1890 nostris
970 1858 1155 1891 huiusmodi
1173 1870 1229 1903 pa-

477 1914 593 1949 rentes,
609 1920 707 1954 super
721 1910 770 1943 his
790 1910 960 1953 diligenter
981 1912 1228 1954 inquisivissent,

477 1973 512 1994 ac
533 1962 654 1995 dietum
676 1963 837 2005 Odettum,
861 1965 980 1997 nedum
1011 1967 1161 2009 superius
1178 1977 1230 1999 ex-

479 2026 603 2059 pressa,
626 2017 680 2050 sed
707 2017 801 2050 etiam
836 2018 930 2060 longe
955 2019 1116 2052 deteriora
1141 2031 1230 2053 com—

478 2070 600 2103 misisse
621 2076 652 2103 et
672 2076 884 2115 perpetrasse,
909 2082 1037 2115 nempe,
1056 2073 1139 2106 inter
1159 2075 1230 2115 alia,

477 2124 590 2157 dixisse
609 2129 639 2157 et
653 2124 1025 2169 pertinacitertenuisse,
1044 2126 1230 2167 Ecclesiam,

481 2188 582 2221 usque
603 2178 641 2211 ad
657 2178 715 2211 ista
734 2183 882 2222 tempora
902 2179 1140 2213 haereticorum
1164 2182 1230 2214 Hu-

478 2236 685 2273 gonotorum,
699 2242 834 2273 errasse,
849 2242 976 2265 necnon
997 2233 1101 2276 palam
1125 2240 1155 2267 et
1175 2247 1231 2278 pu-

476 2284 559 2317 blice
571 2291 677 2328 partes
693 2286 854 2319 dictorum
867 2286 1112 2329 Hugonotorum
1127 2288 1230 2322 liau‘e-

476 2338 614 2371 ticorum
627 2339 823 2383 illorumque
836 2339 1076 2373 conventiculas
1089 2346 1115 2373 et
1130 2348 1231 2375 sectas

476 2387 573 2420 fuisse
595 2392 741 2420 secutum
762 2399 799 2421 ac
820 2393 957 2421 tutatum
980 2388 1075 2421 fuisse
1109 2395 1137 2422 ct
1159 2391 1230 2423 lau-

477 2436 586 2476 dasse,
609 2436 805 2480 abiectisque
826 2437 1041 2470 cardinalatus
1061 2439 1171 2471 habitu
1203 2446 1229 2472 et

477 2485 635 2527 insigniis,
653 2486 771 2529 quihus
791 2497 822 2519 se
844 2486 1011 2529 indignum
1035 2487 1229 2527 reddiderat,

478 2534 514 2566 ad
537 2534 724 2576 Ilugonotos
745 2535 1020 2578 haereticosipsos
1041 2536 1229 2577 declinasse,

479 2592 657 2626 eorumque
700 2588 818 2615 sectam
863 2594 1011 2627 expresse
1050 2586 1230 2629 professum

478 2629 588 2671 fuisse,
611 2641 707 2675 seque
734 2631 862 2665 illorum
886 2632 1044 2667 exercitus
1064 2634 1231 2667 ductorem

1250 2662 1256 2696 l

1276 466 1401 499 sistorio
1422 466 1586 509 praedicto
1606 467 1801 503 retulissent,
1816 467 1934 510 illaque
1950 467 2029 501 adeo

1275 520 1400 552 notoria
1427 524 1532 552 essent
1559 524 1594 552 ut
1617 520 1707 552 nulla
1726 526 1856 564 possent
1876 520 2028 563 tergiver-

1275 572 1396 605 satione
1417 572 1526 613 celari,
1551 572 1669 606 eisdem
1691 573 1910 606 cardinalibus
1924 574 2029 617 inqui-

1275 625 1438 666 sitoribus,
1462 625 1557 658 etiam
1572 626 1658 659 vivae
1674 627 1759 660 vocis
1774 627 1919 668 oraculo,
1942 626 2029 660 dedi-

1275 690 1346 712 mus
1367 680 1398 711 in
1424 679 1580 712 mandatis
1602 685 1633 712 ut
1656 681 1835 723 praefatum
1856 680 2004 714 Odettum
2018 708 2026 722 ,

1275 733 1333 766 suli
1368 733 1710 767 excommunicationis
1744 734 1825 767 latae
1853 734 2028 767 sententiae

1274 786 1409 829 aliisque
1430 787 1575 819 censuris
1592 792 1623 820 et
1642 786 1842 831 poenistunc
1861 788 2028 831 expressis,

1274 840 1312 871 ad
1348 840 1562 883 personaliter
1596 840 1852 883 comparendum
1887 847 1917 874 et
1950 852 1984 874 se
2011 852 2029 874 a

1275 893 1457 936 praemissis
1492 894 1755 936 expurgandum,
1787 893 1870 927 infra
1903 899 2028 928 certum

1274 951 1350 979 tunc
1366 957 1564 989 (mpressum,
1584 958 1620 979 ac
1632 947 1709 979 alias
1720 973 1727 987 ,
1746 948 1805 979 sul)
1821 947 1916 980 certis
1932 948 2028 981 modo

1273 1005 1300 1032 ct
1324 1001 1446 1040 forma,
1471 1005 1654 1039 monerent,
1676 1000 1880 1043 requirerent
1899 1006 1930 1034 et
1950 1001 2028 1034 cita-

1273 1059 1362 1091 rent;
1385 1064 1421 1086 ae
1442 1053 1551 1086 literas
1571 1053 1793 1086 monitoriales
1817 1058 1848 1086 et
1868 1053 2029 1088 citatorias

1273 1112 1383 1139 contra
1418 1106 1569 1140 eumdem
1603 1106 1765 1146 Odettum,
1801 1117 1859 1149 per
1887 1107 2028 1141 edictum

1273 1160 1454 1202 publicum,
1477 1159 1509 1192 in
1531 1159 1614 1192 dicta
1633 1152 1768 1193 ecclesia
1788 1160 1978 1193 Beluacensi
1999 1166 2030 1194 et

1273 1213 1359 1245 illius
1380 1213 1488 1257 palatii
1512 1213 1703 1256 episcopalis
1722 1212 1818 1245 valvis
1837 1223 1874 1246 ac
1891 1212 1924 1246 in
1944 1215 2029 1247 alma

1272 1266 1356 1299 Urbe
1377 1271 1497 1306 nostra,
1516 1266 1548 1298 in
1569 1265 1648 1298 locis
1669 1265 1842 1307 consuetis,
1866 1277 2028 1311 exequen-

1272 1320 1327 1352 das
1360 1324 1391 1352 et
1411 1318 1623 1362 publicandas
1648 1319 1881 1361 decernerent,
1908 1331 1946 1354 ac
1965 1320 2028 1354 illis

1273 1372 1328 1413 sic,
1357 1378 1392 1405 ut
1412 1372 1641 1416 praemittitur,
1664 1373 1833 1417 exequutis
1856 1383 1892 1406 ac
1917 1384 2027 1407 coram

1273 1426 1348 1469 ipsis
1368 1426 1616 1469 inquisitoribus
1632 1426 1849 1469 reproduetis,
1867 1427 2029 1461 terminis-

1272 1491 1334 1523 que
1356 1480 1394 1512 ad
1416 1480 1598 1513 docendum
1616 1491 1648 1514 se
1664 1480 1727 1513 illis
1742 1479 1889 1524 paruisse
1909 1481 2027 1515 servari

1273 1533 1372 1566 solitis
1398 1533 1543 1573 servatis,
1567 1533 1717 1577 dictoque
1740 1532 1853 1567 Odetto
1873 1534 1964 1578 prius
1988 1535 2027 1568 ad

1272 1587 1465 1620 audiendam
1487 1586 1677 1619 sententiam
1703 1597 1762 1630 per
1784 1597 1843 1620 nos
1863 1587 2027 1621 ferendam

1273 1640 1412 1683 legitime
1425 1640 1532 1680 citato,
1551 1645 1580 1673 et
1592 1640 1709 1673 dilecto
1725 1640 1791 1672 filio
1803 1640 1897 1673 Petro
1910 1641 1987 1675 Belo
1998 1641 2026 1683 1,

1273 1699 1484 1737 procuratore
1505 1693 1574 1727 fisci
1595 1693 1739 1726 eiusdem
1756 1693 1938 1728 haereticae
1953 1705 2028 1738 pra-

1272 1747 1374 1780 vitatis
1403 1746 1819 1791 generalisinquisitionis2
1835 1748 1874 1780 ad
1895 1749 1957 1781 hoc
1977 1748 2028 1781 in-

1273 1806 1393 1841 stante,
1416 1801 1455 1833 ad
1476 1800 1664 1833 huiusmodi
1699 1810 1815 1833 causae
1849 1801 2028 1845 expeditio-

1273 1865 1360 1894 nem,
1378 1853 1497 1887 iustitia
1518 1854 1691 1893 mediante,
1709 1853 1857 1887 devenire
1872 1855 2025 1888 volentes.

1318 1909 1332 1949 ,ξ
1351 1908 1382 1940 4.
1416 1908 1529 1940 Habita
1549 1908 1690 1951 desuper
1710 1919 1784 1941 cum
1805 1908 1978 1952 praedictis
1999 1914 2030 1943 et

1273 1957 1343 1989 aliis
1363 1956 1601 1989 venerabilibus
1622 1957 1774 1990 fratribus
1800 1958 1917 1991 nostris
1942 1957 2028 1992 eius-

1273 2006 1345 2038 dem
1367 2010 1494 2038 sanctae
1516 2005 1677 2039 Romanae
1698 2006 1859 2039 Ecclesiae
1880 2007 2029 2041 cardina-

1274 2054 1358 2086 libus
1374 2059 1499 2086 matura
1515 2054 1760 2095 deliberatione,
1779 2055 1818 2088 de
1835 2056 2027 2090 eorumdem

1274 2103 1419 2135 unanimi
1435 2108 1519 2143 voto,
1538 2103 1673 2137 consilio
1694 2108 1724 2136 et
1743 2114 1888 2145 assensu,
1911 2104 2027 2139 Christi

1274 2152 1364 2195 prius
1385 2152 1554 2185 Salvatoris
1574 2152 1675 2191 nostri
1702 2153 1833 2186 nornine
1863 2153 2026 2196 invocato,

1274 2201 1305 2233 in
1327 2202 1443 2233 throno
1465 2200 1603 2233 iustitiae
1625 2211 1682 2244 pro
1707 2201 1862 2235 tribunali
1884 2203 2029 2236 sedentes

1274 2255 1304 2283 et
1324 2250 1428 2283 solum
1450 2250 1550 2283 Deum
1571 2260 1648 2294 prae
1669 2250 1771 2283 oculis
1787 2251 1953 2291 habentes,
1971 2262 2029 2296 per

1274 2300 1357 2331 hanc
1381 2304 1523 2332 nostram
1550 2299 1756 2339 sententiam,
1776 2310 1873 2343 quam
1894 2300 2028 2334 ferimus

1274 2348 1305 2381 in
1335 2348 1384 2381 his
1413 2348 1556 2392 scriptis,
1583 2349 1857 2391 pronunciamus,
1879 2349 2027 2383 decerni-

1274 2407 1346 2430 mus
1364 2402 1394 2430 et
1414 2397 1617 2430 declaramus
1633 2398 1811 2441 praefatum
1829 2397 1977 2431 Odettum
1995 2399 2027 2432 in

1274 2440 1619 2479 effveommunicationis
1645 2447 1725 2479 latae
1747 2446 1939 2487 sententiae,
1961 2447 2027 2491 pri-

1275 2494 1420 2535 vationis,
1443 2495 1680 2529 confiscationis
1700 2495 1845 2528 omnium
1865 2495 2026 2529 bonorum

1275 2554 1420 2584 snorum,
1442 2544 1659 2587 praesentium
1681 2549 1711 2576 et
1731 2544 1915 2577 futurorum
1928 2572 1935 2585 ,
1956 2546 2026 2578 offi-

1275 2591 1400 2624 ciorum
1423 2598 1451 2625 et
1467 2593 1668 2635 dignitatum,
1682 2592 1776 2625 etiam
1798 2593 2025 2635 cardinalatus,

1313 2646 1322 2671 1
1338 2647 1416 2678 Beda,
1428 2645 1543 2673 Cherub.
1582 2645 1784 2679 21nquisitorts,
1797 2646 1912 2674 Cherub.
1929 2647 2024 2684 (n.T.).

2041 259 2090 287 An.
2111 260 2140 288 C.
2158 259 2227 288 ¹565

2070 1929 2095 1951 Ει
2119 1930 2181 1951 modo
2201 1929 2226 1952 de

2044 1964 2093 1982 vnto
2129 1962 2227 1982 cardin·-

2044 1992 2093 2013 lium
2113 1993 2170 2013 illum
2191 1998 2226 2014 ex·-

2044 2024 2226 2050 communicatum,

2044 2056 2178 2082 omniumque
2194 2056 2227 2076 di-

2044 2086 2144 2112 gnitatum
2156 2088 2177 2107 et
2189 2085 2228 2106 ho—

2043 2122 2117 2138 norum
2125 2117 2233 2143 privatum·

2044 2147 2146 2169 declarat.
