2237 3100
41 265 90 293 An.
107 263 137 292 C.
155 264 223 292 1562

72 1343 123 1366 Ideo
143 1344 216 1365 Ponti-

33 1377 84 1397 fices
94 1377 114 1397 in
126 1379 177 1398 nota
192 1377 217 1397 ad

31 1409 89 1430 rubr.
97 1409 155 1429 citati
171 1415 219 1436 pro-

32 1445 90 1466 vidas
101 1446 186 1466 constit.
197 1451 218 1466 e>

33 1475 138 1497 diuorum.

84 2044 122 2065 flio
151 2046 215 2066 etiam

30 2075 128 2097 Pontifex
164 2076 216 2097 alias

32 2108 95 2133 addit,
116 2107 217 2129 videlicet

31 2138 85 2164 quod
98 2138 217 2159 cardinales

32 2168 131 2190 absentes
142 2170 216 2190 decem

32 2199 105 2221 diebus
149 2205 217 2227 expe-

31 2234 122 2257 cientur,
131 2235 153 2253 et
163 2232 216 2252 inte-

31 2263 69 2284 rim
84 2269 160 2284 novem
170 2264 216 2284 die<

31 2292 69 2315 hus
100 2294 150 2315 fiant
178 2295 217 2315 de-

29 2321 94 2346 lunen
107 2325 215 2347 Pontinus

31 2357 139 2383 exequiae.

925 266 992 288 Plt's
1017 266 1045 289 1v
1071 266 1118 288 PP.

239 318 424 358 mittuntur,
441 323 594 361 quantam
606 318 752 351 adhiberi
766 329 877 351 curam
898 329 991 362 opor·
1010 320 1012 342 '=

238 376 312 412 teat,
330 376 488 404 testantur
499 372 629 404 patrum
646 376 830 405 nostrorum
847 373 990 405 sacratis-

238 425 336 458 simae
372 425 618 458 constitutiones
637 453 644 466 ,
681 436 761 469 quas
796 425 840 458 illi
876 437 991 469 magna

238 478 402 512 severitate
413 479 451 511 de
464 478 691 522 episcoporum
705 485 733 512 et
750 479 887 512 aliorum
901 490 991 523 prae-

236 534 377 566 latorum
407 532 561 575 qualitate
596 533 787 573 ediderunt,
820 539 990 577 propterea
1010 572 1011 576 Ἰ

236 587 322 631 quod
347 599 364 620 a
384 587 478 620 bonis
497 588 582 621 bona
603 588 723 628 omnia,
746 588 894 621 videlicet
914 589 989 621 clia-

236 640 328 681 ritas,
349 640 530 683 vigilantia,
558 641 775 674 ecclesiastica
805 641 987 685 disciplina,

235 694 375 738 denique
396 694 579 727 animarum
592 696 637 728 eis
648 695 892 728 commissarum
905 696 990 728 salus

236 748 535 792 proficiscei'ent11r3
548 760 564 781 a
576 749 667 782 malis
682 760 756 782 vero
773 755 897 790 contra,
911 761 990 782 non-

234 802 295 835 nisi
321 803 423 843 mala,
456 814 571 847 nempe
592 803 721 836 avaritia
736 831 743 843 ,
774 803 986 846 negligentia,

233 855 333 889 fastus
348 862 376 889 et
388 856 572 890 animarum
585 857 767 901 periculum
782 857 877 901 possit
896 868 990 901 expe·
1009 898 1011 909 Α

234 909 324 943 ctari.
348 910 439 949 Quod
461 910 484 942 si
511 911 542 944 in
558 911 753 955 quibuslibet
777 911 989 944 ecclesiarum

234 963 418 1007 pastoribus
433 969 602 1009 tantopere
623 964 857 1008 providendum
881 970 925 997 est
950 975 988 997 ne
1009 991 1010 1007 ,

233 1017 306 1061 quis
324 1024 509 1051 assumatur
530 1019 698 1061 indignus,
725 1018 881 1051 maiorem
902 1024 988 1052 certe
1009 1013 1010 1059 l

233 1075 264 1103 et
284 1071 557 1115 perspicaciorem
575 1072 775 1114 diligentiam
794 1072 826 1104 in
842 1072 988 1105 Romano
1009 1065 1010 1105 Ϊ

232 1124 387 1158 Pontifice
413 1125 573 1168 eligendo,
595 1126 650 1169 qui
672 1125 786 1158 ceteris
807 1126 988 1169 pastoribus
1008 1161 1010 1163 ,

233 1183 277 1210 est
300 1178 520 1221 praefuturus⁷
540 1185 568 1212 et
581 1180 678 1212 totius
703 1179 858 1212 dominici
884 1180 988 1223 gregis
1008 1179 1010 1204 ⁵

233 1242 345 1264 curam
361 1231 543 1273 habiturus,
562 1239 689 1277 oportet,
708 1232 865 1265 adbiberi.

277 1284 292 1328 ἓ
319 1285 350 1317 1.
381 1285 447 1318 Hac
476 1292 584 1319 sancta
606 1286 814 1320 meditatione
835 1287 985 1330 permoti,

233 1337 499 1380 praedecessores
519 1339 621 1372 nostri
642 1345 671 1372 et
684 1340 874 1383 praesertim
887 1340 988 1373 felicis

234 1391 468 1424 recordationis
487 1392 668 1425 Alexander
682 1393 733 1433 ΙΙΙ,
755 1392 930 1437 Gregorius
948 1394 985 1435 X,
1007 1434 1009 1439 ,

233 1443 381 1477 Clemens
400 1445 435 1485 V,
459 1445 606 1479 Clemens
625 1446 661 1478 VI
693 1452 719 1479 et
743 1446 844 1480 Iulius
863 1447 888 1480 ΙΙ
908 1459 988 1480 non-
1007 1444 1008 1447 ¹

232 1497 340 1531 nullas
359 1498 605 1533 constitutiones
630 1506 803 1533 sanxerunt
824 1501 862 1533 ad
884 1501 988 1545 provi-

232 1551 375 1584 dendum
403 1558 437 1585 ut
459 1553 668 1587 Summorum
693 1554 887 1588 Pontificum
921 1556 986 1589 ele-

233 1604 355 1638 ctiones
374 1605 475 1639 libere
496 1611 526 1639 et
546 1613 632 1640 recte
653 1613 683 1640 et
705 1614 829 1641 mature
860 1609 982 1642 tierent.

232 1658 294 1692 Sed
314 1659 469 1703 quoniam
490 1671 541 1693 res
556 1661 718 1695 humanae
735 1673 863 1706 semper
882 1662 913 1695 in
930 1663 986 1695 de-

232 1712 331 1746 terius
352 1714 580 1757 prolabuntur,
606 1716 667 1749 nisi
688 1715 724 1749 sit
752 1717 807 1760 qui
834 1727 887 1750 eas
907 1718 985 1750 assi—

231 1767 294 1800 due
319 1767 456 1800 retineat
484 1773 514 1801 et
539 1775 716 1810 conservet,
743 1770 985 1814 verendumque

232 1820 271 1853 sit
299 1831 339 1853 ne
360 1821 550 1866 aliquando,
571 1830 706 1867 propter
730 1835 842 1857 earum
869 1825 987 1857 consti-

231 1874 395 1908 tutionum
410 1876 710 1920 transgressionem,
727 1877 850 1910 suborti
866 1878 986 1912 abusus

231 1928 359 1971 longius
379 1935 508 1973 serpant
530 1935 558 1963 et
580 1931 840 1975 progrediantur.

276 1982 291 2026 ἕ,
310 1981 341 2015 2.
364 1982 439 2023 Nos,
457 1989 614 2027 quantum
632 1995 705 2017 eum
718 1985 781 2017 Deo
798 1996 983 2028 possumus,

232 2035 349 2069 suturis
369 2037 496 2071 casibus
516 2043 545 2071 et
565 2038 720 2082 periculis
736 2050 909 2072 occurrere
934 2051 986 2073 vo-

232 2090 346 2131 lentes,
358 2092 548 2131 eorumdem
561 2093 848 2136 praedecessorum
862 2099 986 2127 nostro-

232 2155 305 2177 rum
327 2145 582 2187 constitutiones,
605 2152 672 2179 tum
694 2147 893 2188 innovando,
916 2155 984 2181 tum

232 2199 427 2232 declarando
439 2205 469 2233 et
479 2211 538 2245 pro
559 2211 668 2234 rerum
686 2212 722 2234 ac
735 2206 918 2245 temporum
931 2213 986 2235 ne-

233 2253 378 2287 cessitate
395 2255 588 2298 supplendo,
604 2255 642 2287 de
654 2255 788 2294 fratrum
800 2261 983 2289 nostrorum

232 2306 376 2339 unanimi
388 2307 523 2340 consilio
534 2313 630 2351 atque
641 2319 785 2349 assensu,
802 2309 983 2351 definimus,

231 2361 401 2395 statuimus
422 2367 452 2394 ct
471 2362 673 2395 declaramus
700 2368 733 2395 ut,
762 2374 835 2395 cum
857 2363 986 2396 Pontifi-

231 2425 301 2449 cem
321 2415 359 2448 de
379 2415 438 2448 hac
459 2415 519 2448 vita
545 2416 682 2459 migrare
704 2416 885 2459 contigerit,
913 2428 984 2450 car-

230 2464 353 2498 dinales
364 2469 548 2509 praesentes
561 2465 671 2498 decem
684 2466 908 2498 tantummodo
919 2466 985 2499 die-

228 2513 307 2554 bus,
337 2514 423 2547 iuxta
453 2514 527 2547 dicti
555 2513 700 2557 Gregorii
728 2515 984 2557 praedecessoris

229 2563 491 2596 constitutionem
535 2563 567 2595 in
601 2563 738 2596 concilio
780 2563 984 2606 Lugdunensi

230 2612 347 2646 editam
359 2640 367 2653 ‚
386 2612 565 2646 cardinales
585 2612 732 2646 absentes.
752 2617 920 2657 expectare
939 2619 985 2647 te-

229 2666 380 2703 neantur,
407 2667 437 2695 et
466 2661 594 2695 interim
623 2661 731 2696 solitas
749 2672 863 2696 novem
880 2663 982 2696 conti-

1677 255 1735 288 2311

1033 330 1173 352 unorum
1203 319 1329 351 dierum
1358 318 1508 361 exequias
1538 318 1670 351 omnino
1693 329 1784 362 pera-

1032 379 1118 415 gant,
1131 384 1187 406 nec
1206 373 1272 406 ullo
1290 371 1602 416 pra‹1·textuulte1‘ius
1622 371 1781 405 differant.

1033 427 1069 459 Et
1090 438 1128 459 ne
1158 426 1235 470 quid
1256 426 1486 470 impedimento
1508 436 1575 458 esse
1596 425 1693 468 possit
1721 437 1785 469 quo

1035 480 1140 513 minus
1161 481 1314 525 exequiae
1335 484 1421 524 ipsae
1443 490 1528 512 nono
1550 479 1600 512 die
1621 480 1786 513 absolvan-

1034 540 1096 571 tur,
1111 534 1288 577 siquando,
1312 545 1369 577 per
1390 533 1622 566 obseiwantiam
1649 533 1786 566 alicuius

1033 588 1139 629 magni
1157 588 1378 632 impedimenti
1396 593 1426 620 et.
1447 587 1612 631 praecipui
1625 588 1705 624 festi,
1718 599 1787 631 car-

1032 642 1193 674 dinalibus
1226 642 1389 675 videretur
1405 641 1547 674 officium
1578 641 1785 684 exequiarum

1032 695 1198 731 intermitti
1211 696 1340 734 debere,
1360 695 1426 728 dies
1443 695 1487 727 illi
1509 694 1552 727 sic
1570 694 1742 728 intermissi
1754 695 1785 728 in

1032 760 1205 781 nnmerum
1217 760 1329 781 novem
1343 749 1468 781 dierum
1481 748 1690 781 nibilominus
1700 760 1787 782 com-

1032 802 1137 845 putari
1164 802 1311 839 debeant,
1338 808 1368 835 et
1396 803 1551 845 impensa,
1579 813 1662 846 quae
1685 802 1716 835 in
1742 803 1786 836 eis

1032 866 1090 899 pro
1102 855 1245 898 exequiis
1260 856 1405 888 facienda
1418 862 1510 896 esset7
1528 855 1611 889 inter
1626 867 1787 900 pauperes

1031 909 1145 942 Christi
1162 909 1384 941 distmbuatur.
1405 910 1448 941 Ac
1466 915 1497 941 ut
1515 909 1688 953 superfluis
1707 921 1787 953 quo-

1031 974 1093 1005 que
1120 963 1322 1006 sumptibus⁷
1351 963 1405 1005 qni
1435 963 1497 995 iam
1529 963 1559 995 in
1591 963 1784 997 immensum

1032 1022 1254 1056 excreverunt,
1268 1017 1383 1050 modus
1394 1017 1593 1060 imponatur,
1606 1018 1701 1050 sunus
1713 1017 1787 1050 sim-

1031 1070 1147 1114 plicius
1164 1082 1260 1114 quam
1274 1070 1473 1104 consueverit
1502 1071 1567 1111 siat,
1593 1071 1634 1103 ita
1655 1077 1687 1104 ut
1700 1071 1787 1104 illius

1031 1123 1154 1156 ratione
1175 1130 1317 1167 <praeter
1344 1124 1462 1167 regalia
1495 1125 1615 1167 populo
1642 1124 1786 1158 Romano

1030 1177 1185 1221 praestari
1195 1178 1309 1217 solita),
1321 1178 1431 1210 decem
1445 1177 1583 1210 millium
1592 1178 1783 1211 ducatorum

1031 1241 1203 1271 summam,
1228 1231 1342 1275 pannis
1361 1230 1554 1274 lugubribus
1575 1236 1603 1263 et
1625 1232 1786 1274 regalibus

1030 1289 1093 1317 tam
1115 1285 1284 1317 camerarii
1308 1290 1335 1318 et
1359 1285 1554 1318 clericorum
1582 1296 1619 1317 ac
1647 1285 1783 1319 aliorum

1031 1339 1255 1379 cameralium,
1273 1350 1370 1382 quam
1392 1339 1530 1372 aliorum
1552 1349 1786 1383 quorumcum-

1029 1403 1091 1435 que
1120 1392 1343 1425 ministrorum
1371 1398 1398 1425 et
1422 1392 1631 1433 officialium⁷
1659 1404 1696 1426 ac
1717 1393 1786 1426 aliis

1029 1446 1181 1479 omnibus
1194 1447 1327 1479 omnino
1340 1446 1548 1490 computatis,
1567 1446 1783 1490 impensanon

1029 1500 1171 1533 excedat.
1205 1500 1337 1533 Summa
1368 1505 1475 1533 autem
1504 1500 1615 1533 decem
1646 1500 1783 1533 millium

1029 1554 1234 1593 huiusmodi,
1256 1555 1322 1594 vel,
1345 1554 1369 1586 si
1391 1553 1527 1597 collegio
1548 1554 1649 1587 visum
1676 1554 1783 1595 fuerit,

1029 1607 1123 1640 etiam
1143 1608 1260 1645 minor,
1297 1613 1325 1640 at
1349 1608 1438 1641 nullo
1460 1608 1556 1641 modo
1578 1608 1692 1648 maior,
1728 1620 1786 1653 per

1028 1666 1091 1694 tres
1108 1661 1286 1694 cardinales
1296 1661 1507 1705 antiquiores,
1520 1673 1622 1695 unum
1640 1660 1783 1696 videlicet

1028 1716 1066 1748 de
1077 1715 1220 1758 quolibet
1238 1716 1364 1755 ordine,
1379 1721 1408 1749 et
1420 1716 1635 1749 camerarium
1652 1727 1787 1760 propor-

1028 1769 1240 1809 tionabiliter,
1264 1781 1322 1813 pro
1343 1776 1410 1803 rata
1446 1770 1680 1803 distributionis
1709 1771 1785 1804 alias

1029 1824 1097 1857 fieri
1120 1824 1243 1862 solitae,
1263 1824 1345 1857 inter
1357 1824 1539 1868 praedictos
1551 1835 1662 1858 omnes
1678 1830 1706 1858 et
1719 1825 1783 1858 sin-

1027 1878 1120 1920 gulos
1141 1877 1311 1911 dividatur.

1071 1932 1085 1973 ,ξ
1110 1930 1142 1965 3.
1171 1932 1280 1976 Lapsis
1308 1944 1381 1965 vero
1410 1932 1521 1965 decem
1549 1932 1662 1965 diebus
1691 1943 1708 1965 a
1733 1932 1783 1965 die
1816 1949 1986 1976 Eiapffidec‘ffi

1028 1984 1133 2018 obitus
1149 1985 1324 2026 Pontificis,
1349 1985 1511 2029 ingressus
1532 1985 1692 2019 conclavis
1712 1986 1781 2018 nul-
1799 1981 1988 2005 ⁶³⁰h¹¹⁵vc³¹di¹¹³¹

1799 2012 1829 2031 les
1865 2019 1887 2032 ra

1028 2040 1154 2073 latcnus
1195 2045 1391 2084 prorogetur
1425 2045 1480 2072 aut
1508 2040 1695 2082 differatur,
1728 2041 1782 2073 sed
1797 2016 1985 2096 ξῗξῡῑῗῐὲῑΕ-Ξῗῑῑξθῗςςῖ

1027 2094 1172 2138 sequenti
1189 2094 1251 2135 die,
1267 2095 1361 2128 missa
1373 2095 1411 2127 de
1423 2094 1544 2138 Spiritu
1564 2094 1680 2127 Sancto
1697 2095 1781 2128 cele·
1797 2081 1985 2141 {lulftssvessssssel'

1027 2147 1133 2187 brata,
1165 2148 1228 2181 sive
1263 2148 1442 2182 cardinales
1462 2148 1609 2181 absentes
1639 2148 1781 2181 venerint
1797 2138 1985 2191 ξ’ξέζζωῖἰξζζὲῖζ

1027 2201 1089 2234 sive
1111 2212 1196 2239 non.
1228 2202 1283 2246 qni
1312 2202 1429 2235 suerint
1461 2207 1646 2245 praesentes
1675 2203 1780 2235 statim
1797 2200 1924 2221 5¹¹²¹¹¹¹¹b³¹¹¹·

1027 2256 1176 2289 conclave
1188 2256 1311 2298 ingredi
1327 2261 1510 2295 tenea11uir3
1525 2260 1551 2289 et
1566 2255 1782 2299 ingredientes

1028 2309 1099 2353 ipsi,
1122 2310 1243 2353 absque
1265 2321 1353 2343 mora
1371 2310 1496 2353 aliqua,
1516 2309 1632 2343 omissa
1648 2309 1781 2343 omnino

1027 2364 1243 2407 capitulorum
1275 2355 1494 2404 consection’e,
1528 2363 1641 2407 primis
1669 2364 1782 2397 diebus

1028 2417 1096 2462 fieri
1118 2418 1298 2459 solitorum,
1319 2418 1349 2450 in
1372 2417 1539 2451 electionis
1559 2417 1687 2461 negotio
1708 2429 1781 2462 pro-

1027 2467 1152 2507 cedant,
1173 2473 1200 2500 et
1223 2467 1355 2511 singulis
1371 2467 1483 2499 diebus
1504 2467 1695 2500 scrutinium
1713 2466 1779 2507 ssat,

1027 2522 1057 2550 et
1096 2517 1126 2549 in
1162 2518 1267 2561 primo
1303 2516 1457 2551 scrutinio
1496 2517 1591 2550 etiam
1626 2516 1780 2550 accedere

1026 2566 1131 2599 liceat.

1071 2615 1085 2658 ἓ
1105 2615 1136 2648 4.
1161 2615 1192 2649 Si
1212 2615 1351 2659 quivero
1369 2616 1448 2649 forte
1465 2615 1584 2649 intrare
1600 2615 1775 2655 noluerint,
1808 2627 1891 2653 ingredi
1906 2628 1980 2649 noian-

1025 2664 1074 2697 vel
1090 2664 1236 2707 ingressi,
1259 2665 1379 2708 absque
1395 2665 1563 2698 manifesta
1584 2664 1779 2697 infirmitatis
1794 2659 1982 2714 ζζζςζιῑξῃὲἒᾞζῗ

1802 264 1849 290 An.
1867 265 1895 291 C.
1917 265 1982 291 1562
