2237 3100
53 294 102 321 An.
120 291 149 320 C.
169 290 237 320 ¹5⁵8

54 1101 79 1122 Et
91 1101 182 1127 desuper
197 1105 239 1119 non

55 1132 239 1156 molest.=riiutiet;

61 1910 168 1932 Clausulas
189 1915 248 1936 prue-

62 1942 180 1964 servativas

62 1975 132 2002 poam

94 2446 204 2467 Decri-tum
222 2447 249 2466 ir·

66 2479 132 2499 ritanus
148 2478 213 2503 adum

925 290 993 314 PIUS
1016 289 1034 313 V
1058 290 1105 314 PP.

250 348 409 388 perpetuo
428 342 558 382 debere,
586 340 680 374 etiam
704 340 730 373 si
749 340 815 374 illie
835 342 997 383 ecclesias,

251 397 364 429 domos
383 401 439 429 aut
459 400 634 428 conventus
658 404 722 427 non
749 394 920 428 habuerint
945 407 999 429 seu

250 449 401 489 habeant,
436 454 491 482 aut
519 448 658 481 aliorum
692 447 848 481 Ordinum
880 449 1000 482 Mendi-

251 503 394 536 cantium
415 502 530 536 fratres
549 507 580 535 et
599 501 741 544 religiosi
762 501 795 534 in
811 502 931 535 eisdem
956 503 1001 535 ci-

250 556 401 589 vitatibus
429 561 460 589 et
490 556 570 589 locis
603 555 801 600 antiquiores
834 567 892 600 pro
920 561 1002 589 tem-

251 620 351 654 pore,
394 620 574 654 eorumque
613 610 784 651 ecclesiae,
816 611 1000 654 cappellae,

251 663 369 697 domus
398 670 428 697 et
459 664 531 697 loca
564 663 726 707 regularia
756 663 798 696 ibi
822 665 929 708 primo
954 664 1003 697 in-

252 717 361 750 stituta
385 722 416 750 et
435 717 568 750 fundata
587 717 724 758 suerint,
751 718 919 751 eosdemve
939 718 1003 751 sra-

251 775 315 804 tres
335 770 576 804 Praedicatores
596 770 715 810 adhuc,
740 771 834 804 etiam
854 782 912 815 per
932 782 1004 804 cen-

252 829 321 857 tum
355 834 515 857 annorum
546 829 600 857 aut
631 823 818 857 diuturnius
849 825 897 858 vel
927 825 1005 857 alias

252 877 459 921 quantumvis
483 878 579 920 longe
613 877 714 920 magis
748 878 1004 911 immemorabile

253 937 394 975 tempus,
416 931 610 974 praecedere
640 932 874 971 consueverint,
896 933 1004 965 decla-

254 995 378 1025 ramus,
401 984 572 1018 statuimus
593 989 623 1017 et
639 984 734 1017 etiam
761 985 944 1018 delinimus.

299 1038 364 1081 §42
392 1037 552 1078 Districte,
576 1037 609 1070 in
628 1037 744 1070 virtute
771 1045 899 1072 sanctae
927 1039 1005 1072 ohe-

254 1091 394 1125 dientiae
415 1097 446 1124 et
465 1091 524 1124 suh
558 1092 905 1126 excommunicationis
938 1104 1006 1126 ma-

254 1144 342 1185 ioris,
363 1156 401 1178 eo
414 1144 483 1189 ipso
496 1145 703 1185 incurrenda,
722 1156 837 1189 poena,
857 1147 1008 1180 omnibus

255 1204 286 1232 ct
306 1199 441 1242 singulis
460 1209 747 1243 quorumcmnque
763 1200 901 1233 aliorum
924 1202 1008 1234 Men-

255 1252 432 1285 dicantium
450 1252 606 1286 Ordinum
628 1263 687 1296 pro
711 1258 854 1297 tempore
877 1255 1007 1297 religio-

255 1306 297 1339 sis
307 1306 500 1347 inhibentes,
511 1317 550 1340 ne
569 1307 607 1339 de
623 1312 740 1347 cetero,
754 1308 1006 1351 praemissorum

255 1360 438 1400 occasione,
467 1360 618 1394 Ordinem
640 1362 777 1394 fratrum
802 1362 1006 1396 Praedicato-

258 1424 332 1447 rum
352 1413 539 1447 huiusmodi
560 1414 757 1458 illorumque
779 1426 837 1458 pro
862 1421 1008 1460 tempore

259 1467 428 1510 religiosos
465 1479 690 1512 quoscumque
729 1469 918 1509 medestare,
960 1470 1007 1502 in-

257 1521 422 1564 quietare,
456 1521 649 1566 perturbare
689 1527 744 1555 aut
777 1524 1008 1566 quoquomodo

258 1575 415 1619 impedire
448 1575 587 1609 audeant
606 1576 654 1609 vel
675 1583 894 1620 praesumant,
931 1588 1008 1621 sup-

260 1630 383 1672 plentes
404 1629 510 1663 inhoc
528 1629 716 1663 citationum
736 1642 915 1674 onmesque.
930 1631 1009 1663 alios

258 1688 323 1716 tam
348 1683 428 1716 iuris
447 1694 545 1726 quam
566 1683 639 1716 sacti
667 1689 698 1716 et
727 1695 1009 1728 quarumfflmque

259 1737 396 1770 aliarum
421 1736 676 1778 solemnitatum,
699 1738 794 1770 etiam
815 1738 1008 1771 substantia-

260 1790 352 1832 lium,
372 1796 402 1824 et
422 1801 633 1834 processuum
659 1791 812 1824 desectus.

305 1844 375 1888 ἓξ).
407 1844 451 1876 Ac
482 1845 694 1877 decernentes
733 1851 917 1888 praesentes
951 1856 1009 1877 no-

262 1904 342 1932 stras
374 1899 496 1931 litteras
520 1898 559 1931 de
585 1898 804 1942 subreptionis
839 1899 885 1931 vel
919 1899 1010 1931 obre-

262 1951 381 1996 ptionis
424 1950 648 1984 intentionisxe
692 1958 821 1984 nostrae
854 1958 909 1984 aut
947 1951 1010 1984 alio

261 2005 374 2050 quovis
392 2006 466 2038 vitio
487 2017 544 2039 seu
564 2005 710 2046 defectu,
745 2006 835 2039 nullo
858 2017 1009 2048 umquam

260 2066 420 2104 tempore,
443 2059 627 2103 impugnari
661 2069 768 2103 posse3
791 2070 827 2092 ac
855 2059 1010 2092 constitu-

254 2113 380 2147 tionem
397 2119 540 2146 nostram
553 2113 592 2146 de
613 2123 678 2145 non
695 2113 837 2146 tollendo
859 2112 1010 2155 cuiquam

261 2177 320 2211 per
348 2177 590 2212 quamcumque
621 2166 754 2210 gratiani
789 2177 844 2199 seu
879 2177 1011 2199 conres-

262 2222 384 2254 sioncm
405 2226 460 2254 aut
479 2220 731 2253 declarationem
753 2219 801 2251 ius
818 2219 1011 2262 (praesuunt,

262 2275 414 2308 adversus
438 2285 491 2308 eas
524 2275 633 2307 locum
666 2273 724 2307 sibi
753 2273 922 2306 vendicare
947 2283 1012 2306 non

262 2339 355 2372 posse
374 2339 434 2362 nec
454 2327 584 2361 debere.

307 2383 322 2426 ἓ
346 2382 377 2416 6.
400 2382 530 2425 Sicque,
552 2382 584 2414 in
600 2380 783 2425 praemissis·
808 2379 958 2413 omnibus
984 2385 1014 2413 et

263 2436 411 2479 singulis,
428 2446 487 2480 per
507 2445 732 2479 quoscumque
748 2433 871 2466 iudices
887 2440 915 2466 et
929 2444 1015 2466 com-

263 2485 440 2525 missarios,
467 2485 581 2529 quavis
606 2482 797 2516 auctoritate
827 2484 1013 2525 fungentes,

263 2534 359 2568 etiam
379 2540 507 2568 sanetae
532 2534 695 2566 Romanae
723 2531 884 2564 Ecclesiae
910 2531 1014 2564 cardi-

263 2585 352 2617 nales
372 2589 403 2617 et
422 2593 593 2617 causarum
614 2581 691 2614 dicti
710 2580 820 2613 I'alatii
841 2580 1015 2624 Apostolici

264 2633 439 2673 auditores,
470 2631 503 2664 in
527 2631 637 2674 quavis
666 2641 763 2663 causa
792 2635 822 2663 et
857 2630 1015 2670 instantia,

264 2682 360 2716 etiam
380 2693 439 2726 per
459 2680 712 2726 appellationem
733 2679 906 2723 pendente,
931 2679 1015 2712 iudi-

1685 281 1742 316 701

1042 343 1108 375 cari
1124 348 1155 377 et
1179 343 1307 377 definiri
1332 344 1459 385 dehere,
1481 343 1605 377 sublata
1629 344 1674 377 eis
1692 351 1722 378 et
1738 356 1792 378 eo-

1042 407 1113 429 rum
1136 397 1286 439 cuilibet,
1316 398 1426 441 quavis
1445 398 1537 430 aliter
1562 397 1793 441 interpretandi

1043 450 1203 491 facultate;
1226 462 1262 485 ac
1293 451 1419 484 irritum
1453 457 1484 485 et
1512 451 1606 484 inane
1639 452 1793 496 quicquid

1043 514 1135 537 secus
1159 515 1257 549 super
1278 505 1326 538 his
1346 516 1363 538 a
1391 516 1569 549 quoquam,
1595 506 1706 549 quavis
1738 517 1795 539 au-

1044 558 1200 599 ctoritate,
1223 559 1363 592 scienter
1390 559 1437 592 vel
1463 559 1660 603 ignoranter,
1691 560 1793 593 conti-

1044 610 1127 653 gerit
1145 611 1304 644 attentari.

1089 664 1104 706 ἓ
1124 664 1154 697 7.
1178 665 1388 705 Ceterum,ut
1414 665 1601 707 declaratio,
1625 671 1792 707 statutum,

1045 768 1170 812 singula
1191 771 1365 814 praemissa
1383 772 1608 806 inviolabiliter
1627 773 1796 806 observen-

1048 828 1114 863 tur,
1154 825 1311 858 univcrsis
1336 830 1366 858 ct
1401 826 1535 869 singulis
1559 827 1796 860 venerabilibus

1046 877 1199 910 fratribus
1218 879 1335 912 nostris
1354 880 1557 923 patriarchis,
1586 881 1747 925 episcopis
1767 886 1797 914 et

1046 931 1170 964 dilectis
1190 932 1263 965 liliis
1284 933 1453 966 abbatibus
1477 945 1513 967 ac
1543 934 1614 966 aliis
1643 934 1795 968 ecclesia—

1047 996 1119 1018 rum
1157 987 1307 1029 praelatis
1340 992 1370 1020 et
1400 988 1547 1031 personis
1578 988 1610 1020 in
1644 989 1796 1031 dignitate

1047 1040 1265 1073 ecclesiastica
1290 1041 1480 1082 constitutis,
1516 1052 1643 1075 necnon
1677 1047 1796 1075 metro-

1048 1094 1200 1136 politanis
1224 1099 1254 1127 et
1278 1094 1414 1127 aliarum
1436 1095 1669 1128 cathedralium
1693 1097 1797 1130 eccle-

1049 1148 1169 1181 siarum
1195 1148 1374 1188 canonicis,
1408 1149 1597 1181 eorumdem
1635 1150 1798 1193 arehiepi-

1049 1213 1222 1246 scoporum
1243 1202 1434 1235 officialibus
1454 1213 1510 1235 scu
1535 1202 1660 1236 vicariis
1681 1204 1713 1236 in
1734 1204 1804 1247 spi*

1049 1256 1220 1289 ritualibus
1231 1256 1447 1298 generalibus,
1459 1256 1595 1289 ubilibet
1608 1257 1800 1295 constitutis,

1049 1321 1107 1353 per
1127 1310 1302 1353 apostolica
1326 1310 1456 1353 scripta,
1480 1310 1510 1342 in
1536 1310 1652 1344 virtute
1672 1317 1800 1344 sanctae

1050 1363 1262 1405 obedientiae,
1288 1363 1520 1397 committimus
1551 1369 1581 1397 et
1611 1364 1801 1398 mandamus

1051 1422 1082 1449 ut
1104 1417 1161 1450 has
1182 1418 1301 1450 litteras
1331 1423 1456 1451 nostras
1482 1424 1507 1450 et
1532 1417 1564 1449 in
1585 1417 1630 1450 eis
1651 1424 1801 1451 contenta

1050 1482 1275 1515 quaecumque
1297 1471 1522 1504 inviolabiliter
1542 1471 1720 1512 observent,
1752 1472 1800 1517 ip-

1051 1525 1140 1568 sique
1161 1525 1225 1558 duo
1255 1530 1309 1557 aut
1336 1536 1421 1558 unus
1451 1535 1581 1565 eorum,
1614 1536 1672 1569 per
1696 1536 1729 1559 se
1753 1526 1800 1559 vel

1051 1579 1149 1611 alium
1175 1590 1230 1611 scu
1252 1578 1342 1619 alios,
1372 1578 1439 1619 ubi,
1476 1579 1605 1622 quando
1626 1584 1657 1611 ct.
1676 1578 1802 1622 quoties

1051 1644 1133 1677 opus
1153 1633 1259 1673 suerit,
1294 1638 1324 1665 et
1351 1642 1409 1675 pro
1435 1637 1523 1675 parte
1557 1632 1719 1665 dictorum
1742 1634 1802 1665 sra-

1051 1692 1135 1719 trum
1170 1685 1433 1719 praedicatorum
1469 1686 1517 1718 vel
1551 1686 1735 1730 aliquorum
1766 1697 1801 1718 ex

1051 1741 1095 1773 eis
1111 1741 1229 1773 suerint
1240 1739 1395 1783 requisiti,
1406 1740 1451 1773 eis
1462 1740 1583 1772 efficaci
1597 1740 1745 1783 pra-sidio
1756 1752 1802 1773 as-

1052 1796 1210 1833 sistentes,
1238 1794 1375 1833 saciant,
1401 1793 1591 1827 auctoritate
1611 1799 1731 1834 nostra,
1749 1805 1804 1827 eos

1052 1848 1237 1881 huiusmodi
1248 1848 1361 1881 litteris
1373 1847 1529 1880 nostriset
1546 1848 1577 1879 in
1589 1847 1634 1880 eis
1646 1848 1804 1880 contentis

1052 1897 1313 1941 quibuscumque
1343 1896 1478 1940 pacifice
1507 1896 1569 1929 frui
1597 1902 1628 1929 ct
1647 1897 1800 1939 gaudere,

1052 1962 1117 1984 non
1152 1951 1371 1994 permittentes
1410 1961 1427 1982 a
1459 1949 1616 1993 religiosis
1644 1960 1803 1992 quorum-

1053 2015 1193 2048 cumque
1213 2004 1352 2037 aliorum
1369 2002 1525 2036 Ordinum
1553 2003 1803 2036 Mendicantium

1052 2059 1100 2091 rel
1120 2058 1317 2102 quibuslibet
1341 2057 1422 2097 aliis,
1445 2068 1649 2100 ‹⁷1uacumque
1665 2057 1804 2090 auctori-

1053 2119 1115 2146 tate
1136 2113 1356 2156 fungentibus,
1384 2122 1482 2156 super
1511 2111 1754 2154 prteeminentia
1774 2116 1804 2143 et

1053 2167 1123 2199 aliis
1142 2166 1323 2207 antedictis,
1340 2170 1451 2199 contra
1473 2165 1659 2197 earmndem
1681 2169 1804 2197 nostra-

1054 2231 1126 2252 rum
1147 2225 1309 2259 tenorem,
1345 2217 1591 2261 quomodolibet
1624 2217 1801 2258 molestari,

1054 2273 1238 2317 inquietari,
1261 2271 1443 2317 perturbari
1468 2277 1523 2304 aut
1542 2271 1703 2314 impediri,
1726 2281 1804 2304 con-

1056 2327 1244 2361 tradictores
1264 2332 1294 2360 ct
1314 2327 1450 2359 rebelles
1470 2335 1713 2369 ‹proscumque‚
1743 2330 1805 2357 sta-

1055 2387 1116 2421 tus,
1145 2381 1276 2424 gradus,
1303 2380 1441 2419 ordinis,
1477 2378 1669 2412 conditionis
1697 2383 1728 2411 et
1756 2378 1804 2410 di-

1055 2435 1184 2478 gnitatis
1204 2434 1343 2468 cuiusvis
1364 2433 1544 2469 existentes,
1572 2442 1628 2475 per
1653 2442 1806 2465 censuras

1055 2489 1214 2527 etpoenas,
1225 2483 1319 2516 etiam
1330 2481 1542 2525 pecuniarias,
1551 2479 1682 2513 arbitrio
1693 2490 1805 2513 eorum

1056 2533 1269 2566 moderandas
1289 2537 1319 2565 et
1347 2530 1568 2575 applicandas,
1599 2540 1806 2573 quacui‘uque

1057 2581 1272 2625 appellatione
1314 2579 1513 2624 postposita,
1556 2579 1803 2622 compescendo.

1056 2631 1093 2663 Et
1107 2630 1320 2663 nihilominus
1345 2639 1416 2668 eos,
1444 2628 1500 2671 qni
1525 2628 1716 2661 sententiam
1753 2639 1806 2661 ex-

1058 2678 1361 2712 communicationis
1399 2677 1606 2717 antedictam,
1654 2687 1807 2711 censuras

1809 292 1859 320 An.
1877 292 1907 319 C.
1924 291 1990 319 1558

1863 683 1994 704 Exocniorcs

1046 716 1208 757 delinitm,
1250 718 1398 751 inhibitio
1445 719 1572 763 aliaque
1613 720 1722 752 omnia
1766 715 1905 753 et⁶⁰¹¹¹¹¹'²¹³
