2237 3100
211 265 261 293 An.
281 264 307 292 C.
328 265 389 293 ¹56¹

213 969 391 992 iurisdictionem<

207 1008 248 1029 qus
283 1007 391 1022 causarum

207 1033 300 1054 civilium
315 1036 392 1054 eiten-

208 1065 247 1089 dit;

410 315 518 350 omnia
550 316 612 349 alia
646 316 765 348 inserta
800 315 831 347 in
865 313 957 346 dit-tis
981 312 1105 346 statutis
1133 317 1163 344 et

410 369 698 405 consuetudinibus
731 368 886 413 ripalibus
900 394 907 407 ,
956 367 987 399 in
1024 369 1162 399 savorem

411 424 513 457 dictae
552 424 660 457 curiae
694 428 724 456 et
752 426 969 455 mercatorum
995 426 1022 453 et
1049 424 1162 452 nauta-

409 489 496 518 rum,
519 483 549 510 et
582 477 655 509 inde
689 480 797 509 secuta
820 484 1063 519 quaecumque,
1084 483 1162 517 apo-

410 531 521 565 stolica
541 529 729 564 auctoritate
752 529 983 562 confirmamus
1003 532 1030 559 et
1048 537 1164 571 appro-

409 586 542 624 bamus,
566 589 612 624 et,
645 589 804 627 quatenus
825 593 906 626 opus
936 581 993 621 sit,
1016 581 1054 614 de
1083 591 1163 614 novo

410 638 628 673 concedimus.
662 637 844 680 Omnesque
865 641 896 668 et
915 634 1076 678 singulos,
1100 641 1163 667 tam

408 692 488 727 iuris
515 702 610 735 quam
647 690 720 724 faeti
740 690 903 729 desectus,
930 689 955 722 si
980 689 1034 733 qui
1056 689 1163 722 forsan

408 744 637 780 intervenerint
662 744 694 777 in
717 743 856 783 eisdem,
883 754 920 776 ac
945 742 1164 776 solemnitates

408 800 562 837 omissas,
586 798 610 830 si
635 808 718 842 quae
743 797 880 831 omissae
909 802 1002 837 sunt,
1031 797 1163 840 supple-

409 864 492 887 mus.

451 908 466 951 ἓ
485 906 517 939 ⁶2.
553 906 597 939 Ac
630 906 772 939 volentes
805 904 1072 938 inconvenientiis
1105 904 1163 937 ob-

407 961 504 1001 viare,
527 971 609 1004 quae
630 970 725 1003 saepe
745 958 896 992 oriuntur
916 970 933 991 a
954 959 1036 991 male
1057 959 1163 991 soi-san

408 1013 644 1053 iudicantibus,
671 1013 789 1056 gratias
815 1017 1003 1046 nostrorum
1029 1012 1163 1056 praede—

409 1078 575 1102 cessorum
593 1077 762 1100 concessas
781 1065 968 1099 huiusmodi
988 1070 1098 1099 nostro
1112 1065 1166 1098 tri-

408 1121 520 1155 bunali
554 1132 591 1154 ac
612 1120 699 1154 illius
723 1120 829 1153 nautis
854 1125 884 1153 et
908 1119 1162 1157 mercatoribus,

408 1181 498 1209 motu
519 1175 635 1220 propio
656 1179 687 1208 et
706 1185 743 1208 ex
763 1180 849 1207 certa
870 1173 1002 1207 scientia
1019 1179 1047 1206 et
1065 1172 1165 1217 pleni-

409 1229 519 1264 tudine
541 1227 718 1272 potestatis,
741 1228 945 1261 declaramus
967 1233 1095 1260 nostrae
1116 1226 1164 1260 in-

410 1282 562 1317 tentionis
583 1292 651 1315 esse
671 1293 708 1315 ac
728 1286 916 1314 nostrorum
938 1281 1165 1325 praedeeesso-

408 1348 481 1371 rum
494 1336 580 1380 quod
591 1346 702 1369 omnes
714 1347 841 1374 causae,
865 1340 928 1368 tam
945 1335 1138 1368 introductae
1155 1335 1163 1362 l

410 1387 442 1420 in
463 1385 548 1420 dicto
569 1384 735 1425 tribunali,
759 1385 791 1417 in
812 1384 916 1428 prima
936 1384 1097 1424 instantia,
1116 1395 1167 1417 oc-

411 1436 537 1470 casione
558 1446 667 1468 rerum
687 1434 838 1479 ripalium
854 1435 903 1467 vel
920 1434 958 1467 ab
987 1434 1050 1466 illis
1065 1446 1167 1468 emer-

410 1487 545 1531 gendae,
568 1485 811 1530 dependendae,
830 1495 1030 1517 annexorum
1047 1489 1078 1517 et
1093 1495 1167 1517 con-

410 1547 582 1576 nexorum,
605 1541 636 1569 et
656 1546 752 1568 eausa
773 1534 866 1578 pretii
888 1534 1030 1574 illorum⁷
1043 1534 1081 1566 de
1098 1534 1168 1577 qui-

411 1586 471 1619 bus
492 1591 578 1619 certa
599 1585 737 1618 habetur
752 1584 893 1623 tides,ac
909 1583 1168 1626 quomodocum-

411 1647 474 1680 que
508 1640 539 1668 et
571 1635 868 1679 qualitercumque,
895 1633 981 1666 licite
1008 1638 1113 1666 tamen
1140 1637 1170 1665 et

410 1686 558 1723 honeste,
580 1684 677 1716 suerit
696 1688 898 1717 contractum
924 1688 956 1716 et
975 1688 1168 1715 conventum

413 1735 497 1768 inter
516 1734 602 1778 ipsos
618 1739 827 1773 mei·catoreS‚
841 1738 956 1765 nautas
972 1738 1002 1765 et
1022 1731 1101 1764 alios
1117 1742 1170 1764 eo-

415 1796 487 1817 rum
508 1783 682 1823 debitores,
705 1782 903 1816 commercia
924 1794 982 1826 pro
1003 1782 1101 1815 rebus
1129 1782 1171 1814 ri-

414 1833 540 1878 palibus
568 1844 642 1865 cum
676 1831 739 1865 illis
768 1832 935 1871 habentes,
958 1832 1045 1875 quod
1066 1831 1170 1863 dictae

414 1894 529 1916 causae
550 1888 581 1915 et
601 1882 672 1914 lites
692 1892 757 1914 non
782 1886 911 1924 possent
935 1881 1031 1913 modo
1061 1880 1170 1922 aliquo

416 1933 446 1965 in
476 1932 561 1966 dicta
587 1931 689 1975 prima
715 1930 865 1963 instantia
885 1929 959 1969 (ubi
980 1935 1088 1962 tamen
1107 1940 1171 1962 non

415 1987 459 2015 est
486 1982 673 2024 deneganda
698 1979 898 2025 appellatio),
925 1990 982 2023 per
1006 1984 1121 2012 statuta
1143 1984 1171 2011 et

416 2031 668 2065 consuetudines
701 2030 832 2074 ripales,
855 2029 950 2063 etiam
973 2040 1030 2072 per
1050 2029 1171 2073 depen-

416 2083 528 2115 dentes
547 2082 594 2114 vel
616 2080 740 2113 ratione
761 2079 951 2112 universalis
972 2079 1095 2116 iudicii,
1119 2091 1172 2111 ex-

417 2130 574 2164 cussionis
602 2129 837 2163 haereditatum
872 2134 899 2161 et
935 2128 1097 2162 bonorum
1117 2140 1173 2161 seu

416 2180 553 2221 dotium,
577 2178 746 2219 intentari,
769 2178 933 2211 introduci
955 2188 1061 2221 neque
1086 2188 1173 2211 reas-

417 2229 501 2263 sumi
535 2229 567 2263 in
601 2229 764 2273 aliquibus
788 2228 859 2262 aliis
884 2227 983 2261 curiis
1000 2227 1094 2260 Urbis
1114 2238 1172 2261 no-

419 2285 514 2316 strae,
537 2280 591 2312 sed
612 2279 745 2312 omnino
771 2279 909 2311 debeant
942 2277 1029 2310 liniri
1063 2282 1093 2309 et,
1118 2277 1174 2309 de-

420 2328 586 2361 terminari
607 2328 640 2361 in
661 2328 745 2361 dieta
765 2327 861 2361 Curia
881 2327 969 2371 Ripae.
990 2333 1021 2360 et
1040 2327 1174 2370 Ripettae

422 2389 479 2421 per
500 2378 716 2410 camerarium
738 2377 872 2420 eiusque
898 2375 1059 2409 notarium
1081 2381 1111 2408 et
1131 2376 1176 2408 os-

422 2427 555 2465 ficiales,
578 2432 609 2459 et
628 2426 661 2459 in
682 2426 803 2465 arduis,
822 2432 852 2458 et
867 2423 922 2459 ubi
939 2425 1022 2458 eadit
1038 2430 1178 2468 punctus

422 2475 514 2515 iuris,
536 2475 645 2509 habito
666 2475 800 2509 consilio
822 2474 986 2519 sapientis,
1009 2474 1095 2506 iuxta
1112 2475 1178 2506 l'or-

424 2534 509 2557 mam
530 2523 692 2557 dictorum
713 2529 908 2558 statutorum
933 2523 971 2556 de
992 2522 1178 2555 huiusmodi

424 2573 640 2617 loquentium,
662 2573 687 2607 si
708 2585 790 2617 opus
812 2573 920 2607 suerit.
957 2573 994 2606 Et
1019 2573 1063 2605 sic
1084 2572 1179 2605 etiam

461 2637 472 2662 ¹
494 2637 559 2662 Tam
581 2638 750 2663 introductae
774 2637 1097 2669 quam,int⁷·o‹1ucendae‚
1114 2635 1181 2662 Che-

425 2675 484 2705 rub.
504 2675 541 2713 (n,
562 2676 611 2713 r).

1002 258 1180 282 BULLARIUM
1206 256 1355 281 ROMANUM

1202 311 1241 344 de
1264 309 1503 349 contractibus,
1527 308 1728 354 pactionibus
1756 315 1787 343 et
1816 319 1956 342 conven-

1205 364 1345 398 tionibus
1364 363 1480 396 habitis
1500 374 1708 408 quocumque
1732 364 1879 397 locorum
1892 390 1899 404 ‚
1923 373 1957 395 e-

1204 418 1280 451 tiam
1301 417 1334 450 in
1354 416 1499 449 finitimis
1519 416 1703 460 provinciis

1248 470 1313 514 {3-
1351 471 1384 503 Et
1413 469 1509 503 simili
1545 476 1633 503 motu
1656 471 1789 515 proprio
1808 471 1957 504 volumus

1204 525 1289 569 quod
1311 535 1423 557 omnes
1444 534 1559 557 causae
1579 524 1693 558 mixtae
1715 530 1745 557 et
1774 524 1958 558 criminales

1205 578 1378 618 inclusive,
1401 577 1496 610 etiam
1518 588 1619 621 usque
1644 579 1683 611 ad
1709 578 1859 612 ultimum
1880 589 1958 622 sup-

1206 632 1351 676 plicium,
1371 641 1429 675 pro
1450 631 1601 664 omnibus
1620 632 1814 673 excessibus,
1837 631 1961 666 delictis

1204 691 1235 719 et
1259 685 1444 718 homicidiis
1473 685 1505 717 in
1539 685 1623 718 dicta
1647 685 1727 729 Ripa
1747 686 1958 730 perpetratiS,

1204 745 1268 773 tam
1303 739 1335 772 in
1360 739 1441 772 mari
1467 749 1564 782 quam
1585 738 1617 771 in
1638 739 1722 773 dicta
1741 740 1822 783 Ripa
1842 745 1873 773 et
1893 740 1962 774 eius

1204 794 1351 827 districtu
1386 798 1416 826 et.
1445 793 1665 836 pertinentiis,
1688 800 1719 827 et
1751 805 1962 838 quocumque

1205 849 1352 881 locorum
1375 847 1407 879 in
1428 847 1521 887 mari,
1545 852 1608 880 tam
1630 853 1742 881 contra
1762 859 1812 882 res
1831 854 1861 881 et
1881 859 1963 881 mer-

1205 913 1258 935 ces
1291 901 1463 934 destinatas
1496 901 1535 934 ad
1561 900 1675 945 Ripam
1694 902 1893 946 praedictam
1913 902 1963 935 vel

1205 956 1244 988 ad
1270 959 1416 988 nostrum
1442 960 1572 999 portum
1593 954 1732 988 Civitatis
1753 955 1884 989 Vetulae
1905 966 1963 1000 per

1205 1015 1318 1042 nautas
1342 1009 1390 1041 vel
1416 1008 1513 1049 alios,
1536 1009 1631 1042 etiam
1657 1009 1744 1052 quod
1765 1020 1823 1053 per
1842 1014 1962 1043 terram

1206 1068 1316 1107 postea
1345 1073 1381 1095 ex
1414 1063 1524 1106 aliquo
1558 1068 1653 1106 portu
1688 1062 1892 1106 pervenerint
1923 1063 1963 1096 ad

1207 1116 1325 1150 Urbem
1351 1121 1493 1149 nostram
1528 1127 1584 1149 seu
1618 1121 1761 1150 nostram
1780 1116 1895 1160 Ripam
1914 1116 1963 1150 vel

1206 1170 1378 1214 Ripcttam‚
1401 1175 1641 1213 cognoscantur
1666 1181 1724 1213 per
1748 1170 1963 1204 camerarium

1206 1224 1309 1257 dictae
1330 1223 1441 1268 Ripae,
1465 1235 1501 1257 ae
1523 1235 1620 1267 supra
1640 1228 1671 1256 et
1688 1223 1795 1257 debito
1816 1224 1880 1258 fine
1896 1229 1961 1258 ter-

1207 1277 1383 1318 minentur,
1407 1283 1437 1311 et
1458 1277 1637 1311 incidenter
1657 1283 1770 1311 contra
1789 1289 1964 1321 quoscum-

1207 1342 1269 1374 que
1290 1331 1488 1364 facinorosos
1508 1331 1656 1364 homines
1672 1337 1826 1365 etnautas
1846 1332 1964 1365 habeat

1208 1396 1332 1418 merum
1354 1392 1383 1419 et
1404 1385 1537 1418 mixtum
1559 1385 1745 1429 imperium,
1765 1386 1963 1419 animadver-

1208 1440 1332 1472 sionem
1358 1445 1388 1473 et
1416 1439 1512 1483 gladii
1534 1444 1723 1484 potestatem
1738 1467 1745 1481 ‚
1768 1446 1865 1484 prout
1884 1440 1961 1473 olim

1209 1494 1323 1527 habuit
1351 1499 1381 1526 et
1401 1494 1433 1527 in
1455 1493 1710 1537 praesentiarum
1730 1494 1844 1535 habet,
1864 1505 1963 1539 quam

1209 1553 1398 1593 potestatem
1433 1548 1686 1588 confirmamus,
1721 1553 1770 1590 et,
1804 1553 1963 1593 quatenus

1209 1614 1291 1647 opus
1310 1603 1360 1642 sit,
1383 1603 1468 1636 dicto
1490 1603 1668 1637 camerario
1699 1608 1729 1636 et
1762 1604 1831 1637 eius
1863 1603 1963 1648 Ripae

1209 1663 1240 1691 et
1268 1657 1412 1701 Ripettae
1442 1658 1662 1691 concedimus.
1685 1658 1900 1691 Decernentes
1919 1659 1963 1690 ir-

1210 1712 1307 1744 ritum
1343 1717 1373 1744 et
1405 1711 1498 1744 inane
1532 1711 1689 1755 quidquid
1710 1711 1742 1744 in
1764 1711 1963 1745 eontrarium

1209 1765 1357 1799 attentari
1379 1765 1547 1808 contigerit
1568 1765 1599 1797 in
1621 1766 1779 1798 futurum.

1255 1822 1269 1863 ξ
1289 1819 1319 1852 st.
1342 1819 1498 1852 Volumus
1514 1819 1609 1851 etiam
1625 1819 1712 1863 quod
1723 1820 1880 1863 praesenti
1898 1831 1965 1853 mo-

1212 1874 1256 1906 tui
1278 1874 1411 1919 proprio
1433 1880 1554 1914 nostro,
1580 1884 1636 1918 per
1656 1884 1898 1918 quamcumque
1909 1884 1968 1907 no-

1212 1930 1309 1957 stram
1344 1925 1553 1967 signaturam,
1586 1923 1680 1957 etiam
1711 1928 1800 1956 motu
1834 1923 1968 1968 proprio

1213 1980 1395 2007 emanatam
1430 1979 1460 2006 et
1494 1973 1525 2005 in
1559 1973 1705 2005 futurum
1730 1972 1967 2013 emanandam,

1213 2023 1308 2056 etiam
1330 2022 1353 2055 si
1385 2023 1423 2055 de
1449 2032 1563 2055 eorum
1584 2021 1737 2054 clausulis
1757 2021 1970 2064 derogatoriis

1215 2072 1334 2105 mentio
1356 2072 1422 2114 fiat,
1445 2071 1504 2104 nisi
1526 2072 1613 2104 illius
1629 2082 1778 2115 expressa
1794 2071 1914 2105 mentio
1930 2071 1970 2105 de

1214 2122 1310 2155 verbo
1344 2123 1382 2155 ad
1416 2121 1548 2154 verbum
1584 2121 1753 2161 habeatur,
1783 2122 1970 2155 nullatenus

1215 2172 1402 2213 derogaturi]
1426 2176 1606 2204 censeatur.
1642 2171 1847 2203 Declaramus
1872 2170 1968 2203 etiam

1215 2226 1343 2254 nostrae
1366 2220 1552 2253 intentionis
1574 2231 1752 2263 numquam
1773 2219 1889 2259 fuisse,
1912 2231 1970 2263 per

1216 2271 1387 2313 quemdam
1406 2276 1551 2303 nostrum
1564 2275 1687 2302 motum
1704 2269 1873 2313 proprium
1891 2280 1969 2302 eon-

1218 2320 1431 2352 firmatorium
1459 2319 1676 2362 capitulorum
1698 2319 1841 2361 gabellae
1867 2318 1969 2352 Studii

1217 2373 1289 2407 ecc„
1306 2369 1385 2402 velle
1401 2368 1528 2401 auferre
1545 2368 1736 2401 beneficium
1749 2368 1968 2411 praelationi&

1218 2417 1395 2462 prioritatis
1424 2423 1454 2450 et
1484 2417 1618 2450 dominii
1651 2417 1794 2460 ipsorum
1812 2422 1972 2450 mercato-

1221 2478 1292 2499 rum
1327 2472 1357 2500 et
1385 2473 1558 2500 nautarum
1584 2467 1617 2499 in
1637 2466 1733 2499 rebus
1752 2477 1787 2498 ac
1807 2465 1888 2499 vinis
1908 2466 1972 2499 exi-

1220 2516 1395 2557 stentibus,
1424 2516 1509 2549 iuxta
1542 2522 1686 2550 tenorem
1720 2520 1826 2548 motus
1850 2515 1974 2560 proprii

1221 2564 1323 2597 felicis
1343 2565 1577 2599 reeordationis
1596 2564 1686 2598 Pauli
1707 2564 1757 2606 Ill,
1785 2564 1975 2608 praedeces-

1222 2613 1303 2646 soris
1337 2615 1456 2655 nostri,
1488 2615 1542 2648 sed
1572 2613 1740 2647 fraudibus
1767 2618 1892 2647 tantum
1918 2613 1976 2648 oh-

1221 2672 1318 2697 ware.

1971 253 2022 280 An.
2039 252 2069 280 C.
2087 252 2151 281 1561

2003 480 2028 501 Et
2056 480 2129 501 crimin
2133 486 2157 501 a.-

1973 512 2022 534 tium
2038 511 2131 539 ampliat,

1993 1829 2103 1851 clausulae
2111 1834 2168 1856 prn-

1981 1862 2109 1883 servanne-
