2237 3100
69 290 119 322 An.
137 294 166 323 C.
185 288 254 323 ¹566

100 974 219 997 Exordium.

85 2105 150 2126 Dubia
169 2107 242 2125 exortu

59 2142 123 2164 super
161 2136 242 2162 praeru-

58 2169 97 2189 ciis

927 294 996 338 PQUS
1019 294 1039 318 V
1062 294 1110 319 PP.

266 357 390 389 carum,
401 357 529 382 necnon
543 346 574 380 in
587 348 755 382 Audientia
766 348 932 382 literarum
943 359 1018 383 con-

265 401 488 442 tradictarum,
510 413 546 435 ac
567 402 599 434 in
619 402 687 435 acie
705 402 952 446 CampiFlorae,
966 403 1016 436 di-

265 455 368 488 missis
387 455 465 489 inibi
486 456 587 499 copiis
607 456 707 489 affixis
718 468 776 500 per
795 467 846 490 me
863 457 1015 490 loannem

263 509 432 549 Guerardi,
445 509 578 554 praefati
596 510 650 543 SS.
665 511 698 543 D.
713 510 748 543 N.
763 511 867 554 Papae
887 521 1012 543 cursor.

534 564 605 596 Ant.
628 564 758 605 Clerici,
775 574 860 607 mag.
882 575 968 597 curs.

327 620 399 652 Pub.
416 622 463 652 die
477 622 517 653 ⁶20
533 623 605 652 iunii
623 623 710 660 1:366,
724 622 825 660 pontis.
843 632 919 652 anno
936 631 954 652 1.

261 747 413 790 Sequitur
431 747 605 781 declaratio
629 748 733 780 dictae
761 747 1012 780 consttczctiom's.

379 838 442 867 Pius
461 839 531 874 Papa
550 838 579 874 V,
599 840 676 867 motu
694 839 821 875 proprio,
842 839 898 867 etc.

305 914 432 947 Dudum
453 919 623 958 postquam
658 914 759 947 felicis
783 914 1015 948 recordationis

261 968 336 1002 Pius
350 969 435 1013 Papa
445 968 482 1001 IV
500 995 507 1009 ‚
530 969 759 1012 praedecessor
790 974 901 1002 noster
917 995 925 1009 ‚
957 980 1014 1002 cu-

261 1022 354 1067 piens
369 1022 577 1065 subterfugiis
596 1022 855 1067 delinquentium
872 1022 1012 1062 obviare,

260 1087 318 1121 per
328 1077 482 1120 quasdam
504 1087 577 1109 suas
593 1077 625 1109 in
645 1076 748 1109 forma
769 1082 875 1110 motus
891 1076 1014 1120 proprii

260 1131 360 1164 editas
377 1131 495 1172 literas,
518 1131 577 1164 sub
601 1131 664 1164 dat.
683 1131 803 1164 Romae
828 1131 913 1174 apud
934 1131 1014 1164 San-

260 1190 346 1218 ctum
367 1184 518 1225 Petrum,
548 1195 591 1217 ΧΗ
620 1184 772 1217 kalendas
805 1184 906 1226 iunii,
928 1195 1013 1218 anno

260 1247 302 1278 1v,
323 1238 407 1271 inter
421 1237 495 1277 alia,
518 1238 677 1271 statuisset
700 1238 786 1281 quod
811 1238 857 1271 rei
878 1238 909 1271 in
935 1249 1013 1272 con-

261 1291 434 1324 tumaciam
469 1291 700 1331 condemnati,
729 1291 768 1324 ad
798 1303 872 1325 suas
904 1292 1013 1325 desen-

259 1345 365 1378 siones
411 1344 573 1378 faciendas
610 1345 734 1378 admitti
767 1355 833 1379 non
862 1346 984 1389 possint
1003 1373 1010 1386 ,

260 1398 320 1431 nisi
354 1398 436 1431 infra
468 1410 521 1432 sex
541 1409 668 1432 menses
685 1426 692 1439 ‚
714 1399 821 1442 quoad
852 1399 1013 1433 faciendas

259 1452 442 1494 videlicet,a
461 1453 512 1487 die
532 1453 831 1494 condemnationis3
853 1450 918 1498 quo
937 1465 1012 1487 vero

258 1506 298 1539 ad
317 1505 381 1539 iam
410 1507 508 1539 saetas
528 1507 827 1547 condemnationes,
846 1519 863 1540 a
882 1506 933 1540 die
954 1519 1013 1552 pu-

257 1560 438 1593 blicationis
458 1561 645 1594 earumdem
672 1561 840 1594 literarum
875 1572 1011 1605 compu-

257 1613 381 1655 tandos;
403 1625 462 1658 per
481 1615 559 1648 alias
578 1620 715 1656 nostras,
738 1615 833 1648 etiam
859 1615 891 1648 in
908 1616 1011 1649 forma

257 1673 363 1701 motus
390 1669 524 1712 proprii,
545 1675 708 1702 emanatas
736 1669 845 1703 literas
862 1697 870 1711 ,
898 1670 948 1703 dic
972 1681 1012 1703 xx

256 1722 375 1755 mensis
407 1722 507 1763 iunii,
545 1723 752 1767 pontificatus
788 1724 889 1758 nostri
925 1734 1010 1757 anno

256 1775 372 1820 primo,
387 1776 578 1820 publicatas,
596 1778 769 1811 terminum
778 1789 832 1811 sex
851 1778 1010 1812 mensium

256 1829 443 1863 huiusmodi
464 1831 503 1863 ad
532 1841 653 1864 annum
680 1832 925 1875 prorogavimus
944 1843 1011 1871 ‚fflc

255 1884 502 1918 contumacibus
512 1884 698 1918 huiusmodi
709 1885 921 1923 defensiones,
932 1896 1010 1919 non-

255 1937 315 1970 nisi
342 1943 413 1981 post
432 1938 507 1970 anni
528 1938 627 1982 elapsi
643 1939 817 1972 terminum
829 1966 836 1980 ,
859 1940 1009 1983 denegari

255 1991 372 2024 debere
392 1991 604 2025 decrevimus.

299 2046 314 2089 g
339 2045 368 2077 ι1.
396 2045 554 2089 Cumque,
579 2046 661 2079 sicut
681 2047 877 2090 accepimus,
894 2059 1009 2082 anon-

256 2098 353 2131 nullis
373 2099 608 2133 ordinationem
633 2105 664 2132 et
684 2100 926 2144 dispositionem
946 2102 1008 2135 llu-

256 2153 405 2194 iusmodi,
421 2159 628 2196 nostramque
649 2159 677 2186 et
696 2154 1009 2198 dietipraedecesso-

256 2206 299 2240 ris
318 2207 351 2239 in
372 2206 436 2239 illis
455 2207 587 2239 edendis
611 2207 821 2241 intentionem
842 2208 936 2241 variis
956 2221 1008 2242 ea-

256 2260 387 2293 lumniis
411 2260 555 2301 eludere,
578 2266 609 2294 et
628 2271 726 2305 super
745 2272 857 2295 earum
874 2263 1010 2297 sinistris

255 2314 575 2358 interpretationibus
591 2320 721 2357 agentes
740 2326 799 2359 pro
814 2316 892 2350 fiseo
909 2322 938 2350 ct
953 2317 1008 2351 Ca-

255 2378 343 2400 mera
354 2368 538 2411 Apostolica
558 2367 702 2411 fatigare,
719 2374 750 2401 et
766 2379 877 2402 causas
893 2370 925 2402 in
940 2371 1008 2403 lon-

255 2432 332 2465 gum
352 2422 542 2466 protrahere
563 2428 591 2455 ct
612 2422 683 2455 illas
703 2422 867 2463 intricare,
881 2429 1007 2457 senten-

255 2475 438 2519 tiarumque
455 2476 677 2510 executionem
698 2477 815 2510 evitare
836 2478 1007 2521 satagenti-

255 2529 325 2570 bus,
346 2541 440 2574 saepe
461 2530 494 2562 in
514 2529 648 2563 dubium
670 2530 747 2563 verti
769 2531 931 2573 contingat
951 2532 1006 2575 (li-

255 2589 306 2617 cet
324 2595 361 2617 ex
380 2585 551 2618 verborum
569 2584 763 2628 proprietate
781 2596 830 2617 res
850 2585 935 2618 clara
956 2586 1008 2628 sit.)

255 2649 295 2670 an
316 2638 438 2671 scilicet
465 2644 529 2671 tam
559 2645 672 2682 sponte
702 2645 937 2683 comparentes,
968 2640 1006 2673 de

256 2691 376 2734 quibus
402 2692 547 2735 loquitur
575 2697 683 2726 motus
702 2692 854 2736 proprius
873 2693 1006 2737 praefati

1700 284 1765 320 467

1059 348 1330 393 praedecessoris,
1363 359 1460 393 quam
1493 348 1589 382 etiam
1620 350 1703 394 capti
1729 350 1811 383 intra

1058 403 1179 437 dictum
1196 409 1334 447 tempus,
1350 402 1532 436 indistinete
1543 403 1809 438 admittidcbeant

1058 457 1097 490 ad
1117 457 1301 490 faciendum
1329 467 1402 490 suas
1429 456 1643 498 defensiones,
1674 458 1812 491 maxime

1058 511 1216 543 stantibus
1242 511 1273 543 in
1299 511 1412 544 eodem
1438 516 1548 544 nostro
1569 516 1658 544 motu
1679 511 1812 555 proprio

1058 564 1211 607 appositis
1231 576 1329 608 supra
1348 564 1456 598 relatis
1476 565 1580 598 verbis
1598 565 1758 605 videlicet,
1775 576 1812 598 ac

1058 619 1296 651 contumacibus
1314 618 1499 651 huiusmodi
1513 618 1721 660 defensione&
1734 629 1812 652 non-

1058 672 1124 703 nisi
1136 676 1207 714 post
1223 673 1306 704 anni
1325 672 1426 715 elapsi
1452 672 1639 713 terminum,
1661 673 1814 717 clcneqari

1056 725 1174 765 debere,
1195 736 1278 769 quae
1299 725 1463 759 indefinite
1486 727 1611 768 prolata
1639 732 1713 760 sunt
1727 732 1757 760 et
1771 727 1813 759 vi-

1058 778 1176 812 dentur
1196 790 1289 823 posse
1314 779 1591 823 comprehendere
1610 785 1675 813 tam
1699 786 1812 824 sponte

1058 838 1283 876 comparentes
1313 844 1409 876 quam
1443 838 1563 877 captos:
1587 833 1810 875 nihilominus,

1058 886 1298 919 considerantes
1318 887 1404 929 quod
1424 887 1519 919 verba
1540 887 1607 930 ipsa
1628 887 1709 920 nihil
1725 888 1812 921 aliud

1057 939 1245 984 disponunt,
1272 950 1371 982 quam
1392 940 1653 983 prorogationem
1682 941 1812 974 termini

1057 994 1106 1028 his
1126 995 1244 1038 quibus
1264 1006 1300 1028 ex
1323 996 1425 1028 t'orma
1450 1001 1556 1028 motus
1577 995 1700 1039 proprii
1720 1006 1813 1039 prae-

1057 1048 1134 1082 dicti
1151 1049 1408 1093 praedecessoris
1423 1049 1575 1092 denegari
1590 1060 1656 1082 non
1672 1055 1808 1093 poterat.

1101 1103 1115 1146 ἓ
1135 1103 1166 1135 2.
1187 1103 1250 1136 Nos
1265 1102 1375 1146 igitur,
1394 1102 1433 1135 ad
1450 1103 1628 1135 tollendum
1639 1113 1734 1136 omne
1750 1103 1810 1136 du-
1886 1121 2005 1141 „mmm

1056 1156 1145 1188 bium
1166 1161 1197 1189 et
1216 1156 1393 1189 absurdum
1412 1156 1607 1197 evitandum,
1623 1157 1710 1199 quod
1726 1158 1810 1201 capti
1825 1152 2011 1205 ξζὲζξῃῖξζῗζζωςᾞ

1056 1215 1084 1242 et
1107 1216 1219 1253 sponte
1240 1216 1466 1254 comparentes
1494 1210 1581 1254 paris
1608 1216 1713 1243 essent
1737 1222 1811 1245 con·
1825 1217 1853 1243 1³2i
1863 1201 2008 1251 infr—impsum,

1056 1263 1198 1305 ditionis3
1220 1274 1348 1297 necnon
1369 1263 1540 1297 calumniis
1560 1269 1590 1297 ct
1610 1263 1680 1297 aliis
1700 1264 1811 1298 incon·
1824 1254 1882 1305 3321
1899 1248 2009 1299 llssfiiffiif

1055 1317 1257 1350 venientibus
1272 1317 1472 1359 huiusmodi,
1483 1323 1642 1361 quantum
1659 1328 1733 1351 cum
1744 1318 1810 1352 Deo
1824 1311 2009 1362 {³5¹ss'fiajedc0ffiffi

1056 1382 1241 1415 possumus,
1253 1372 1393 1413 obviare,
1411 1382 1607 1415 omnemque
1627 1372 1809 1416 disputandi
1825 1374 1906 1408 ΨΜ
1936 1376 2007 1392 “⁴'¹¹¹¹¹·

1824 1410 1910 1424 mariam
1939 1404 1993 1425 latae
2003 1420 2007 1428 ,

1056 1426 1221 1459 materiam
1243 1426 1356 1459 tollere
1373 1431 1402 1459 et
1422 1426 1454 1458 in
1470 1425 1521 1459 his
1536 1431 1717 1469 opportune
1734 1437 1809 1470 pro·
1824 1435 1923 1470 lez-'ninus
1949 1442 2007 1471 pru»

1054 1480 1161 1513 videre
1181 1480 1339 1521 volentes;
1365 1490 1492 1513 necnon
1517 1466 2006 1523 singularumjlite-551‘31‘}¹‚‘¹‹2{{¹.T.„13122

1055 1544 1164 1567 rarum
1185 1534 1425 1577 praedictarum
1437 1544 1473 1567 ac
1490 1533 1684 1567 indiciorum
1702 1534 1810 1578 inqui·
1825 1530 1866 1581 {¹th
1881 1530 2007 1551 ‘¹⁰¹¹‘·''¹‘¹⁰¹¹‘

1054 1588 1200 1627 sitorum,
1212 1599 1438 1632 processuum,
1457 1588 1763 1622 condemnationum
1781 1596 1811 1623 et
1861 1577 1866 1586 ’

1054 1642 1285 1676 sententiarum
1306 1643 1445 1686 desuper
1463 1643 1673 1676 formatarum
1686 1648 1713 1676 et
1731 1644 1809 1677 lata-

1054 1707 1126 1729 rum
1141 1707 1178 1730 ac
1191 1696 1432 1730 sormandarum
1451 1702 1481 1730 et
1497 1697 1809 1741 promulgandarum

1052 1751 1252 1791 huiusmodi,
1282 1751 1491 1798 aliorumque
1511 1751 1618 1784 forsan
1639 1750 1734 1784 latius
1756 1762 1809 1785 ex-

1053 1804 1299 1848 primemlorum
1327 1810 1467 1845 tenores,
1494 1805 1721 1845 continentias,
1748 1805 1810 1839 sor-

1053 1868 1121 1890 mas
1132 1863 1160 1890 ct
1174 1858 1378 1902 compendia,
1388 1868 1425 1891 ac
1436 1868 1582 1898 reorum,
1600 1858 1806 1899 delictorum,

1053 1911 1227 1944 eriminum
1248 1917 1277 1945 et
1295 1922 1483 1945 excessuum
1505 1923 1542 1945 ac
1553 1922 1732 1956 poenarum
1749 1913 1807 1945 hu-

1053 1964 1205 2005 iusmodi,
1224 1970 1255 1998 et
1269 1964 1413 1998 iudicum
1435 1965 1579 2005 nomina,
1600 1966 1804 2009 cognomina,

1051 2018 1170 2061 gradus
1189 2023 1218 2051 ct
1237 2018 1407 2061 qualitates
1422 2030 1459 2052 ac
1477 2019 1671 2062 quantitates
1687 2024 1717 2051 et
1736 2020 1807 2052 loca

1051 2082 1110 2114 pro
1131 2072 1225 2115 plene
1246 2078 1275 2104 et
1297 2072 1494 2105 sufficienter
1513 2072 1671 2116 expressis
1682 2072 1806 2105 haben-

1051 2130 1098 2157 tes
1117 2130 1147 2158 et
1163 2125 1384 2163 decernente&
1407 2136 1534 2159 necnon
1555 2126 1695 2168 singulas
1715 2136 1806 2169 prae-

1051 2185 1195 2211 narratas
1206 2179 1314 2212 literas
1325 2180 1554 2213 confirmantes
1563 2185 1594 2213 et
1604 2179 1804 2219 innovantes,

1052 2238 1141 2265 motu
1162 2233 1257 2266 simili
1278 2238 1350 2273 etc„
1373 2234 1460 2277 quod
1480 2233 1603 2266 banniti
1623 2239 1653 2266 et
1672 2234 1706 2266 in
1726 2244 1805 2267 con-

1050 2287 1224 2331 tumaciam
1245 2288 1450 2321 condemnati
1474 2288 1505 2320 in
1534 2298 1671 2332 poenam
1693 2288 1806 2332 capitis

1051 2345 1082 2373 et
1102 2341 1206 2374 ultimi
1226 2341 1387 2386 supplicii,
1408 2342 1433 2374 si
1451 2341 1535 2386 capti
1554 2342 1594 2374 ad
1610 2352 1725 2375 manus
1744 2342 1804 2375 Cu-

1050 2394 1116 2427 riae
1137 2395 1332 2436 devencrint,
1349 2406 1407 2440 per
1427 2395 1550 2429 iudices
1567 2396 1607 2429 ad
1628 2406 1725 2429 novas
1740 2397 1804 2430 sive

1050 2448 1127 2480 alias
1160 2449 1362 2482 defensiones
1396 2449 1569 2489 fficiondas,
1601 2449 1696 2483 ctiam
1721 2449 1805 2483 intra

1050 2497 1172 2530 dietum
1192 2503 1320 2543 tempus
1339 2509 1404 2531 non
1424 2499 1646 2539 admittantur,
1669 2498 1728 2531 nisi
1749 2500 1805 2532 ha-

1048 2546 1113 2579 bita
1133 2557 1151 2579 a
1171 2547 1263 2580 nobis
1278 2548 1325 2580 vel
1345 2547 1516 2589 Signatura
1536 2553 1644 2581 nostra
1663 2548 1804 2592 desuper

1049 2596 1149 2639 gratia
1169 2597 1313 2641 speciali3
1335 2608 1393 2630 nec
1416 2597 1525 2630 literae
1546 2596 1646 2641 ipsae,
1663 2608 1746 2640 quae
1771 2597 1803 2629 in

1049 2656 1161 2678 eorum
1188 2646 1298 2679 odium
1324 2647 1426 2680 editae
1451 2653 1541 2687 sunt,
1559 2646 1605 2679 eis
1628 2646 1660 2679 in
1694 2647 1803 2689 aliquo

1050 2694 1279 2738 suffragentur,
1310 2702 1365 2729 aut
1390 2696 1453 2729 illis
1477 2707 1509 2730 sc
1529 2696 1637 2729 iuvare
1663 2695 1725 2729 sive
1745 2696 1800 2729 de-

1826 294 1874 322 An.
1894 294 1922 322 C.
1944 294 2011 322 ¹566
