2237 3100
224 251 270 276 Αιι.
291 248 319 276 C.
339 247 405 277 ¹567

222 317 298 338 scopos
332 311 404 332 docta-

223 345 261 362 rat.

272 603 402 624 Praesentes

219 635 295 656 literae
346 634 402 655 nullo

221 666 272 687 vnto
288 666 400 687 notandae.

253 949 312 971 quta
328 956 400 971 eorum

217 982 400 1003 tenoremiudirw

218 1014 234 1033 ri
259 1013 337 1034 debere
362 1014 399 1033 de-

217 1045 292 1065 remit.

244 1592 361 1614 Clausulue.

247 2519 365 2541 Exordium.

465 236 528 271 62⁶2

421 304 525 333 sentes
570 304 601 333 et
629 304 778 332 contenta
813 298 843 330 in
877 296 970 329 dictis
1008 294 1184 338 prioribus·

420 348 564 392 ipsorum
586 348 870 392 praedecessorum
891 345 992 377 literis
1020 355 1056 376 ac
1080 343 1168 387 capi-

420 399 488 431 tulo
508 404 538 431 et
565 396 786 440 praesentibus
820 394 988 427 observare
1006 420 1014 433 ,
1041 393 1168 436 illisque

419 447 550 481 obedire
568 473 575 487 ‚
598 450 628 479 et
649 450 760 478 contra
780 444 850 477 illas
869 443 977 476 venire
1007 448 1038 476 et
1064 443 1167 475 recla-

419 507 506 529 mare
527 506 591 528 non
613 505 716 538 posse.

464 546 478 588 ἓ
498 545 552 578 tt.
585 544 649 577 Nec
683 553 747 576 non
780 546 965 587 praesentes
999 546 1030 574 et
1062 541 1094 573 in
1124 541 1168 575 eis

418 588 567 627 contenta
586 602 823 637 quaecumque,
836 591 874 623 de
887 590 1104 634 subreptionis
1114 596 1169 623 aut

418 642 616 686 obreptionis
635 641 725 681 vitio,
751 640 815 673 sive
835 639 1021 673 intentionis
1041 645 1167 672 nostrae

416 696 472 724 aut,
495 701 703 734 quocumque
728 689 790 722 alio
823 688 974 727 defectu,
1010 688 1113 721 notari
1139 694 1169 721 et

417 739 600 783 impugnari
621 750 686 774 non
706 748 799 782 posse
817 764 824 777 ,
848 737 902 770 sed
926 737 1046 770 validas
1066 744 1096 769 et
1122 738 1166 770 ef-

416 790 533 822 ficaces
549 788 695 825 existere,
718 797 858 830 suosque
883 787 1006 819 debitos
1035 787 1168 819 elferius

416 838 522 871 sortiri
543 839 659 871 debere
681 837 712 869 in
734 836 884 869 omnibns
904 841 935 868 et
955 846 1012 878 per
1032 836 1151 868 omnia.

460 888 475 931 g
495 886 552 930 4⁹2,
584 886 621 919 Et
645 886 691 919 sic
711 891 741 918 et
765 895 829 917 non
856 884 935 917 alias
964 895 1023 917 nec
1049 884 1165 923 aliter,

415 947 473 980 per
492 946 717 979 quoscumque
737 934 860 967 iudices
880 933 1167 973 etcominissarios,

415 991 446 1018 et
465 996 636 1018 causarum
662 983 774 1017 Palatii
792 982 965 1026 Apostolici
990 982 1165 1019 auditores,

414 1044 450 1067 ac
471 1039 598 1067 sanetae
618 1034 781 1066 Romanae
797 1031 958 1064 Ecclesiae
979 1030 1167 1071 cardinales,

415 1083 552 1117 iudicari
573 1089 604 1116 et
623 1082 750 1116 definiri
770 1081 887 1114 debere
904 1108 913 1121 ,
933 1082 1058 1114 sublata
1077 1082 1122 1115 eis
1138 1089 1166 1115 et

415 1133 547 1166 cuilibet
579 1133 709 1165 illorum
743 1130 853 1175 quavis
883 1131 975 1164 aliter
1005 1131 1166 1165 iudicandi

415 1187 446 1215 et
466 1182 640 1215 definiendi
675 1186 705 1213 et
736 1180 968 1224 interpretandi
991 1181 1140 1214 facultate
1159 1210 1165 1219 ,

414 1231 605 1264 auctoritate
638 1236 665 1263 et
689 1235 855 1274 potestate;
889 1229 1017 1262 irritum
1038 1241 1167 1274 quoqne

414 1287 445 1313 et
464 1280 557 1313 inane
576 1307 584 1320 ,
606 1279 631 1312 si
652 1290 745 1312 secus
765 1289 863 1322 super
883 1278 931 1311 liis
952 1289 969 1310 a
988 1290 1165 1322 quoquam,

415 1330 525 1373 quavis
534 1329 738 1369 anctoritate,
753 1329 890 1361 scienter
908 1329 954 1361 vel
968 1328 1166 1371 ignoranter,

415 1379 586 1422 contigerit
606 1378 768 1417 attentari,
791 1377 1007 1417 decernimus,
1021 1380 1169 1412 concedi-

415 1438 499 1468 mus,
522 1428 738 1467 declaramus,
756 1427 938 1467 statuimus,
952 1428 1170 1471 praecipimus

416 1483 447 1511 et
462 1478 665 1511 mandamus.

459 1527 474 1571 ξ
496 1527 547 1560 13.
570 1527 639 1560 Non
655 1527 857 1560 obstantibus
886 1527 1170 1560 constitutionibus

416 1583 448 1610 et
467 1577 726 1610 ordinationibus
751 1577 935 1621 apostolicis
960 1588 997 1610 ac
1019 1578 1170 1612 omnibus

415 1626 478 1660 illis
494 1638 576 1670 quae
593 1627 726 1671 praefati
739 1627 1015 1671 praedecessores,
1037 1627 1069 1660 in
1086 1629 1170 1672 prio-

416 1675 506 1710 ribus
525 1676 627 1709 literis
658 1677 856 1717 huiusmodi,
878 1688 942 1710 non
963 1677 1089 1710 obstare
1118 1689 1170 1711 vo-

414 1725 556 1758 luerunt.
577 1726 732 1759 Volumus
765 1732 872 1759 antem
901 1727 986 1769 quod
1017 1738 1169 1770 praesen-

416 1774 496 1807 tium
518 1775 727 1820 transumptis
748 1780 803 1808 etc.

461 1824 575 1857 Datum
598 1824 717 1857 Romae
743 1826 827 1868 apud
854 1825 1007 1859 Sanctum
1030 1827 1169 1865 Petrum.

421 1873 480 1906 sub
509 1874 630 1907 annulo
651 1874 834 1914 piscatoris,
861 1874 911 1907 die
942 1885 993 1907 xln
1029 1877 1170 1909 octobris

417 1933 557 1963 MDvan,
579 1923 787 1968 pontificatus
807 1923 907 1957 nostri
927 1935 1012 1957 anno
1033 1936 1064 1957 11.

457 1971 516 2001 Dat.
534 1973 580 2002 die
594 1973 631 2002 13
647 1972 775 2002 octobris
790 1973 877 2007 1567,
896 1973 997 2012 pontif.
1011 1984 1086 2003 anno
1101 1974 1129 2004 ii.

745 2072 833 2105 LXX.

419 2126 508 2166 Quod
530 2127 631 2169 spotia
651 2127 882 2158 monachorum
904 2126 1036 2159 Ordinis
1050 2126 1170 2160 Cister-

462 2172 564 2204 censis
582 2171 775 2214 spectentad
794 2171 862 2203 loca
878 2175 907 2203 et
925 2172 1123 2204 monasteria
1136 2174 1171 2205 in

462 2216 574 2259 quibus
587 2216 818 2259 professionem
833 2216 1023 2253 emiserant,¹
1042 2220 1071 2249 et
1086 2228 1170 2249 com-

462 2261 663 2294 mendatarii
678 2265 734 2293 aut
753 2260 967 2293 commissarii
983 2261 1172 2294 Reveremlw

464 2304 618 2338 Gamerae
628 2305 830 2348 Apostolicae
851 2305 886 2337 in
899 2305 965 2337 iltis
984 2316 1015 2337 se
1036 2317 1097 2338 non
1117 2307 1169 2339 in.-

466 2350 653 2382 tromittant
674 2350 699 2381 1.

477 2407 538 2436 Pius
553 2408 623 2443 Papa
642 2408 672 2441 V,
693 2408 726 2436 ad
740 2408 864 2436 futuram
883 2407 923 2435 rei
941 2408 1109 2436 memoriam.

463 2457 558 2489 Decet
589 2457 769 2490 Romanum
803 2456 991 2490 Pontificem
1033 2457 1171 2491 iustitiae

419 2516 609 2555 supremum
629 2512 819 2540 assertorem
841 2507 878 2539 ad
905 2517 941 2539 ea
961 2506 1097 2539 libenter
1122 2508 1169 2539 in-

456 2561 466 2586 t
489 2560 527 2586 De
543 2560 705 2586 institutione
717 2564 742 2586 et
755 2563 810 2587 toto
821 2564 891 2587 statu
904 2560 982 2586 huius
999 2560 1105 2587 Ordinis
1124 2569 1171 2586 no-

420 2600 474 2626 tavi
486 2599 561 2634 plene
575 2600 600 2626 in
614 2601 804 2627 constitutione
821 2608 850 2628 ιιι
863 2600 994 2627 Paschalis
1007 2601 1040 2632 ll,
1063 2602 1169 2627 Deside-

421 2642 506 2673 rium,
517 2643 583 2667 tom.
598 2648 627 2673 ιι,
645 2648 704 2675 pag.
719 2641 779 2667 2¹0.

1016 240 1194 266 BULLARIUM
1214 239 1364 263 ROMANUM

1214 293 1356 331 tendere,
1381 303 1438 336 per
1453 303 1534 335 qnae
1554 293 1673 335 gratiae
1693 303 1710 325 a
1731 292 1811 326 Sede
1826 292 1960 334 Αροεῑοε

1210 346 1270 378 lica
1279 346 1311 378 in
1323 347 1462 379 favorem
1470 357 1762 389 quarumcumque,
1772 344 1961 390 praesertim

1211 399 1446 442 religiosarum,
1487 409 1699 442 personarum
1738 409 1796 442 pro
1816 403 1962 441 tempore

1211 458 1377 486 emanatae
1397 463 1503 492 suum,
1523 457 1558 485 ut
1578 463 1636 495 par
1656 456 1712 491 est,
1725 457 1963 495 consequantur

1210 506 1374 546 effectunn
1397 512 1427 539 et
1448 512 1482 538 ut
1502 506 1531 538 id
1546 506 1670 538 facilius
1684 505 1836 549 subsequi
1854 504 1961 548 possit,

1211 560 1317 592 dubiis
1337 565 1367 593 et
1388 559 1631 593 difficultatibus
1647 587 1654 600 ‚
1680 569 1763 603 quae
1787 558 1963 603 superinde

1210 625 1268 657 pro
1290 620 1434 657 tempore
1459 613 1620 653 oriuntur,
1640 612 1812 656 aliquando
1834 623 1892 655 per
1906 612 1962 645 de-

1211 667 1396 700 clarationis
1429 667 1626 709 quandoque
1646 677 1721 699 vero
1742 676 1801 710 per
1828 665 1890 697 alia
1914 675 1963 698 re-

1211 721 1316 754 media
1344 720 1524 764 providere.

1254 775 1268 816 ,ξ
1289 775 1320 806 ·l.
1343 774 1425 807 Sane
1447 784 1534 812 cum,
1557 773 1639 806 sicut
1659 774 1775 807 dilecto
1804 772 1872 805 filio
1892 773 1964 806 Hie-

1210 838 1344 871 ronymo
1361 828 1398 860 de
1411 828 1439 860 la
1457 827 1646 863 Soucliieie,
1673 827 1786 860 abbate
1806 826 1961 869 generali,

1209 882 1266 920 vel,
1278 892 1335 925 pro
1348 892 1398 919 eo,
1412 881 1527 914 dilecto
1538 881 1604 913 sitio
1616 880 1764 923 Dionysio
1778 880 1960 921 Laceronis,

1210 940 1421 979 procuratore
1442 940 1473 967 et,
1496 934 1613 967 vicario
1632 961 1639 973 ,
1672 933 1765 966 etiam
1791 924 1960 977 generals,

1210 989 1431 1022 Cisterciensis
1456 988 1583 1021 Ordinis
1601 1015 1608 1029 ,
1630 988 1789 1021 referente
1808 1014 1815 1028 ‚
1838 988 1962 1032 accepi-

1210 1055 1293 1081 mus,
1314 1044 1343 1075 in
1361 1043 1486 1075 statutis
1502 1047 1532 1075 et
1546 1041 1848 1081 consuetudinibus,
1865 1042 1961 1075 etiarn

1211 1097 1391 1129 iuramento
1410 1124 1417 1136 ,
1440 1095 1685 1129 confirmatione
1709 1094 1886 1139 apostolica
1914 1095 1962 1128 vel

1210 1149 1432 1183 alialirmitate
1454 1149 1626 1189 roboratis,
1649 1149 1725 1182 dicti
1741 1148 1878 1188 Ordinis,
1899 1148 1964 1192 pri-

1209 1204 1335 1246 vilegiis
1358 1214 1500 1246 quoqne,
1522 1203 1653 1235 indultis
1673 1208 1704 1235 et
1720 1202 1819 1235 literis
1839 1207 1964 1246 aposto-

1211 1258 1280 1290 licis
1293 1258 1396 1290 eidem
1417 1257 1527 1290 Ordini
1549 1257 1721 1297 concessis,
1740 1268 1775 1289 ac
1796 1267 1853 1299 per
1863 1256 1964 1289 felicis

1210 1311 1444 1344 reeordationis
1464 1311 1555 1343 Pium
1576 1311 1695 1354 Papam
1711 1310 1759 1350 IV,
1778 1310 1964 1353 praedeces-

1211 1376 1315 1398 sorem
1351 1371 1519 1405 nostrum,
1547 1370 1575 1398 et
1606 1365 1720 1397 Sedem
1746 1364 1962 1408 Apostolicarn

1212 1419 1515 1459 conli1·1natis,inter
1530 1419 1603 1459 alia,
1622 1418 1917 1462 disponaturquod‚
1931 1417 1963 1450 in

1212 1473 1335 1516 spoliis,
1351 1473 1448 1506 rebus
1460 1478 1491 1506 et
1503 1472 1597 1505 bonis
1618 1472 1853 1506 monachorum
1871 1471 1963 1505 Ordi-

1211 1537 1284 1560 nem
1319 1527 1423 1570 ipsum
1457 1527 1676 1570 professorum
1695 1552 1702 1566 ‚
1733 1525 1764 1558 in
1800 1524 1964 1569 quibusvis

1211 1581 1291 1613 locis
1306 1587 1336 1614 et
1351 1585 1493 1613 monaste
1501 1580 1555 1613 riis
1566 1591 1624 1624 pro
1641 1585 1787 1623 tempore
1808 1580 1965 1613 deceden-

1212 1635 1304 1673 tium,
1328 1645 1441 1667 eorum
1463 1635 1593 1667 abbates
1613 1639 1643 1667 et
1664 1634 1787 1677 priores
1798 1644 1964 1667 commen-

1211 1688 1338 1726 datarii,
1356 1699 1415 1732 pro
1440 1694 1585 1732 tempore
1610 1688 1791 1727 existentes,
1809 1699 1842 1721 se
1862 1688 1963 1722 intro-

1212 1742 1338 1775 mittere
1356 1748 1534 1785 nequeant,
1555 1742 1609 1775 sed
1631 1741 1685 1774 illa
1701 1741 1887 1775 monasterii
1908 1753 1964 1775 seu

1212 1792 1375 1835 prioratus
1395 1798 1450 1825 ant
1466 1792 1540 1831 loci,
1556 1791 1586 1824 in
1599 1802 1663 1835 quo
1680 1791 1802 1824 dictum
1812 1791 1965 1825 Ordinem

1212 1853 1361 1885 expresse
1382 1842 1517 1885 professi
1534 1842 1663 1878 fuerint,
1680 1847 1710 1874 et
1724 1852 1778 1874 seu
1797 1852 1851 1874 eos
1871 1842 1966 1876 dece—

1213 1893 1288 1924 dere
1313 1892 1495 1934 contigerit‚
1523 1891 1728 1924 conventuali
1750 1902 1966 1936 mensaeap-

1213 1941 1326 1985 plicari
1348 1946 1378 1973 et
1404 1940 1603 1983 incorporari
1624 1940 1783 1979 debeant.;
1814 1940 1967 1975 defuncto

1212 1996 1319 2023 tamen
1337 1989 1560 2033 superioribus
1575 1989 1689 2022 diebus
1714 1990 1746 2022 in
1771 1991 1967 2024 monasterio

1213 2039 1251 2071 de
1263 2039 1424 2072 Casamari
1437 2038 1580 2071 eiusdem
1593 2038 1731 2079 Ordinis,
1741 2039 1968 2073 Verulanensis

1213 2088 1381 2129 dioecesis,
1404 2089 1490 2132 quod
1506 2088 1642 2121 dilectus
1653 2087 1739 2121 silius
1752 2087 1881 2122 Fulvius
1892 2089 1966 2122 Phi-

1213 2138 1368 2170 lonarilns
1384 2138 1522 2170 clericus
1542 2137 1573 2169 in
1588 2137 1814 2170 commendam
1836 2148 1873 2170 ex
1894 2149 1968 2171 con-

1214 2186 1358 2219 cessione
1379 2198 1434 2219 seu
1449 2186 1688 2230 dispensatione
1700 2186 1874 2229 apostolica
1884 2187 1966 2220 obti-

1213 2242 1262 2268 net
1289 2263 1295 2276 ,
1331 2237 1495 2280 quondam
1534 2237 1669 2270 Antonio
1694 2236 1844 2276 Pollutio,
1867 2236 1967 2280 ipsius

1214 2286 1400 2318 monasterii
1424 2297 1551 2329 priore,
1583 2286 1745 2329 praefatus
1778 2285 1907 2319 Fulvius
1937 2291 1968 2319 et

1213 2335 1344 2378 quidam
1370 2335 1522 2368 Gamerae
1547 2335 1748 2379 Apostolicae
1776 2340 1967 2378 procurator

1213 2390 1268 2416 aut
1284 2384 1537 2425 eonnnissarius,
1566 2385 1666 2429 ipsius
1676 2384 1805 2417 Antonii
1816 2384 1912 2424 bona,
1932 2389 1968 2417 ut

1213 2433 1280 2477 ipsa
1303 2436 1410 2466 forsan
1431 2434 1463 2467 in
1492 2434 1642 2478 proprios
1670 2445 1746 2466 usus
1780 2437 1966 2466 convertere

1215 2483 1348 2525 possint,
1361 2483 1618 2526 apprehendere,
1636 2487 1666 2515 et
1681 2481 1739 2515 sibi
1755 2481 1966 2525 appropriare

1214 2532 1421 2572 contendant,
1450 2532 1481 2564 in
1499 2542 1627 2574 gravem
1656 2531 1757 2579 ipsius
1780 2529 1966 2563 monasterii

1214 2581 1434 2614 conventualis
1451 2592 1580 2614 mensae
1601 2581 1773 2620 iacturam,
1801 2579 1965 2623 praeiudi-

1215 2630 1301 2663 cium
1322 2636 1352 2664 et
1371 2641 1554 2673 gravamen.

1974 234 2023 261 An.
2042 233 2070 260 C.
2090 232 2155 261 ¹567

2003 788 2071 809 Causa
2098 789 2158 811 huius

1977 820 2144 841 constitutionis.
