2237 3100
57 289 108 317 Au.
124 288 155 317 C.
174 289 241 318 ¹560

256 348 442 389 praesentes
461 343 654 378 mandamus
673 350 709 378 ut
728 354 842 379 omnes
857 350 887 379 et
903 345 1011 390 singu-

255 398 303 432 los
322 398 481 442 praelatos
501 399 694 443 praedictos,
715 400 862 434 videlicet
880 412 1010 435 venera-

255 451 335 485 biles
354 452 467 485 fratres
491 452 690 496 patriarchas
720 453 842 497 primo,
868 456 1009 488 secundo

255 505 527 550 archiepiscopos,
549 507 644 540 tertio
665 513 772 541 autem
794 509 865 542 loco
883 509 1009 552 episco-

255 570 325 603 pos,
344 559 375 592 in
392 560 556 603 quibusvis
577 561 701 595 actibus
725 562 875 606 publicis,
894 573 1008 596 secun-
1029 592 1031 600 ,

255 613 332 646 dum
357 614 493 657 gradum
519 620 547 647 et
574 615 720 647 ordinem
741 626 873 648 suarum
894 616 933 648 ad
954 626 1008 648 eo-

255 677 328 699 rum
349 668 501 701 ecclesias
521 669 764 712 promotionum
781 670 837 713 (ita
853 670 939 713 quod
953 670 1008 713 qui

255 720 346 764 prius
364 726 533 765 promotus
553 722 591 755 ad
612 733 664 756 eas
684 723 779 756 fuerit
799 723 831 756 in
847 733 904 756 suo
920 723 1008 767 quis-

255 785 318 818 que
352 775 463 808 ordine
494 776 583 819 prior
603 777 737 819 existat),
764 777 936 818 incedere,
959 788 1008 810 se-

255 829 332 863 dere
365 840 401 862 ac
431 830 539 863 locum
564 830 684 863 habere
709 831 811 874 (nulla
831 831 940 864 habita
960 842 1008 864 ra-

255 883 341 916 tione
361 884 401 916 ad
428 884 573 927 ipsorum
601 884 770 927 dignitates
799 885 1006 929 primatiales‚

255 937 318 970 sive
337 947 430 971 verae
453 938 515 970 sive
540 944 728 982 praetensae
753 938 826 971 illae
860 938 1005 981 fuerint),

255 990 443 1024 auctoritate
464 996 591 1031 nostra,
614 991 735 1024 faciatis
756 991 961 1035 studioseque
979 996 1009 1024 et

255 1044 425 1088 diligenter
444 1045 579 1084 curetis,
602 1050 695 1088 atque
720 1055 779 1088 pro
804 1050 907 1078 vestra
927 1057 1007 1090 pru-

255 1098 362 1131 dentia
390 1110 427 1133 ac
456 1099 573 1143 pietate
605 1098 721 1141 geratis
746 1103 781 1131 ut
801 1104 918 1132 cuncta
938 1100 1007 1134 istic

255 1152 472 1186 concordibus
504 1151 634 1192 animis,
657 1151 690 1183 in
722 1152 838 1185 virtute
870 1152 1008 1197 Spiritus

255 1205 375 1246 Sancti,
397 1216 471 1239 cum
490 1205 544 1238 Dei
565 1204 796 1249 omnipotentis
816 1206 940 1240 honore
960 1213 1007 1240 at-

255 1269 319 1302 que
351 1259 484 1297 timore,
513 1258 620 1301 quiete
656 1258 858 1303 feliciterque
892 1271 1007 1304 proce-

255 1313 331 1346 dere
351 1312 485 1345 valeant.

297 1366 312 1409 g
331 1364 361 1398 2.
383 1365 453 1398 Non
473 1365 674 1399 obstantibus
688 1367 874 1411 praemissis
889 1374 919 1401 et
935 1368 1007 1412 qui-

56 1414 239 1471 „gcffg'fflgfss’
253 1418 358 1451 busvis
380 1419 664 1453 constitutionibus
693 1425 724 1453 et
750 1421 1008 1455 ordinationibus

252 1471 454 1515 apostolicis,
474 1472 655 1517 ceterisque
684 1474 854 1508 contrariis
873 1475 1007 1519 quibus-

252 1535 404 1570 cumque.

294 1579 409 1612 Datum
431 1580 550 1614 Rornae
573 1580 659 1624 apud
680 1581 832 1615 Sanctum
854 1582 1004 1623 Petrum,

251 1633 310 1666 sub
330 1634 451 1667 annulo
471 1635 654 1675 Piscatoris,
677 1635 727 1669 die
749 1637 862 1669 ultima
877 1637 1006 1670 decem-

250 1686 327 1728 bris,
341 1688 514 1722 millesimo
525 1689 785 1733 quingentesimo
799 1691 1006 1733 sexagesimo,

250 1741 457 1784 pontificatus
475 1743 576 1776 nostri
597 1754 682 1776 anno
703 1754 736 1777 ιι.

264 1794 322 1825 Dat.
339 1795 386 1826 die
405 1796 438 1826 31
459 1797 624 1827 decembris
645 1798 732 1835 1550,
751 1799 852 1838 pontif.
869 1808 988 1829 annon.

573 1977 680 2010 XXIX.

248 2052 443 2086 ,ztnnullatio
484 2064 756 2097 quarumcumque
793 2053 1005 2096 leyite‘malio·

292 2117 373 2138 ‘ettam
398 2107 435 2139 de
459 2107 666 2139 naturalibus
684 2107 806 2150 spuriis
825 2107 1003 2148 factarum,

293 2159 328 2191 in
341 2160 436 2202 praei
440 2159 581 2192 udiciimz
591 2164 774 2193 vocatormn
794 2171 832 2192 esc
848 2161 1006 2202 fideicom-

291 2213 388 2245 missa
413 2217 469 2246 aul
502 2217 692 2246 testamento
712 2218 769 2246 aut
796 2215 909 2256 quavis
936 2215 1005 2247 alia

291 2267 401 2300 valida
422 2267 631 2310 dispositione
651 2268 835 2312 (dnmmodo
857 2279 921 2301 non
937 2270 1005 2302 sin!

292 2322 426 2354 sortitae
455 2322 610 2365 effectum)
631 2334 643 2362 ,·
662 2327 691 2355 ct
726 2323 881 2355 revocatio
902 2323 1004 2359 facul-

294 2379 398 2408 tatum
418 2386 451 2409 eo
471 2376 563 2408 modo
584 2376 802 2419 Ieyz'timamli.

348 2457 409 2487 Pius
428 2458 569 2494 episcopus
586 2465 682 2487 servus
695 2465 835 2487 servorum
847 2459 904 2493 Dei,

384 2513 418 2541 ad
445 2513 608 2548 perpetuam
628 2512 668 2540 rei
699 2513 868 2541 memoriam.

293 2582 469 2622 Quamvisa
485 2584 565 2617 Sede
580 2583 775 2627 :lpostolica‚
793 2584 937 2628 adquam
951 2595 1004 2618 ne·

248 2637 418 2679 gociorum
454 2637 629 2671 multitudo
667 2637 808 2681 undique
847 2639 979 2672 confluit
994 2666 1002 2679 ‚

250 2691 336 2724 curis
357 2692 512 2725 continuo
529 2692 623 2735 plena
638 2691 829 2733 innumeris,
848 2694 1004 2726 nonnulla

60 2633 179 2657 Exordium.

941 290 1008 315 PIUS
1027 291 1058 315 IV
1076 290 1124 314 PP.

1718 281 1760 316 93

1053 343 1213 377 interdum
1235 353 1272 376 ex
1287 341 1480 386 quibusdam
1497 342 1602 376 causis
1631 343 1804 389 aliquando

1052 409 1110 442 per
1126 397 1372 441 occupationem
1393 408 1430 430 ac
1450 397 1670 441 importunam
1692 405 1804 442 peten-

1052 453 1131 485 tium
1164 451 1348 485 instantiam
1382 451 1620 493 concedantur,
1657 463 1739 496 quae
1773 453 1804 486 in

1052 505 1147 538 alieni
1168 506 1247 539 iuris
1273 505 1508 549 praeiudicium
1537 506 1672 539 tendunt
1699 512 1726 540 et
1748 507 1804 539 de-

1052 560 1252 599 trimentum,
1275 570 1339 593 non
1370 560 1464 593 debet
1488 560 1742 604 reprehensibile
1763 561 1804 593 vi-

1052 614 1132 653 deri,
1143 614 1167 646 si
1185 615 1350 647 Romanus
1365 615 1520 656 Pontifex,
1538 615 1577 647 ad
1593 615 1686 648 cuius
1702 615 1805 659 provi-

1051 668 1191 701 dentiam
1214 679 1271 712 pro
1296 669 1403 702 debito
1424 669 1593 712 pastoralis
1613 669 1710 702 officii
1731 680 1804 713 spe-

1051 727 1112 754 ctat
1134 733 1233 765 super
1259 723 1308 755 liis
1329 723 1434 756 debite
1455 723 1643 767 providere,
1661 723 1728 764 illa,
1755 735 1804 757 ra-

1051 775 1258 809 tionabilibus
1270 783 1300 809 et
1315 777 1460 810 iuridicis
1480 778 1585 811 causis
1604 778 1763 811 maturius
1774 783 1805 811 et

1050 830 1201 862 attentius
1226 830 1340 863 deinde
1368 831 1514 874 cognitis,
1536 832 1730 876 quandoque
1752 843 1803 866 re-

1050 888 1139 915 vocat
1170 889 1197 915 et
1233 884 1377 916 annullat
1409 895 1444 917 ac
1477 885 1508 917 in
1539 890 1655 918 statum
1688 886 1805 930 redigit

1050 935 1192 969 rationis.

1094 989 1108 1032 ξ
1128 989 1159 1022 ’1.
1183 989 1264 1022 Sane
1286 1001 1361 1022 cum
1382 990 1444 1023 fide
1470 991 1566 1034 digna
1585 992 1802 1035 plurimorum

1050 1043 1217 1084 relatione,
1232 1054 1297 1076 non
1318 1044 1386 1077 sine
1406 1044 1504 1077 animi
1525 1046 1626 1078 nostri
1647 1048 1802 1089 molestia,

1050 1096 1303 1129 intellexerimus
1327 1098 1503 1131 nonnullos
1528 1099 1690 1133 Romanos
1718 1101 1802 1134 Pon-

1049 1149 1152 1183 tifices
1181 1151 1446 1194 praedecessores
1476 1158 1615 1193 nostros,
1642 1165 1679 1187 ac
1709 1165 1802 1198 prae-

1049 1209 1135 1237 textu
1152 1204 1367 1247 quarumdam
1385 1205 1444 1237 sibi
1460 1216 1689 1240 concessarum
1705 1208 1804 1241 facul-

1048 1262 1149 1291 tatum
1171 1259 1304 1291 comites
1324 1259 1483 1303 palatinos
1507 1265 1538 1293 et
1562 1261 1641 1294 alios
1660 1262 1780 1295 multos
1793 1289 1801 1303 ‚

1049 1312 1177 1356 spurios
1217 1318 1245 1345 et
1290 1314 1472 1354 naturales,
1508 1319 1539 1347 et
1571 1315 1679 1348 forsan
1714 1315 1803 1349 ince-

1049 1370 1192 1406 stuosos,
1216 1366 1312 1399 etiam
1342 1367 1375 1399 in
1404 1367 1642 1411 praeiudicium
1671 1368 1803 1402 venien-

1049 1419 1128 1452 tium
1157 1420 1196 1453 ab
1217 1420 1376 1462 intestato,
1399 1427 1427 1454 et
1447 1427 1634 1455 vocatorum
1659 1433 1697 1456 ex
1711 1428 1804 1456 testa-

1050 1478 1170 1514 mento,
1193 1473 1233 1505 ad
1252 1473 1502 1508 fideicommissa
1527 1486 1564 1508 ac
1591 1476 1804 1510 haereditates

1049 1533 1078 1561 et
1099 1528 1201 1571 legata
1239 1528 1286 1561 vel
1313 1528 1502 1562 donationes
1529 1529 1571 1562 ita
1596 1530 1802 1573 legitimasse,

1049 1586 1082 1613 ut
1104 1581 1135 1614 in
1156 1581 1342 1614 huiusmodi
1364 1582 1634 1621 fideicommissis
1657 1584 1804 1618 haeredi-

1821 289 1870 316 An.
1888 289 1916 317 C.
1938 290 2000 318 ¹56¹

1846 1001 1925 1022 Causae
1942 1001 2005 1022 liuius

1820 1034 1985 1054 constitutionis.

1027 1627 1029 1636 ⁴
1049 1635 1166 1667 tatibus
1194 1641 1249 1668 aut
1270 1635 1382 1679 legatis
1409 1637 1457 1670 vel
1478 1637 1718 1679 donationibus,
1738 1649 1803 1672 non

1048 1688 1250 1723 obstantibus
1268 1694 1459 1723 testatorum
1479 1691 1709 1732 voluntatibus,
1729 1703 1803 1726 suc-

1049 1743 1175 1784 cedant,
1193 1754 1229 1777 ac
1250 1744 1387 1788 proinde
1407 1745 1511 1778 variae
1533 1745 1755 1780 contentiones
1775 1753 1805 1780 et

1049 1797 1208 1839 scandala,
1221 1797 1253 1830 in
1270 1799 1549 1841 gravemultorum
1566 1800 1803 1843 praeiudicium

1048 1861 1085 1883 ac
1105 1851 1288 1884 animarum
1309 1853 1479 1894 iacturam,
1512 1853 1670 1888 hactenus
1695 1861 1804 1888 exorta

1049 1904 1111 1937 sint
1130 1911 1159 1938 et
1181 1905 1212 1938 in
1234 1907 1491 1949 praesentiarum
1514 1908 1712 1942 exoriantur.

1091 1958 1106 2001 ξ
1126 1958 1156 1991 2.
1180 1959 1254 2000 Nos,
1276 1959 1342 2000 illa,
1370 1965 1479 2004 utpote
1501 1967 1613 1994 contra
1633 1962 1684 1995 ius
1702 1967 1733 1996 et
1752 1973 1803 1996 ae·
1833 1977 1955 1998 innuunt.)
1970 1977 2004 1998 le-

1047 2022 1149 2054 quum
1170 2013 1337 2046 existentia
1351 2040 1359 2054 ,
1382 2014 1419 2047 dc
1450 2020 1557 2047 cetero
1578 2025 1617 2047 ne
1639 2015 1714 2048 liant
1749 2026 1804 2060 op·
1817 2010 2001 2035 ³¹¹⁵¹¹¹³¹³⁰⁰¹¹¹¹¹⁶²

1818 2041 1947 2060 iintnralibus
1955 2046 2004 2067 spn-

1048 2071 1186 2109 portune
1206 2067 1385 2111 providere,
1410 2079 1536 2101 necnon
1564 2080 1698 2110 eorum,
1722 2081 1804 2113 quos
1818 2073 1853 2092 ¹⁵³⁵
1869 2072 2002 2092 mmmmm

1046 2119 1108 2152 hoc
1125 2120 1231 2164 ipsum
1253 2121 1355 2165 tangit
1376 2132 1413 2154 ac
1430 2127 1560 2165 tangere
1582 2123 1700 2166 poterit
1724 2104 2003 2166 quo-Sf‚}'3‡31⁶„'“3¹'13-

1817 2168 1929 2185 maniculo.
1956 2168 2003 2188 ete..

1047 2173 1223 2207 modolibet
1243 2175 1275 2207 in
1296 2176 1454 2216 futurum,
1471 2175 1671 2209 indemnitati
1688 2186 1803 2209 consn—
1817 2198 1926 2217 mmmmm
1960 2202 2003 2217 „nn

1047 2226 1111 2259 lere
1122 2228 1274 2268 volentes,
1287 2234 1377 2261 motu
1387 2228 1533 2273 proprio,
1544 2239 1610 2262 non
1618 2229 1803 2263 adalicuius
1817 2229 1856 2248 *³¹³¹
1874 2230 1961 2248 *ΨΜ
1974 2227 2003 2248 ⁸¹·

1816 2259 1901 2283 tertium,
1925 2261 1945 2278 οἱ
1967 2263 2002 2278 re-

1046 2292 1145 2324 super
1163 2282 1225 2315 hoc
1245 2282 1338 2315 nobis
1358 2283 1481 2316 oblatae
1498 2283 1661 2327 petitionis
1681 2283 1802 2318 instan-
1817 2291 1898 2311 vta-ano
1915 2290 1998 2309 facum>

1816 2326 1858 2342 tuni
1880 2322 2002 2347 legitiman-

1047 2335 1132 2375 tiam,
1154 2336 1208 2369 sed
1229 2337 1268 2369 de
1288 2342 1396 2370 nostra
1417 2348 1506 2370 mera
1526 2337 1757 2372 deliberatione
1773 2344 1804 2372 et
1817 2354 1836 2374 dx
1853 2354 1873 2374 in
1893 2353 2001 2380 praeiudi—

1046 2400 1082 2421 cx
1115 2395 1201 2423 certa
1231 2390 1364 2424 scientia
1391 2402 1428 2424 ac
1467 2392 1633 2436 potestatis
1660 2386 2002 2438 ρΙθηίω-ξῗωζζξξζξζζζζ

1045 2442 1132 2483 dine,
1155 2455 1268 2478 omnes
1290 2451 1319 2478 et
1339 2445 1482 2489 singulas
1502 2445 1749 2489 legitiinationes
1764 2447 1803 2480 de
1817 2452 1855 2469 ‘¹‘-

1045 2496 1307 2539 quibuscumque
1324 2495 1527 2529 naturalibus
1542 2495 1661 2540 spuriis
1672 2507 1731 2540 per
1741 2497 1804 2531 Ro—

1046 2556 1159 2578 manos
1183 2544 1355 2578 Pontifices
1384 2545 1650 2589 praedecessores
1676 2546 1801 2590 praefa-

1045 2600 1094 2627 tos
1131 2605 1166 2626 ac
1203 2594 1337 2627 comites
1369 2594 1528 2638 palatinos
1554 2595 1742 2628 huiusmodi
1773 2600 1803 2628 et

1045 2654 1272 2687 quoscumque
1299 2643 1380 2677 alios
1406 2644 1445 2677 ad
1474 2643 1505 2676 id
1531 2645 1714 2677 facultatem
1742 2644 1800 2676 ha-

1045 2693 1166 2733 bentes,
1176 2692 1207 2725 in
1219 2693 1456 2736 praeiudicium
1471 2699 1658 2728 vocatorum
1668 2704 1705 2727 ex
1713 2693 1802 2727 fidei-
