2237 3100
527 218 592 254 996
1115 227 1262 252 nnuman
1281 226 1401 252 nomm

568 282 774 316 Valloncellis
794 292 812 315 a
832 280 1118 325 procurationibus
1138 281 1318 323 legatorum
1339 286 1399 314 eta
1418 280 1680 326 quibuscumque
1696 283 1840 318 collectis
1859 285 2034 327 subtrahit,

570 337 649 370 ibid.
676 337 738 370 Leo
776 336 800 368 X
836 334 1024 368 nosocomio
1056 335 1209 378 Capuano
1245 335 1385 368 restituit
1417 336 1684 369 Panormitanum
1709 337 1740 370 S.
1770 337 1897 371 Ioannis
1924 340 2033 383 lepro-

571 401 681 424 sorum
702 395 732 423 et
748 390 948 423 Messanense
969 389 1000 422 S.
1023 389 1177 431 Agatliae,
1191 389 1380 433 Capuanum
1401 400 1476 423 vero
1496 390 1706 433 redintegrat,
1724 401 1791 424 non
1803 391 1949 425 obstante
1961 404 2036 437 sup-

573 444 739 488 pressione
760 453 818 486 per
842 442 1069 475 Innocentium
1090 443 1154 475 VIII
1175 448 1317 486 peracta,
1340 444 1419 476 ibid.
1443 444 1471 476 b.
1495 444 1676 477 Alexander
1697 444 1730 477 VI
1757 455 1794 477 ac
1822 445 1876 478 alii
1900 445 2036 479 Romani

572 497 742 530 Pontifices
770 495 981 538 quamplures
1008 495 1133 528 favores
1154 501 1185 528 et
1212 496 1331 539 gratias
1363 496 1654 542 Hierosolymitano
1683 498 1873 532 nosocomio
1900 498 2035 542 eiusque

573 551 720 596 personis
748 551 951 590 concedunt,
979 548 1044 582 343
1071 560 1101 581 a.
1132 548 1206 581 Pius
1235 549 1272 582 IV
1302 551 1544 591 concessiones,
1575 551 1764 594 praesertim
1794 551 1880 585 circa
1904 551 2035 586 iurisdi-

572 606 710 640 ctionem
731 605 769 638 M.
788 605 942 649 magistri,
959 610 1044 637 ratas
1065 603 1170 642 habet,
1188 610 1349 647 quatenus
1364 604 1438 637 illae
1459 605 1598 638 concilio
1614 604 1803 639 Tridentino
1815 615 1881 639 non
1897 606 2036 648 obstent,

572 659 649 692 ibid.
673 663 705 692 et
723 669 804 702 seq.,·
825 659 955 692 easdem
976 657 1129 700 Capuano
1149 658 1339 690 nosocomio
1362 657 1594 699 communicat,
1616 657 1682 691 344
1702 670 1736 698 a,·
1755 669 1869 692 omnes
1889 669 2039 703 suppres-

571 713 677 747 siones
697 718 837 753 revocat,
860 712 939 745 ibid.
963 713 996 749 b,-
1016 711 1164 754 illudque
1186 711 1352 744 constituit
1379 716 1478 755 caput
1501 711 1635 744 militiae
1655 711 1686 744 S.
1709 712 1835 752 Lazari,
1857 713 1952 753 ibid.;
1975 712 2039 746 ele-

571 767 713 800 ctionem
734 767 772 799 M.
794 765 938 808 magistri
958 766 998 798 ad
1024 771 1220 798 conventum
1241 770 1271 798 et
1291 765 1409 798 milites
1435 770 1580 808 spectare
1601 765 1757 806 decernit,
1779 765 1845 799 345
1864 776 1900 805 a;
1919 765 2040 799 eisdem

571 820 655 855 sedis
679 819 868 864 principalis
888 819 1133 852 translationem
1154 818 1333 862 permittit,
1356 829 1484 852 necnon
1511 818 1639 852 habitus
1669 824 1700 851 et
1721 824 1917 852 statutorum
1937 819 2041 853 resor-

572 875 768 914 mationem,
789 874 870 906 ibid.
898 873 937 906 M.
968 872 1112 916 magistri
1142 878 1173 906 et
1193 878 1370 905 conventus
1391 873 1526 906 facultas
1547 872 1694 916 erigendi
1724 872 1757 905 in
1783 873 1992 906 commendas
2011 879 2043 906 et

573 928 815 974 praeceptorias
834 926 993 960 beneficia
1013 926 1052 960 de
1072 927 1142 959 iure
1164 926 1322 960 laicorum
1348 926 1631 971 qualitercumque
1651 926 1855 970 qualificata,
1877 927 1974 960 etiam
1994 926 2041 961 di-

572 983 709 1027 gnitates
728 986 783 1015 aut
803 980 1010 1021 monasteria,
1033 986 1223 1014 nontamen
1245 980 1492 1021 consistorialia,
1515 980 1594 1013 ibid.
1617 981 1649 1020 b;
1669 980 1899 1024 praeservandi
1913 980 1965 1013 ius
1985 990 2040 1025 pa-

573 1042 719 1071 tronatus
739 1042 769 1069 et
795 1034 1024 1079 praesentandi
1056 1045 1212 1078 personas
1245 1040 1276 1067 et
1308 1034 1496 1068 instituendi
1524 1038 1744 1079 praesentatas
1772 1044 1810 1067 ac
1836 1034 1931 1067 aliter
1955 1033 2041 1067 dicta

572 1090 732 1124 beneficia
753 1088 960 1128 conserendi,
981 1088 1059 1121 ibid.
1083 1088 1275 1121 Nosocomia
1288 1114 1295 1126 ‚
1318 1088 1515 1131 leprosariae
1535 1093 1566 1120 et
1586 1087 1649 1120 alia
1673 1087 1745 1120 loca
1765 1087 1805 1120 ad
1830 1088 2039 1131 leprosorum

574 1143 826 1189 hospitalitatem
850 1142 1007 1176 destinata
1031 1142 1193 1186 pertinent
1213 1142 1252 1175 ad
1272 1142 1418 1174 militiam
1440 1141 1470 1174 S.
1498 1141 1626 1181 Lazari,
1649 1141 1741 1173 salvis
1761 1145 1869 1174 tamen
1889 1140 2041 1183 legitimis

575 1201 675 1234 titulis
704 1206 735 1233 et
764 1197 1075 1244 praescriptionibus
1104 1207 1231 1230 necnon
1265 1196 1507 1229 ordinariorum
1533 1195 1772 1235 iurisdictione,
1792 1204 1876 1238 quae
1902 1194 1941 1227 de
1968 1195 2040 1228 iure

575 1254 742 1288 communi
762 1253 811 1286 vel
832 1263 869 1285 ex
889 1251 1029 1285 decretis
1059 1250 1188 1284 concilii
1209 1250 1387 1283 Tridentini
1418 1250 1464 1282 cis
1490 1248 1663 1292 competit,
1685 1248 1750 1282 346
1770 1259 1801 1281 a.
1825 1247 1974 1281 Fratrum
1994 1249 2041 1281 fa-

575 1310 678 1343 cultas
698 1307 869 1351 pensiones
889 1316 908 1339 1)
929 1306 1122 1339 ducatorum
1142 1304 1320 1343 retinendi,
1343 1314 1461 1347 casque
1481 1302 1713 1342 transferendi,
1736 1301 1860 1335 etiamsi
1881 1307 1954 1345 post
1973 1302 2042 1336 illa·

576 1373 649 1396 rum
670 1361 907 1395 assecutionem
927 1370 1060 1393 uxorem
1085 1359 1235 1391 duxerint
1255 1363 1287 1391 et
1306 1357 1427 1400 bigami
1452 1356 1557 1390 effecti
1578 1356 1709 1397 suerint,
1732 1355 1812 1389 ibid.
1835 1355 1874 1389 M.
1898 1355 2042 1398 magistri

575 1422 606 1450 et
642 1417 810 1450 universae
846 1414 980 1447 militiae
1014 1413 1176 1456 susceptio
1206 1412 1265 1445 sub
1298 1412 1389 1445 Sedis
1428 1411 1632 1456 Apostolicae
1662 1410 1884 1454 protectione,
1914 1408 1979 1442 347
2008 1420 2040 1450 a;

577 1470 738 1514 exemptio
771 1480 789 1502 a
813 1467 1038 1502 iurisdictione
1067 1467 1214 1500 omnium
1249 1466 1458 1499 dominorum
1488 1464 1718 1508 temporalium
1748 1468 1779 1497 et
1807 1463 2042 1508 spiritualium,

576 1535 705 1558 necnon
726 1534 743 1556 a
762 1522 916 1562 decimis,
937 1521 1017 1555 ibid.
1050 1526 1081 1553 et
1104 1531 1167 1564 seq.
1199 1519 1327 1553 Ordinis
1353 1529 1510 1563 personae
1537 1528 1646 1551 coram
1674 1518 1743 1550 solo
1764 1517 1802 1550 M.
1826 1517 1981 1560 magistro
2009 1521 2041 1550 et

577 1582 736 1613 conventu
756 1578 805 1610 vel
825 1575 979 1619 delegatis
999 1575 1197 1619 respondere
1216 1579 1382 1613 tenentur,
1404 1572 1468 1606 348
1486 1584 1516 1605 a.
1539 1572 1730 1605 Immunitas
1750 1582 1768 1604 a
1787 1571 1945 1605 canonica
1963 1581 2042 1615 por-

578 1634 664 1666 tione
684 1633 732 1665 vcl
753 1631 920 1664 caritativo
947 1629 1091 1663 subsidio
1105 1656 1113 1669 ,
1136 1628 1233 1662 etiam
1262 1628 1330 1670 regi
1356 1626 1585 1670 Hispaniarum
1610 1636 1764 1659 concesso
1785 1630 1817 1659 et
1836 1636 1854 1658 a
1874 1625 2043 1669 quartain

578 1687 730 1720 Franciae
751 1685 859 1728 regnis
880 1683 1041 1729 imposita,
1058 1683 1137 1716 ibid.
1155 1682 1304 1715 Facultas
1320 1680 1520 1721 extrahendi,
1534 1680 1603 1713 sine
1622 1679 1781 1723 vectigali,
1795 1679 1922 1712 fructus
1937 1683 1969 1711 et
1988 1689 2043 1722 pe-

579 1740 692 1774 cunias
712 1751 749 1772 ex
769 1738 905 1771 militiae
935 1737 1027 1777 locis,
1058 1737 1135 1769 ibid.
1167 1737 1184 1768 b
1212 1740 1243 1768 et
1262 1734 1326 1768 5022
1346 1746 1376 1767 α.
1404 1733 1570 1777 Exemptio
1595 1733 1691 1766 etiam
1712 1743 1772 1776 pro
1791 1732 1885 1765 bonis
1905 1733 2042 1766 fratrum

578 1792 861 1839 patrimonialibus
892 1797 964 1835 post
1001 1790 1151 1824 emissam
1193 1788 1428 1833 professionem
1445 1814 1452 1828 ‚
1475 1787 1537 1820 348
1558 1788 1587 1820 b.
1618 1786 1802 1820 iurisdictio
1830 1786 1870 1819 M.
1899 1786 2043 1829 magistri

579 1854 610 1882 et
637 1852 814 1881 conventus
848 1846 882 1878 in
912 1845 1060 1889 personis
1094 1843 1290 1886 Religionis,
1323 1842 1387 1876 349
1420 1852 1451 1874 α.
1484 1842 1618 1874 Decreta
1648 1850 1791 1884 quorum
1813 1839 1843 1872 vi
1868 1839 1986 1873 milites
2012 1845 2044 1873 et

580 1902 662 1936 aliae
698 1910 856 1945 personae
887 1899 1013 1933 Ordinis
1036 1899 1068 1931 in
1089 1898 1139 1930 ius
1159 1902 1288 1930 vocatae
1303 1923 1310 1937 ,
1344 1905 1533 1939 comparere
1561 1899 1714 1928 tenentur
1739 1904 1849 1927 coram
1873 1893 1913 1927 M.
1940 1893 2043 1937 magi-

580 1962 647 1989 stro
685 1960 716 1988 et
755 1959 914 1988 conventu
952 1964 1009 1986 seu
1044 1962 1158 1985 eorum
1199 1950 1369 1993 delegatis,
1406 1955 1503 1993 atque
1537 1949 1577 1981 ad
1604 1948 1684 1982 alios
1713 1947 1837 1981 iudices
1874 1958 2044 1981 recurrere

580 2009 809 2054 prohihentur,
832 2007 911 2040 ibid.
934 2007 1076 2040 Potestas
1105 2011 1136 2037 ct.
1162 2004 1343 2038 iurisdictio
1366 2004 1405 2036 M.
1429 2002 1574 2046 magistri
1599 2007 1629 2035 et
1653 2006 1829 2034 conventus
1849 2011 1948 2044 super
1967 2011 2043 2045 per-

579 2063 665 2097 sonis
692 2067 723 2095 et
742 2062 840 2095 rebus
852 2061 938 2093 iuxta
949 2059 1180 2099 ordinationes,
1203 2058 1281 2091 ibid.
1310 2058 1338 2090 b.
1363 2057 1510 2090 Facultas
1530 2056 1569 2089 M.
1593 2055 1737 2098 magistri
1750 2054 1950 2098 procedendi
1963 2064 2042 2087 con-

579 2122 629 2150 tra
649 2115 882 2155 inobedientes,
906 2114 1002 2147 etiam
1022 2124 1080 2157 per
1101 2113 1242 2146 edictum
1264 2111 1445 2155 publicum,
1468 2110 1508 2143 ad
1525 2109 1738 2154 privationem
1758 2118 2044 2152 quorumcumque

580 2169 830 2209 beneficiorum,
854 2168 932 2201 ibid.
958 2167 1108 2200 Avocatio
1130 2176 1318 2199 caussarum
1332 2164 1472 2205 Ordinis,
1496 2174 1580 2207 quae
1599 2167 1742 2205 aguntur
1761 2167 1826 2197 tam
1846 2161 1879 2194 in
1897 2161 2044 2195 Romana

581 2224 678 2258 Curia
698 2233 795 2267 quam
816 2227 903 2256 extra
919 2232 1003 2261 eam,
1021 2221 1217 2263 illarumque
1238 2218 1424 2252 commissio
1437 2218 1476 2251 M.
1495 2216 1648 2260 magistro
1665 2220 1696 2249 et
1716 2215 1902 2256 conventui,
1924 2214 1989 2249 350
2009 2225 2041 2248 α.

582 2278 701 2311 Prioris
722 2281 861 2321 potestas
883 2274 1062 2318 exequendi
1083 2273 1257 2307 sententias
1277 2278 1308 2306 et
1327 2283 1395 2305 rem
1416 2271 1603 2311 iudicatam,
1622 2270 1701 2303 ibid.
1716 2269 1882 2302 Devolutio
1902 2268 2044 2312 appella-

583 2332 710 2364 tionum
735 2342 752 2363 a
772 2329 938 2363 sententiis
958 2329 1181 2370 delegatorum
1201 2328 1242 2360 ad
1263 2328 1301 2360 M.
1331 2326 1520 2369 magistrum
1546 2329 1577 2357 et
1598 2328 1804 2363 conventum,
1828 2327 1859 2356 et
1878 2322 1917 2355 ab
1937 2321 1984 2355 eis
2003 2322 2043 2355 ad

586 2385 764 2428 capitulum
785 2383 948 2427 generale,
971 2382 1050 2414 ibid.
1074 2382 1102 2414 b.
1127 2382 1309 2414 Mandatum
1330 2380 1368 2413 de
1390 2377 1648 2423 expeditionibus
1661 2381 1691 2409 et
1711 2375 1982 2410 executorialibus
2001 2375 2041 2408 Μ.

586 2438 728 2480 magistri
751 2443 781 2471 et
801 2441 975 2470 conventus
995 2435 1175 2468 executioni
1196 2434 1322 2474 dandis,
1346 2433 1467 2465 nullius
1487 2431 1634 2475 quaesita
1648 2429 1791 2470 licentia,
1813 2429 1892 2462 ibid.
1908 2428 2044 2461 Eorum—

587 2492 658 2524 dem
685 2491 818 2524 facultas
842 2488 1040 2535 procedendi
1065 2488 1096 2520 in
1124 2498 1276 2531 personas
1302 2487 1481 2520 detinentes
1507 2485 1592 2518 bona
1612 2483 1808 2527 Religionis,
1834 2488 1866 2516 et
1893 2492 1958 2515 non
1978 2481 2042 2514 sol-

585 2550 693 2577 ventes
713 2545 821 2577 debita
845 2542 1011 2577 communi
1031 2542 1169 2582 aerario,
1193 2542 1270 2574 ibicl.
1298 2541 1424 2573 Fratres
1449 2539 1568 2582 eligere
1588 2542 1712 2582 queunt
1732 2537 1763 2570 in
1784 2540 2042 2569 conservatorem

588 2608 828 2641 quamcumque
848 2606 1020 2641 personam
1040 2595 1073 2628 in
1098 2594 1252 2638 dignitate
1279 2592 1495 2628 ecclesiastica
1524 2591 1750 2630 constitutam,
1772 2588 1831 2623 351
1860 2599 1895 2627 a;
1919 2598 2043 2631 poenae

587 2663 651 2686 non
672 2652 865 2686 solventium
885 2651 956 2686 iura
976 2649 1230 2685 mortuariorum
1251 2654 1282 2683 et
1300 2648 1493 2691 vacantium,
1514 2647 1592 2681 ibid.
1616 2646 1730 2680 Clerici
1751 2643 1910 2678 ordinesa
1929 2642 2043 2689 quovis
