2237 3100
537 205 624 242 1000
1123 212 1270 236 suumn
1294 211 1412 236 nomm

583 267 773 309 telliguntur
791 274 976 309 suspensae,
1000 264 1078 296 ibid.
1102 264 1130 296 b.
1154 264 1412 297 Communicatio
1433 263 1677 307 privilegiorum
1698 263 1846 306 hospitiis
1867 269 1898 297 et
1924 263 2050 297 militiis

584 320 615 353 S.
638 319 766 352 Ioannis
786 315 1080 360 Ilierosolymitaui,
1104 317 1135 350 S.
1159 317 1264 350 Iacchi
1282 317 1321 350 de
1341 316 1473 361 Spatlia,
1496 316 1528 349 S.
1551 316 1681 348 Antonii
1698 316 1899 356 Viennensis,
1922 317 1953 351 S.
1977 317 2050 362 Spi-

585 373 666 405 ritus
686 372 724 405 de
745 371 830 404 Urbe
848 376 878 402 et
903 370 934 402 S.
958 370 1112 413 Stephani
1134 370 1166 403 in
1187 371 1301 403 Tuscia
1322 380 1564 408 concessorum,
1587 370 1665 403 ibid.
1685 375 1716 403 ct
1733 381 1796 414 seq.
1819 370 1998 404 Publicatio
2021 376 2053 404 et

584 425 688 458 affixio
710 424 890 456 litterarum
911 423 1164 466 apostolicarum
1185 429 1216 456 et
1243 424 1470 456 mandatorum
1498 422 1644 465 magistri
1671 428 1702 456 et
1725 429 1901 456 conventus
1927 428 2053 457 arctent

584 490 621 511 ac
640 478 664 510 si
687 476 898 521 personaliter
911 476 1049 509 indictae
1062 476 1178 515 forent,
1197 476 1261 509 5:3⁵2
1275 477 1303 509 b.
1321 477 1468 519 Magister
1481 482 1511 509 et
1532 482 1707 509 conventus
1723 486 1965 520 quemcumque
1981 476 2051 509 ino-

584 531 765 563 bedientem
787 529 874 562 omni
895 529 1018 562 honore
1039 534 1069 563 et
1088 530 1194 562 officio
1215 530 1339 573 privare
1359 536 1493 573 queunt,
1508 529 1586 562 ibid.
1617 529 1650 562 V.
1674 529 1860 571 Regulares.

495 584 802 628 Hierosolymitaiuis
831 583 916 617 Ordo
937 584 968 617 S.
998 584 1124 617 Ioannis
1154 584 1302 628 pluribus
1334 584 1494 617 favoribus
1521 584 1714 623 decoratur,
1737 583 1774 617 31
1799 595 1830 616 a.
1854 583 2009 617 Martinus
2028 584 2052 617 V

582 638 621 670 M.
645 637 797 679 magistro
818 643 849 670 et
869 637 1040 670 conventui
1061 637 1206 670 eiusdem
1227 648 1339 670 omnes
1360 648 1489 671 caussas
1510 647 1723 681 personarum
1744 637 1785 670 ad
1804 636 1957 670 Ordinem
1978 647 2055 681 per-

585 690 755 724 tinentium
775 691 1017 733 cognoscendas
1038 691 1223 732 committit,
1246 691 1325 724 ibid.
1349 696 1460 736 etseq.
1483 690 1590 724 Sixtus
1619 691 1656 723 IV
1684 701 1908 734 quascumque
1927 690 2052 724 benefi-

582 744 710 777 ciorum
730 743 927 788 provisiones
947 745 986 777 ad
1007 744 1044 777 M.
1070 744 1259 787 magistrum
1281 745 1386 777 solum
1411 750 1558 788 spectare
1587 744 1745 784 decernit,
1767 743 1809 777 3⁹2
1829 755 1861 777 a.
1890 744 2055 777 Innocen-

583 798 646 831 tius
666 797 729 830 VIII
749 797 902 831 Ordinem
923 797 954 831 S.
978 798 1126 841 Sepulcri
1148 798 1340 842 supprimit,
1363 798 1498 842 eiusque
1529 797 1680 831 militiam
1706 803 1737 830 et
1757 797 1843 830 bona
1871 797 2054 842 Hierosoly-

584 851 706 884 mitano
726 850 848 891 adiicit,
873 851 951 884 ibid.
975 851 1004 890 b;
1023 851 1144 884 nullam
1159 852 1397 895 exemptionem
1413 851 1553 884 admittit
1572 852 1611 884 ab
1628 850 1812 885 obedientia
1829 850 1870 884 M.
1893 849 2053 893 magistri,

583 915 643 938 nec
662 916 679 938 a
708 904 923 938 solutionibus
951 905 1117 937 communi
1147 905 1253 938 erario
1282 905 1420 946 debitis,
1443 905 1486 939 33
1510 916 1548 945 a;
1576 905 1812 939 beneficiorum
1843 904 2054 938 collationem

583 958 652 991 solo
681 958 836 1001 magistro
870 964 902 992 et
931 958 1101 991 conventui
1132 958 1300 1000 concedit,
1332 959 1411 991 ibid.
1442 960 1459 991 b
1489 964 1520 992 et
1547 969 1610 1002 seq.
1646 959 1747 992 Iulius
1778 958 1803 991 ΙΙ
1838 956 2053 1001 expectativas

582 1011 725 1055 aliasque
745 1012 876 1055 gratias,
898 1012 966 1046 sine
987 1013 1176 1045 corumdem
1198 1023 1358 1045 consensu
1375 1013 1486 1053 factas,
1510 1018 1622 1053 cassat,
1638 1012 1682 1045 34
1697 1012 1726 1052 b;
1745 1011 1965 1045 coadiutorias
1981 1021 2054 1055 per-

581 1065 668 1098 sonis
688 1065 847 1108 Religioni
869 1065 1027 1099 extraneis
1048 1076 1216 1099 concessas
1238 1063 1377 1106 rexocat,
1395 1065 1438 1099 35
1458 1077 1497 1105 ‹i;
1515 1066 1554 1099 M.
1574 1066 1728 1109 magistro
1749 1065 1900 1099 concedit
1919 1064 2053 1098 totalem

584 1118 854 1160 iurisdictionem,
869 1119 947 1152 ibid.
970 1120 987 1152 b
1008 1124 1039 1152 ct
1057 1130 1136 1162 seq.;
1159 1119 1434 1162 indulgentiarum
1447 1119 1715 1163 publicationem,
1732 1118 1775 1153 36
1793 1129 1827 1152 a.
1841 1118 1939 1152 LeoX
1959 1128 2054 1162 prae-

584 1172 792 1205 decessorum
822 1172 1048 1206 concessiones
1069 1173 1259 1213 confirmat,
1282 1173 1360 1207 ibid.
1385 1174 1413 1206 b.
1437 1173 1524 1206 Idem
1553 1173 1699 1206 Pontifex
1725 1172 1871 1206 decernit
1890 1172 1930 1206 M.
1952 1171 2055 1215 magi-

584 1231 687 1259 strum
708 1231 739 1259 et
759 1231 951 1259 conventum
972 1227 1108 1259 vicarios
1129 1227 1160 1260 in
1181 1228 1379 1271 prioratibus
1399 1228 1556 1271 deputare
1576 1238 1670 1271 posse
1691 1238 1766 1260 cum
1787 1231 1944 1271 potestate
1963 1236 2056 1270 prae-

585 1280 745 1324 ceptorias
765 1285 795 1313 et
814 1280 892 1313 alias
912 1280 1085 1323 dignitates
1106 1281 1313 1322 conferendi,
1335 1281 1377 1314 37
1398 1293 1436 1322 a,
1459 1282 1498 1314 M.
1522 1281 1666 1325 magistri
1696 1280 1812 1314 litteris
1831 1280 1929 1314 fidem
1963 1278 2055 1313 adhi-

585 1334 723 1367 bendam
738 1361 745 1374 ,
767 1335 875 1377 quoad
896 1333 1105 1378 professionis
1135 1334 1340 1367 emissionem
1355 1362 1362 1375 ‚
1385 1335 1516 1367 habitus
1542 1334 1783 1379 susceptionem
1813 1339 1844 1367 et
1869 1332 2054 1367 debitorum

586 1388 857 1431 praestationem,
888 1388 992 1429 ibid.;
1021 1387 1218 1420 antianitatis
1245 1388 1369 1432 litteras
1396 1394 1427 1421 et
1452 1389 1687 1421 beneficiorum
1715 1387 1916 1432 provisiones
1946 1387 1987 1420 ab
2017 1396 2056 1420 eo

587 1451 756 1474 concessas
775 1441 845 1484 ipso
866 1441 949 1474 facto
970 1441 1164 1485 approbatas
1180 1441 1305 1474 censeri
1322 1441 1452 1482 debere,
1471 1442 1566 1480 ibid.;
1583 1442 1742 1475 beneficia
1760 1441 1907 1475 vacantia
1921 1440 2056 1475 Summo

587 1494 735 1527 Pontifici
756 1505 821 1527 non
842 1494 977 1535 devolvi,
999 1495 1094 1535 ibid.;
1112 1494 1325 1528 alienationes
1338 1495 1408 1528 lieri
1424 1506 1489 1528 non
1502 1506 1606 1539 posse,
1622 1496 1700 1529 ibid.
1715 1496 1744 1528 b.
1760 1495 1894 1534 Quando
1912 1493 2057 1528 clausula

590 1559 662 1581 cum
682 1549 889 1592 deroyutione
905 1550 1153 1593 privileyiornm
1172 1550 1217 1582 uti
1237 1550 1343 1590 liceat,
1361 1550 1456 1590 ibid.;
1472 1550 1593 1592 gratiae
1606 1550 1823 1594 expectativae
1837 1559 2007 1583 concessae
2025 1553 2057 1581 et

589 1603 816 1636 concedendae
832 1603 1014 1643 irritantur,
1040 1604 1118 1637 ibid.
1133 1609 1164 1637 et
1193 1615 1255 1648 seq.
1269 1604 1415 1637 Clemens
1436 1604 1485 1637 vll
1501 1604 1685 1648 supradicta
1697 1603 1866 1648 privilegia
1886 1609 1918 1637 et
1937 1602 2056 1646 gratias

588 1661 673 1689 ratas
693 1656 826 1697 habens,
850 1657 888 1689 ad
909 1662 1086 1690 conventus
1107 1657 1281 1691 familiares
1301 1657 1506 1701 famulosque
1522 1657 1677 1697 extendit,
1694 1657 1736 1691 39
1748 1668 1780 1698 ag
1798 1655 2056 1690 iurisdictionem

589 1709 670 1742 meri
698 1716 730 1742 et
753 1710 843 1742 mixti
868 1709 996 1755 imperii
1021 1710 1054 1743 in
1082 1721 1236 1755 personas
1266 1717 1297 1744 et
1324 1711 1409 1744 bona
1435 1710 1563 1744 Ordinis
1583 1711 1637 1744 dat
1661 1711 1700 1745 M.
1723 1711 1889 1754 magistro,
1913 1711 1992 1744 ibid.
2015 1712 2056 1751 b;

590 1763 665 1796 item
686 1764 871 1797 facultatem
892 1764 1069 1807 deputandi
1091 1770 1336 1808 procuratorem
1358 1765 1390 1797 in
1416 1765 1560 1798 Romana
1582 1764 1678 1798 Curia
1706 1765 1745 1798 ad
1769 1764 1927 1797 beneficia
1949 1764 2058 1798 confe-

589 1817 702 1857 renda,
724 1816 767 1850 40
787 1828 823 1857 (13
846 1817 967 1860 ubique
988 1817 1084 1850 etiam
1106 1817 1325 1861 indulgentias
1348 1818 1537 1861 publicandi
1560 1824 1590 1852 et
1618 1818 1839 1862 eleemosynas
1863 1817 2055 1861 quaerendi,

591 1876 803 1914 mortuosque
825 1870 856 1902 in
878 1870 1022 1903 ecclesiis
1034 1870 1162 1904 Ordinis
1182 1872 1372 1916 sepeliendi,
1396 1873 1475 1905 ibid.
1496 1873 1525 1912 b;
1540 1872 1645 1915 legata
1665 1871 1865 1915 acceptandi,
1879 1870 1917 1904 41
1941 1882 1973 1912 a3
1996 1871 2058 1904 fra-

591 1923 695 1956 tribus
714 1934 822 1956 sacros
842 1923 971 1956 ordines
992 1924 1169 1967 recipiendi
1191 1936 1208 1957 a
1228 1936 1437 1968 quocumque
1464 1925 1617 1969 episcopo
1631 1951 1639 1965 ,
1661 1925 1765 1965 ibid.;
1788 1924 1866 1969 ipsis
1891 1929 1923 1959 et
1943 1935 2056 1957 eorum

590 1977 804 2010 familiaribus
823 1988 913 2009 arma
932 1977 1096 2020 gestandi,
1119 1978 1214 2018 ibid.;
1245 1978 1443 2022 cappellanis
1470 1978 1688 2011 confessiones
1714 1977 1867 2011 audiendi
1895 1983 1926 2011 et
1951 1988 2057 2010 sacra-

592 2035 700 2063 menta
719 2030 943 2071 ministrandi,
967 2031 1067 2071 ibid.;
1090 2031 1253 2065 interdicti
1284 2038 1430 2076 tempore
1456 2032 1563 2065 divina
1592 2032 1697 2065 officia
1726 2030 1934 2072 celebrandi,
1961 2031 2057 2071 ibid.;

592 2084 758 2127 quibusvis
778 2084 1044 2118 christifidelibus
1064 2086 1319 2129 praeceptorias,
1331 2086 1456 2126 domos,
1469 2090 1542 2127 etc„
1555 2086 1594 2119 ab
1610 2086 1729 2119 Ordine
1746 2085 1975 2129 dependentia,
1992 2095 2057 2118 non

592 2143 700 2171 autem
727 2139 767 2171 ab
793 2138 983 2179 ordinariis,
1004 2140 1160 2183 erigendi,
1190 2140 1284 2179 ibid.;
1307 2140 1345 2172 M.
1376 2140 1529 2183 magistro
1556 2145 1588 2173 et
1612 2139 1784 2173 conventui
1809 2138 2000 2172 donationes
2027 2143 2059 2171 et

592 2191 672 2223 alios
691 2191 863 2224 damnosos
884 2198 1069 2226 contractus
1088 2193 1271 2233 revocandi,
1294 2193 1372 2226 ibid.
1388 2193 1506 2226 Omnes
1525 2203 1685 2233 accessus,
1700 2193 1876 2235 ingressus,
1894 2201 2059 2235 regressus

593 2255 630 2277 ac
649 2245 868 2278 coadiutorias
887 2246 926 2278 ad
938 2246 1118 2287 baiulivias,
1137 2247 1311 2291 prioratus,
1326 2251 1399 2287 etc„
1414 2252 1641 2290 praeterquam
1657 2256 1695 2280 ex
1711 2257 1823 2279 caussa
1838 2255 1975 2279 onerosa
1985 2234 2060 2279 coii-

594 2308 712 2338 cessos,
734 2298 886 2332 Summus
907 2299 993 2332 idem
1010 2299 1155 2333 Pontifex
1176 2306 1290 2340 cassat,
1307 2300 1402 2340 ibid.;
1419 2300 1526 2333 litium
1546 2301 1579 2333 in
1592 2300 1736 2333 Romana
1751 2299 1846 2333 Curia
1863 2298 2058 2332 vertentium

595 2351 633 2384 M.
657 2352 810 2395 magistro
830 2358 859 2385 et
881 2353 1052 2386 conventui
1074 2354 1293 2396 cognitionem
1315 2360 1466 2394 reservat,
1497 2354 1539 2387 42
1567 2366 1604 2394 a3
1627 2354 1828 2397 Religionem
1858 2353 1898 2386 ab
1927 2351 2057 2385 ordina-

595 2404 719 2438 riorum
747 2406 976 2450 superioritate
1007 2407 1137 2447 eximit,
1169 2418 1228 2440 nec
1257 2418 1323 2440 non
1351 2419 1369 2440 a
1397 2418 1684 2451 quorumcumque
1715 2417 1853 2440 onerum
1882 2405 2055 2446 solutione,

596 2458 674 2491 ibid.
693 2464 724 2491 et
742 2470 804 2503 seq.
827 2459 1069 2503 Iuspatronatus
1090 2471 1126 2493 ex
1147 2461 1337 2494 fundatione
1357 2462 1405 2494 vel
1425 2461 1465 2494 ad
1485 2461 1613 2494 tertiam
1630 2466 1754 2505 partem
1775 2459 1939 2493 dotatione
1955 2457 2057 2492 creari

597 2513 755 2553 concedit,
778 2524 903 2546 necnon
925 2513 1035 2547 Ordini
1056 2514 1243 2547 facultatem
1264 2525 1318 2547 eos
1339 2514 1519 2547 redimendi
1549 2515 1653 2558 pretio
1673 2514 1835 2560 restituto,
1862 2513 1906 2547 43
1925 2513 1954 2554 b;
1976 2522 2056 2557 pen-

597 2563 702 2597 siones
722 2565 918 2599 constituere
938 2566 1009 2599 aliis
1029 2577 1125 2610 quam
1151 2568 1297 2610 personis
1317 2567 1446 2600 Ordinis
1465 2567 1628 2611 probibet,
1651 2567 1713 2600 nisi
1732 2567 1863 2600 accedat
1883 2576 2057 2599 consensus

598 2617 637 2651 M.
660 2618 816 2662 magistri,
838 2619 933 2660 ibid.;
954 2620 1112 2655 beneficia
1138 2626 1169 2654 et
1197 2621 1368 2665 pensiones
1388 2621 1563 2662 habentes,
1585 2620 1668 2655 infra
1694 2630 1749 2654 sex
1767 2629 1906 2661 menseS‚
1933 2619 2057 2664 profes-
