2237 3100
472 220 536 256 976
1054 224 1200 249 BuLLAmi
1220 224 1338 248 nouam

516 289 571 316 aut
594 282 695 315 muris
712 280 916 318 claudantur,
939 277 1004 311 394
1029 277 1060 316 ὸς
1080 277 1164 309 horti
1182 277 1303 320 pariter
1324 283 1353 309 et
1375 277 1437 309 alia
1458 276 1589 320 praedia
1610 277 1693 309 inter
1712 276 1806 309 Urbis
1827 276 1973 310 aedificia

517 334 694 374 existentia,
717 335 796 366 ibid.
820 338 851 365 et
875 331 939 364 396
966 342 996 363 a.
1019 330 1237 362 Amoveantur
1262 335 1376 373 pontes
1403 329 1500 371 lignei
1538 329 1594 361 viis
1625 329 1766 373 publicis
1789 329 1972 368 transversi,

517 388 583 422 394
595 389 623 420 b.
639 386 841 420 Fulcimenta
857 395 873 417 e
886 383 1037 416 domibus
1050 382 1189 415 ruinosis
1203 383 1368 422 tollantur,
1385 382 1449 415 395
1461 393 1491 415 u.
1507 382 1581 414 Pius
1595 382 1628 421 Y,
1643 382 1683 414 ad
1697 381 1893 414 dirimendas
1904 382 1977 415 lites

518 452 555 474 ex
579 438 819 473 aedificantium
844 435 1020 480 privilegiis
1041 440 1138 475 ortas,
1158 435 1445 479 praedecessorum
1467 434 1713 468 constitutiones
1733 436 1772 468 ad
1789 435 1868 467 iuris
1888 445 1976 467 com-

519 494 625 527 munis
641 491 795 525 terminos
814 489 954 529 reducit,
968 493 1154 521 nontamen
1173 489 1278 532 quoad
1304 500 1395 522 sacra
1421 494 1452 521 ct
1471 489 1603 532 publica
1623 488 1780 529 aedificia,
1821 487 1881 521 911
1910 488 1927 520 b
1948 492 1975 520 et

518 558 596 591 seq.;
618 544 794 589 praemissa
815 542 970 581 declarat,
993 541 1056 574 91⁶2
1078 541 1094 574 b
1116 547 1146 574 et
1169 552 1232 585 seq.

432 601 635 645 Agricultura
655 596 914 636 commendatur,
932 594 991 627 481
1011 606 1041 627 a.
1057 595 1337 628 Statutaeamdem
1354 595 1581 628 concernentia
1595 595 1842 635 confirmantur,
1855 595 1935 627 ibid.
1948 594 1976 626 b.

520 651 699 686 Iurisdictio
716 649 886 683 consulum
908 648 987 681 artis
1006 647 1238 689 agriculturae,
1262 649 1341 681 ibid.
1365 649 1489 681 Poenae
1512 649 1544 681 in
1565 659 1619 682 eos
1637 649 1691 692 qui
1713 648 1896 692 impediunt
1910 648 1979 680 fru-

521 711 627 739 menta
652 704 700 737 vel
721 707 842 745 segetes
863 701 1077 745 importantes
1098 701 1129 733 in
1145 701 1277 741 Urbem,
1299 702 1347 733 vcl
1364 702 1476 734 eadem
1492 708 1601 734 emunt
1620 707 1749 746 praeter
1765 700 1977 745 quantitatem

521 758 580 790 sibi
602 756 731 799 suisque
745 753 875 788 familiis
895 753 1126 793 necessariam,
1148 752 1213 786 485
1226 764 1256 785 a.
1274 753 1480 787 Commeatus
1500 754 1672 787 afferentes
1693 754 1878 787 eximuntur
1895 764 1912 786 a
1928 763 1979 786 so-

519 811 643 844 lutione
656 808 861 851 vectigalium
884 812 912 839 et
935 806 1074 839 aliorum
1096 816 1246 845 onerum,
1274 806 1338 839 485
1360 819 1394 842 a:
1415 818 1473 839 nec
1496 808 1643 840 molestia
1664 812 1799 850 possunt
1818 806 1901 840 affici
1922 816 1981 850 pro

520 863 646 902 debitis,
668 861 762 895 etiam
785 859 1015 899 cameralibus,
1038 859 1115 891 dum
1137 859 1175 891 ad
1197 859 1315 892 Urbem
1331 870 1363 892 se
1385 860 1567 901 conferunt⁷
1588 861 1631 892 ibi
1649 866 1819 893 morantur
1836 865 1867 893 et
1887 860 1926 892 ah
1947 870 1983 892 ea

520 916 687 955 recedunt,
709 914 786 947 ibid.
809 913 968 956 Agricolae
988 912 1170 945 molestiam
1192 913 1314 945 nullam
1337 913 1502 956 patiantur
1522 925 1580 957 pro
1607 914 1735 954 debitis,
1758 915 1835 947 dum
1857 913 1981 952 colunt,

521 969 681 1003 seminant
700 968 748 1000 vel
770 966 924 1008 colligunt
949 966 1123 1004 frumenta,
1147 966 1226 998 ibid.
1250 966 1279 998 b.
1303 967 1401 999 Boves
1424 967 1555 999 aratorii
1577 967 1751 1011 omniaque
1767 968 1982 1006 instrumenta

520 1023 560 1056 ad
579 1020 810 1065 agriculturam
827 1018 1009 1051 necessaria
1023 1018 1094 1061 capi
1116 1024 1279 1060 nequeunt
1302 1030 1362 1062 pro
1383 1019 1512 1057 debitis,
1535 1031 1595 1053 nec
1615 1021 1647 1053 in
1672 1020 1777 1053 tacitis
1795 1018 1985 1064 hypothecis

521 1072 768 1119 comprehendi,
791 1082 873 1115 quae
893 1071 1055 1114 gaudeant
1068 1070 1243 1114 privilegiis
1263 1072 1424 1105 bonorum
1445 1073 1615 1114 dotalium,
1639 1073 1718 1106 ibid.

434 1128 665 1164 Alienationes.
694 1126 727 1159 V.
746 1125 835 1158 Bona
854 1123 1085 1164 ecclesiastica,
1108 1124 1242 1157 Camera
1262 1125 1457 1168 Apostolica.

433 1183 617 1226 Alphonsus
638 1178 810 1213 cardinalis
830 1176 1072 1220 Neapolitanus.
1102 1176 1136 1209 V.
1160 1177 1378 1211 Auditoratus.

433 1235 566 1269 Amadei
586 1235 710 1267 fratres.
739 1231 773 1264 V.
796 1229 958 1263 Francisci
983 1229 1045 1272 (S.)
1069 1229 1107 1262 dc
1128 1229 1246 1263 Assisio
1271 1231 1396 1265 fratres.

433 1288 563 1322 Antonii
583 1286 646 1330 (S.)
668 1282 855 1318 Viennensis
876 1281 987 1315 Ordini
1009 1281 1246 1315 confirmantur
1266 1284 1433 1327 privilegia
1456 1285 1633 1328 quaerendi
1653 1286 1884 1328 eleemosynas,
1907 1294 1986 1327 qua-

523 1348 615 1375 tenus
636 1337 773 1372 concilio
794 1335 984 1369 Tridentino
1006 1345 1071 1367 non
1091 1334 1313 1377 adversentur,
1327 1337 1392 1371 380
1412 1350 1442 1370 a.

435 1397 606 1439 Apostatae
626 1390 770 1435 religiosi
791 1389 838 1422 vel
861 1389 944 1421 male
976 1387 1122 1420 translati
1143 1389 1189 1421 vel
1221 1395 1310 1422 extra
1341 1391 1481 1424 claustra
1501 1398 1652 1434 vagantes
1672 1403 1689 1424 a
1710 1392 1809 1424 Paulo
1830 1391 1866 1424 IV
1883 1390 1986 1424 corri-

524 1454 658 1492 guntur,
674 1445 756 1479 tssa.
773 1444 807 1476 In
825 1443 894 1476 eius
912 1442 1156 1475 ordinationum
1177 1444 1366 1477 executione
1383 1446 1484 1478 multa
1502 1446 1653 1479 (minatur
1666 1445 1886 1485 incommoda,
1904 1445 1984 1477 ibid.

523 1502 600 1535 Pius
618 1500 654 1533 lv
667 1495 924 1543 praedecessoris
942 1495 1093 1527 mandata
1107 1495 1145 1527 ad
1167 1496 1303 1529 formam
1325 1496 1402 1529 iuris
1422 1499 1559 1537 reducit,
1578 1500 1654 1531 ibid.
1675 1499 1707 1536 b,·
1728 1509 1856 1531 caussas
1873 1503 1989 1530 contra

526 1552 701 1588 monachos
721 1551 761 1583 ad
786 1560 819 1582 se
844 1549 989 1587 advocat,
1021 1553 1049 1580 et
1077 1548 1271 1581 decidendas
1299 1551 1471 1583 committit
1494 1551 1587 1584 Urbis
1611 1552 1744 1592 vicario,
1768 1552 1916 1585 locorum
1939 1563 1989 1586 or-

526 1606 659 1642 dinariis
672 1603 849 1648 respective
866 1612 992 1635 necnon
1022 1602 1247 1645 superioribus
1267 1605 1549 1645 monasteriorum,
1569 1606 1608 1638 ‘17
1637 1617 1670 1645 a;
1692 1606 1878 1638 facultatem
1900 1617 1988 1639 sum-

527 1661 626 1695 marie
646 1656 843 1703 procedendi
859 1654 1020 1688 iudicibus
1035 1655 1196 1696 concedit,
1211 1657 1289 1689 ibid.
1309 1657 1341 1696 b,·
1353 1658 1510 1690 absolutis
1528 1668 1622 1700 agere
1636 1659 1868 1702 poenitentiam
1883 1669 1901 1691 a
1914 1669 1988 1691 con-

526 1713 701 1748 fessoribus
721 1709 951 1752 iniungendam
982 1707 1160 1751 praecipit,
1193 1708 1234 1741 18
1269 1721 1302 1747 tl:
1323 1710 1578 1753 dispensationes
1602 1717 1630 1744 et
1657 1712 1783 1744 indulta
1804 1711 1987 1752 ostendere,

527 1778 651 1803 necnon
668 1776 814 1799 caussam
827 1764 911 1796 infra
931 1773 982 1794 sex
1005 1773 1131 1794 menses
1148 1764 1310 1806 expedire,
1336 1766 1418 1797 ibid.
1441 1766 1469 1797 b.

440 1822 622 1856 Archivium
643 1820 832 1853 Vaticanum
848 1815 998 1848 institiuit
1017 1815 1092 1846 Pius
1114 1815 1161 1855 IV,
1185 1816 1277 1859 eique
1292 1818 1439 1860 praeficit
1460 1819 1656 1852 cardinalem
1679 1819 1857 1860 Amulium,
1875 1817 1941 1852 373
1961 1819 1989 1851 b.

528 1875 631 1920 Ipsius
650 1873 784 1906 facultas
804 1868 924 1912 ubique
946 1867 1159 1910 conquirendi
1178 1869 1288 1910 libros,
1307 1871 1434 1903 codices
1455 1872 1583 1915 aliaque
1598 1872 1628 1904 id
1645 1883 1745 1915 genus
1768 1878 1991 1912 monumenta,

530 1929 609 1963 sibiet.
632 1928 750 1961 Omnes
762 1926 913 1958 hortatur
928 1922 1072 1954 Pontifex
1088 1928 1122 1954 ut
1136 1923 1222 1956 dicto
1236 1925 1392 1958 cardinali
1409 1927 1518 1962 libros,
1532 1932 1588 1959 etc.
1602 1927 1740 1967 tradant,
1758 1925 1824 1959 374
1837 1927 1869 1966 b,·
1886 1925 1990 1959 eidem

531 1980 688 2025 praecipit
715 1984 751 2011 ut
770 1976 906 2019 singulis
932 1975 1054 2007 vicibus
1082 1986 1182 2008 unum
1213 1982 1337 2010 tantum
1360 1979 1479 2011 librum
1502 1990 1517 2011 e
1543 1979 1693 2012 Vaticana
1719 1979 1915 2012 bibliotheca
1936 1989 1989 2011 ex-

532 2035 649 2075 trahat,
671 2034 750 2066 ibid.

445 2088 528 2121 Artis
548 2089 639 2121 lanae
660 2087 692 2119 in
717 2087 801 2121 Urbe
823 2089 988 2131 privilegia
1009 2095 1035 2121 et
1060 2093 1176 2122 statuta
1199 2087 1389 2120 confirmata
1410 2097 1424 2118 a
1448 2086 1502 2119 Pio
1523 2086 1558 2126 V,
1581 2086 1645 2119 6102
1666 2088 1694 2118 b.
1718 2086 1895 2119 Consulum
1917 2084 1995 2118 artis

534 2142 701 2174 facultates
715 2141 746 2174 in
761 2143 882 2175 caussis
896 2144 1041 2175 eamdem
1060 2141 1345 2180 concernentibus,
1361 2141 1439 2172 ibid.
1451 2140 1602 2172 inhibitio
1619 2151 1657 2172 ne
1671 2139 1764 2172 Urbis
1782 2139 1906 2172 iudices
1919 2148 1994 2172 con·

534 2194 618 2227 sules
640 2194 810 2227 molestent
831 2194 862 2226 in
880 2195 1075 2237 praemissis,
1099 2193 1163 2227 (313
1181 2206 1210 2226 a.
1805 2185 1811 2187 ”

447 2247 654 2279 Auditoratus
674 2246 826 2280 Gamerae
853 2248 1055 2292 Apostolicac
1085 2248 1301 2291 supprimitur
1321 2258 1337 2279 a
1359 2247 1456 2279 Paulo
1478 2246 1526 2283 lV,
1556 2246 1761 2288 regentisque
1783 2244 1926 2278 officium
1945 2245 1993 2277 in-

537 2299 688 2340 stituitur,
705 2300 755 2332 cui
772 2301 938 2333 facultates
954 2307 983 2333 et
1005 2302 1224 2333 emolumenta
1245 2301 1442 2339 tribuuntur,
1461 2310 1542 2342 quae
1563 2305 1654 2332 autea
1673 2299 1711 2331 ad
1725 2298 1756 2330 S.
1779 2298 1816 2331 R.
1833 2297 1995 2331 Ecclesiae

537 2352 751 2385 camerarium
773 2353 973 2396 spectabant,
992 2352 1054 2385 ‘1023
1069 2364 1098 2385 a.
1114 2353 1237 2395 neg-ens
1254 2353 1406 2385 Gamerae
1420 2352 1562 2394 quinque
1577 2350 1755 2383 notariatus
1771 2349 1886 2382 Curiae
1902 2359 1995 2382 caus-

538 2415 646 2437 sarum
669 2406 817 2438 conferre
837 2407 930 2446 valet,
953 2405 1016 2438 '1024
1036 2417 1066 2437 a.
1089 2405 1240 2447 Regentis
1261 2406 1403 2438 officium
1426 2405 1590 2448 Alphouso
1606 2403 1761 2437 cardinali
1784 2402 1996 2446 Neapolitano

539 2458 740 2497 conceditur,
765 2459 842 2490 ibid.
867 2459 924 2491 llic
946 2458 1066 2491 dictum
1089 2458 1231 2490 officium
1256 2459 1393 2501 resignat
1416 2459 1446 2490 iu
1469 2458 1618 2490 manibus
1639 2457 1685 2489 Pii
1704 2456 1758 2496 IV,
1779 2457 1847 2499 qui,
1869 2455 1997 2488 attentis

538 2509 707 2542 discordiis
728 2522 763 2543 ex
782 2511 869 2543 illius
891 2511 1092 2544 institutione
1104 2511 1234 2549 exortis,
1253 2511 1330 2543 illud
1348 2511 1534 2554 supprimit,
1554 2517 1581 2542 et
1601 2509 1818 2542 auditoratum
1842 2506 1995 2545 restituit,

539 2561 618 2594 ibid.
646 2562 677 2602 b‚·
698 2564 878 2596 camerario
904 2565 1037 2607 eiusque
1059 2564 1250 2596 officialibus
1271 2564 1402 2606 antiqua
1425 2563 1493 2596 iura
1515 2563 1630 2601 wudu,
1652 2562 1712 2594 1⁶25
1732 2573 1763 2594 a.
1788 2559 1995 2593 Auditoratus

539 2614 683 2649 officium
698 2617 821 2649 confert
841 2617 914 2649 Pius
927 2616 963 2649 IV
983 2616 1086 2649 Flavio
1109 2616 1238 2657 Ursino,
1262 2628 1335 2649 cum
1357 2617 1563 2649 facultatibus
1573 2615 1761 2658 praesertim
1784 2623 1913 2647 caussas
1936 2613 1998 2644 ob-
