2237 3100
204 289 254 314 An.
269 288 298 313 c.
317 286 384 313 1565
450 276 514 311 396

202 348 276 367 lirim·-
291 348 327 367 ‘01¹
339 352 385 367 ωε·
402 340 546 383 partibus
574 339 716 373 silicibus
748 343 844 371 strata
882 336 1044 369 humidior
1080 336 1147 368 effi-

202 380 272 429 ''1¹'IJJJ
282 378 385 435 ¹2¹1⁶iss¹0¹1¹f
401 393 520 434 ciatur,
551 398 721 437 propterea
763 391 913 424 omnibus
946 395 976 422 et
1016 389 1148 432 singulis

203 443 239 467 pti:

402 447 630 486 timrat‹1›1=itms,
659 446 718 478 sub
734 444 818 477 exilii
843 443 977 486 aliisque
997 441 1149 486 pecunia-

402 500 456 532 riis
473 505 503 533 et
523 500 617 533 etiam
638 497 1033 541 corporalibusdictorum
1052 495 1149 538 magi-

400 559 539 586 strorum
555 552 688 585 arbitrio
706 550 886 593 infligendis
898 549 1022 593 poenis3
1044 549 1148 582 domi-

401 607 448 639 nis
474 618 559 646 vero,
577 606 636 639 sub
656 605 870 638 ducentorum
891 604 1093 643 ducatorum,
1115 609 1149 636 ut

403 662 592 703 praefertur,
613 658 881 703 applicandorum
902 668 1018 701 poena,
1041 668 1081 690 ne
1097 657 1150 690 de-

402 714 509 755 inceps
538 713 619 745 viani
653 711 796 745 silicibus
816 716 977 750 sternere,
1004 722 1060 744 seu
1089 710 1148 743 ali-

400 776 479 809 quas
499 766 636 799 silicatas
656 771 728 798 ante
748 765 860 798 domos
880 776 953 798 suas
974 766 1077 798 facere
1095 776 1150 797 au-

401 820 496 851 ‹leant
527 830 582 852 seu
610 824 833 863 praesumant,
865 818 1059 852 inhibemus.
1092 818 1150 850 Vo-

403 874 510 905 lumus
543 865 649 905 atitem
684 872 770 914 quod
804 882 917 905 omnes
945 872 1013 905 viae
1050 872 1151 916 ipsius

404 925 493 958 lTrbis
509 925 678 959 coctilibus
695 931 880 958 sternantur
899 926 1064 966 lateribus,
1087 936 1150 958 una

402 990 474 1011 cum
495 978 559 1012 suis
580 979 770 1019 interlineis,
793 990 872 1022 quas
891 979 1004 1022 guidas
1024 985 1149 1019 vocant,

402 1033 561 1076 piperino,
598 1032 753 1065 tiburtino
793 1038 847 1065 aut
889 1032 997 1066 siliceo
1031 1033 1149 1077 lapide,

402 1086 534 1119 arbitrio
555 1086 714 1119 dictorum
736 1086 983 1130 magistrorum,
1012 1098 1071 1120 nec
1091 1087 1152 1120 sint

403 1140 510 1183 aliquo
531 1146 624 1184 pacto
645 1139 857 1179 intervisatae,
880 1140 933 1173 sed
954 1140 987 1173 in
1004 1152 1151 1184 unaqua-

403 1205 465 1237 que
485 1193 532 1226 via
553 1193 617 1236 sint
648 1204 760 1226 omnes
786 1194 902 1236 guidae
922 1205 959 1227 ex
984 1194 1150 1238 piperino,

405 1247 558 1280 tiburtino
578 1253 633 1279 aut
652 1247 761 1280 siliceo
782 1247 898 1291 lapide.

448 1302 462 1341 ,ξ
482 1301 535 1333 32.
559 1301 592 1333 Et
612 1301 744 1345 insuper
757 1301 907 1345 praefatis
924 1302 1083 1345 magistris
1094 1301 1154 1334 via—

262 1359 345 1378 ..mm
364 1365 373 1377 ’Ξ
406 1366 476 1387 runt
490 1354 520 1385 in
539 1360 731 1397 perpetuum
749 1360 779 1387 et
799 1365 857 1398 pro
874 1354 989 1387 decore
1009 1355 1152 1388 eiusdem

357 1397 390 1440 [12¹³
408 1408 498 1440 tsi-bis
527 1419 563 1441 ac
589 1413 750 1441 structura
774 1408 896 1441 viarum
914 1408 1153 1452 principalium,

321 1458 390 1503 ,fij
407 1461 595 1505 praesertim
615 1461 701 1494 intus
728 1467 755 1494 et
787 1467 874 1494 extra
898 1462 1016 1495 Urbem
1046 1462 1077 1494 in
1107 1462 1154 1494 via

352 1516 389 1563 ‘2¹⁴⁵
407 1514 580 1555 Flaminia,
611 1515 650 1547 de
683 1515 808 1559 Populo
838 1520 1041 1559 nuncupata,
1073 1515 1154 1548 infra

336 1584 339 1595 v
359 1584 389 1596 «1¹11
408 1580 507 1601 unum
522 1569 670 1609 milliare,
685 1569 833 1602 dominos
852 1568 1017 1601 vinearum
1031 1574 1061 1602 et
1080 1569 1156 1602 alia-

409 1634 478 1655 rum
492 1623 731 1667 possessionum
749 1623 805 1656 riis
826 1622 902 1666 ipsis
918 1623 1155 1666 contiguarum,

407 1677 444 1708 :td
467 1687 577 1709 muros
601 1682 631 1709 et
661 1677 733 1717 alia,
766 1688 824 1721 pro
848 1677 1006 1710 dictarum
1032 1677 1155 1710 viarum

409 1730 635 1775 principalium
664 1737 825 1764 structura
852 1738 881 1764 et
908 1731 1042 1773 decore,
1071 1730 1156 1764 arbi-

409 1784 468 1816 trio
489 1784 656 1816 camerarii
670 1790 697 1817 et
711 1784 936 1825 magistrorum
954 1785 1154 1824 eorumdem,

407 1837 587 1871 necessaria
608 1837 859 1877 conficiendum,
883 1838 1104 1871 lubricandum
1128 1842 1159 1870 et

409 1891 722 1931 resarcfflnduxn,vel
739 1897 839 1924 ratam
861 1902 1086 1935 expensarum,
1110 1891 1157 1934 ip-

409 1956 460 1977 sos
493 1945 640 1978 dominos
665 1951 692 1977 et
714 1945 891 1988 quemlibet
920 1945 1064 1988 ipsorum
1099 1955 1158 1989 pro

412 1999 581 2043 praedietis
611 2005 641 2032 et
671 2010 783 2032 eorum
818 1999 952 2042 singulis
984 2000 1158 2043 respective

409 2053 652 2096 quomodolibet.
677 2058 880 2097 tangentem,
911 2054 1098 2086 solvendum
1130 2058 1160 2086 et

410 2118 465 2138 seu
491 2107 756 2150 depositandum‚
780 2112 873 2150 prout
899 2106 974 2150 ipsis
1000 2106 1160 2150 magistris

412 2160 580 2193 ridebitur.
604 2160 637 2193 Et
659 2161 683 2193 si
706 2160 821 2203 aliquis
831 2160 1158 2203 velaliquidictorum

412 2213 619 2246 dominorum
640 2225 751 2247 muros
771 2219 974 2254 construere,
999 2220 1055 2247 aut
1085 2214 1157 2255 alia,

414 2273 447 2299 ut
467 2268 665 2310 piaet'ertur,
698 2269 814 2308 facere,
842 2268 890 2300 vel
915 2267 1032 2301 dictam
1058 2273 1159 2301 ratam

413 2323 532 2355 solvere
549 2321 777 2362 recusaverint,
799 2321 932 2366 praefati
951 2321 1074 2355 viarum
1096 2333 1161 2354 ma-

413 2375 514 2415 gistri,
536 2386 595 2419 pro
616 2374 990 2418 celerioriexpeditione,
1012 2374 1161 2418 ipsosdo-

415 2429 518 2461 utinos
539 2429 582 2462 sic
602 2430 775 2462 renitentes
796 2434 826 2462 et
840 2439 1003 2469 morosos,
1030 2429 1068 2460 ad
1089 2440 1162 2462 suas

415 2478 521 2510 vineas
538 2478 599 2510 sive
617 2478 845 2522 possessiones,
868 2478 900 2509 in
917 2482 981 2510 toto
998 2478 1045 2509 vel
1058 2484 1158 2521 parte,

416 2527 504 2558 alteri
526 2538 581 2559 seu
609 2527 691 2567 aliis,
719 2538 778 2571 pro
807 2527 890 2559 iusto
919 2532 949 2559 et
980 2526 1160 2559 rationabili

417 2576 534 2618 pretio,
564 2581 595 2607 ut
622 2576 841 2619 supradictum
876 2580 921 2608 est
946 2575 1160 2616 aestimando,

415 2625 627 2661 vemtendunt,
644 2625 738 2658 etiam
761 2635 857 2657 manu
878 2624 976 2667 regia,
999 2635 1113 2667 cogere
1133 2630 1163 2658 ct

417 2675 620 2717 compellere.

998 280 1176 308 BULLARIUM
1199 279 1349 305 ROMANUM

1234 334 1249 376 ξ
1281 333 1335 367 33.
1361 334 1417 373 Ac,
1448 333 1487 366 ad
1516 332 1672 366 tollendas
1695 332 1937 377 disputationes,

1190 386 1286 419 iidem
1307 386 1503 419 camerarius
1515 391 1544 419 et
1556 387 1697 429 magistri
1714 387 1850 428 viarum,
1873 397 1940 419 om-

1190 451 1246 473 ncs
1266 446 1297 473 et
1324 440 1466 483 singulas
1491 451 1529 473 ac
1555 450 1776 484 quascumque
1802 441 1940 474 difficul-

1189 500 1269 527 tates
1296 499 1326 527 et
1360 494 1478 535 dubia,
1518 504 1600 537 quae
1633 505 1730 538 super
1757 494 1940 538 praemissis

1190 547 1325 591 aliisque
1342 547 1492 580 omnibus
1512 553 1539 580 et
1561 547 1713 590 singulis,
1738 547 1770 581 in
1788 560 1940 592 praesen-

1192 601 1275 635 tibus
1306 601 1463 634 contentis
1484 607 1515 634 et
1538 601 1722 645 descriptis,
1751 613 1788 635 ac
1809 602 1939 636 illorum

1191 665 1299 694 sensu,
1322 654 1534 698 intelligentia
1548 655 1595 688 vel
1611 654 1846 697 significatione
1862 657 1941 690 oriri

1191 708 1466 752 quandocumque
1477 708 1664 752 contigerit,
1686 709 1891 754 interpretari
1911 715 1942 744 et

1191 762 1362 796 dissolvere
1382 762 1515 795 arbitrio
1536 773 1593 795 suo
1609 762 1709 796 libere
1725 768 1756 796 et
1769 764 1855 797 licite
1870 775 1942 808 pos-

1192 816 1254 849 sint
1274 822 1305 849 et
1323 817 1457 857 valeant„
1477 815 1651 858 licentiam,
1673 817 1868 859 facultatem,
1885 829 1942 862 po-

1192 875 1335 903 testatem
1353 876 1383 904 et
1402 870 1625 904 auctoritatem
1642 871 1860 905 omnimodam
1879 872 1941 905 im-

1192 923 1362 967 partimur.

1237 977 1251 1020 g
1270 977 1324 1010 34.
1347 978 1515 1012 Praeterea
1534 977 1716 1019 statuimus,
1747 983 1778 1011 et
1801 978 1840 1012 de
1859 989 1942 1012 novo

1193 1030 1288 1063 etiam
1310 1031 1497 1064 ordinamus
1516 1031 1602 1075 quod
1623 1031 1655 1064 in
1678 1042 1774 1065 causa
1797 1037 1942 1067 sternen-

1194 1084 1306 1117 darum
1328 1085 1451 1118 viarum
1470 1085 1670 1126 huiusmodi,
1692 1086 1825 1129 praefati
1845 1087 1944 1130 magi—

1194 1137 1249 1170 stri
1275 1137 1337 1170 sint
1365 1139 1445 1172 meri
1475 1139 1597 1172 iudices
1621 1144 1652 1172 ct
1677 1144 1877 1180 executores,
1907 1151 1944 1174 ac

1195 1191 1234 1223 ab
1263 1202 1376 1225 corum
1411 1193 1548 1226 decretis
1579 1198 1609 1226 et
1638 1192 1806 1234 mandatis,
1827 1192 1860 1226 in
1884 1193 1944 1228 hae

1195 1250 1297 1289 parte,
1320 1246 1411 1279 sicuti
1434 1247 1465 1279 in
1486 1257 1582 1279 causa
1600 1247 1768 1287 mercedis,
1791 1257 1856 1280 non
1874 1258 1946 1291 pos-

1195 1298 1254 1331 sint
1285 1310 1416 1343 quoquo
1446 1301 1554 1341 modo,
1586 1300 1646 1334 nisi
1677 1300 1760 1333 facto
1778 1301 1946 1335 actualiter

1195 1352 1340 1396 deposito
1365 1365 1464 1397 penes
1492 1353 1654 1387 notarium
1678 1354 1822 1398 ipsorum
1844 1355 1945 1399 magi-

1196 1410 1336 1439 strorum
1353 1407 1385 1439 in
1398 1408 1536 1451 pecunia
1552 1412 1733 1448 numerata,
1756 1408 1947 1451 consignan-

1196 1460 1236 1492 do
1253 1466 1362 1503 postea
1374 1461 1487 1503 actori,
1500 1462 1549 1494 vel
1561 1461 1835 1502 restituendoreo,
1851 1469 1948 1506 prout

1196 1513 1311 1546 deinde
1336 1525 1394 1558 per
1413 1515 1629 1548 camerarium
1646 1526 1703 1548 seu
1718 1515 1842 1549 viarum
1858 1526 1948 1560 prae-

1197 1566 1317 1608 sidem,
1345 1569 1384 1601 ad
1415 1580 1511 1612 quen]
1538 1580 1707 1603 recursum
1727 1569 1840 1610 suerit,
1867 1575 1949 1604 esset

1196 1620 1243 1653 vel
1264 1621 1324 1654 erit
1341 1621 1531 1663 iudicatum,
1561 1623 1731 1667 appellari,
1760 1623 1809 1656 vel
1835 1633 1948 1656 recur-

1199 1686 1251 1708 sus
1287 1675 1324 1708 ad
1356 1677 1561 1721 quempiam,
1595 1677 1690 1710 etiam
1714 1687 1775 1720 pro
1802 1681 1948 1721 tempore

1199 1728 1367 1763 existentes
1387 1730 1614 1771 camerarium,
1634 1730 1771 1763 clericos
1788 1730 1837 1763 vel
1854 1741 1948 1774 prae-

1200 1782 1337 1815 sidentes
1357 1783 1508 1817 Gamerae
1528 1784 1750 1827 Apostolicae,
1777 1789 1832 1817 aut
1851 1794 1948 1827 quos-

1200 1835 1273 1868 lihet
1296 1836 1376 1869 alios
1405 1837 1528 1870 iudices
1557 1837 1689 1877 haberi3
1719 1837 1774 1871 sed
1799 1838 1950 1870 mandata

1200 1889 1341 1933 praefata
1366 1891 1546 1924 executioni
1576 1890 1763 1924 demandari
1792 1891 1947 1932 debeant,

1200 1953 1264 1975 non
1285 1942 1484 1977 obstantibus
1504 1944 1763 1988 quibuscumque
1788 1943 1949 1988 significa-

1201 1997 1341 2030 tionibus
1365 2008 1423 2041 per
1446 1998 1628 2042 praedictos
1654 1999 1702 2032 vel
1727 2008 1950 2042 quoscumque

1201 2051 1280 2085 alios
1300 2052 1407 2084 forsan
1430 2051 1594 2085 faciendis.

1246 2105 1337 2147 335.
1370 2105 1407 2138 Et
1434 2110 1469 2137 ut
1502 2106 1690 2139 eorumdem
1722 2106 1950 2150 magistrorum

1201 2159 1324 2191 viarum
1346 2159 1487 2192 officium
1506 2159 1537 2191 in
1558 2170 1615 2193 sua
1640 2160 1828 2193 auctoritate
1848 2165 1879 2193 et
1902 2159 1950 2193 di-

1202 2213 1333 2256 gnitate,
1355 2218 1452 2256 prout
1472 2213 1573 2254 decet,
1603 2213 1772 2254 habeatur,
1802 2213 1951 2247 illorum-

1203 2278 1265 2310 quc
1290 2267 1439 2299 mandata
1465 2266 1650 2310 diligentius
1682 2266 1863 2300 executioni
1895 2266 1952 2300 de-

1203 2320 1407 2360 mandentur,
1432 2325 1462 2353 et
1482 2331 1597 2353 causae
1623 2331 1720 2363 super
1747 2325 1815 2353 arte
1842 2331 1952 2353 mura-

1204 2374 1285 2407 toria
1310 2385 1368 2417 pro
1397 2379 1543 2418 tempore
1571 2379 1740 2407 nascentes
1758 2373 1903 2416 sagacius
1921 2378 1953 2406 et

1204 2428 1373 2468 maturius,
1400 2427 1496 2461 veluti
1516 2438 1575 2471 per
1594 2432 1751 2470 expertOS,
1771 2432 1802 2460 et
1813 2437 1871 2470 pro
1891 2427 1952 2460 mi-

1205 2479 1276 2510 nori
1292 2477 1434 2520 partium
1454 2476 1633 2520 dispendio,
1661 2476 1860 2516 decidantur,
1882 2486 1953 2509 om-

1206 2536 1262 2559 nes
1282 2532 1312 2559 et
1341 2536 1563 2569 quascumque
1588 2536 1711 2565 causas,
1743 2525 1826 2563 lites,
1853 2536 1953 2568 quae-

1206 2576 1337 2615 stiones,
1359 2575 1591 2608 controversias
1611 2581 1641 2608 et
1659 2574 1867 2615 differentias,
1888 2579 1953 2607 tam

1207 2625 1289 2658 inter
1308 2635 1530 2668 quoscumque
1550 2629 1731 2657 muratores
1746 2629 1776 2656 ct
1794 2623 1953 2657 fornaciu-

1210 2674 1285 2715 rios,
1312 2685 1408 2718 quam
1429 2685 1484 2707 cos
1510 2679 1539 2707 et
1559 2672 1685 2717 quosvis
1711 2672 1791 2706 alios
1817 2672 1955 2707 artifices

1955 276 2006 305 An.
2024 278 2052 305 C.
2067 275 2152 308 ¹565.

1966 338 1991 359 Et
2001 338 2063 360 dubia
2072 344 2136 366 super

1953 371 2092 396 praemissos.
2106 370 2137 390 in-

1953 400 2136 426 nungentum-um

1954 431 2042 452 nrbitrio
2059 431 2138 453 dissot-

1953 463 2024 483 vendi.

1974 990 1997 1011 ln
2008 989 2082 1017 quibu·
2089 995 2141 1010 cau-

1955 1023 1985 1043 sis
2008 1021 2033 1042 ab
2050 1023 2083 1042 eis
2097 1027 2139 1042 non

1955 1052 2080 1080 appellatur.

2028 2121 2148 2149 Gaiumque

1965 2153 2017 2174 artis
2029 2154 2148 2174 muratori-v

1965 2185 2045 2206 eisdem
2063 2185 2146 2209 nia-gin.

1965 2216 2080 2236 audiendas
2087 2221 2147 2236 com-

1965 2247 2037 2272 mittit;
