2237 3100
54 300 104 329 An.
123 299 152 327 C.
171 300 235 327 1861

65 677 177 700 Nuttnates
193 683 235 699 non

53 711 195 732 attendantur.

77 949 152 972 Fertne

51 983 176 1004 servandae.

182 956 234 978 quae

82 1328 236 1349 Assettamenti

51 1367 121 1385 votum
154 1364 236 1391 quando

52 1397 95 1422 peti
111 1396 185 1422 possit.

57 2135 237 2155 Assottamenium

51 2165 155 2194 quomodo
194 2165 236 2189 fiat,

51 2196 121 2224 aliquo
136 2201 162 2217 ex
183 2197 238 2217 iudi—

52 2228 110 2250 cibus
139 2228 237 2252 absente,

51 2260 132 2280 infirmo
147 2259 181 2281 vol
206 2265 238 2281 re-

52 2294 133 2312 cusato-

893 301 960 325 PIUS
986 302 1015 324 IV
1040 300 1086 323 ΡΡ.

252 352 397 385 notitiam
419 351 584 391 hahentes,
603 354 656 386 illa
668 354 704 386 ad
717 353 846 386 Curiam
858 353 1003 397 Capitolii

252 405 450 443 huiusmodi,
473 405 559 439 iuxta
581 407 681 450 ipsius
701 407 856 440 senatoris
867 407 1006 450 desuper

252 459 461 503 proponenda
490 459 611 497 edicta,
649 467 677 493 et
704 461 761 492 sub
791 460 902 504 poenis
927 459 1003 492 inibi

251 511 462 556 apponendis,
490 517 545 545 aut
561 514 599 546 ad
621 514 743 546 curiam
765 513 1001 556 gubernatoris,

251 565 336 598 iuxta
363 565 505 606 solitum,
529 567 653 599 deferre
674 573 855 600 teneantur.

294 619 308 663 ἓ
329 618 359 652 3.
383 619 552 662 Quodque,
580 632 638 664 pro
656 621 801 654 celeriori
834 630 1003 653 causarum

250 672 470 717 expeditione,
505 673 535 705 in
567 674 676 707 cadem
706 674 801 708 Curia
826 674 1004 717 Capitolina

250 727 435 759 nullitatum
448 728 536 760 nulla
546 728 626 760 ratio
638 728 805 767 habeatur,
814 728 873 760 nisi
883 738 1004 767 carum,

249 791 332 823 quae
357 791 394 813 ex
410 780 652 819 iurisdictionis,
672 781 831 815 citationis
850 782 897 813 vel
920 792 1006 813 man-

249 834 312 867 dati
334 834 459 867 defectu
477 835 676 878 provenient.

293 888 307 931 ἓ
327 888 357 920 4.
387 888 423 920 Et
442 899 482 921 ne
509 888 662 921 seriarum
689 889 907 922 accumulatio
929 899 1005 920 cau-

249 951 356 974 sarum
376 942 611 986 expeditionem
628 943 659 975 in
676 944 808 986 longum
826 942 1003 986 protrahat,

249 995 383 1028 sublatis
400 996 438 1029 de
456 996 562 1029 medio
578 997 694 1029 ceteris
710 996 797 1029 seriis
812 995 1004 1035 voluntarie,

249 1059 307 1092 per
327 1060 422 1082 usum
444 1050 491 1083 vel
517 1049 612 1089 alias,
637 1061 701 1083 11011
724 1056 827 1082 tamen
850 1050 881 1082 in
904 1050 1006 1082 hono-

250 1112 319 1135 rem
339 1103 406 1143 Dei,
439 1103 643 1143 introductis,
667 1103 846 1136 observatio
882 1108 1005 1135 tantum

251 1161 440 1189 coerceatur
468 1157 506 1189 ad
536 1156 630 1189 serias
664 1156 695 1189 iu
721 1156 862 1199 antiquis
883 1157 1008 1189 statutis

251 1219 399 1253 expresse
420 1209 609 1253 descriptas.

296 1262 357 1305 §5-
391 1263 434 1296 Ac
459 1263 555 1296 etiam
577 1268 693 1296 statuta
714 1263 752 1296 de
773 1264 1008 1296 assettamentis

251 1315 416 1359 loquentia
444 1317 655 1358 declarantes,
685 1317 771 1359 quod
798 1321 1006 1350 assettamen-

250 1376 320 1404 tum
341 1369 405 1413 peti
421 1380 486 1403 non
508 1369 618 1414 possit,
641 1370 701 1403 nisi
722 1371 753 1403 in
771 1370 898 1403 casibus
913 1376 941 1403 et
959 1382 1009 1403 ar-

251 1423 369 1462 ticulis,
397 1434 538 1467 quorum
574 1434 745 1467 gravamen
780 1435 839 1468 per
872 1424 1009 1457 defiuiti-

251 1487 321 1509 vam
342 1477 486 1520 reparari
506 1488 569 1510 non
592 1478 704 1517 valeat,
732 1478 799 1522 qui,
819 1489 854 1511 ex
877 1483 1006 1518 statuto,

254 1526 314 1558 sub
339 1526 469 1559 rubrica
485 1527 530 1560 De
554 1528 826 1570 appellationibus
846 1538 911 1560 non
931 1530 1009 1561 reci-

248 1575 396 1617 piendis,
420 1575 474 1609 lib.
507 1586 554 1615 vi,
578 1576 672 1619 positi
702 1576 912 1619 colliguntur,
950 1590 1008 1612 nec

255 1624 287 1657 in
308 1625 413 1657 causis
428 1637 588 1658 summam
605 1626 716 1659 decem
733 1626 926 1660 ducatorum
944 1639 1008 1662 nou

253 1673 498 1714 excedentibus;
521 1674 635 1707 inaliis
654 1686 729 1708 vero
742 1676 846 1709 causis
867 1688 882 1709 a
897 1677 1007 1711 decem

253 1733 350 1766 supra
371 1722 402 1756 in
424 1724 487 1756 litis
507 1724 740 1757 contestatione
760 1725 923 1758 dumtaxat
945 1727 1008 1770 peti

253 1771 362 1815 possit,
385 1778 416 1805 et
440 1773 502 1806 1100
523 1773 655 1806 arbitrio
680 1773 812 1814 iudicis,
840 1774 871 1807 111
892 1776 1008 1809 delini-

253 1820 322 1854 tivis
342 1827 450 1854 autem
471 1822 519 1855 vel
541 1822 795 1856 interlocutoriis
813 1824 874 1856 vim
897 1824 1008 1858 defini—

252 1869 333 1903 tivae
353 1871 547 1904 habentibus
568 1872 746 1911 sententiis,
781 1872 875 1905 iudex
896 1884 1009 1908 causas

252 1919 438 1954 huiusmodi
478 1921 509 1953 in
543 1921 776 1954 assettamentis
813 1933 1006 1966 proponere,

252 1969 322 2002 aliis
352 1970 383 2003 in
418 1971 617 2004 contrarium
645 1972 852 2014 loquentibus
883 1975 1008 2008 statutis

253 2030 317 2053 non
338 2021 477 2062 attentis,
496 2022 630 2055 omnino
651 2027 811 2055 teneatur.

298 2070 312 2112 ἓ
340 2069 370 2103 6.
404 2071 441 2103 Et
466 2076 632 2115 praeterea
667 2072 755 2114 quod
789 2072 813 2103 si
851 2083 950 2105 unum
973 2085 1009 2106 ex

253 2118 415 2153 iudicibus
448 2120 563 2154 Curiae
596 2121 782 2154 huiusmodi
818 2122 928 2155 abesse
962 2125 1009 2156 vel

253 2175 419 2212 aegrotare
436 2176 491 2203 aut
506 2176 691 2215 suspectum
709 2171 806 2203 iurari
827 2172 1007 2215 contigerit,

253 2224 516 2252 assettamentum
528 2220 538 2248 1
551 2226 680 2264 perti-es
701 2221 840 2264 reliquos
865 2233 1010 2264 praesen-

252 2273 299 2301 tes
321 2268 444 2301 iudices
471 2268 541 2301 fieri
562 2270 673 2313 possit,
697 2281 836 2313 quorum
858 2282 954 2309 unus,
978 2272 1008 2305 in

255 2318 325 2351 loco
356 2318 549 2361 aegrotantis
583 2320 630 2352 vel
661 2320 800 2352 absentis
821 2320 947 2361 iudicis,
971 2322 1008 2354 ad

255 2367 394 2401 tribunal
426 2378 484 2412 pro
512 2367 764 2401 interlocutoriis
787 2369 938 2402 faciendis
959 2382 1008 2404 se-

255 2417 327 2450 deat
347 2422 378 2450 et
397 2428 496 2461 super
517 2417 700 2449 incidentiis
721 2418 959 2460 emergentiluis
979 2424 1009 2452 et,

255 2467 522 2511 dependentibus,
547 2478 647 2510 usque
663 2467 701 2499 ad
719 2468 908 2500 sententiam
929 2469 1008 2501 desi-

255 2517 398 2557 nitivam,
428 2515 587 2549 exclusive
608 2515 790 2559 provideat,
819 2516 913 2550 etiam
935 2529 1008 2562 per-

257 2571 353 2609 petuo
373 2566 544 2598 statuimus
565 2570 595 2597 et
615 2565 813 2598 ordinamus.

298 2616 313 2658 ἓ
334 2616 364 2648 7.
387 2615 519 2648 Necnon
541 2620 735 2656 senatorem,
754 2620 1006 2657 conservatores,

291 2672 301 2696 1
324 2668 501 2701 Cherubinus‚
522 2668 594 2704 quod
615 2667 656 2695 bic
673 2676 780 2695 romana
797 2668 878 2696 editio
898 2674 1009 2696 assena-

256 2714 385 2742 menlum,
394 2709 486 2737 eadem
495 2709 611 2743 notione,
619 2712 839 2737 assertamemum
848 2709 909 2745 legit
916 2709 1006 2746 (nnn).

1689 289 1753 323 135
1814 299 1861 324 An.
1880 299 1908 325 c.
1931 298 1992 324 156¹

1046 352 1201 396 populum
1239 356 1264 382 et
1301 351 1429 383 Curiam
1466 352 1624 394 praefatos
1656 352 1693 383 ad
1714 351 1796 383 anti-
1825 360 1996 395 ctauskuiaepro-

1044 416 1141 449 quam
1162 416 1274 438 eorum
1297 404 1567 443 iurisdictionem,
1590 411 1621 436 ut
1642 404 1795 448 praemit·
1812 394 1937 412 sermome.

1045 459 1133 495 titur,
1157 458 1319 491 restitutos
1353 463 1381 491 ct
1418 458 1560 502 plenarie
1586 458 1797 500 reintegratos

1045 523 1123 545 esse.
1161 512 1204 545 Ac
1235 516 1418 555 praesentes
1452 518 1478 544 et
1515 512 1545 544 in
1575 512 1619 545 eis
1649 516 1797 545 contenta

1045 577 1272 609 quaecumque
1283 566 1385 598 valida
1398 572 1427 599 et
1448 566 1589 599 efficacia
1612 567 1692 603 fore,
1712 576 1799 598 suos-

1045 631 1108 662 que
1129 620 1292 663 plenarios
1317 625 1347 652 et
1376 620 1516 663 integros
1537 620 1670 653 effectus
1691 619 1797 651 sortiri

1046 678 1073 705 vt
1099 673 1323 706 inviolabiliter
1343 674 1503 706 observari
1529 674 1658 714 debere,
1682 684 1741 705 nec
1761 673 1799 706 de

1047 727 1264 770 subreptionis
1281 728 1327 760 vel
1349 728 1550 771 obreptionis
1569 732 1624 760 aut.
1644 726 1800 759 nullitatis

1046 780 1121 812 11110
1142 781 1188 812 vol
1210 780 1395 813 intentionis
1414 787 1539 814 nostrae
1555 781 1695 821 defectu,
1718 791 1800 824 quo-

1046 833 1091 865 vis
1111 835 1256 876 quaesito
1269 835 1390 873 colore,
1406 840 1570 878 praetextu
1592 835 1639 868 vel
1656 835 1798 877 ingenio,

1047 887 1231 920 nullatenus
1252 888 1354 920 notari
1374 889 1420 920 vel
1443 889 1644 932 impugnari,
1664 898 1724 920 nec
1744 899 1802 932 per

1047 951 1105 973 1105
1129 942 1176 974 vel
1193 941 1307 973 Sedcm
1319 942 1549 985 Apostolicam,
1562 943 1628 974 ullo
1645 952 1800 985 umquam

1048 1000 1203 1038 tempore.
1226 995 1367 1027 revocari
1390 1001 1442 1027 aut
1465 995 1542 1027 alias
1567 995 1629 1027 illis
1653 995 1799 1038 derogari

1048 1058 1151 1090 posse.
1184 1048 1217 1080 Et
1240 1050 1264 1079 si
1285 1060 1322 1080 ac
1343 1048 1469 1091 quoties
1504 1049 1554 1081 illa
1586 1048 1727 1081 revocari
1748 1055 1803 1082 aut

1047 1100 1124 1133 alias
1154 1101 1217 1133 illis
1250 1102 1398 1144 derogari
1434 1101 1620 1145 contigerit,
1644 1100 1736 1134 toties
1770 1103 1801 1135 in

1048 1154 1219 1197 pristinum
1246 1160 1362 1188 statum
1384 1155 1521 1195 restitui,
1544 1160 1574 1187 et.
1594 1155 1632 1187 de
1654 1165 1746 1195 novo,
1769 1167 1801 1188 e-

1048 1207 1123 1239 tiam
1145 1209 1204 1241 sub
1225 1208 1397 1252 posteriori
1418 1209 1502 1249 data,
1525 1219 1583 1252 per
1602 1208 1689 1251 ipsos
1709 1219 1801 1242 sena-

1047 1266 1134 1294 tores
1154 1267 1184 1294 01.
1205 1269 1445 1295 conservatores
1469 1262 1627 1305 eligenda,
1651 1272 1802 1296 concessa

1048 1320 1079 1347 et
1096 1315 1234 1348 stabilita
1255 1326 1334 1349 esse.

1093 1368 1158 1412 {8-
1196 1369 1228 1401 Et
1265 1369 1309 1402 510
1340 1381 1396 1412 per
1425 1379 1650 1413 quoscumque
1680 1369 1803 1403 iudices

1049 1427 1077 1455 et
1100 1422 1356 1462 connnissarios,
1379 1422 1473 1455 etiam
1493 1428 1620 1455 sanctae
1640 1423 1803 1456 Romanae

1049 1476 1208 1509 Ecclesiae.
1230 1476 1407 1509 cardinales
1428 1481 1500 1513 etc„
1518 1477 1643 1509 sublata
1663 1477 1707 1509 eis
1723 1488 1803 1521 qua-

1049 1529 1093 1561 vis
1113 1530 1205 1563 aliter
1225 1530 1457 1574 interpretandi
1485 1534 1542 1562 ecc.
1566 1530 1729 1571 facultate,
1753 1531 1803 1563 iu-

1049 1584 1147 1616 dicari
1161 1590 1187 1616 et
1202 1584 1328 1616 definiri
1341 1584 1471 1620 debere,
1491 1594 1526 1616 30
1538 1584 1696 1627 quidquid
1713 1595 1804 1618 secus

1050 1648 1147 1680 super
1167 1638 1216 1670 1115
1235 1650 1253 1670 a
1273 1648 1450 1681 quoquam,
1469 1637 1579 1680 quavis
1599 1638 1801 1677 auctoritate,

1049 1691 1187 1724 scienter
1215 1693 1261 1724 vel
1296 1692 1493 1734 ignoranter,
1520 1692 1669 1724 attentari
1705 1693 1805 1726 conti—

1049 1745 1141 1787 gerit,
1166 1746 1291 1777 irritum
1314 1752 1341 1778 et
1364 1745 1458 1777 inane
1484 1745 1701 1779 decernimus.

1093 1799 1153 1842 §ss
1178 1800 1245 1832 Non
1265 1799 1465 1832 obstantibus
1486 1799 1668 1842 praemissis
1680 1811 1715 1833 ac
1728 1811 1803 1834 con-

1049 1853 1269 1886 stitutionibus
1285 1859 1316 1886 et
1331 1852 1589 1885 ordinationibus
1604 1855 1799 1897 apostolicis,

1050 1907 1173 1940 statutis
1197 1912 1269 1947 ele,
1293 1907 1386 1940 etiam
1413 1906 1523 1939 Palatii
1539 1907 1725 1951 Apostolici,
1747 1920 1802 1941 cu-

1050 1961 1238 2004 riarumque
1270 1962 1361 1995 Urbis
1390 1961 1488 2006 stylis,
1516 1972 1641 1995 necnon
1677 1963 1803 2006 privile-

1049 2016 1119 2059 giis,
1142 2016 1274 2049 indultis
1290 2022 1320 2049 et
1340 2016 1439 2049 literis
1456 2017 1654 2060 apostolicis,
1673 2018 1805 2061 quibus-

1050 2071 1093 2104 vis
1114 2072 1275 2104 Romanae
1300 2070 1414 2103 Curiae
1440 2070 1668 2113 tribunalibus,
1691 2072 1801 2112 curiis,

1050 2126 1301 2169 magistratibus,
1322 2125 1484 2158 iudicibus
1501 2130 1528 2157 et
1550 2125 1620 2158 aliis
1644 2126 1802 2170 personis,

1051 2182 1109 2215 sub
1130 2181 1391 2224 quibuscumque
1414 2180 1579 2213 tenoribus
1595 2185 1625 2212 et
1642 2180 1752 2213 formis
1767 2192 1804 2213 ac

1051 2246 1123 2268 cum
1146 2235 1311 2279 quibusvis
1331 2234 1484 2267 clausulis
1501 2239 1527 2267 et
1542 2234 1689 2271 decretis,
1709 2234 1803 2267 etiam

1051 2297 1138 2323 motu
1171 2290 1286 2326 simili,
1310 2289 1403 2321 0113111
1427 2287 1702 2323 consistorialiter.
1726 2299 1802 2321 eon-

1051 2345 1146 2378 005515
1181 2349 1258 2380 viru,
1281 2343 1398 2387 quibus
1419 2342 1586 2381 omnibus,
1611 2342 1739 2375 illorum
1762 2349 1805 2375 tc-

1050 2410 1145 2432 nores
1180 2397 1402 2444 praescntiluis
1436 2408 1494 2440 pro
1529 2396 1725 2429 sufficienter
1751 2408 1803 2429 ex-

1051 2454 1168 2497 pressis
1196 2454 1373 2488 babcntes,
1396 2452 1455 2483 bac
1489 2451 1642 2483 latissime
1668 2451 1802 2493 deroga—

1051 2515 1133 2540 mus,
1153 2503 1332 2545 ceterisque
1350 2500 1519 2534 contrariis
1544 2500 1804 2544 quilssuiscumque

1050 2564 1122 2585 cum
1145 2551 1298 2585 clausulis
1315 2549 1517 2595 opportunis

1200 2602 1325 2639 Placet,
1350 2605 1436 2633 motu
1458 2599 1602 2643 proprio.
1627 2600 1649 2632 l.

1094 2654 1108 2693 ς’
1133 2651 1179 2684 10.
1203 2651 1235 2683 ΕΙ
1261 2661 1334 2683 cum
1351 2649 1552 2682 absolutione
1569 2660 1583 2681 a
1602 2649 1748 2681 censuris
1763 2648 1802 2681 ad
1817 2663 1959 2687 causaturum
1971 2669 2003 2686 re-

1051 2700 1202 2734 effectum
1223 2704 1279 2733 etc.
1307 2700 1341 2733 Et
1364 2710 1437 2732 cum
1460 2698 1704 2743 approbatione.
1724 2707 1801 2731 con·
1817 2697 1899 2723 ¹³⁰²ffi0·

1831 1386 1942 1408 Decretum
1959 1386 2005 1406 irri-

1819 1421 1872 1439 tans.

1830 1817 1932 1838 Clausulas
1943 1818 2003 1839 dero·

1817 1850 1918 1877 gatoriae,
