2237 3100
0 285 48 317 Aa.
63 283 91 311 C.
113 283 180 311 ¹563

28 1911 91 1932 rides
119 1911 187 1932 danda

2 1947 136 1973 transumptis
146 1946 187 1967 hu-

3 1979 36 2002 ius
55 1978 131 2000 bullae.

875 275 942 299 Plus
962 275 993 300 1v
1011 277 1059 300 PP.

195 332 300 374 cretis,
323 330 497 377 privilegiis
516 341 646 375 quoque
663 357 671 371 ,
703 329 834 363 indultis
854 334 884 362 et
908 329 947 362 li-

1275 322 1445 358 LXXXVIII
1451 349 1456 355 .

193 392 270 421 tens
294 385 499 430 aposmhffls'
531 385 681 429 praefatls
710 383 844 426 ahisque
873 393 948 416 ⁰⁰¹¹*
991 405 1157 449 Caupones
1176 407 1205 436 et
1237 402 1451 444 cilberqatores
1475 398 1567 430 Urbis
1606 406 1671 429 non
1699 400 1742 428 te-

194 438 444 485 gregationibus,
468 438 682 482 praesulibus,
700 436 880 476 abbatibus,
895 447 947 469 ec-

194 493 311 534 clesiis,
335 491 538 525 monasteriis
555 518 563 531 ,
585 490 752 536 capitulis,
785 489 947 523 conventi-

195 548 265 588 bus,
288 545 461 591 provinciis
490 556 526 578 ac
552 543 710 589 personis,
733 543 792 577 sub
813 543 947 586 quibus-

194 612 334 646 cumque
354 599 521 633 tenoribus
541 603 571 632 et
591 598 714 638 formis,
737 609 773 630 ac
794 608 867 630 cum
880 596 949 640 qui-

193 655 311 696 busvis,
330 654 426 688 etiam
442 652 721 697 derogatoriarum
738 650 950 695 derogatoriis

194 709 328 754 aliisque
348 707 584 742 efficacioribus
603 712 633 740 et
653 705 799 746 insolitis,
820 705 948 738 clausu-

194 764 244 806 lis,
266 762 533 805 irritantibusque
554 767 584 794 et
603 760 673 793 aliis
685 759 834 799 decretis,
850 759 881 791 in
898 770 950 802 ge-

194 828 271 851 nere
286 818 335 851 vel
355 817 387 850 in
408 816 526 861 specie,
549 815 644 848 etiam
661 820 749 847 motu
771 813 877 851 simili,
896 819 948 846 aut

194 872 290 905 etiam
312 869 588 909 consistorialiter,
609 879 646 901 ac
670 868 748 901 alias
768 867 950 910 quomodo-

194 926 272 959 libet
291 924 461 964 concessis,
473 929 504 957 et
514 923 608 957 etiam
625 922 744 955 iteratis
764 921 886 954 vicibus
896 933 951 966 ap-

194 979 337 1025 probatis
357 984 387 1013 et
407 978 575 1018 innovatis,
602 977 721 1021 quibus
741 976 891 1009 omnibus
921 981 948 1009 et

194 1033 340 1078 singulis,
363 1033 459 1066 etiam
489 1031 526 1070 si,
549 1042 607 1075 pro
629 1031 760 1063 illorum
781 1028 950 1063 sufficienti

193 1087 414 1131 derogatione,
437 1086 475 1119 de
492 1084 553 1118 illis
569 1094 749 1127 eorumque
769 1083 843 1117 totis
862 1088 952 1116 teno-

195 1141 285 1174 ribus
305 1139 464 1184 specialis‚
496 1137 657 1183 specifica,
682 1147 832 1181 expressa
852 1142 883 1169 et
902 1136 950 1169 in·

194 1195 341 1235 dividua,
370 1204 436 1228 non
461 1198 569 1226 autem
590 1202 648 1234 per
669 1191 829 1225 clausulas
853 1201 951 1233 gene-

196 1249 279 1281 rales
294 1247 379 1281 idem
400 1247 623 1290 importantes,
637 1244 757 1277 mentio
779 1255 835 1277 seu
855 1254 952 1287 quae-

195 1302 240 1335 vis
258 1301 320 1335 alia
340 1300 502 1345 expressio
518 1298 679 1339 habenda,
697 1302 752 1331 aut
772 1297 880 1341 aliqua
891 1297 953 1330 alia

196 1350 351 1396 exquisita
371 1350 475 1384 forma
495 1350 535 1383 ad
554 1350 616 1383 hoc
632 1347 786 1382 servanda
805 1348 900 1389 foret,
917 1347 953 1380 il-

196 1402 303 1434 lorum
323 1400 464 1434 veriores
483 1404 611 1432 tenores
624 1425 632 1439 ,
654 1399 784 1437 formas,
815 1397 903 1430 datas
924 1402 954 1430 et

196 1450 326 1484 decreta
344 1450 377 1483 in
397 1449 443 1483 eis
458 1448 615 1494 apposita,
636 1458 673 1481 ac
693 1447 717 1480 si
738 1447 777 1480 de
801 1447 898 1480 verbo
914 1447 953 1479 ad

196 1499 328 1533 verbum
339 1499 579 1549 insererentur,
592 1497 815 1542 praesentibus
823 1507 882 1541 pro
891 1496 955 1530 suf-

196 1549 344 1584 ficienter
368 1548 524 1594 expressis
552 1554 583 1581 et
615 1546 742 1581 insertis
775 1546 952 1599 habentes,

196 1599 260 1634 illis
279 1599 358 1633 alias
374 1599 407 1632 in
428 1610 486 1632 suo
506 1598 622 1631 robore
643 1594 874 1641 permansuris,
893 1597 954 1630 hac

196 1648 264 1682 vice
282 1649 455 1689 dumtaxat,
481 1646 663 1692 specialiter
680 1651 710 1679 et
730 1657 877 1690 expresse
898 1646 953 1679 de-

197 1709 364 1742 rogamuS,
395 1704 427 1731 et
445 1697 644 1730 sufficienter
672 1696 861 1738 derogatum
888 1707 955 1729 esse

198 1748 415 1789 decernimus,
433 1747 613 1790 ceterisque
630 1746 800 1779 contrariis
820 1745 955 1790 quibus-

199 1808 353 1841 cumque.

244 1848 259 1892 ἓ
274 1847 327 1882 90.
340 1848 378 1881 Et
392 1847 467 1892 quia
483 1846 613 1880 difficile
629 1846 711 1879 soret
721 1845 849 1878 easdem
862 1856 955 1890 prae-

200 1903 306 1932 sentes
324 1898 363 1931 ad
384 1897 507 1930 diversa
526 1897 598 1930 loca
621 1895 866 1939 provinciasque
894 1895 956 1928 cir·

201 1948 363 1981 cumferre
380 1974 388 1989 ,
417 1948 582 1987 volumus,
606 1951 636 1979 et
655 1945 739 1979 dicta
767 1944 956 1979 auctoritate

201 1996 407 2031 decernimus
420 2023 427 2037 ,
463 1996 550 2040 quod
580 1995 709 2028 illarum
747 1995 958 2038 transumptis

202 2058 259 2081 seu
270 2046 435 2090 exemplis,
444 2046 538 2079 etiam
548 2045 658 2078 formis
669 2044 845 2089 impressis,
860 2055 956 2077 manu

202 2096 341 2130 alicuius
360 2095 483 2140 publici
504 2094 620 2128 notarii
641 2094 842 2138 subscriptis,
866 2098 896 2126 et
916 2094 957 2126 si-

203 2145 279 2189 gillo
318 2145 441 2178 abbatis
478 2144 638 2188 generalis
667 2149 722 2176 aut
755 2143 894 2176 alicuius
923 2154 959 2176 ex

204 2194 274 2228 aliis
294 2193 516 2238 superioribus
536 2192 663 2226 Ordinis
683 2191 871 2225 huiusmodi
886 2202 957 2224 mu-

202 2244 290 2284 nitis,
328 2243 423 2287 plena
444 2248 474 2276 et
501 2242 635 2275 indubia
654 2252 690 2274 ac
711 2252 748 2274 ea
768 2252 901 2285 prorsus
921 2241 958 2274 fi-

203 2294 259 2327 des
278 2293 411 2337 ubique‚
433 2292 528 2325 etiam
550 2291 582 2324 in
603 2290 734 2331 iudicio,
754 2290 957 2331 adhibeatur,

203 2354 286 2387 quae
307 2342 383 2387 ipsis
399 2340 611 2384 originalibus
626 2339 726 2373 literis
741 2339 958 2379 adhiberetur,

204 2393 228 2426 si
249 2393 354 2426 forent
374 2391 534 2425 exhibitae
554 2390 602 2422 vel
623 2394 779 2423 ostensae.

248 2441 334 2476 Nulli
355 2452 432 2484 ergo
453 2445 509 2474 etc.

246 2492 361 2525 Datum
381 2491 502 2524 Romae
522 2482 607 2533 apud
628 2488 660 2522 S.
683 2488 812 2521 Petrum
831 2514 838 2528 ‚
874 2498 959 2522 anno

203 2539 437 2574 lncarnationis
457 2538 637 2572 dominicae
648 2547 782 2577 numu,
805 2542 891 2570 sexto
903 2537 958 2570 ka-

204 2590 315 2623 lendas
334 2588 475 2623 octobris
491 2614 498 2628 ,
527 2587 734 2632 pontificatus
754 2585 854 2619 nostri
875 2597 958 2619 anno

205 2644 382 2719 quzffip-die
400 2687 438 2718 26
457 2692 532 2726 sept.
551 2686 638 2725 1563,
654 2684 758 2726 pontis.
775 2694 851 2718 anno
868 2693 906 2715 iv.

284 2737 359 2769 Bull.
375 2736 453 2768 Rom.
473 2736 527 2768 Vol.
550 2735 606 2767 VII.
803 2733 841 2764 34

1034 462 1153 491 nentur
1185 457 1221 489 de
1249 455 1348 498 furtis
1367 463 1475 486 rerum
1493 452 1537 484 eis
1557 462 1623 483 uon
1643 449 1745 482 const-

1032 516 1222 556 ffltatarum,
1231 508 1408 543 commissis
1419 508 1455 539 in
1466 516 1575 539 eor-um
1585 504 1744 547 hospitiis,

1033 567 1062 599 si
1083 566 1140 598 hoc
1161 565 1223 607 ipsi
1249 563 1426 606 hospitibus
1451 560 1617 603 notificent
1639 559 1674 591 in
1694 568 1743 590 eo-

1035 630 1108 652 rum
1125 620 1280 661 inqressu.

1109 699 1171 728 Pius
1190 699 1259 733 rapa
1284 698 1327 730 tv.
1348 698 1426 725 motu
1441 694 1562 732 proprio.
1583 695 1637 722 etc.

1035 767 1126 806 Cum,
1139 766 1222 798 sicut
1234 775 1298 797 non
1314 764 1381 797 sine
1403 762 1499 795 animi
1517 760 1617 794 nostri
1638 760 1748 804 displi-
1763 763 1943 817 cofifflfflfmfflulhss

993 820 1097 854 centia
1113 819 1205 852 nobis
1223 818 1375 857 innotuit,
1395 828 1412 849 a
1423 814 1674 860 quampluribus
1690 825 1747 847 an-

992 875 1041 908 nis
1061 875 1153 912 citra,
1172 873 1204 906 in
1221 873 1304 905 alma
1334 872 1417 904 Urbe
1447 874 1555 902 nostra
1578 868 1749 911 contigerit

993 934 1023 962 et
1043 928 1074 960 in
1090 926 1347 971 praesentiarum
1374 935 1468 968 saepe
1486 924 1749 966 contingatquod

993 981 1099 1016 dilecti
1120 981 1177 1014 filii
1199 981 1334 1014 societas
1368 978 1544 1022 hospitum,
1567 978 1749 1019 albergam-

993 1047 1065 1069 rum
1100 1041 1130 1068 et
1164 1043 1351 1078 cauponum
1378 1032 1481 1065 dictae
1502 1030 1608 1069 Urbis,
1631 1030 1670 1062 ab
1690 1030 1749 1063 ho-

994 1090 1130 1134 spitibus
1160 1094 1191 1121 et
1224 1086 1353 1121 advenis
1381 1086 1419 1118 ad
1446 1085 1563 1118 dictam
1593 1084 1749 1117 acceden-

994 1145 1090 1185 tibus,
1123 1154 1159 1176 ac
1193 1142 1263 1175 aliis
1282 1141 1315 1174 in
1349 1151 1386 1174 ea
1406 1150 1530 1173 moram
1550 1138 1751 1171 trahentibus

994 1197 1180 1244 hospitariis
1199 1202 1230 1230 et
1245 1193 1479 1239 albergatoriis‚
1502 1203 1600 1236 super
1615 1202 1653 1225 eo
1665 1192 1756 1244 quod

994 1253 1136 1297 hospites
1156 1257 1186 1285 et
1215 1250 1354 1283 advenae
1384 1254 1415 1281 et
1440 1246 1645 1290 albergatorii
1665 1256 1750 1279 asse-

994 1306 1119 1341 ruerint
1148 1311 1180 1339 et
1208 1307 1373 1342 asserant,
1404 1312 1460 1334 seu
1493 1299 1599 1333 verius
1637 1309 1751 1332 eorum

994 1360 1132 1394 versutia
1155 1364 1186 1392 et
1205 1356 1377 1391 calliditate
1407 1354 1558 1389 finxerint
1581 1358 1612 1386 et
1631 1352 1753 1395 fingant

996 1425 1028 1448 se
1050 1413 1167 1447 multas
1187 1418 1218 1446 et
1233 1411 1372 1444 diversas
1387 1408 1601 1454 pecuniarum
1623 1412 1654 1440 et
1673 1406 1752 1440 alio-

996 1479 1068 1502 rum
1089 1467 1270 1505 bonorum,
1300 1474 1383 1508 quae
1417 1472 1595 1506 numquam
1617 1460 1752 1505 hospiti-

996 1522 1055 1555 bus
1085 1526 1116 1555 et
1143 1518 1400 1563 albergatoribus
1432 1515 1619 1550 huiusmodi
1648 1514 1752 1549 consi-

996 1581 1169 1619 gnaverant
1196 1584 1302 1618 neque
1327 1571 1567 1615 consignarunt,
1589 1576 1644 1603 aut
1660 1569 1692 1602 in
1708 1568 1754 1602 rei

996 1630 1126 1663 veritate
1138 1630 1242 1662 forsan
1251 1639 1316 1661 non
1323 1627 1504 1660 habuerant
1518 1636 1623 1669 neque
1634 1624 1755 1657 habue-

997 1690 1084 1724 runt,
1108 1683 1300 1728 quantitates
1321 1691 1429 1714 secum
1456 1680 1494 1713 ad
1516 1678 1654 1723 hospitia
1674 1683 1755 1711 attu-

999 1739 1084 1778 lisse,
1106 1744 1136 1770 et
1156 1737 1283 1777 deinde,
1302 1742 1336 1769 ut
1352 1747 1369 1768 a
1385 1734 1566 1778 sumptibus
1587 1738 1616 1766 et
1637 1743 1755 1776 expen-

999 1793 1040 1825 sis
1060 1803 1117 1837 per
1138 1803 1192 1825 eos
1208 1792 1298 1825 factis
1318 1789 1436 1824 exoluti
1458 1795 1488 1821 et
1508 1788 1601 1821 liberi
1622 1787 1755 1820 eradere

999 1853 1129 1893 possent
1153 1853 1248 1891 atque
1277 1845 1409 1890 possint,
1431 1844 1502 1876 illas
1522 1848 1549 1875 et
1573 1842 1625 1874 illa
1647 1841 1754 1885 perdi-

999 1902 1093 1943 disse,
1117 1913 1153 1934 ac
1173 1902 1211 1933 ab
1238 1899 1430 1944 hospitibus,
1449 1897 1705 1938 albot-gatoribus
1727 1902 1756 1930 et

1000 1956 1202 2001 cauponibus
1229 1955 1306 1999 ipsis
1332 1954 1379 1986 vel
1414 1952 1484 1985 aliis
1505 1951 1651 1996 personis
1673 1952 1756 1983 l'urto

1000 2010 1161 2044 subtracta
1183 2015 1213 2043 et
1247 2009 1370 2041 sublata
1392 2007 1501 2046 fuisse,
1524 2006 1595 2038 illos
1615 2005 1653 2037 de
1675 2005 1756 2037 sacto

1000 2062 1382 2097 huiusmodiaccusando
1403 2067 1430 2093 et
1453 2059 1695 2097 calumniando,
1710 2058 1756 2091 di-

1001 2117 1190 2157 versimode,
1207 2116 1303 2149 etiarn
1330 2125 1431 2158 usque.
1458 2113 1496 2146 ad
1527 2111 1756 2145 incarceratio-

1001 2181 1074 2204 nem
1110 2181 1147 2204 ac
1172 2170 1233 2203 alia
1254 2169 1333 2203 iuris
1354 2174 1385 2201 et
1405 2167 1477 2200 sacti
1499 2165 1653 2205 remedia,
1672 2166 1757 2198 ultra

1001 2224 1208 2259 resectionem
1220 2224 1314 2257 sortis
1322 2220 1509 2267 principalis
1522 2219 1678 2254 molestati
1691 2219 1759 2252 fue-

1001 2280 1074 2318 rint,
1100 2290 1136 2312 ac
1152 2278 1296 2322 quotidie
1316 2278 1528 2311 molestentur
1543 2280 1573 2308 et
1591 2278 1754 2313 vexentur,

1001 2335 1032 2368 in
1054 2334 1241 2368 scandalum
1264 2331 1494 2377 plurimorum,
1517 2329 1685 2372 dictaeque
1706 2338 1756 2360 so-

1001 2388 1123 2422 cietatis
1143 2387 1283 2421 dedecus
1299 2391 1329 2420 et
1343 2383 1566 2429 vilipendium,
1590 2393 1626 2415 ac
1647 2391 1757 2415 rerum

1001 2448 1031 2476 et
1050 2443 1212 2476 bonorum
1243 2451 1377 2474 suorum
1411 2449 1476 2472 non
1498 2436 1663 2471 modicum
1692 2435 1756 2468 dis-

1001 2487 1156 2532 pendium
1178 2491 1209 2519 et
1228 2495 1412 2529 gravamen.

1045 2536 1059 2580 §
1079 2536 1110 2569 ‘l.
1129 2535 1265 2576 Idcirco,
1287 2534 1325 2567 ad
1342 2532 1519 2572 fraudibus,
1530 2529 1688 2570 versutiis,
1703 2540 1756 2562 ca-

1001 2585 1134 2618 lumniis
1155 2596 1191 2617 ac
1211 2582 1523 2621 inconvenientibus,
1536 2590 1661 2614 necnon
1671 2578 1758 2611 coin-

1004 2682 1090 2717 modi
1110 2694 1147 2717 ac
1163 2683 1232 2716 aliis
1253 2681 1437 2727 praemissis
1470 2679 1620 2714 omnibus
1640 2683 1671 2713 et
1691 2678 1755 2711 sin·

1633 257 1698 292 0265
1757 265 1808 292 An.
1826 264 1856 291 c.
1875 263 1942 290 1565

1799 2543 1897 2570 ttospitcs
1916 2541 1955 2563 Fr<

1773 2575 1803 2595 bis
1819 2581 1860 2595 nou
1872 2575 1952 2601 possint

1773 2607 1887 2629 molestat-1,
1919 2611 1954 2631 pro

1000 2634 1212 2679 quinamento
1233 2638 1264 2666 et
1289 2631 1434 2676 gliscenti
1464 2630 1613 2673 contagio
1643 2628 1756 2661 huius-
1772 2638 1869 2695 ἱῖιέιΐιῑιίἰιὲ
1882 2641 1955 2689 02:¹12
