2237 3100
244 311 295 336 An.
314 310 343 336 (ἶ.
366 310 430 336 1:362

268 1275 400 1296 Camerarius
407 1278 427 1296 et

243 1307 315 1327 clerici
353 1313 427 1327 causas

243 1338 287 1358 fi<1=t
321 1339 427 1358 iuteresse

243 1374 344 1388 ‹fou-*cin*
358 1371 375 1387 rt
387 1375 427 1388 nou

244 1399 269 1417 :tt
279 1405 294 1417 κ
306 1404 392 1423 causas,
403 1399 429 1417 ii<

243 1434 336 1449 <samum
353 1436 429 1455 cogne-

243 1464 301 1480 5<·11111
311 1476 315 1483 ,

246 2074 269 2095 Et
280 2075 400 2095 abstineant
419 2081 429 2094 a

246 2107 429 2126 ‹culmissiombus

244 2142 353 2158 tans-irunt

491 298 555 334 Qut

447 363 561 396 leudos
572 362 692 395 abusus
707 360 905 401 huiusmodi,
918 364 946 392 et
957 365 991 392 111
1003 358 1201 392 camerarius

445 428 480 449 ac
503 416 613 449 clerici
635 422 662 449 et
681 415 898 459 praesidentes
914 412 1069 458 praedicti
1086 422 1199 444 eorum

445 470 578 513 proprio
600 469 727 501 muneri
748 467 950 500 commodius
966 471 994 499 et
1015 465 1201 507 diligentius

445 521 612 554 intendere
632 522 766 557 valeant,
791 520 899 552 habita
928 529 1026 562 super
1055 518 1105 550 bis
1126 528 1199 551 cum

443 575 680 608 venerabilibus
692 574 843 607 fratribus
854 573 972 606 nostris
987 572 1017 605 S.
1032 572 1068 604 R.
1083 572 1118 605 E.
1133 582 1201 604 car-

444 628 606 661 dinalibus
629 627 860 661 deliberatione
882 632 1020 665 matura,
1035 631 1063 658 et
1084 625 1200 658 dilecto

444 681 510 713 tilio
524 688 631 714 nostro
640 681 785 714 Guidone
798 680 933 713 Ascanio
949 680 1082 713 Sanctae
1094 679 1201 712 Mariae

445 735 476 767 in
505 735 653 767 Yia-Lata
683 734 819 767 diacono
847 733 1001 767 cardinali
1026 733 1065 766 de
1085 732 1200 766 Sancta

443 788 536 820 Flora
558 793 757 831 nuncupato,
773 788 929 821 moderno
951 787 1200 820 camerariono-

443 847 519 880 stro,
535 851 571 873 ac
583 841 707 873 dilectis
717 840 790 874 filiis
802 840 1059 884 praesidentibus
1067 846 1095 873 et
1106 841 1198 873 cleri·

444 893 488 926 cis
500 893 602 927 dictae
618 894 771 927 Gamerae
782 895 917 937 eiusque
928 893 1062 927 notariis
1074 893 1200 934 auditis,

444 952 473 980 et
490 958 602 980 eorum
626 949 832 981 facultatibus
844 953 874 981 et
889 948 1017 981 iuribus
1033 948 1202 991 diligenter

444 1000 607 1044 inspectis,
619 1001 835 1046 omnibusque
844 1007 969 1034 mature
980 1001 1158 1035 considerat
1166 1001 1200 1041 is,

445 1055 482 1086 de
500 1055 690 1088 eorumdem
711 1056 847 1088 fratrum
869 1055 1201 1098 consilio‚apostolica

443 1109 647 1149 auctoritate,
659 1114 771 1142 tenore
792 1110 1022 1154 praesentium,
1033 1109 1202 1142 statuimus

446 1166 476 1194 et
496 1162 697 1195 ordinamus.

488 1214 502 1257 ξ
527 1214 558 1248 3.
587 1215 678 1254 Quod
700 1215 738 1248 de
759 1220 878 1255 cetero,
897 1215 1062 1259 perpetuis
1086 1215 1202 1247 futuris

444 1267 656 1310 temporibus,
679 1268 834 1312 praedicti
852 1268 954 1301 Guido
967 1268 1122 1301 Ascanius
1134 1279 1202 1302 car-

445 1320 559 1354 dinalis
583 1332 619 1354 ac
646 1333 704 1365 pro
732 1328 877 1366 tempore
903 1322 1073 1355 existentes
1093 1333 1200 1355 came-

445 1374 550 1407 rarius
570 1385 604 1407 ac
628 1374 846 1418 praesidentes
876 1380 904 1408 et
925 1375 1035 1407 clerici
1057 1375 1125 1408 tisci
1147 1386 1201 1408 110-

445 1427 500 1461 stri
521 1428 664 1471 negociis
685 1428 855 1472 diligenter
875 1428 1078 1467 incumbant;
1101 1434 1201 1472 utque

446 1482 526 1515 illud
548 1482 681 1515 liberius
706 1488 734 1515 et
761 1482 886 1515 facilius
912 1483 1016 1516 facere
1037 1488 1065 1515 et
1088 1482 1199 1526 exequi

445 1535 585 1579 possint,
615 1536 719 1569 causis
748 1536 831 1569 inter
855 1536 970 1569 tiscum
998 1541 1144 1569 nostrum
1172 1541 1201 1568 et

444 1588 595 1632 privatos,
610 1589 695 1621 iuxta
708 1589 874 1633 propriam
895 1599 1008 1622 eorum
1030 1589 1201 1622 tribunalis

444 1643 757 1681 naturam,contenti
778 1643 850 1679 51111,
876 1648 905 1675 01
925 1648 1124 1686 proptereaa
1146 1654 1200 1676 co-

443 1695 586 1738 gnitione
611 1706 783 1728 causarum
811 1696 894 1728 inter
920 1696 1078 1740 privatos,
1105 1696 1199 1729 etiam

443 1759 502 1791 per
529 1748 611 1781 viam
642 1749 892 1792 appellationis,
925 1748 1021 1781 etiam
1046 1749 1078 1781 in
1107 1749 1202 1782 terris

443 1801 615 1839 Ecclesiae,
633 1802 672 1835 ad
684 1803 797 1836 Sedent
820 1803 1035 1846 Apostolicam
1057 1802 1201 1848 interpo-

444 1855 522 1892 sita),
541 1856 674 1889 omnino
695 1857 885 1897 abstineant,
910 1856 969 1890 nisi
987 1868 1103 1890 causae
1115 1868 1132 1889 a
1144 1868 1200 1890 ne-

444 1909 543 1951 gociis
564 1909 725 1942 fiscalibus
751 1910 971 1953 dependeant,
995 1916 1048 1943 aut
1079 1911 1118 1943 ab
1140 1910 1202 1943 illis

445 1962 604 2005 originem
626 1963 764 1996 trabant.

489 2016 504 2059 g
521 2016 551 2048 4.
567 2016 721 2049 Similiter
732 2017 913 2050 abstineant
935 2017 1200 2050 acommissioni-

444 2068 793 2103 111150101001111011111115
803 2081 986 2111 causarum,
999 2081 1125 2104 necnon
1135 2071 1201 2104 lite-

446 2121 488 2154 ris
502 2122 761 2155 mouitorialibus
779 2128 808 2155 et
823 2123 1028 2164 inhibitoriis,
1041 2134 1077 2156 ac
1090 2134 1201 2167 seque-

445 2175 652 2208 strationibus
681 2181 711 2208 et
740 2176 810 2209 aliis
830 2176 1033 2217 huiusmodi,
1061 2177 1116 2210 11111
1136 2188 1201 2210 11011

445 2228 549 2270 agitur
574 2229 612 2261 de
638 2229 790 2263 interesse
816 2230 902 2270 11501,
934 2230 1029 2263 etiam
1056 2230 1088 2263 in
1108 2231 1201 2263 terris

444 2281 618 2321 Ecclesiae,
631 2293 704 2315 cum
716 2283 794 2316 baec
804 2283 844 2316 ad
852 2283 1050 2325 signaturam
1058 2289 1200 2316 nostram

445 2339 589 2377 spectare
609 2340 798 2374 noscantur,
817 2341 846 2368 et
863 2336 940 2369 alias
961 2337 1041 2369 ordo
1062 2336 1199 2370 iudicio-

445 2398 517 2419 rum
541 2388 762 2432 multipliciter
777 2390 1028 2423 confundantur.
1043 2390 1201 2423 Permitti-

446 2452 516 2472 mus
530 2447 634 2474 tamen
652 2442 725 2479 iltis,
740 2454 798 2486 pro
812 2443 929 2476 minori
950 2454 1131 2487 pauperum
1142 2444 1202 2476 dis-

444 2489 580 2531 pendio,
609 2496 643 2522 ut
668 2502 780 2523 causas
807 2491 1062 2535 appellationum
1090 2503 1107 2525 a
1129 2503 1200 2525 sen-

446 2537 552 2569 tentiis
563 2538 733 2571 defiuitivis
749 2541 796 2572 vei
809 2551 921 2573 earum
934 2541 994 2573 vim
1008 2541 1201 2574 habentibus

444 2586 709 2628 interlocutoriis,
724 2589 807 2622 intra
823 2590 1035 2633 quadraginta
1051 2590 1202 2623 milliaria

444 2636 483 2668 ab
496 2636 587 2676 Urbe,
600 2636 632 2669 in
644 2638 741 2669 rebus
756 2638 898 2671 minimis
907 2643 936 2671 et
946 2639 1100 2681 profanis,
1113 2649 1201 2673 sum-

445 2695 530 2718 mam
542 2685 799 2729 vigintiquinque
819 2687 1011 2721 ducatorum
1022 2699 1088 2722 non
1108 2699 1200 2722 exce—

1044 304 1224 329 EFLLARIPM
1248 304 1399 327 ROMANL'M

1242 356 1404 397 dentibus,
1427 357 1465 389 de
1479 366 1543 399 qua
1553 355 1762 400 dispositione
1774 355 1786 384 1
1798 355 1995 389 mentionem

1242 410 1347 447 >facere
1356 415 1539 450 teneantur,
1553 421 1611 454 per
1621 409 1782 453 simplices
1791 410 1909 450 literas,
1918 409 1996 442 alias

1242 463 1328 496 iuxta
1349 464 1486 495 sormam
1498 463 1589 503 iuris,
1606 463 1807 496 committere
1828 463 1962 507 possint.

1285 518 1299 559 ς’
1320 517 1351 550 5.
1374 516 1600 550 Interdicimus
1615 516 1712 549 etiam
1724 516 1787 549 illis
1797 516 1997 550 commissio-

1241 581 1297 602 nes
1317 570 1550 603 alienationum
1566 570 1604 603 de
1622 571 1717 604 bonis
1728 569 1952 604 ecclesiasticis
1963 569 1996 602 in

1242 624 1357 663 forma,
1377 635 1463 667 quae
1483 623 1601 657 dicitur
1615 623 1654 657 Si
1677 625 1714 657 in
1734 625 1923 664 evidentem,
1938 633 1997 668 pro

1242 676 1352 718 rebus,
1371 688 1511 721 quarum
1524 677 1669 711 redditus
1688 688 1818 711 annuus
1837 687 1998 711 summam

1241 731 1386 775 quinque
1398 731 1592 765 ducatorum
1613 731 1682 765 auri
1699 731 1738 765 de
1753 731 1887 765 Camera
1906 741 1998 764 exce-

1241 784 1314 825 dat,
1351 785 1389 817 de
1419 796 1483 828 quo
1518 785 1647 818 redditu
1675 785 1824 819 similiter
1851 794 1999 828 expressa

1243 837 1364 871 mentio
1382 837 1415 870 in
1436 837 1622 881 dispositiva
1641 838 1811 872 literarum
1826 838 1997 878 habeatur,

1242 896 1273 923 et
1293 891 1538 925 commissiones
1557 892 1747 925 huiusmodi
1767 903 1896 936 semper
1915 891 2000 925 ordi-

1242 945 1332 978 nario
1354 946 1416 979 loci
1437 951 1468 979 et
1487 946 1577 979 alteri
1607 957 1765 990 personae
1794 946 1826 978 in
1847 945 2001 989 dignitate

1242 998 1458 1032 ecclesiastica
1479 999 1671 1033 constitutae
1692 1000 1892 1033 coniunctim
1913 1010 2000 1033 com-

1243 1051 1423 1089 mittantur:
1434 1058 1460 1085 et
1472 1053 1495 1085 si
1509 1053 1547 1085 de
1559 1052 1660 1096 ipsius
1676 1053 1833 1086 ordinarii
1844 1053 1999 1086 interesse

1242 1106 1289 1137 vel
1298 1106 1488 1148 pra³iudicio
1500 1113 1624 1150 agatur,
1639 1112 1714 1140 tunc
1723 1106 1905 1150 locoipsius
1913 1117 2001 1140 com-

1242 1158 1412 1192 mittantur
1423 1160 1686 1204 metropolitano,
1700 1166 1730 1194 et
1744 1160 1770 1194 si
1780 1171 1831 1194 res
1841 1160 1881 1194 ad
1891 1160 1998 1204 ipsum

1242 1213 1531 1256 metropolitanum
1553 1214 1724 1257 pertineat,
1748 1213 1913 1247 ordinario
1922 1213 1999 1247 vici-

1242 1265 1339 1307 niori,
1362 1272 1390 1299 et
1420 1277 1600 1310 numquam
1617 1267 1737 1300 similes
1757 1267 2001 1301 commissiones

1242 1319 1440 1359 concedant,
1471 1320 1601 1362 quando
1630 1320 1736 1363 agitur
1750 1320 1790 1353 de
1806 1320 2000 1354 alienatione

1242 1372 1502 1407 iurisdictionum
1528 1375 1577 1407 vel
1596 1375 1807 1408 vassallorum
1833 1374 1873 1408 ad
1888 1374 1999 1408 Eccle-

1242 1425 1321 1458 siam
1337 1426 1451 1469 quovis
1472 1427 1568 1460 modo
1590 1427 1833 1470 pertinentium.

1286 1475 1300 1517 g*
1320 1476 1350 1507 6.
1365 1475 1502 1519 Insuper
1522 1486 1561 1508 ne
1581 1475 1697 1509 delicta
1717 1475 1876 1521 impunita
1893 1486 1998 1509 rema-

1242 1528 1349 1563 neant,
1372 1523 1411 1556 ab
1432 1524 1692 1558 absolutionibus
1705 1530 1735 1558 et
1754 1524 2000 1558 remissionibus

1241 1571 1434 1605 delictorum
1446 1573 1680 1616 quorumlibet,
1693 1574 1788 1608 etiarn
1799 1574 1931 1614 levium,
1944 1578 2001 1607 aut

1241 1619 1372 1653 illorum
1409 1622 1706 1663 commissionibus,
1738 1633 1867 1656 necnon
1893 1622 2000 1656 salvis-

1242 1669 1458 1702 conductibus
1478 1681 1536 1714 pro
1553 1670 1829 1714 delinquentibus,
1852 1670 1948 1705 etiam
1960 1671 1999 1705 de

1241 1717 1365 1751 delictis
1390 1724 1478 1752 extra
1498 1724 1600 1752 terras
1620 1719 1785 1753 Ecclesiae
1802 1720 1996 1762 commissis,

1241 1768 1376 1801 omnino
1402 1769 1593 1802 abstineant.

1286 1818 1300 1861 ξ,
1321 1818 1352 1851 7.
1370 1818 1407 1850 Et
1426 1818 1575 1851 similiter
1594 1830 1611 1851 a
1633 1819 1815 1852 moratoriis
1835 1819 1999 1854 dilationi-

1241 1866 1313 1906 bus,
1332 1867 1392 1900 nisi
1409 1867 1446 1899 ad
1470 1867 1633 1900 modicum
1652 1873 1781 1911 tempus
1797 1874 1903 1902 etnon
1914 1870 2001 1902 ultra

1242 1925 1398 1955 mensem,
1421 1926 1456 1948 ac
1477 1916 1550 1948 data
1570 1915 1686 1949 idonea
1701 1917 1861 1957 cautione,
1885 1922 1915 1950 et
1939 1928 2000 1962 pro

1241 1963 1290 1996 his
1311 1964 1510 1997 debitoribus
1526 1970 1664 2006 tantum,
1687 1967 1742 2009 qui
1763 1967 1859 2000 aliam
1879 1966 2001 2000 dilatio—

1242 2023 1314 2046 nem
1337 2024 1402 2046 11011
1423 2014 1634 2047 obtinuerint.

1285 2063 1300 2105 g
1320 2062 1350 2096 8.
1379 2063 1523 2096 Hebraeis
1546 2074 1621 2096 vero
1644 2064 1830 2098 tolerantias
1864 2069 1919 2098 aut
1938 2064 1999 2098 alia

1242 2111 1407 2154 privilegia
1417 2111 1645 2156 praeiudicium
1657 2113 1909 2147 christianorum
1916 2124 1998 2157 quo-

1242 2160 1420 2194 modolibet
1441 2161 1683 2194 concernentia.

1286 2209 1350 2252 ξ9.
1374 2210 1409 2242 Ε1
1435 2209 1600 2252 quibusvis
1625 2211 1789 2253 personis,
1817 2211 1997 2245 frumento-

1242 2269 1313 2291 rum
1335 2264 1391 2291 aut.
1419 2259 1558 2292 aliorum
1579 2258 1768 2293 victualium
1789 2271 1826 2293 ex
1845 2260 1930 2294 Urbe
1949 2260 1998 2293 vel

1242 2307 1312 2340 aliis
1332 2307 1427 2341 terris
1446 2308 1608 2341 Ecclesiae
1633 2307 1660 2341 2.

1286 2357 1300 2400 g
1320 2357 1374 2391 40.
1397 2357 1434 2389 Et
1454 2362 1519 2390 tam
1530 2357 1637 2390 inillis
1657 2367 1755 2401 quam
1771 2361 1858 2390 extra
1879 2367 1943 2398 eas,
1959 2357 1998 2390 ad

1243 2405 1382 2438 cuiusvis
1398 2405 1594 2447 instantiam,
1608 2406 1810 2450 represalias,
1830 2406 1925 2440 ctiam
1937 2417 1997 2451 pro

1242 2454 1358 2487 debitis
1387 2454 1567 2495 fiscalibus,
1597 2455 1659 2488 nisi
1685 2455 1724 2488 de
1753 2454 1943 2499 particulari
1968 2460 1998 2488 et

1242 2513 1391 2547 expresso
1409 2504 1560 2537 mandato
1572 2509 1682 2537 nostro
1697 2509 1751 2537 aut
1763 2504 1926 2538 pontificis
1938 2514 1997 2549 pro

1242 2557 1387 2595 tempore
1405 2553 1579 2586 existentis.

1286 2601 1301 2643 ξ
1321 2601 1375 2634 11.
1398 2602 1529 2635 Necnon
1544 2601 1653 2634 literas
1669 2602 1846 2636 eamerales
1860 2613 1920 2647 pro
1932 2603 1997 2636 adi-

1280 2660 1289 2685 t
1312 2659 1427 2690 Cherub.
1448 2660 1524 2694 legit:
1544 2669 1595 2693 quo
1611 2663 1760 2693 dispositive
1780 2663 1818 2696 (11.
1839 2661 1887 2696 1,).

1277 2699 1293 2725 2
1314 2699 1410 2727 Deesse
1430 2699 1537 2728 videtur
1553 2702 1761 2732 asper-tattonem
1781 2700 1817 2736 (n.
1840 2701 1890 2736 T.)-

2009 299 2059 326 An.
2077 300 2106 327 C.
2125 301 2195 329 {56²

2024 529 2196 552 Atiennuonum-

2012 568 2052 588 que
2095 562 2195 584 bonorum

2012 593 2090 614 eccles.
2099 609 2104 619 ,

2054 1489 2198 1510 141150111ῑίοηί-

2013 1520 2052 1541 bus
2071 1527 2084 1541 a
2100 1520 2197 1547 delicus,

2013 1555 2051 1573 etc.

2040 1834 2160 1856 Μαι-3101115
2166 1850 2172 1861 ,

2054 2073 2198 2095 Hebraeorum
2221 2093 2230 2099 ,

2014 2105 2142 2132 toleramus,

2054 2223 2199 2246 Extraetiont-
2228 2226 2230 2228 ’

2013 2253 2059 2281 hus,

2041 2369 2179 2398 Romaanus,

2213 282 2235 306 ι’,

2218 314 2234 327 r

2212 355 2228 377 Q
2232 362 2237 366 .

2216 384 2235 397 ’,1
