2237 3100
75 282 125 309 Αη.
141 283 170 310 C.
190 283 260 312 ¹567

119 986 256 1013 Det-imasque

77 1022 99 1040 et
117 1017 256 1039 contributio-

71 1055 118 1074 ηας,
140 1050 164 1069 de
182 1048 256 1076 quibus

71 1081 149 1102 ibidem
158 1079 254 1105 num.14‚

83 1908 108 1930 Et
123 1909 255 1930 aedificatio-

70 1946 118 1961 nem
146 1944 249 1961 monaste

71 1972 155 1996 riorum,
174 1973 199 1992 de
216 1979 255 2000 qua

70 2009 116 2030 sup.
133 2009 153 2024 n.
168 2003 200 2029 ⁵23,

957 284 1024 308 PIUS
1044 285 1061 307 V
1081 284 1127 307 PP.

274 342 355 378 tum,
379 336 501 370 scilicet
520 338 693 381 episcopo3
720 336 775 369 ubi
795 346 869 369 vero
890 347 1026 370 eonsue-

276 390 352 423 tudo
374 390 459 423 illam
481 391 621 423 solvendi
638 401 701 423 non
722 389 792 429 fuit,
815 389 877 422 sive
897 390 1025 429 domus,

276 450 450 478 conventus
463 450 492 477 et
506 445 700 478 monasteria
714 444 872 477 dictorum
892 445 1025 476 fratrum

276 502 306 531 et
318 498 508 531 monialium
525 504 597 542 post
615 498 828 542 quadraginta
843 507 944 529 annos
960 508 1028 530 ere-

276 555 326 583 cta
345 551 408 583 sive
433 551 563 584 fundata
584 551 720 591 fuerint,
743 561 946 594 nequaquam
969 561 1027 583 nec

275 604 342 637 ullo
374 605 469 638 modo
500 605 621 638 solvere
642 616 697 638 seu
721 604 869 645 tradere,
897 615 1025 637 omnem

275 657 370 691 aliam
391 658 574 702 praemissis
599 659 793 692 contrariam
819 658 1026 691 consuetudi-

275 722 349 744 nem
378 712 441 745 sive
463 723 586 746 morem
615 713 731 746 harum
766 713 846 745 serie
867 717 1027 745 cassantes

275 770 306 799 et
325 766 545 809 extinguentes
558 794 565 807 ‚
587 778 624 799 ac
645 767 796 800 omnibus
815 771 843 799 et
875 766 1024 809 singulis,

275 829 415 862 quorum
436 820 586 861 interest,
609 821 750 865 desuper
769 826 962 865 perpetuum
984 821 1025 853 si-

275 873 409 906 lentium
432 873 645 918 imponentes.

318 927 333 971 5
348 927 402 960 ¹11..
431 927 599 971 Minusque
616 928 728 961 fratres
742 934 772 961 et
786 928 940 961 moniales
952 928 1024 972 ipsi,

272 981 312 1014 ad
340 981 526 1025 aliquorum
547 993 684 1015 onerum
716 982 849 1015 realium
877 983 924 1014 vel
953 993 1025 1025 per-

271 1035 445 1076 sonalium,
468 1035 562 1069 etiam
594 1036 719 1069 ratione
745 1036 932 1069 eorumdem
968 1036 1025 1069 do-

271 1100 398 1123 morum
420 1097 476 1123 seu
492 1096 722 1131 conventuum,
741 1090 1023 1131 monasteriorum,

270 1143 480 1176 ecclesiarum
490 1144 685 1181 etlocorum,
696 1155 732 1177 ac
740 1155 1025 1188 quomuncumque

270 1196 503 1230 beneficiorum
527 1198 646 1230 eisdem
671 1199 838 1231 unitorum
855 1225 862 1238 ,
886 1198 1023 1237 etiamsi,

269 1255 305 1285 ut
323 1252 517 1296 praefertur,
539 1263 650 1285 curam
668 1252 851 1285 animarum
872 1252 1022 1293 habeant,

270 1305 542 1339 contributionem
581 1306 644 1339 sive
679 1307 900 1346 solutionem,
929 1306 1024 1339 etiam

269 1369 328 1403 pro
365 1359 538 1392 seminario
572 1365 603 1392 et
636 1360 835 1393 decimarum
866 1371 1024 1404 quarum-

269 1423 424 1456 cumque,
441 1418 496 1446 aut
512 1413 748 1457 cuiuscumque
764 1414 911 1454 subsidii,
929 1414 1025 1447 etiam

270 1466 423 1500 caritativi
455 1472 486 1500 et
512 1467 680 1500 triennalis
711 1468 909 1513 nuncupati,
938 1479 1024 1501 nunc

269 1526 300 1556 et
323 1531 383 1565 pro
403 1526 548 1565 tempore
578 1533 637 1566 per
655 1533 714 1555 nos
745 1528 776 1555 et
799 1533 1024 1566 quoscumque

268 1575 430 1609 Romanos
449 1576 619 1609 Pontifices
640 1581 694 1609 aut
708 1576 823 1609 Sedcm
846 1578 1023 1620 praefatam

268 1629 495 1674 impositorum
516 1636 546 1663 et
571 1630 842 1674 imponendorum
859 1642 896 1664 ex
914 1632 1025 1674 quavis

269 1694 378 1724 causa,
396 1689 699 1728 quantumcumque
714 1684 954 1727 urgentissima,
978 1691 1023 1718 te-

268 1744 417 1779 neantur,
439 1739 488 1772 vel
503 1739 644 1782 desuper
664 1741 756 1773 aliter
774 1740 936 1772 molestari
953 1751 1025 1783 pos-

268 1791 332 1824 sint
350 1803 407 1825 seu
423 1792 571 1826 debeant.

313 1845 391 1889 §422
411 1845 567 1889 Quodque
583 1847 696 1879 fratres
711 1852 739 1879 et
757 1847 914 1880 moniales
930 1859 1023 1891 prae-

269 1899 336 1940 fati,
364 1899 484 1944 ubique
512 1900 672 1941 locorum,
707 1911 803 1933 novas
823 1901 936 1933 domos
961 1902 1023 1934 sive

270 1959 446 1987 conventus
465 1960 496 1987 et
515 1954 708 1987 monasteria
728 1965 764 1987 ac
790 1955 941 1988 ecclesias
976 1956 1023 1987 di-

270 2007 312 2041 cti
332 2007 478 2048 Ordinis,
515 2019 588 2041 eum
614 2008 777 2048 claustris,
805 2009 948 2049 cellulis,
976 2020 1025 2042 re-

270 2061 433 2101 fectoriis,
479 2060 676 2094 dormitoriis
714 2062 849 2105 aliisque
888 2062 1025 2095 officinis

270 2115 471 2155 necessariis,
491 2115 644 2148 ordinarii
666 2116 728 2149 loci
746 2117 807 2149 sive
825 2116 964 2149 cuiusvis
981 2117 1025 2149 al-

269 2169 370 2203 terius
390 2169 519 2202 licentia
539 2170 678 2214 desuper
698 2170 830 2202 minime
857 2170 1022 2213 requisita,

271 2228 470 2265 construere,
488 2224 670 2265 aedificare,
695 2225 817 2266 erigere
838 2230 866 2256 et
881 2224 1025 2257 institue-

270 2289 316 2318 re,
343 2289 402 2311 nee
423 2278 544 2322 pariter
569 2289 666 2322 super
690 2277 739 2311 his
761 2279 923 2310 molestari
950 2289 1023 2322 pos-

270 2332 332 2365 sint
352 2332 414 2365 sive
444 2333 601 2371 debeant,
633 2332 751 2365 eisdem
779 2332 967 2364 auctoritate
995 2337 1025 2364 et

270 2391 400 2426 tenore,
427 2386 521 2419 etiam
548 2393 705 2430 perpetuo
726 2386 908 2425 statuimus,
937 2387 1023 2419 ordi-

270 2451 385 2473 namus
401 2447 431 2474 et.
451 2440 666 2479 declaramus,
693 2440 802 2483 eisque
825 2440 975 2473 fratribus
995 2447 1026 2474 et

271 2491 477 2531 monialibus,
501 2502 598 2534 super
619 2489 800 2534 praemissis
820 2490 970 2523 omnibus
995 2497 1026 2524 et

270 2541 416 2584 singulis,
439 2541 601 2573 licentiam
624 2545 653 2573 et.
669 2540 851 2573 facultatem
873 2541 1024 2574 concedi-

270 2601 342 2623 mus
363 2596 393 2623 et
414 2590 631 2635 impartimur.

315 2640 330 2684 ἓ
351 2640 404 2673 13.
428 2641 471 2673 Ac
491 2639 585 2672 etiam
609 2639 695 2682 ipsos
716 2641 829 2672 fratres
850 2644 880 2672 et
900 2639 1023 2672 monia·
1044 2658 1046 2678 2

269 2689 327 2730 les,
350 2700 529 2733 eorumque
549 2689 673 2729 domos,
701 2689 905 2729 monasteria,
929 2689 1024 2722 bene-

1712 278 1769 312 591
1835 289 1885 314 An.
1903 288 1931 314 c.
1952 289 2018 316 ¹567

1070 337 1197 377 ficia,et
1211 338 1250 370 ab
1268 338 1330 370 illis
1340 339 1583 382 quomodolibet
1607 340 1820 385 dependentia
1852 349 2017 375 hermionem-

1070 391 1139 423 loca
1160 402 1195 423 ac
1215 392 1562 436 hona.quaecumque‚
1585 394 1821 438 cuiuscumque
1837 388 1911 431 23:21⁰„ss
1933 383 2019 402 'mm‘

1069 440 1230 487 qualitatis
1260 450 1290 477 et
1319 445 1504 489 quantitatis
1534 447 1689 488 existant,
1720 443 1923 481 (Πρω-ΓΜυῐῃὲ

1070 508 1207 541 rumque
1228 499 1388 531 bonorum
1406 500 1549 539 colonos,
1573 501 1770 534 laboratores
1793 507 1824 535 et

1070 551 1295 591 conductores,
1319 564 1355 585 ac
1375 553 1498 586 oblatos
1524 559 1554 586 et
1573 554 1669 587 Tertii
1690 554 1824 588 Habitus

1070 604 1224 637 moniales
1261 607 1403 650 aliasque
1426 618 1578 650 personas
1599 609 1772 651 praefatas,
1807 620 1823 641 a

1069 657 1234 700 quibusvis
1254 659 1401 699 decimis,
1423 660 1517 693 etiam
1540 661 1756 704 praedialibus
1793 668 1824 696 et

1070 711 1231 753 primiitis,
1254 713 1388 755 quartis,
1411 714 1525 747 mediis
1540 721 1570 747 et
1590 715 1659 748 aliis
1679 716 1824 759 partibus

1069 765 1246 803 fruetuum,
1269 777 1306 798 ac
1327 767 1499 807 subsidiis,
1532 769 1627 801 etiam
1653 770 1824 804 caritativis

1069 819 1230 861 praefatis,
1254 830 1289 852 ae
1310 820 1349 852 ab
1370 821 1457 853 omni
1479 821 1702 856 iurisdictione
1722 829 1753 857 et
1772 835 1824 857 su-

1069 871 1255 915 perioritate
1275 884 1560 918 quorumcumque
1588 877 1735 910 locorum
1769 889 1823 911 or-

1069 925 1283 965 dinariorum,
1301 927 1395 960 etiam
1408 929 1446 961 de
1463 940 1556 969 novo,
1572 936 1731 974 quatenus
1742 943 1824 975 opus

1068 980 1117 1019 sit,
1139 981 1327 1014 auctoritate
1349 988 1379 1015 et
1399 988 1510 1016 tenore
1530 984 1690 1018 similibus
1709 986 1822 1019 eximi-

1069 1044 1141 1067 mus
1161 1040 1191 1067 et
1219 1034 1395 1068 liberamus
1409 1063 1416 1076 ‚
1439 1047 1475 1069 ac
1497 1044 1661 1082 exemptos
1675 1066 1682 1079 ‚
1705 1040 1824 1073 liberos

1068 1093 1098 1120 et
1111 1088 1273 1121 immunes
1285 1089 1412 1132 penitus
1429 1101 1496 1123 esse
1509 1092 1668 1125 volumus.
1681 1093 1822 1134 Necnon,

1067 1147 1227 1185 quatenus
1247 1154 1329 1186 opus
1350 1143 1400 1183 sit,
1423 1144 1495 1177 illos
1512 1155 1692 1189 eorumque
1713 1147 1822 1191 singu-

1068 1196 1115 1229 los
1137 1196 1167 1228 in
1188 1196 1237 1229 ius
1258 1202 1287 1229 et
1307 1198 1538 1242 proprietatem
1560 1200 1593 1232 B.
1617 1200 1700 1233 Petri
1721 1207 1751 1234 et
1767 1202 1823 1235 Se-

1068 1251 1116 1283 dis
1135 1251 1354 1294 Apostolicae‚
1378 1263 1414 1285 ac
1435 1253 1493 1285 sub
1512 1264 1625 1286 eorum
1647 1255 1777 1298 speciali
1793 1262 1824 1289 et

1068 1304 1253 1338 immediata
1270 1306 1470 1348 protectione
1487 1307 1694 1351 suscipimus,
1717 1320 1753 1342 ac
1770 1321 1824 1343 eos

1068 1359 1171 1391 solum
1193 1364 1223 1391 et
1243 1360 1407 1394 dumtaxat
1427 1360 1611 1394 immediate
1632 1362 1704 1395 Sedi
1729 1373 1822 1406 prae-

1068 1413 1148 1446 fatae
1179 1419 1209 1446 et
1243 1413 1335 1446 nobis
1364 1424 1401 1446 ac
1428 1425 1486 1458 pro
1507 1419 1654 1459 tempore
1675 1416 1823 1450 existenti

1077 1467 1211 1499 lontano
1228 1466 1373 1500 Pontifici
1389 1467 1556 1501 subiacere
1574 1468 1778 1503 decernimus
1794 1475 1824 1503 et

1067 1520 1281 1553 declaramus.

1111 1574 1125 1614 ,ξ
1143 1573 1195 1606 M.
1220 1574 1255 1606 Et
1278 1579 1311 1606 ut
1326 1575 1439 1608 fratres
1455 1580 1486 1608 et
1506 1576 1674 1617 moniales,
1698 1588 1715 1610 a
1732 1588 1823 1621 prae-

1067 1627 1170 1660 missis
1190 1628 1345 1661 molestiis
1371 1633 1401 1661 et
1426 1629 1725 1672 perturbationibus
1746 1632 1822 1664 sub·
1836 1626 2021 1677 f,¹{³,¹‡¹,²b„f‡¹e²¹2⁵'¹,‡('}¹‚

1066 1682 1180 1721 levati,
1215 1682 1354 1725 quietius
1388 1683 1550 1716 Altissimo
1585 1684 1755 1725 famulari,
1792 1691 1822 1718 et
1837 1688 1926 1722 ”*-¹¹,¹b⁰⁵
1952 1693 2020 1723 *con-⁴

1066 1735 1235 1768 uberiores
1247 1737 1370 1769 fructus
1386 1736 1530 1780 quotidie
1543 1737 1574 1769 in
1591 1748 1667 1780 agro
1683 1738 1820 1779 Domini,
1837 1718 2022 1783 ἓξξζιεψῖᾐὲξὲἒῖ

1067 1801 1125 1832 pro
1134 1790 1328 1823 christianae
1339 1790 1503 1833 religionis
1513 1792 1698 1825 defensione
1714 1798 1821 1826 etam·
1837 1780 2022 1837 {1⁰.¹¹,‘{,⁵m'⁰⁹2f.}i,e1]

1067 1844 1230 1886 pliatione,
1251 1846 1394 1888 perferre
1411 1845 1545 1887 possint,
1560 1852 1622 1878 tam
1640 1857 1693 1879 vos
1709 1857 1821 1880 omnes
1835 1846 1877 1863 ¹³¹⁰
1895 1843 2021 1862 ⁰⁴¹¹¹³⁰¹¹¹²³⁸

1835 1875 1855 1894 in
1875 1878 1946 1894 eoi-uni
1968 1879 2022 1894 con-

1066 1903 1096 1931 et
1117 1898 1259 1941 singulos
1279 1899 1480 1942 supradictos
1493 1926 1500 1939 ‚
1528 1911 1625 1942 quam
1646 1911 1820 1944 quascum-
1836 1909 1958 1926 ⁵⁰1v³¹⁰s<³⁵
2000 1909 2022 1926 01

1066 1963 1128 1995 que
1156 1952 1233 1985 alias
1253 1963 1407 1996 personas
1426 1953 1457 1985 in
1490 1953 1643 1996 dignitate
1669 1955 1820 1988 ecclesia·
1836 1936 2020 1989 iiiiiiftis‘ieqffisli‘ig

1067 2006 1156 2045 stica,
1181 2006 1315 2039 ubilibet
1335 2012 1365 2039 et
1385 2007 1416 2039 in
1436 2007 1601 2051 quibusvis
1621 2008 1733 2041 mundi
1746 2020 1819 2052 par·
1836 2005 1878 2020 '¹⁰¹¹
1895 2001 1987 2026 ⁹⁰⁵⁵³n²⁵

1066 2060 1163 2101 tibus,
1178 2061 1378 2101 constitutas,
1393 2066 1422 2094 et
1433 2072 1658 2105 quoscumque
1675 2062 1820 2095 locorum

1067 2113 1257 2154 ordinarios,
1279 2126 1315 2148 ac
1336 2126 1448 2148 eorum
1465 2115 1599 2148 vicarios
1609 2120 1639 2148 et
1652 2116 1818 2157 officiales,

1066 2179 1193 2201 necnon
1230 2169 1404 2202 canonicos
1433 2168 1756 2212 metropolitanarum
1792 2175 1823 2203 et

1067 2223 1202 2255 aliarum
1230 2223 1464 2256 cathedralium
1497 2223 1727 2263 ecelesiarum,
1764 2235 1822 2268 per

1067 2279 1195 2311 eosdem
1217 2279 1330 2311 fratres
1350 2283 1380 2310 et
1401 2289 1456 2311 seu
1478 2277 1633 2310 moniales
1649 2305 1656 2318 ,
1687 2288 1725 2311 ac
1745 2279 1821 2311 dicti

1066 2332 1192 2365 Ordinis
1203 2333 1336 2365 fratrum
1352 2332 1613 2365 Praedicatorum
1625 2332 1820 2375 superiores,

1067 2391 1095 2419 et
1116 2387 1288 2419 domorum
1316 2386 1462 2430 prioreS,
1485 2397 1521 2419 ac
1542 2396 1655 2418 eorum
1677 2385 1820 2429 singulos

1067 2452 1125 2485 pro
1146 2447 1292 2485 tempore
1313 2441 1476 2483 eligendos
1491 2467 1498 2480 ,
1533 2440 1565 2472 in
1586 2451 1700 2473 eorum
1722 2445 1752 2473 et
1772 2440 1820 2473 di-

1067 2495 1192 2523 ctorum
1214 2491 1404 2523 eorumdem
1427 2489 1668 2533 privilegiorum
1682 2517 1689 2530 ,
1712 2490 1819 2522 indul-

1066 2545 1186 2581 torum,
1210 2539 1454 2573 concessionum
1472 2544 1503 2572 et
1519 2538 1694 2581 gratiarum
1712 2544 1743 2572 et
1757 2538 1820 2571 sin-

1066 2590 1217 2632 gulorum
1232 2589 1369 2622 aliorum
1385 2588 1636 2633 praemissorum
1653 2599 1820 2622 conserva-

1066 2643 1151 2671 tores
1163 2637 1818 2682 etiudicesunicos,qui,quandiudictum

1066 2688 1210 2722 officium
1231 2687 1440 2721 exercueritis
1467 2692 1498 2721 et
1521 2687 1582 2732 ipsi
1603 2687 1818 2727 exercuerint,

1932 413 2016 432 maina-

1884 1301 1899 1318 ’ὸ

1891 1593 2022 1614 facultatem
