2237 3100
45 266 49 270 -
73 251 124 289 1η.
139 252 167 279 c.
187 253 252 280 15⁶7

950 252 1018 276 ries
1036 253 1055 275 v
1074 253 1122 282 PF.-

1709 244 1774 278 615

270 304 452 343 nicationis,
476 306 695 349 suspensionis
707 310 737 338 et
754 306 914 339 interdicti
933 306 1019 339 aliis·
1038 307 1042 353 1
1062 305 1195 339 Ordines
1222 307 1382 350 praefatos
1430 316 1609 349 eorumque
1643 307 1757 339 domos
1787 312 1814 340 et

269 369 331 402 que
352 358 578 393 ecclesiasticis
598 359 763 392 sententiis
782 387 788 399 ,

270 412 392 455 poenis,
410 423 427 445 3
452 412 522 446 iure
541 414 589 446 vel
610 414 648 446 ab
670 414 812 453 homine,
835 414 945 457 quavis
966 425 1018 447 oc-

269 465 397 498 casione
431 466 477 498 vel
504 477 599 499 causa
638 467 728 503 latis,
752 467 777 499 si
799 467 918 510 quibus
938 478 1019 510 quo-

270 518 446 552 modolibet
467 519 609 553 innodati
631 520 779 559 existunt,
808 520 847 552 ad
870 521 1019 554 effectum

269 573 478 617 praesentium
489 574 652 607 dumtaxat
665 574 944 618 consequendum,
963 575 1019 607 ha-

270 637 341 659 rum
362 626 443 660 serie
463 627 681 662 absolventes,
713 634 742 660 et
770 627 934 660 absolutos
954 628 1020 661 sore

269 685 446 719 censentes;
468 691 595 714 necnon
615 692 897 725 quarumcumque
918 680 1021 714 litium

269 739 301 766 et
325 743 509 774 causarum,
533 745 642 767 coram
669 735 835 778 quibusvis
860 734 1043 768 iudicibus?

269 793 300 821 et
313 787 514 832 ubicumque
539 789 786 833 quomodolibet
795 789 1019 833 pendentium,

269 846 368 875 status
384 846 414 874 et
430 842 556 883 merita,
574 841 771 885 nominaque
783 847 814 875 et
830 841 1023 885 cognomina

269 959 486 993 rumcumque
506 949 747 994 privilegiorum
767 977 774 987 ,
805 949 1020 988 indultorum,

269 1003 511 1047 exemptionum
523 1009 554 1036 et
573 1003 815 1037 immunitatum
831 1003 1021 1037 eorumdem

268 1111 512 1154 quomodolibet
531 1122 759 1145 concessorum
771 1118 909 1151 tenores,
928 1122 1022 1155 prae-

268 1229 331 1262 que
343 1224 374 1252 et
388 1230 501 1252 causas
512 1220 681 1263 praefatas,
692 1225 725 1253 ut
736 1219 930 1264 praefertur,
949 1230 1025 1262 pen-

269 1273 392 1314 dentes,
419 1273 457 1306 ad
479 1284 537 1306 nos
558 1275 673 1306 barum
699 1273 781 1307 serie
802 1274 992 1306 advocantes
1014 1300 1021 1313 ,

268 1326 403 1370 illasque
429 1326 557 1370 penitus
591 1326 832 1370 extinguentes,
856 1331 883 1358 et
911 1325 1024 1359 colliti-

269 1380 419 1423 gantibus
431 1380 618 1413 huiusmodi
631 1387 825 1425 perpetuum
839 1391 936 1424 super
946 1391 1025 1423 111εο-

270 1434 374 1467 missis
393 1433 557 1467 silentium
578 1434 782 1478 imponentes
801 1461 806 1473 ,
835 1439 923 1467 motu
951 1444 1023 1477 pro-

270 1488 354 1533 prio,
376 1498 442 1521 non
454 1488 493 1521 ad
509 1488 654 1532 ipsorum
670 1489 805 1521 fratrum
822 1488 869 1520 vel
886 1487 1026 1521 alicuius

270 1552 385 1576 eorum
405 1542 499 1576 nobis
520 1553 618 1587 super
633 1543 694 1576 hoc
715 1543 841 1575 oblatae
863 1542 1025 1586 petitionis

271 1597 467 1637 instantiam,
495 1597 549 1630 sed
570 1608 606 1630 ex
624 1603 711 1630 certa
732 1603 839 1630 nostra
866 1597 997 1629 scientia
1017 1623 1022 1635 ,

270 1662 307 1684 ac
326 1651 365 1684 de
389 1651 585 1696 apostolicae
607 1652 770 1695 potestatis
796 1651 997 1695 plenitudine
1016 1678 1022 1687 .
1045 1648 1047 1656 '

270 1715 383 1738 omnes
403 1710 434 1739 et
454 1705 597 1749 singulos
612 1711 753 1749 quatuor
773 1705 1024 1738 Mendicantium

270 1758 438 1799 Ordinum,
454 1759 599 1793 videlicet
612 1760 642 1793 S.
658 1759 826 1794 Dominici,
839 1765 867 1791 et
880 1759 911 1792 S.
929 1759 1026 1791 Fran-

269 1814 345 1847 cisci
363 1841 370 1854 ‚
393 1825 429 1847 ac
451 1813 667 1847 Eremitarum
688 1815 719 1847 S.
744 1813 925 1856 Augustini,
950 1824 1024 1846 nec-
1045 1808 1048 1845 ἶ

270 1878 334 1902 11011
346 1868 603 1910 Carmelitarum,
616 1875 646 1902 et
654 1880 737 1913 quos
755 1868 850 1902 etiam
861 1868 1023 1901 recenseri
1046 1863 1047 1866 '

270 1923 436 1964 volumus,
459 1923 631 1957 Servorum
648 1923 681 1956 13.
702 1923 818 1956 Mariae
840 1922 1026 1955 nominibus

271 1977 524 2021 comprehensos
548 1977 674 2015 fratres,
698 1988 878 2021 eorumque
894 1977 1023 2014 domus,

271 2032 467 2065 monasteria
487 2038 517 2066 et
537 2033 606 2065 loca
624 2061 630 2070 ,
662 2032 786 2066 etiamsi
806 2032 837 2065 in
859 2031 1025 2065 communi

271 2086 405 2131 propria
424 2086 521 2127 bona,
544 2092 607 2120 tam
630 2087 759 2120 mobilia
781 2098 878 2129 quani
909 2086 1025 2119 11111110-
1046 2085 1049 2098 ¹

271 2141 347 2174 bilia
368 2146 397 2174 et
413 2140 538 2174 stabilia
557 2152 594 2174 ac
615 2141 676 2174 alia
692 2151 932 2185 quaecumque,
956 2151 1027 2184 pos-

272 2250 333 2282 bus
353 2255 385 2282 et
408 2249 542 2292 singulis
571 2249 821 2282 Mendicantium
855 2248 1028 2291 privilegiis

273 2302 317 2336 eis
337 2303 579 2347 quomodolibet
602 2303 761 2336 concessis
802 2302 846 2335 uti
882 2313 973 2345 posse
999 2308 1026 2334 et

259 2357 403 2397 debere,
418 2368 477 2390 nec
490 2368 588 2401 super
604 2347 777 2400 praemissis
794 2357 860 2388 ullo
873 2366 1027 2399 umquam

274 2416 422 2455 tempore
443 2410 605 2444 molestari
628 2421 734 2453 posse,
748 2409 937 2443 auctoritate
950 2421 1027 2454 apo—

274 2460 387 2494 stoliea
408 2471 466 2504 per
485 2465 670 2504 praesentes
690 2460 860 2492 statuimus
881 2460 1028 2492 011101113-

276 2609 469 2650 dinationes,
481 2609 648 2653 privilegia
668 2614 696 2642 et
710 2609 780 2642 iura
792 2609 830 2641 de
846 2608 1030 2642 Mendican-

276 2659 363 2693 tibus
395 2659 587 2704 loquentia,
610 2659 648 2692 ad
684 2669 796 2692 01111105
829 2664 858 2691 01
888 2658 1032 2702 singulos

819 360 966 393 censuris
991 366 1020 392 et
1039 359 1042 394 f

1063 360 1142 395 los-a,
1164 360 1259 392 etiam
1282 359 1413 403 propria
1429 359 1513 392 110113
1530 359 1561 392 111
1583 361 1750 393 communi
1765 366 1812 393 ta-

1040 407 1042 443 1
1063 424 1137 446 men
1154 414 1339 454 retinentes,
1350 413 1552 446 extendimus
1563 418 1593 446 et
1607 414 1813 458 ampliamus,

1040 467 1182 512 ,illaque
1218 467 1255 499 de
1292 466 1354 499 illis
1378 466 1466 510 loqui
1501 467 1595 500 etiam
1624 468 1814 501 auctoritate

1065 520 1218 562 praefata,
1237 531 1294 564 per
1307 521 1434 553 easdem
1453 526 1647 565 praesentes,
1670 521 1817 554 declara-

1066 585 1148 607 mus

1107 630 1122 669 ξ
1146 628 1178 661 .3,
1201 629 1243 661 Ac
1273 629 1406 673 insuper
1431 629 1548 662 eisdem
1579 629 1751 663 ordinariis
1788 636 1816 663 et

1063 681 1228 726 quibusvis
1243 681 1323 721 aliis,
1339 688 1401 715 tam
1412 682 1634 716 ecclesiasticis
1644 693 1741 727 quam
1751 694 1819 717 sae-

1064 735 1240 772 cularibus,
1258 736 1368 778 quavis
1386 736 1575 769 auctoritate
1596 736 1816 780 fungentibus,

1065 906 1122 941 per
1156 902 1341 940 praesentes
1371 897 1563 931 mandamus
1589 903 1648 937 ut,
1684 898 1708 931 si
1741 898 1821 943 quid

1065 960 1122 993 per
1134 961 1200 991 eos,
1221 956 1285 983 13111
1301 956 1411 983 nostro
1437 961 1534 994 quam
1563 951 1821 995 praedecessoris

1043 1034 1044 1037 ,
1065 1004 1172 1038 nostri.
1185 1004 1409 1048 temporibus,
1439 1010 1502 1037 tam
1536 1005 1658 1038 ratione
1684 1005 1820 1039 semina<

268 1055 423 1090 Ordinum
440 1057 688 1090 Mendicantium
706 1057 856 1090 fratribus
867 1057 1023 1090 hactenus
1044 1072 1045 1075 ¹

1066 1056 1124 1097 rii,
1149 1057 1281 1091 subsidii
1313 1062 1344 1091 et
1363 1057 1563 1091 decimarum
1584 1085 1590 1097 ‚
1621 1069 1718 1102 quam
1744 1058 1821 1093 alio-

1044 1109 1045 1149 ]
1065 1121 1137 1143 rum
1160 1121 1297 1144 onerum
1324 1111 1525 1152 huiusmodi,
1561 1117 1708 1146 exactum
1734 1112 1818 1152 suit,

269 1165 414 1198 sentibus
435 1176 492 1208 pro
510 1166 667 1209 expressis
679 1165 845 1205 habentes,
859 1165 929 1198 lites
945 1176 1023 1209 quo·
1044 1161 1045 1179 ³

1067 1164 1096 1196 id
1118 1169 1219 1197 totum
1243 1165 1362 1197 eisdem
1384 1165 1549 1205 fratribus,
1571 1165 1658 1198 omni
1680 1176 1771 1200 mora
1791 1174 1823 1200 et

1066 1218 1219 1251 dilatione
1236 1218 1628 1263 postpositis,restituant;
1646 1219 1822 1254 districtius

1067 1271 1248 1305 inhibentes
1266 1272 1386 1306 eisdem
1404 1273 1550 1305 loc-orum
1571 1273 1745 1307 ordinariis
1759 1285 1821 1315 1:ae—

1066 1325 1209 1369 terisque
1220 1325 1378 1369 personis,
1400 1332 1463 1359 tam
1483 1326 1709 1361 ecclesiasticis
1723 1338 1821 1372 quam

1067 1379 1299 1419 saecularibus,
1323 1379 1434 1424 quavis
1453 1380 1644 1414 auctoritate
1659 1381 1821 1425 fungenti-

1067 1433 1138 1470 bus,
1163 1439 1191 1466 et
1210 1433 1349 1467 cuiusvis
1369 1433 1545 1477 dignitatis,
1568 1434 1686 1477 gradus
1701 1439 1732 1468 et
1748 1446 1822 1469 con-

1067 1487 1196 1520 ditionis
1217 1487 1427 1521 existentibus
1444 1514 1451 1527 ,
1483 1498 1522 1521 ne
1550 1489 1680 1522 eosdem
1704 1489 1823 1523 Mendi-

1068 1540 1210 1573 cantium
1231 1541 1387 1575 Ordinum
1410 1542 1523 1575 fratres
1543 1543 1715 1586 praefatos,
1738 1543 1823 1577 bona

1067 1595 1253 1628 huiusmodi
1275 1596 1450 1629 retinentes
1464 1623 1471 1636 ,
1496 1596 1608 1640 quovis
1625 1602 1790 1641 praetextu
1814 1624 1821 1637 ‚

1068 1660 1165 1692 super
1185 1650 1349 1683 seminarii
1369 1678 1377 1692 ,
1401 1650 1532 1684 subsidii
1567 1656 1597 1684 et
1622 1651 1823 1685 decimarum

1045 1704 1309 1753 icontributione
1341 1706 1535 1745 molestare,
1566 1705 1745 1750 inquietare
1776 1708 1823 1740 vel

1068 1759 1260 1803 perturbare
1276 1760 1416 1793 audeant
1432 1761 1479 1793 vet
1498 1767 1719 1804 praesumant.
1776 1799 1780 1801 μ

1112 1814 1126 1855 ,ξ
1146 1812 1177 1845 4.
1201 1813 1416 1847 Decernentes
1436 1825 1567 1858 quoque
1589 1820 1774 1858 praesentes
1791 1816 1825 1848 ti-

1067 1872 1152 1901 teras
1173 1868 1262 1901 nullo
1289 1879 1445 1912 uinquam
1471 1873 1617 1912 tempore
1647 1868 1686 1902 de
1714 1869 1824 1903 subre-

1068 1921 1187 1965 ptionis
1206 1922 1254 1955 vel
1267 1922 1466 1966 obreptionis
1475 1922 1563 1963 vitio,
1575 1927 1630 1956 aut
1639 1922 1827 1957 intentionis

1046 1983 1048 2021 ξ
1068 1983 1195 2010 nostrae
1216 1977 1264 2010 vel
1284 1977 1437 2021 quopiam
1470 1977 1531 2010 alio
1560 1977 1687 2011 defectu
1721 1977 1826 2010 notari

1068 2032 1114 2065 vel
1137 2031 1321 2076 impugnari
1344 2031 1529 2064 nullatenus
1555 2041 1660 2075 posse;
1681 2031 1826 2064 minusve

1070 2085 1128 2117 suli
1161 2085 1327 2129 quibusvis
1351 2085 1504 2118 similium
1540 2086 1585 2117 vel
1621 2084 1824 2119 dissimilium

1046 2167 1050 2179 ,
1069 2139 1244 2182 gratiarum
1272 2138 1553 2177 revocationibus,
1580 2138 1825 2173 modificationi-

272 2195 426 2232 sederint,
444 2195 695 2228 Mendicantium
712 2195 868 2228 vocabulo
882 2194 1027 2227 010111111-
1048 2223 1049 2228 ,

1047 2275 1050 2299 3
1070 2246 1242 2279 contrariis
1275 2246 1553 2289 dispositionibus,
1585 2250 1649 2278 tam
1685 2256 1744 2290 per
1768 2256 1826 2279 nos

1069 2193 1141 2232 bus,
1155 2192 1416 2233 liniitationibiis,
1440 2191 1698 2226 restrictionibus
1709 2198 1739 2225 et
1756 2192 1826 2226 aliis

1070 2311 1166 2344 quam
1188 2300 1283 2333 etiam
1306 2310 1509 2334 successores
1529 2305 1657 2333 nostros
1687 2310 1825 2345 quomo-

1071 2355 1200 2395 dolibet,
1221 2367 1257 2388 ac
1279 2366 1353 2388 cum
1372 2354 1549 2399 quibusvis,
1572 2354 1670 2387 etiam
1690 2355 1825 2399 deroga-

1072 2409 1228 2443 toriarum
1249 2408 1460 2452 derogatoriis
1477 2408 1614 2452 aliisque
1635 2408 1825 2443 efficaciori-

1049 2490 1051 2496 ,
1072 2460 1131 2492 bus
1147 2465 1176 2492 et
1202 2459 1349 2494 insolitis.
1373 2458 1539 2497 clausulis,
1562 2457 1826 2501 irritantibusque

276 2520 397 2550 ramus,
418 2521 456 2543 ac
477 2515 539 2542 tam
561 2509 691 2542 concilii
707 2509 882 2542 Tridentini
903 2536 909 2543 .
933 2520 1029 2552 quam
1050 2507 1051 2525 ³

275 2560 386 2593 omnia
398 2565 429 2593 et
440 2559 566 2602 singula
582 2559 644 2592 alia
665 2559 806 2597 decreta,
824 2563 954 2596 statuta,
977 2569 1029 2591 or-
1050 2558 1051 2562 ’

1072 2509 1221 2547 decretis,
1244 2520 1302 2553 pro
1324 2514 1469 2551 tempore
1490 2507 1580 2541 factis
1600 2513 1630 2541 et
1649 2506 1803 2541 faciendis
1819 2535 1826 2543 ,

1072 2568 1357 2602 quorumcumque
1369 2562 1520 2590 tenorum
1530 2557 1677 2598 existant,
1690 2556 1825 2597 includi:

1073 2608 1140 2648 sed,
1160 2608 1223 2642 illis
1243 2619 1306 2641 non
1329 2607 1543 2648 obstantibus,
1570 2607 1603 2640 in
1623 2606 1690 2640 suis
1710 2606 1826 2640 robore

1050 2639 1054 2703 ᾗ
1073 2662 1102 2690 01
1121 2658 1262 2691 efficacia
1281 2657 1463 2701 persistere.
1479 2656 1730 2702 etquotiesillae
1741 2666 1827 2690 ema—

1836 254 1884 280 Αη.
1902 253 1931 280 C.
1950 253 2016 281 {1367

1856 640 1955 662 lnhibitio
1965 647 2017 661 ton-

1835 675 1867 693 113
1900 672 2018 693 ordinarios

1836 706 1857 725 et
1867 703 1928 729 alios,
1939 708 1965 724 ne
1981 703 2017 724 de-

1837 740 1901 762 super
1916 740 1954 756 οοι
1977 740 2020 756 mo-

1041 796 1044 827 2
1065 788 1094 821 in
1109 788 1223 822 virtute
1238 795 1365 823 sanctae
1380 789 1594 830 obedientiae,
1612 796 1642 824 et
1654 790 1722 824 aliis
1736 791 1820 824 arbi·
1834 766 2019 826 ssJ,¹;³¹¹¹¹„jg,„;;

1042 843 1125 887 'ktrio
1155 848 1265 876 nostro
1295 843 1500 877 moderandis
1521 844 1646 888 poenis,
1673 844 1821 879 similiter

268 894 414 929 iudicum
436 900 463 929 et
486 895 753 939 conjugantium,
788 906 914 929 necnon
940 907 1021 940 quo·
1042 891 1044 904 ³

1836 832 1869 851 est
1885 831 1997 851 restituam

1853 1825 1962 1846 clausulae
1974 1830 2023 1852 pro-

1841 1859 1967 1878 seri-ativae.
