2237 3100
222 210 279 242 Αιι.4
290 214 319 242 C.
337 213 405 242 ¹570

220 368 252 385 tra
264 365 404 384 molestantes
1193 383 1197 392 Ι

220 396 299 415 ima-2·
288 396 392 416 metet-1
396 401 404 414 s
419 382 546 416 nalibus
567 387 597 415 et
621 381 692 414 aliis
720 379 877 423 pelsonis,
899 379 1040 422 quatist
1031 379 1173 412 auctoii—

221 427 275 453 ιῐοριι
265 429 298 446 unt
301 429 350 446 loss
342 432 404 452 super

222 463 353 484 prlemtsstss
371 461 405 477 flul

465 212 530 248 856

463 276 477 319 g
503 274 557 308 ιι.

244 333 405 354 ¹ut¹b1¹¹⁰⁶⁰¹¹·
419 330 567 362 locoium
588 327 772 366 ordinariis,
791 325 887 358 etiam
908 324 940 358 S.
964 325 999 357 R.
1015 325 1049 357 E.
1070 325 1173 358 caidi-

420 441 495 476 tate,
509 436 604 469 etiam
625 433 813 478 apostolica,
832 432 1057 475 fungentibus,
1078 432 1173 465 etiam

221 489 304 509 ''¹⁰⁸⁸''
326 495 405 509 ΜΝ·
420 489 656 532 cuiuscumque
667 487 717 529 dig
716 486 843 525 nitatis,
857 491 1024 529 status,gi
1020 459 1108 526 atius,
1122 497 1174 519 or-

222 523 300 541 ιῐῡιιοιιι

221 552 262 571 diui

337 521 404 546 impe-

264 555 314 571 lm

257 2150 370 2173 Decretum
389 2154 415 2174 ir·

233 2185 306 2203 ittausv

420 542 502 575 dinis
518 547 548 575 et
568 514 761 574 conditiovnis
777 539 997 579 existentibus,
1016 540 1048 572 in
1060 539 1175 572 ι’·ιιιιιῑε

419 600 547 628 sanctae
564 593 777 633 obedientiae,
796 603 833 626 ac
848 592 907 625 sub
924 592 1144 637 suspensionis
1159 604 1176 625 a

419 647 533 680 divinis
544 652 574 680 et
590 645 936 679 excommunicationis
952 646 1032 678 latae
1049 651 1176 679 senten-

420 701 492 740 tiae,
508 699 643 743 aliisque
668 704 777 732 nostro
798 699 932 732 arbitrio
955 699 1174 740 moderandis,

420 753 603 796 infligendis
624 753 746 796 poenis,
759 763 798 785 ne
811 753 941 785 eosdem
959 753 1132 795 collegium
1149 758 1177 785 et

420 806 592 850 deputatos
616 807 809 846 molestare,
839 811 894 839 aut
924 806 1178 849 praemissorum

420 859 643 893 executionem
669 859 901 903 quoquomodo
922 859 1099 902 impedire,
1131 860 1178 891 vel

421 913 453 946 in
470 914 514 947 eis
536 925 568 947 se
588 914 709 946 directe
729 914 778 946 vel
801 924 857 956 per
874 913 1067 946 indirectum
1090 913 1179 955 inge-

421 977 492 999 rere
513 967 561 999 vel
583 966 797 999 intromittere
819 966 941 1010 possint
966 977 1021 999 seu
1042 966 1181 999 audeant

421 1020 469 1053 vel
482 1025 704 1064 praesumant.
718 1020 934 1052 Decernentes
945 1030 1076 1062 quoque
1092 1030 1181 1062 prae-

423 1078 528 1106 sentes
554 1073 677 1106 litteras
706 1073 773 1105 ullo
795 1083 951 1116 umquam
974 1078 1122 1116 tempore
1142 1073 1181 1106 de

421 1126 641 1169 subreptionis
661 1126 709 1158 vel
730 1126 929 1169 obreptionis
949 1125 1023 1159 vitio
1052 1132 1107 1159 aut
1132 1125 1180 1158 in-

423 1179 576 1213 tentionis
592 1185 721 1212 nostrae
733 1179 781 1211 vel
795 1179 950 1223 quopiam
969 1179 1032 1212 alio
1043 1179 1180 1218 defectu,

424 1232 519 1265 etiam
542 1243 578 1265 ex
594 1242 631 1265 eo
644 1233 729 1275 quod
743 1232 896 1266 interesse
912 1233 1066 1266 habentes
1081 1233 1182 1267 vocati

424 1296 489 1319 non
510 1285 640 1325 suerint,
661 1286 778 1326 notari,
802 1286 833 1318 in
854 1286 903 1319 ius
927 1287 975 1319 vel
996 1293 1182 1320 controver-

425 1339 505 1373 siam
527 1350 583 1372 seu
604 1340 682 1372 alias
698 1339 843 1372 revocari
856 1350 922 1372 non
934 1351 1039 1383 posse,
1054 1351 1114 1373 nec
1126 1352 1184 1384 per

425 1393 668 1436 subreptionem
702 1394 751 1426 rel
782 1393 1007 1437 obreptionem
1039 1394 1184 1427 obtentas

425 1447 603 1491 praesumi,
626 1452 655 1480 et
673 1447 713 1479 ob
735 1447 765 1479 id
786 1446 908 1479 viribus
920 1458 1044 1487 carere,
1062 1447 1185 1480 minus-

426 1499 556 1543 quesub
569 1500 736 1544 quibusvis
748 1500 902 1533 similium
917 1502 964 1534 vel
978 1501 1184 1534 dissimilium

425 1553 602 1597 gratiarum
619 1554 890 1594 revocationibus,
904 1554 1181 1598 suspensionibus,

426 1606 675 1640 limitationibus
699 1613 729 1640 et
754 1608 824 1640 aliis
851 1608 1023 1641 contrariis
1050 1608 1186 1652 disposi-

427 1660 582 1701 tionibus,
604 1661 809 1703 quantumris
824 1661 1041 1703 generalibus,
1064 1673 1101 1695 ac
1120 1662 1184 1695 for-

426 1713 558 1746 tissimis
583 1713 738 1746 clausulis
765 1719 795 1747 et
823 1714 960 1747 decretis
986 1714 1186 1747 irritantibus

427 1766 598 1807 roboratis,
613 1767 859 1810 comprehendi,
869 1768 924 1800 sed
936 1779 1064 1812 semper
1075 1769 1113 1801 ab
1124 1768 1186 1801 illis

428 1825 588 1864 exceptas,
603 1825 633 1853 et
649 1820 775 1863 quoties
787 1821 860 1854 illae
872 1822 1081 1861 emanabant,
1093 1822 1186 1855 toties

429 1873 460 1905 in
482 1873 654 1917 pristinum
681 1879 711 1907 et
732 1885 819 1914 eum,
846 1874 877 1906 in
904 1885 968 1918 quo
993 1880 1066 1908 ante
1093 1886 1186 1919 prae-

429 1926 525 1959 missa
545 1927 789 1970 quomodolibet
810 1934 913 1968 erant,
936 1934 1069 1969 statum,
1090 1929 1186 1961 etiam

428 1979 488 2012 sub
509 1979 581 2013 data
601 1991 659 2024 per
679 1980 851 2023 collegium
869 1987 905 2024 ,ct
932 1981 1102 2025 deputatos
1125 1982 1187 2015 hu-

429 2032 569 2066 iusmodi
585 2033 744 2077 eligenda,
766 2034 910 2077 plenarie
927 2035 1088 2068 restitutas
1104 2047 1184 2069 esse.

473 2086 488 2129 ἓ
508 2086 563 2119 «1⁹2.
578 2086 695 2130 Sicque
711 2087 750 2120 ab
767 2088 919 2121 omnibus
935 2089 1078 2129 censeri,
1099 2094 1129 2122 et
1145 2089 1188 2122 ita

431 2149 489 2183 per
503 2150 729 2184 quoscumque
750 2141 872 2174 iudices
888 2146 919 2174 et
939 2142 1186 2183 commissarios,

430 2193 540 2236 quavis
561 2194 751 2227 auctoritate
772 2195 960 2237 fungentes,
983 2196 1077 2228 etiam
1099 2196 1188 2229 audi-

431 2250 517 2278 tores
537 2251 568 2279 et
588 2247 768 2280 cardinales
793 2249 967 2292 praesamS,
994 2249 1119 2282 sublata
1144 2250 1189 2282 eis

432 2304 463 2331 et
478 2309 592 2332 eorum
613 2300 747 2333 cuilibet
766 2301 877 2344 quavis
902 2302 995 2334 aliter
1024 2303 1188 2336 iudicandi

432 2350 593 2394 facultate,
612 2353 747 2387 iudicari
762 2355 897 2395 debere,
914 2355 1042 2388 irritum
1059 2367 1189 2400 quoque

432 2406 463 2433 et
482 2400 577 2434 inane
607 2402 632 2435 si
657 2413 749 2436 secus
770 2414 867 2447 super
895 2404 945 2436 bis
965 2416 983 2437 a
1005 2415 1186 2448 quoquam,

433 2449 543 2492 quavis
562 2451 765 2492 auctoritate,
784 2452 922 2485 scienter
931 2453 980 2485 vel
994 2452 1189 2496 ignoranter,

434 2497 603 2541 contigerit
622 2501 781 2534 attentari.

478 2547 567 2590 513.
607 2549 678 2583 Non
705 2550 906 2584 obstantibus
926 2550 1124 2595 praemissis,
1153 2562 1190 2584 ac

433 2601 542 2630 nostra
562 2597 600 2631 de
621 2608 686 2632 non
711 2600 854 2633 tollendo
875 2599 946 2634 iure
965 2599 1128 2644 quaesito,
1161 2605 1191 2633 et

1019 219 1200 243 BULLARIUM
1220 219 1373 243 ROMANUM

1217 325 1247 358 in
1269 324 1521 369 proxincialibus
1547 330 1577 357 et
1604 325 1810 368 synodalibus
1830 326 1975 360 conciliis

1216 378 1320 419 editis,
1335 378 1529 422 specialibus
1542 379 1590 411 vel
1603 379 1808 421 generalibus
1821 380 1976 414 constitu-

1217 431 1359 465 tionibus
1386 439 1416 465 et
1435 432 1704 473 ordinationibus;
1730 444 1766 466 ac
1790 433 1974 477 quibusvis,

1218 485 1312 518 etiam
1334 485 1461 528 collegii
1489 486 1702 518 cardinalium
1724 491 1755 519 et
1774 487 1976 529 auditorum,

1218 539 1406 572 corumdem
1416 550 1452 572 ac
1463 538 1601 572 aliorum
1617 539 1841 581 tribunalium,
1850 552 1977 575 necnon

1219 603 1502 636 quorumcumque
1524 593 1809 634 monasteriorum,
1826 595 1978 629 ecclesia-

1221 657 1306 686 rum,
1327 646 1512 685 domorum,
1540 646 1787 688 beneficiorum,
1811 648 1976 691 ordinum,

1221 695 1439 738 capitulorum
1452 700 1481 727 et,
1503 695 1631 738 piorum
1644 697 1803 737 locorum,
1815 697 1911 731 etiam
1928 698 1979 731 iu-

1221 754 1381 788 ramento,
1396 749 1643 782 confirmatione
1654 749 1832 792 apostolica
1840 751 1889 784 vel
1899 762 1980 794 qua-

1221 803 1266 835 vis
1286 803 1436 835 firmitate
1451 802 1512 836 alla
1527 803 1698 844 roboratis,
1714 804 1839 837 statutis
1859 810 1889 837 et
1905 815 1981 837 con—

1222 856 1458 893 suetudinibus:
1483 856 1655 900 privilegiis
1676 868 1819 900 quoque,
1845 857 1981 891 indultis

1223 915 1252 942 et
1264 910 1378 942 litteris
1392 910 1587 953 apostolIcis,
1608 910 1781 952 quibusvis,
1798 911 1893 944 etiam
1905 911 1982 956 ipsis

1223 962 1425 996 auditoribus
1445 969 1472 996 et
1493 963 1563 995 aliis
1583 963 1756 1004 iudicibus,
1775 964 1834 997 sub
1850 965 1982 1009 quibus-

1224 1027 1364 1060 cumque
1386 1016 1551 1050 tenoribus
1572 1022 1600 1049 et
1622 1017 1746 1058 formis,
1769 1028 1806 1051 ac
1823 1029 1897 1051 cum
1913 1019 1983 1063 qui-

1224 1070 1343 1110 busvis,
1363 1071 1751 1113 etiamderogatoriarum
1772 1071 1983 1115 derogatoriis

1224 1122 1358 1166 aliisque
1380 1124 1616 1167 efficacioribus
1627 1124 1800 1158 etinsolitis
1816 1125 1981 1166 clausulis,

1225 1176 1490 1220 irritantibusque
1511 1182 1541 1209 et
1562 1176 1632 1209 aliis
1652 1177 1800 1218 decretis,
1818 1178 1851 1211 in
1866 1189 1984 1221 genere

1225 1229 1271 1262 vel
1293 1229 1324 1261 in
1346 1229 1464 1273 specie,
1483 1230 1680 1263 etiammotu
1695 1230 1792 1263 simili
1807 1237 1838 1265 et
1849 1242 1886 1265 ex
1897 1237 1984 1265 certa

1226 1283 1358 1315 scientia
1375 1283 1548 1325 concessis,
1572 1283 1781 1325 confirmatis,
1798 1285 1984 1328 approbatis

1226 1342 1255 1369 et
1276 1335 1454 1376 innovatis,
1477 1337 1596 1380 quibus
1616 1337 1780 1378 omnibus,
1799 1337 1895 1371 etiarn
1907 1338 1984 1372 side

1226 1391 1289 1425 illis
1314 1403 1495 1436 eorumque
1521 1393 1593 1425 totis
1623 1393 1788 1426 tenoribus
1812 1394 1982 1438 specialis,

1226 1446 1377 1489 specifica
1397 1452 1427 1479 et
1447 1457 1597 1490 expressa
1614 1447 1734 1481 mentio
1750 1447 1909 1490 habenda,
1929 1454 1986 1482 aut

1227 1500 1336 1543 aliqua
1356 1500 1418 1532 alia
1439 1501 1596 1544 exquisita
1622 1502 1724 1534 forma
1753 1501 1792 1534 ad
1824 1501 1887 1535 hoc
1917 1511 1984 1535 ser-

1227 1554 1327 1586 vanda
1348 1554 1438 1594 foret,
1461 1560 1588 1588 tenores
1607 1554 1808 1597 huiusmodi,
1836 1566 1872 1589 ac
1892 1555 1918 1589 si
1946 1556 1985 1590 de

1227 1607 1323 1641 verbo
1344 1607 1541 1651 adiverbum,
1565 1608 1644 1640 nihil
1661 1608 1789 1652 penitus
1809 1609 1938 1650 omisso,
1955 1614 1987 1643 et

1228 1662 1331 1694 forma
1355 1661 1389 1694 in
1416 1661 1478 1694 illis
1505 1661 1620 1695 tradita
1647 1661 1834 1703 observata,
1874 1662 1985 1696 inserti

1228 1715 1333 1747 forent
1366 1715 1607 1758 praesentibus,
1636 1725 1696 1759 pro
1735 1716 1894 1759 expressis
1927 1716 1985 1749 ha-

1228 1764 1348 1803 bentes,
1372 1764 1434 1797 illis
1449 1764 1526 1797 alias
1546 1764 1578 1796 in
1608 1775 1666 1797 suo
1690 1764 1808 1798 robore
1836 1776 1987 1809 perman-

1229 1817 1322 1857 suris,
1352 1818 1412 1850 liac
1441 1817 1509 1851 rice
1537 1817 1714 1858 dumtaxat,
1746 1817 1930 1862 specialiter
1956 1824 1988 1852 et

1229 1881 1377 1914 expresse
1405 1872 1618 1915 derogamus,
1646 1871 1818 1905 contrariis
1851 1872 1987 1916 quibus-

1230 1935 1381 1969 cumque.
1402 1926 1464 1958 Aut
1483 1926 1507 1959 si
1522 1926 1695 1970 aliquibus,
1707 1926 1925 1960 communiter
1938 1927 1987 1960 vel

1230 1979 1366 2020 divisim,
1387 1980 1426 2013 ab
1447 1980 1558 2013 eadem
1576 1979 1615 2012 sit
1630 1980 1712 2014 Sede
1726 1980 1888 2014 indultum
1900 1981 1987 2024 quod

1230 2031 1391 2073 interdici,
1406 2033 1558 2077 suspendi
1570 2034 1618 2066 vel
1631 2033 1908 2067 excommunicari
1922 2044 1988 2067 non

1231 2085 1352 2129 possint
1368 2097 1426 2130 per
1437 2086 1559 2119 litteras
1570 2087 1777 2130 apostolicas,
1791 2097 1857 2121 non
1870 2087 1989 2121 facien-

1231 2145 1277 2172 tes
1298 2140 1425 2183 plenam
1442 2145 1473 2173 et
1493 2151 1677 2183 expressam
1702 2151 1739 2173 ac
1758 2141 1798 2174 de
1814 2141 1922 2187 *verbo
1949 2141 1988 2175 ad

1231 2193 1363 2226 verbum
1375 2193 1413 2226 de
1430 2193 1554 2226 indulto
1572 2193 1759 2227 huiusmodi
1776 2194 1985 2228 mentionem.

1275 2247 1362 2290 §tt
1393 2248 1549 2281 Volumus
1577 2253 1685 2281 autem
1717 2247 1804 2290 quod
1829 2248 1905 2281 dicti
1935 2248 1990 2282 de-

1232 2301 1355 2343 putati,
1379 2306 1500 2334 retenta
1522 2301 1613 2334 tertia
1635 2306 1724 2344 partic
1745 2302 1908 2334 bonorum
1931 2311 1989 2344 per

1231 2364 1285 2386 eos
1295 2364 1353 2397 pro
1361 2360 1505 2398 tempore
1514 2360 1782 2398 recuperatorum
1789 2354 1987 2395 huiusmodi,

1232 2403 1372 2447 reliquas
1392 2405 1471 2437 duas
1493 2410 1598 2448 partes
1619 2404 1684 2437 suis
1699 2404 1864 2447 quibusvis
1883 2405 1987 2438 eccle-

1232 2452 1287 2485 siis
1307 2463 1365 2496 pro
1387 2458 1454 2485 rata
1475 2453 1666 2495 consignare
1686 2453 1825 2486 debeant
1843 2458 1874 2486 et
1897 2457 1988 2486 tene-

1232 2507 1339 2535 antur

1276 2551 1290 2593 ξ,
1302 2551 1354 2585 15.
1368 2551 1524 2595 Quodque
1537 2562 1585 2595 pit
1578 2550 1755 2584 aesentium
1764 2550 1986 2595 transumptis,

1233 2599 1329 2634 etiam
1350 2600 1526 2643 impiessis,
1546 2610 1645 2634 manu
1665 2599 1830 2634 secietarii
1848 2599 1990 2634 fabricae

1988 221 2037 247 Αιι.
2056 217 2174 247 &1570
2217 244 2220 245 ι

591 274 772 307 Distiictius
800 272 981 305 inhibentes
1008 271 1173 314 quibusxis
1215 271 1973 330 quibusxisapostolicis,etiampeinos,necnon
2014 280 2175 302 Ctuusutnode-

1988 319 2038 339 roga
2028 313 2095 334 :toria
2097 318 2117 333 e.

2004 2260 2060 2282 Duae
2070 2263 2142 2288 putes
2153 2260 2189 2281 ho·
2232 2251 2237 2271 ,⁴

2003 2297 2076 2312 ΙΙΟΓῑΙΙΙΙ
2097 2297 2175 2320 ΓθθυΡθ
2181 2304 2188 2307 -

2003 2323 2115 2344 fundorum
2135 2329 2189 2344 eon-
2236 2340 2237 2343 ,

2002 2354 2113 2379 signentur
2122 2354 2191 2375 eccle>

2003 2385 2048 2410 siis,
2083 2386 2108 2405 ad
2137 2391 2188 2413 qun

2003 2419 2113 2443 spectant.

2051 2556 2112 2577 Fides
2127 2560 2188 2578 tran-

2005 2591 2142 2615 sumptorum.
