2237 3100
178 299 227 326 An.
243 300 271 327 C.
293 300 359 327 ¹566

214 622 274 643 fides
299 627 357 643 tran-

172 656 307 680 sumptorum.

184 1979 239 1999 aonii
258 1979 342 1999 naufra-

157 2011 226 2033 ganti-1
245 2011 343 2037 frequen-

157 2046 189 2062 ter
213 2042 237 2061 nt·
266 2042 341 2062 ineolis

157 2076 178 2092 et
215 2072 340 2093 officialibus

157 2104 259 2127 tneorum,
270 2105 289 2123 iu
298 2106 342 2130 qui-

157 2134 194 2154 lius
233 2134 342 2160 naufragia

157 2166 266 2190 eveniunt,
290 2166 341 2186 diri-

156 2197 248 2223 piuuuir.

418 350 483 393 57.
506 350 661 382 Volumus
693 354 800 381 autem
827 349 912 391 quod
940 352 1124 391 praesentes

203 412 275 433 Forma
295 412 359 439 pulvli-
373 402 485 435 literae
506 402 537 435 in
553 402 749 435 Cancellaria
771 407 800 433 et
819 401 886 433 acie
898 399 1007 442 Campi
1023 399 1125 432 Florae

175 445 274 463 cationis„

375 456 592 499 publiCcntur,
612 461 639 487 et
658 455 740 487 inter
764 453 1008 487 constitutiones
1024 457 1126 485 extra-

372 514 520 551 vagantes
536 514 692 552 perpetuo
704 507 854 539 valituras
864 505 1121 539 conscribantur.

417 561 481 604 §8
506 562 542 593 Et
565 560 640 604 qnia
673 560 802 592 difficile
832 559 914 592 soret
941 564 1125 603 praesentes

371 615 410 647 ad
430 614 555 657 singula
575 624 723 656 quaeque
743 613 814 646 loca
829 612 956 653 deferri,
973 613 1123 645 volumus

371 672 399 699 et
425 667 518 699 etiam
545 666 748 699 declaramus
775 666 862 709 quod
887 676 999 699 earum
1034 671 1122 698 trau-

369 719 516 762 sumptis,
539 719 634 752 etiam
660 719 835 763 impressis,
859 729 955 751 manu
981 719 1121 751 alicuius

367 772 484 805 notarii
496 772 697 816 subscriptis,
711 784 747 805 ae
768 772 872 814 sigillo
888 771 1026 805 alicuius
1038 783 1121 816 prai-

366 825 419 857 lati
442 825 581 864 munitis,
603 826 714 858 eadem
736 825 957 869 prorsusfides
973 824 1121 857 ubicum—

366 889 428 921 que
448 878 651 919 adhibeatur,
674 890 756 922 quae
783 878 1008 922 praesentibus
1027 878 1119 911 adbi-

364 932 508 969 beretur,
536 932 560 964 si
582 932 687 964 forent
707 932 864 965 exhibitae
889 932 937 965 vel
957 937 1116 965 ostensae.

407 985 493 1018 Nulli
514 996 590 1027 ergo
611 990 689 1018 etc..

406 1039 520 1071 Datum
542 1039 660 1071 Romae
685 1039 770 1082 apud
792 1039 945 1072 Sanctum
969 1039 1115 1079 Petrum,

363 1103 447 1125 anno
473 1093 704 1126 lncarnationis
729 1092 912 1125 dominicae
944 1092 1115 1125 millesimo

362 1146 620 1188 quingentesimo
641 1146 837 1189 sexagesimo
858 1151 957 1186 sexto,
980 1156 1033 1179 xnl
1059 1147 1115 1179 lta-

363 1199 471 1231 lendas
491 1198 583 1239 maii,
610 1199 816 1243 pontificatus
848 1198 949 1231 nostri
984 1210 1068 1233 anno
1092 1210 1113 1232 1.

406 1256 463 1286 Dat.
480 1256 527 1286 die
544 1257 580 1286 110
600 1257 702 1295 aprilis
723 1257 812 1293 1566,
833 1257 934 1295 pontif.
952 1266 1029 1287 anno
1047 1267 1065 1287 t.

715 1425 763 1458 xl.

361 1501 483 1534 Contra
503 1501 711 1544 impedientes
735 1506 791 1534 aut
812 1512 877 1534 non
896 1502 1114 1535 subvenientes

401 1556 513 1587 nautis
537 1560 565 1588 et
582 1556 657 1588 aliis
681 1555 893 1598 nuufraqium
913 1557 1114 1599 patientibus

403 1609 438 1640 in
459 1609 534 1641 locis
548 1608 582 1642 S.
601 1609 641 1641 R.
663 1609 705 1641 E.
725 1609 864 1641 mediate
878 1613 907 1641 et
929 1610 1114 1642 inmtcdz'ute

401 1662 560 1702 subiectis,
596 1662 811 1705 honoriumque
839 1662 1114 1706 naiasiuymztiztm

402 1719 615 1757 occupatores,
629 1719 658 1747 et
671 1715 918 1748 communitates
928 1726 964 1748 ae
979 1716 1113 1749 barones

403 1768 589 1800 etdomtnsos
613 1778 662 1800 eos
682 1779 747 1801 non
768 1769 930 1811 capientes
950 1769 977 1802 1.

473 1848 535 1877 Pius
549 1849 621 1884 Papa
640 1849 669 1880 V.
691 1850 766 1877 motu
784 1849 905 1884 proprio.
922 1850 976 1879 etc.

400 1919 480 1953 Cum
501 1919 594 1952 nobis
614 1930 650 1952 ex
668 1925 758 1964 parte
779 1920 887 1953 dilecti
908 1921 965 1953 filii
986 1920 1111 1953 Martini

356 1973 395 2006 de
426 1973 522 2018 Ayala
548 1973 668 2006 Romae
698 1973 940 2014 commorantis,
958 1975 1110 2015 consulis,

356 2027 548 2070 protectoris
568 2032 599 2060 et
619 2026 797 2060 defensoris
812 2037 848 2060 ac
864 2027 1022 2069 generalis
1039 2038 1112 2071 pro-

356 2082 515 2114 curatoris
535 2080 568 2112 in
593 2081 690 2113 rebus
716 2080 886 2113 maritimis
906 2086 936 2114 et
961 2092 1110 2114 mercan-

356 2133 465 2166 tilibus
481 2134 620 2167 nationis
638 2134 868 2179 Hispanorum,
885 2134 1110 2178 Neapolitano-

355 2197 428 2219 rum
449 2192 480 2220 et
498 2187 697 2228 Siculorum,
729 2186 1025 2229 Mediolanensium,
1057 2198 1109 2221 ee-

354 2245 565 2284 terorumque
577 2241 780 2274 subditorum
797 2240 953 2273 carissimi
970 2241 1001 2273 in
1017 2240 1109 2273 Chri-

354 2299 401 2327 sto
422 2293 480 2327 filii
501 2294 604 2327 nostri
630 2294 790 2338 Philippi,
816 2293 1045 2338 Hispaniarum
1073 2305 1109 2327 ac

392 2361 402 2386 ί
430 2360 583 2387 Generalem
608 2361 773 2387 sanctionem
800 2361 825 2386 in
845 2361 1021 2395 surripientes
1041 2361 1108 2388 bona

353 2403 557 2431 christianorum
585 2404 684 2439 ubique
711 2404 863 2439 naufragata
887 2405 968 2432 habes
989 2406 1013 2432 in
1039 2406 1108 2432 bulla

356 2448 498 2482 quotannis
519 2450 542 2474 in
564 2448 606 2475 die
625 2449 728 2476 Coenae
745 2449 849 2476 Domini
867 2449 916 2484 legi
935 2450 1021 2481 solita;
1048 2458 1108 2485 spe.-

354 2491 427 2518 cialis
445 2499 508 2518 vero
534 2500 582 2526 pro
614 2501 694 2527 regno
715 2493 864 2520 Britanniae
881 2494 978 2528 legitur
999 2495 1024 2520 in
1041 2502 1107 2521 con-

355 2536 493 2563 stitutione
509 2536 617 2563 Honorii
639 2538 670 2570 ll,
683 2538 851 2569 Cat-issimus,
863 2546 932 2573 quae
947 2539 972 2564 in
989 2539 1108 2574 Coequo-

355 2580 453 2607 liniano
464 2580 579 2607 Bullario
592 2581 677 2608 deest.
689 2581 898 2608 Auxiliatoribus
914 2585 1014 2613 autem,
1036 2583 1106 2618 quod

361 2624 476 2651 debonis
487 2625 892 2660 recuperatisdebeatur‚videre
902 2628 977 2654 estin
987 2628 1056 2654 Pauli
1073 2628 1109 2655 111

354 2669 542 2696 constitutione
557 2677 601 2702 ιν,
621 2670 786 2703 Accepimus,
809 2674 873 2698 tom.
894 2679 934 2704 Vt,
954 2680 1012 2708 pag.
1037 2672 1100 2699 574.

975 293 1154 319 BULLARIUM
1178 294 1331 317 ROMANUM

1168 346 1336 388 utriusque
1361 345 1489 379 Siciliae
1514 350 1571 379 ete.
1595 345 1678 389 regis
1698 344 1860 385 catholici,
1882 345 1915 377 in

1168 398 1253 430 alma
1271 398 1356 431 Urbe
1390 403 1497 431 nostra
1531 409 1568 431 ac
1601 398 1689 442 Ripis
1719 403 1749 432 et
1775 399 1922 442 portibus

1168 456 1326 484 terrarum
1354 457 1384 484 et
1410 453 1557 484 locorum
1584 454 1614 485 S.
1646 452 1682 484 R.
1701 452 1734 484 Ε.
1759 452 1920 485 subiecto-

1167 515 1252 543 rum,
1269 504 1447 547 expositum
1473 504 1580 544 fuerit,
1603 514 1667 537 non
1695 503 1762 537 sine
1783 504 1920 537 maxima

1167 562 1277 590 nostra
1297 557 1512 601 displicentia,
1540 557 1627 600 quod
1651 557 1818 590 retroactis
1839 562 1920 590 tem-

1167 610 1313 654 poribus,
1336 621 1411 643 eum
1433 610 1570 644 maximo
1591 611 1708 643 damno
1729 615 1759 644 et
1773 610 1919 654 periculo

1166 663 1359 696 miserorum
1371 669 1543 697 nautarum
1560 670 1591 697 et
1605 664 1763 697 mercium
1775 663 1918 697 eonduc-

1165 723 1283 756 t0rum‚
1305 728 1399 750 naves
1420 723 1450 750 et
1470 717 1594 757 navilia,
1606 717 1737 750 diversis
1757 717 1920 751 mercibus

1164 775 1295 807 onusta,
1324 775 1456 814 propter
1494 770 1591 803 maris
1628 770 1841 803 infortunium
1884 771 1917 803 in

1164 823 1256 856 dictis
1277 823 1435 866 portibus,
1466 824 1640 867 fugamque
1665 824 1704 856 ab
1730 823 1915 856 infidelibus

1163 882 1194 909 et
1213 876 1283 909 aliis
1304 876 1441 910 inimicis
1460 883 1635 921 arreptam,
1663 877 1779 910 aliosve
1812 876 1916 921 inopi-

1161 935 1253 962 natos
1282 940 1386 970 casus,
1414 931 1454 963 ob
1479 940 1560 973 quos
1593 931 1741 963 nonnulli
1765 940 1861 963 naves
1885 935 1916 963 et

1162 983 1276 1016 navilia
1296 982 1510 1017 deseruerunt
1535 988 1565 1016 et
1584 983 1623 1016 ab
1643 984 1833 1017 eorumdem
1853 983 1915 1016 ini-

1161 1035 1320 1069 micorum
1339 1038 1508 1070 conatibus
1522 1031 1605 1070 'evasi
1622 1036 1764 1078 fuorunt,
1783 1047 1915 1070 eorum-

1160 1100 1223 1133 que
1247 1100 1416 1133 personas,
1437 1090 1572 1123 navibus
1592 1095 1623 1123 et
1642 1090 1806 1123 mercibus
1820 1090 1853 1123 in
1868 1090 1915 1123 eis

1160 1143 1329 1176 conductis
1349 1143 1486 1183 omissis,
1508 1144 1539 1176 in
1561 1149 1658 1184 terra,
1681 1143 1800 1187 aliique
1820 1143 1914 1187 periti

1160 1196 1192 1228 in
1209 1196 1302 1237 mari‘,
1317 1197 1417 1229 salvas
1437 1196 1627 1238 effecerunt,
1645 1197 1814 1239 naufragia
1829 1199 1913 1241 passi

1158 1249 1278 1281 fuerint
1306 1250 1337 1282 in
1359 1250 1518 1293 portibus,
1545 1250 1647 1294 plagis
1674 1255 1705 1283 et
1729 1249 1808 1293 ripis
1827 1251 1915 1285 loco-

1158 1313 1230 1335 rum
1247 1302 1486 1336 maritimorum
1503 1303 1726 1347 praedictaeS.
1738 1303 1772 1336 R.
1786 1303 1834 1344 E.‚
1846 1314 1912 1338 non

1157 1355 1225 1388 sine
1247 1356 1386 1389 maximo
1407 1357 1524 1390 damno
1545 1362 1758 1401 patronorum
1778 1357 1913 1391 navilio-

1157 1420 1230 1442 rum
1241 1414 1271 1441 et
1286 1409 1414 1442 navium
1435 1410 1687 1454 praedictarum,
1701 1421 1738 1443 ac
1754 1410 1913 1444 mercium

1157 1462 1406 1502 conductarum,
1430 1468 1459 1496 et
1475 1463 1668 1496 detrimento
1697 1468 1857 1497 terrarum
1883 1468 1914 1497 et

1156 1516 1304 1548 locorum
1325 1516 1427 1549 dietae
1439 1516 1470 1550 S.
1485 1516 1520 1549 R.
1536 1516 1586 1557 E.‚
1604 1516 1643 1552 ad
1664 1527 1746 1559 quae
1767 1517 1912 1561 praedio-

1156 1574 1205 1601 tac
1232 1579 1327 1601 naves
1355 1574 1385 1602 et
1414 1569 1530 1602 navili'a
1559 1580 1633 1602 cum
1659 1570 1725 1603 suis
1749 1570 1913 1604 mercibus

1155 1621 1341 1666 saepissime
1361 1622 1545 1664 tendebant,
1568 1629 1599 1656 et
1617 1623 1734 1656 ibidem
1751 1623 1784 1656 in
1812 1624 1912 1658 bene-

1155 1675 1229 1708 ficio
1247 1680 1277 1708 et
1287 1675 1484 1709 abundantia
1500 1676 1644 1720 ipsarum
1662 1682 1825 1710 terrarum
1856 1689 1910 1711 ex-

1155 1729 1305 1772 ponenda
1322 1734 1432 1769 erant3
1449 1734 1480 1762 et
1491 1731 1590 1772 quod,
1601 1730 1850 1764 occurrentibus
1869 1731 1908 1772 ad

1154 1782 1226 1814 loca
1254 1781 1417 1825 praedicta
1453 1782 1560 1815 nautis
1584 1787 1614 1816 et
1652 1783 1907 1818 condtwtoribus

1154 1834 1314 1868 mercium
1334 1835 1552 1879 praefatarum
1573 1846 1632 1880 pro
1659 1837 1761 1870 salute
1795 1848 1909 1871 eorum

1154 1898 1282 1921 necnon
1297 1888 1426 1921 navium
1447 1894 1478 1922 et
1493 1889 1651 1923 mercium
1668 1890 1812 1934 ipsarum
1828 1901 1909 1924 nan-

1154 1941 1314 1982 ciscenda,
1329 1942 1546 1976 existimantes
1558 1953 1590 1976 se
1610 1954 1743 1976 securos
1759 1955 1840 1985 esse,
1858 1955 1910 1978 ex-

1154 2000 1317 2039 pectantes
1333 1995 1416 2029 inter
1431 1997 1623 2030 christianos
1644 2002 1674 2030 et
1689 1997 1810 2031 amieos
1830 2009 1909 2032 con-

1153 2048 1243 2092 sequi
1264 2059 1359 2092 opem
1381 2055 1411 2082 et
1430 2051 1569 2083 favorem
1592 2051 1729 2084 fratrum
1752 2052 1908 2085 amicabi-

1152 2103 1229 2142 lem,
1252 2108 1349 2146 pront
1365 2103 1445 2137 ratio
1466 2109 1497 2137 et
1516 2104 1660 2146 aequitas
1681 2105 1711 2137 id
1733 2105 1908 2148 postulant,

1152 2161 1183 2189 et
1202 2162 1299 2199 prout
1328 2156 1360 2188 in
1380 2157 1450 2189 aliis
1469 2157 1548 2190 locis
1569 2158 1601 2190 in
1622 2158 1781 2191 similibus
1806 2158 1908 2192 infor-

1153 2209 1251 2243 tuniis
1272 2209 1318 2249 fit,
1341 2220 1400 2253 per
1419 2210 1580 2244 dictorum
1611 2211 1758 2244 locorum
1783 2212 1908 2249 mariti-

1152 2273 1280 2295 morum
1301 2263 1424 2296 incolas
1444 2269 1475 2296 et
1490 2264 1662 2297 abitatores
1682 2275 1719 2297 ac
1739 2264 1904 2307 officiales,

1151 2326 1216 2350 non
1236 2316 1341 2349 solum
1358 2327 1456 2360 penes
1477 2327 1531 2350 eos
1550 2328 1615 2350 non
1631 2317 1837 2361 reperierunt
1850 2329 1907 2352 au-

1150 2369 1263 2401 xilium
1280 2369 1472 2412 praefatum,
1491 2370 1671 2414 quinimmo
1689 2370 1793 2408 maius
1807 2371 1906 2416 impe—

1151 2422 1342 2463 dimentum,
1361 2424 1447 2467 quia,
1469 2429 1582 2457 contra
1593 2434 1688 2457 omne
1700 2424 1750 2458 ius
1761 2424 1904 2458 divinum

1151 2476 1180 2504 et
1200 2471 1390 2513 humanum,
1408 2472 1554 2506 addendo
1574 2474 1690 2506 talibus
1699 2473 1903 2516 naufragium

1151 2520 1345 2562 patientibus
1378 2521 1532 2554 damnum
1566 2522 1684 2554 damno
1717 2527 1748 2554 et
1779 2521 1905 2556 afflictis

1149 2568 1367 2609 affiictionem,
1402 2580 1476 2603 cum
1510 2570 1647 2603 maxima
1670 2569 1725 2603 Dei
1745 2575 1776 2603 et
1794 2575 1904 2604 nostra

1149 2627 1185 2649 ac
1206 2617 1343 2660 proximi
1376 2618 1509 2660 offensa,
1537 2619 1577 2651 ab
1602 2618 1721 2651 eisdem
1747 2618 1904 2653 habitato-

1148 2664 1238 2699 ribus
1254 2671 1283 2699 et
1303 2666 1494 2700 officialibus
1508 2672 1667 2700 terrarum
1684 2666 1902 2710 praefatarum

1940 289 1992 316 An.
2009 290 2038 318 C.
2057 291 2126 318 ¹566
