2237 3100
14 268 62 296 An.
81 270 109 297 C.
131 269 197 296 ¹570

90 1889 207 1915 Propterea

23 1920 120 1942 renutu
137 1921 207 1941 decla-

22 1956 55 1974 rnt
69 1952 162 1973 fabricae
172 1952 207 1973 de·

23 1986 108 2010 putatos
125 1989 207 2009 cogno-

23 2021 85 2036 κει-ε
107 2020 170 2042 pono
186 2020 208 2035 o·

23 2052 83 2067 mnes
130 2052 206 2067 cauus

23 2078 163 2099 ecclesiarum
187 2080 209 2098 et

23 2109 117 2130 locorum
133 2114 208 2130 exeni-

23 2144 106 2168 plorum
118 2147 129 2161 a
147 2141 209 2161 iuris-

24 2173 117 2193 dictione
126 2173 208 2194 ordina-

24 2205 102 2226 riorum
123 2212 128 2231 ;

901 266 969 289 PIUS
994 267 1011 289 V
1032 266 1080 289 PP.

212 320 416 364 deputandis,
437 320 655 353 concessimus
676 324 703 352 et
726 319 963 353 indulsimusut

212 384 324 408 omnes
344 379 375 407 et
394 373 536 416 singulas
556 385 592 407 ac
612 384 834 417 quascumque
848 373 967 407 alicna-

212 427 316 461 tiones
354 433 386 460 et
423 427 649 461 concessiones
681 438 965 470 quorumcumspie

211 480 374 514 bonorum
395 481 702 519 ecclesiasticorum,
729 481 826 513 factas
858 486 885 513 ct
920 481 965 512 fa-

212 534 354 574 ciendas,
371 533 505 567 civitatis
525 540 556 567 ct
576 533 731 566 dioecesis
744 533 966 572 Bononiensis,

213 593 244 621 et
264 587 393 620 illarum
416 598 546 620 causam
567 592 597 620 et
618 597 730 620 causas
743 587 921 620 reviderent
938 593 967 619 et

213 646 449 683 cognoscerent
467 640 656 680 summarie,
672 640 865 683 simpliciter
885 646 912 673 et
929 641 968 674 tle

213 694 324 738 plano,
347 704 384 726 ac
404 693 471 726 sola
502 693 576 726 sacti
606 692 739 726 veritate
760 693 916 736 inspecta,
940 700 967 727 ct

214 747 247 779 in
266 746 330 779 illis
349 757 433 790 quae
447 746 694 779 constitutiones
707 746 808 779 felicis
822 747 969 780 recorda-

214 800 310 834 tionis
335 799 519 844 Symmachi
540 800 674 833 secundi
707 806 738 833 ct,
756 800 846 833 Pauli
874 801 969 834 etiam

214 853 362 894 secundi,
378 853 601 886 Romanorum
622 853 817 887 Pontificum
838 854 971 897 praede-

216 918 380 942 cessorum
401 912 588 940 nostrorum
606 932 613 947 ‚
637 912 665 939 et
687 906 719 939 in
741 907 896 939 damnum
918 919 971 940 ec-

216 962 402 1001 clesiarum,
426 960 701 994 monasteriorum
723 966 751 994 et
774 960 903 1004 piorum
923 961 972 994 lo-

216 1026 329 1050 corum
350 1015 431 1048 sacta
452 1013 550 1047 fuisse
570 1015 816 1057 comperissent,
840 1015 974 1058 praeha-

216 1069 283 1102 bita
302 1079 401 1112 super
421 1068 497 1101 inde
517 1078 662 1111 congrua
688 1067 858 1107 revisione,
881 1067 973 1101 adhi-

216 1122 358 1166 bitisque
378 1121 532 1165 legitimis
564 1121 834 1165 probationibus,
858 1132 973 1165 proce-

217 1176 345 1216 derent,
368 1181 399 1208 et
431 1181 530 1219 prout
560 1174 639 1207 iuris
670 1175 754 1208 foret
788 1174 972 1208 deciderent

217 1234 249 1263 et
263 1229 325 1262 alia
344 1230 500 1269 facerent,
523 1234 621 1272 prout
640 1228 672 1261 in
693 1228 799 1262 edicto
819 1228 976 1261 ctlitteris

218 1282 370 1327 praefatis
389 1282 518 1326 plenius
539 1282 737 1322 continetur;
759 1292 898 1326 quarum
923 1282 975 1315 lit-

218 1342 361 1370 terarum
382 1335 491 1380 vigore
522 1336 611 1368 aliud
643 1335 785 1368 edictum
815 1346 914 1378 super
933 1336 975 1368 si-

218 1389 351 1423 milibus
371 1390 573 1433 publicatum
595 1389 715 1429 extitit,
739 1388 858 1431 quibus
889 1388 976 1432 ipsae

218 1453 375 1488 personae
396 1443 642 1483 ecclesiasticae,
663 1448 699 1475 ut
723 1442 827 1483 decet,
851 1443 976 1475 obtem-

219 1502 380 1541 perante&
395 1496 496 1530 dictas
516 1495 788 1529 denunciationes
809 1495 841 1528 in
863 1506 977 1529 corum

219 1550 327 1585 officio
348 1551 554 1591 detulerunt,
588 1556 619 1583 et
649 1556 685 1583 ut
716 1550 976 1583 commissarium

218 1605 399 1650 praefatum
425 1604 638 1645 deluderent,
666 1604 802 1648 praefati
833 1604 978 1648 deputati

219 1658 259 1692 ab
280 1657 386 1691 edicto
406 1668 465 1702 per
484 1657 637 1691 eumdem
658 1657 917 1691 commissarium
932 1658 978 1690 fa-

220 1717 271 1746 cto
291 1712 511 1756 appellarunt,
527 1716 558 1744 et
571 1711 679 1755 ipsum
699 1711 812 1744 sercin
827 1711 979 1745 omnibus

220 1766 324 1800 causis
344 1765 495 1810 praefatis
514 1770 754 1809 praevenerunt.

264 1820 322 1865 §4
340 1820 415 1861 Nos,
438 1819 638 1854 attendentes
659 1819 855 1864 praemissa,
882 1824 981 1863 prout

221 1875 255 1908 in
276 1874 402 1908 civitate
423 1874 619 1908 Bononiensi
647 1874 805 1907 hactenus
829 1883 980 1907 occurre-

222 1934 310 1969 runt,
338 1929 436 1961 etiam
454 1928 487 1960 in
507 1928 618 1960 multis
647 1927 717 1960 aliis
744 1927 925 1960 civitatibus
951 1933 981 1961 et

222 1981 419 2015 dioecesibus
435 1981 532 2015 simili
547 1981 595 2014 vel
612 1981 676 2014 alio
693 1980 789 2013 modo
806 1991 980 2014 occurrere

222 2046 335 2080 posse,
358 2040 388 2068 et
408 2035 433 2068 si
454 2035 597 2079 praefata
621 2034 745 2067 fabrica
771 2034 816 2067 sic
841 2034 980 2079 impedi-

223 2094 324 2131 retur,
338 2090 400 2122 hoc
411 2099 477 2122 non
488 2088 556 2122 sine
567 2088 654 2132 gravi
666 2087 768 2131 ipsius
787 2088 980 2122 detrimento

223 2143 400 2177 succedere
433 2153 544 2187 posse3
565 2143 774 2186 volentesque
809 2147 981 2186 propterea

224 2197 370 2231 eiusdem
398 2196 539 2230 fabricae
563 2196 694 2229 utilitati
724 2196 912 2237 consulere,
945 2207 981 2229 ac

225 2251 407 2285 edictorum
428 2256 460 2284 et
478 2251 661 2284 litterarum
682 2255 869 2283 nostrarum
885 2261 980 2295 prae-

225 2307 363 2339 fatarum
379 2310 508 2339 tenores
523 2304 672 2338 similiter
684 2305 908 2348 praesentibus
924 2316 982 2349 pro

225 2360 384 2404 expressis
404 2359 571 2399 babentes,
594 2363 684 2391 motu
701 2363 731 2391 et
746 2358 880 2391 scientia
896 2358 983 2391 simi-

226 2413 329 2454 libus,
361 2412 511 2455 coHegio,
544 2412 725 2456 deputatis,
757 2412 980 2453 auditoribus,

227 2462 458 2496 commissariis
479 2466 510 2495 et
535 2460 691 2494 ministris
719 2461 861 2494 fabricae
887 2472 982 2505 prae·

227 2513 321 2553 fatae,
344 2517 380 2544 ut
400 2511 461 2556 ipsi
475 2511 508 2544 in
520 2510 672 2544 omnibus
687 2515 718 2544 et
731 2510 867 2554 singulis
879 2511 984 2545 causis

227 2561 512 2601 monasteriorum,
528 2560 744 2601 abbatiarum,
763 2560 981 2604 prioratuum,

228 2610 401 2644 domorum
431 2616 462 2643 et
489 2610 629 2643 aliorum
655 2615 892 2653 exemptorum,
924 2609 983 2642 sub

228 2658 453 2702 iurisdictione
472 2658 639 2693 ordinaria
653 2669 719 2692 non
735 2658 985 2703 comprehenso-

1657 255 1721 290 853

1007 331 1093 361 rum,
1115 329 1242 353 necnon
1269 319 1351 360 aliis,
1383 319 1414 352 in
1444 318 1563 362 quibus
1592 328 1766 363 processus

1008 374 1153 407 nondum
1170 378 1216 406 est.
1232 373 1421 412 instructus,
1435 372 1531 405 etiam
1542 372 1607 405 siin
1624 373 1670 406 eis
1679 373 1766 406 ordi-

1008 427 1117 459 narius
1124 427 1240 460 virtute
1251 427 1433 459 litterarum
1443 431 1626 458 nostrarum
1638 426 1687 459 vel
1697 426 1766 470 ipsa

1009 480 1173 513 ordinaria
1189 480 1380 513 auctoritate
1392 479 1606 524 praevenerit,
1624 479 1721 513 modo
1738 486 1765 513 et

1011 536 1124 574 forma,
1153 534 1271 577 quibus
1300 544 1358 577 per
1386 531 1546 577 praefatas
1565 532 1686 566 litteras
1719 534 1767 566 vel

1011 587 1088 619 alias
1115 597 1305 620 concessum
1331 586 1455 628 existit,
1480 586 1675 629 procedendi
1701 597 1769 620 eas-

1011 651 1073 684 que
1086 640 1302 683 cognoscendi
1318 646 1348 673 et
1363 641 1426 673 fine
1440 640 1547 673 debito
1558 640 1766 680 terminandi,

1012 694 1147 727 liberam
1161 700 1189 727 ct
1206 695 1347 737 amplam
1360 694 1546 727 facultatem
1559 694 1770 727 concedimus

1012 758 1071 791 per
1090 752 1287 790 praesentes

1058 802 1072 844 ξ
1089 801 1119 834 5.
1142 801 1324 842 Praeterea,
1341 811 1414 833 cum
1431 811 1489 845 per
1504 801 1625 834 litteras
1645 805 1770 835 nostras

1015 854 1174 898 praefatas
1186 854 1305 887 eisdem
1322 854 1460 898 collegio
1476 859 1506 888 et
1517 854 1677 898 deputatis
1694 865 1770 888 con-

1015 907 1207 940 cesserimus
1235 907 1418 940 facultatem
1447 907 1582 950 cogendi
1610 907 1771 951 quaslibet

1015 971 1170 1005 personas
1190 960 1229 992 ad
1249 960 1484 993 restituendum
1504 960 1602 1001 bona,
1625 961 1771 1004 proprie-

1015 1019 1094 1047 tates
1110 1019 1141 1047 et
1156 1014 1301 1046 redditus
1314 1014 1598 1055 monasteriorum,
1617 1014 1770 1048 ecclesia-

1016 1078 1102 1108 rum,
1121 1067 1369 1107 beneficiorum,
1391 1067 1563 1100 domorum
1590 1072 1621 1100 et
1640 1068 1769 1112 piorum

1016 1122 1182 1161 locorum,
1213 1127 1246 1154 ut
1276 1120 1510 1164 praemittitur,
1538 1121 1676 1154 alienata
1710 1121 1772 1154 sive

1017 1175 1145 1207 detenta
1166 1180 1196 1207 et
1215 1180 1385 1218 occupata,
1404 1185 1468 1207 una
1486 1185 1559 1207 cum
1577 1185 1690 1207 eorum
1708 1175 1773 1208 fru-

1017 1228 1123 1261 ctibus
1143 1239 1201 1272 per
1224 1238 1425 1271 possessores
1445 1233 1475 1261 et
1495 1228 1573 1261 alios
1604 1228 1773 1272 perceptis,

1018 1287 1049 1314 et
1068 1282 1106 1315 de
1121 1281 1206 1314 facili
1220 1281 1347 1315 evenire
1363 1286 1469 1325 posset
1481 1287 1513 1314 ut
1529 1282 1688 1325 plurimae
1700 1292 1774 1326 per-

1019 1345 1128 1376 sonae,
1151 1346 1234 1379 quae
1256 1346 1313 1378 per
1333 1335 1452 1368 multos
1477 1345 1578 1368 annos
1603 1335 1671 1378 ipsa
1690 1335 1776 1368 bona

1019 1389 1245 1433 possederunt,
1269 1389 1352 1422 etin
1381 1388 1427 1421 eis
1456 1388 1597 1432 plurima
1627 1389 1776 1422 meliora-

1020 1448 1126 1476 menta
1148 1443 1306 1483 fecerunt,
1329 1453 1368 1476 ne
1388 1442 1482 1475 bonis
1502 1442 1579 1486 ipsis
1599 1442 1775 1487 priventur,

1020 1508 1173 1538 canones,
1193 1507 1321 1537 censttS,
1342 1496 1497 1538 redditus,
1512 1507 1594 1540 quac
1609 1507 1668 1540 pro
1683 1496 1777 1530 bonis

1020 1552 1098 1595 ipsis
1118 1552 1253 1592 solvunt,
1275 1556 1432 1595 cuperent
1452 1561 1583 1593 augere,
1607 1550 1648 1583 ita
1668 1555 1704 1583 ut
1724 1561 1776 1584 ce-

1020 1605 1133 1638 derent
1163 1605 1195 1637 in
1221 1604 1400 1637 evidentem
1429 1603 1601 1637 utilitatem
1631 1603 1776 1648 ipsorum

1021 1658 1308 1698 monasteriorum,
1341 1657 1553 1691 ecclesiarum
1567 1683 1574 1697 ,
1606 1656 1777 1691 beneficio-

1022 1723 1112 1753 rum,
1135 1712 1322 1753 domorum,
1349 1712 1558 1755 hospitalium
1580 1716 1610 1744 et
1630 1712 1777 1745 locorum

1022 1767 1162 1811 piorum.
1179 1766 1306 1809 Aliique
1320 1771 1407 1799 tanta
1423 1771 1651 1809 premerentur
1669 1775 1781 1799 neces-

1022 1821 1126 1861 sitate,
1147 1825 1182 1853 ut
1202 1820 1292 1864 ipsis,
1311 1820 1350 1853 de
1361 1819 1520 1853 fructibus
1535 1830 1593 1864 per
1613 1830 1667 1852 eos
1683 1825 1713 1852 ct
1729 1830 1781 1853 eo-

1022 1885 1095 1907 rum
1112 1880 1334 1907 antecessores
1353 1879 1384 1906 et
1399 1873 1478 1907 alias
1495 1883 1650 1916 personas
1666 1884 1780 1917 perce-

1022 1928 1095 1972 ptis,
1120 1928 1246 1971 integre
1276 1927 1492 1961 satisfaciendi
1524 1927 1615 1960 nulla
1644 1926 1779 1961 sufficiat

1023 1982 1170 2022 facultas,
1192 1992 1435 2025 onerosumque
1458 1981 1504 2014 eis
1525 1980 1658 2014 omnino
1675 1980 1782 2014 videa-

1022 2041 1085 2076 tur,
1107 2046 1181 2068 cum
1203 2035 1264 2079 ipsi
1286 2036 1393 2069 forsan
1409 2035 1513 2068 bonae
1529 2034 1604 2068 fidei
1621 2044 1782 2078 possesso-

1023 2100 1074 2123 res
1094 2089 1226 2130 suerint‚
1249 2090 1347 2122 talem
1367 2099 1527 2122 summam
1548 2088 1681 2122 solvere.
1705 2088 1779 2129 Nos,

1023 2154 1122 2187 super
1133 2143 1319 2188 praemissis
1334 2148 1468 2187 paterna
1484 2143 1601 2187 pietate
1614 2141 1781 2186 providere

1024 2198 1202 2242 cupientes,
1224 2198 1374 2231 volumus
1389 2197 1563 2239 collegium
1573 2201 1603 2229 et
1613 2195 1783 2240 deputatos

1024 2252 1185 2297 praefatos
1198 2252 1333 2295 eiusque
1349 2250 1600 2290 commissarios,
1618 2250 1783 2283 auditores

1024 2311 1055 2339 et
1074 2305 1251 2347 ministros,
1274 2310 1447 2350 postquam
1468 2304 1631 2337 bonorum
1657 2308 1780 2348 partem

1025 2359 1163 2393 debitam
1179 2358 1380 2399 huiusmodi,
1400 2358 1487 2391 iuxta
1507 2358 1645 2390 sormam
1661 2357 1782 2391 littera-

1025 2424 1097 2446 rum
1109 2419 1306 2454 nostrarum,
1325 2411 1539 2452 monasteriis,
1554 2411 1712 2452 ecclesiis,
1723 2411 1781 2444 do-

1025 2462 1143 2503 mibus,
1154 2463 1314 2507 capituliS‚
1323 2461 1533 2506 cappellaniS‚
1542 2460 1741 2494 beneficiatis
1753 2466 1783 2494 et

1025 2512 1087 2556 piis
1106 2512 1200 2553 locis,
1219 2512 1258 2545 ad
1279 2512 1329 2544 ius
1354 2516 1384 2545 et
1409 2511 1640 2555 proprietatem
1670 2521 1782 2543 mona-

1025 2561 1212 2602 steriorum,
1235 2559 1460 2600 ecclesiarum,
1482 2560 1668 2601 domorum,
1691 2560 1781 2604 capi-

1025 2611 1183 2653 tulorum,
1205 2615 1383 2650 rectorum,
1410 2609 1697 2653 cappellanorum,
1724 2608 1781 2643 be-

1025 2659 1219 2694 neficiorum
1246 2663 1277 2692 et
1295 2659 1426 2704 piorum
1447 2658 1616 2700 locorum,
1638 2668 1779 2704 quorum

1783 266 1832 292 Ᾰη.
1851 266 1879 291 C.
1900 266 1968 293 {570

1813 813 1883 833 Eidem
1900 812 1969 833 collo-

1786 846 1818 871 8ίο
1871 844 1971 865 concedit

1786 880 1839 900 hona
1870 880 1899 899 sic
1933 885 1970 904 pro

1787 911 1840 931 locis
1856 911 1895 937 ptis
1913 916 1971 930 recu-

1787 946 1867 970 perata,
1880 942 1904 962 de
1915 948 1971 961 novo

1789 975 1807 994 in
1851 974 1971 994 evidentem

1787 1006 1870 1025 illorum
1891 1004 1972 1024 uultui—

1788 1041 1829 1057 tem
1839 1038 1888 1056 dare
1900 1037 1919 1056 in
1931 1042 1972 1056 om-

1789 1069 1907 1094 phyteusim
1940 1067 1973 1087 vel

1787 1100 1811 1119 ud
1837 1100 1920 1120 tertium
1937 1104 1975 1124 ιο-

1789 1133 1923 1151 nerutionem
1938 1132 1974 1150 nn

1788 1161 1858 1185 nitier,
1874 1164 1896 1182 et
1911 1166 1975 1188 super

1789 1192 1891 1213 fructibus
1915 1198 1975 1212 com-

1790 1228 1881 1250 punem
