2237 3100
258 281 308 307 An.
325 281 352 308 C.
371 281 438 309 ¹563

284 394 349 415 Causa
359 397 440 417 consti-

259 426 352 446 iunonis.

261 1690 435 1712 lurisdictioean-

250 1723 349 1743 dinnlium
366 1729 434 1749 gene-

248 1754 322 1774 ratum
343 1756 434 1781 inquisi-

249 1787 316 1805 torum
347 1787 432 1812 proced.

249 1820 323 1836 contra
369 1824 433 1844 quos-

249 1853 349 1873 cumque,
381 1854 433 1874 qua-

249 1888 336 1909 eumque
369 1884 434 1908 digni-

250 1913 292 1932 tate
303 1913 433 1934 ecclei-msti-

249 1948 274 1962 ω
311 1945 431 1969 praeditos,

248 1973 376 1997 haereticos.
394 1979 412 1996 r!
425 1990 431 1996 .

498 274 562 309 250

498 337 513 380 ξ
537 337 563 370 l.
586 337 731 381 Cumque
752 349 809 371 nos
828 344 1010 382 propterea„
1034 345 1203 381 postquam

455 391 494 423 ad
514 392 631 424 summi
657 393 854 436 apostolatus
878 392 1020 435 apicem,
1043 392 1114 424 licet
1143 392 1201 424 im-

455 444 560 477 meriti
579 472 586 480 ,
628 445 733 477 divina
775 446 896 478 favente
942 445 1110 477 clementia
1152 457 1202 478 as-

454 498 571 543 sumpti
605 499 725 531 suimus
740 525 747 537 ,
782 498 885 530 statim
925 499 1039 531 mentis
1076 506 1202 532 nostrae

453 553 554 585 aciem
567 563 604 585 eo
616 551 838 590 direxerimus,
852 557 887 584 ut.
898 552 1076 585 haereticae
1098 554 1201 596 pravi-

453 606 524 637 tatis
549 605 692 648 undique
722 605 884 648 extirpatis
916 606 1101 647 erroribus,
1124 607 1203 640 fides

454 659 610 692 catholica
631 658 750 701 ubique
771 664 980 701 augmentum
1001 660 1153 704 suscipiat
1173 667 1199 694 ct

452 712 599 745 diffusius
609 711 831 756 protendatur;
850 712 1007 756 nihilque,
1025 715 1110 757 quod
1127 715 1202 748 huic

452 765 497 797 rei
518 766 725 809 profuturum
742 766 959 808 cognovimus,
976 769 1201 810 praetermise-

452 818 572 852 rimus:
603 824 634 852 et
654 818 876 857 nihilominus,
898 819 977 852 sicut
1000 831 1115 864 nuper,
1138 833 1203 855 non

452 872 518 905 sine
538 872 624 915 gravi
646 872 751 905 cordis
771 872 881 905 dolore
906 879 937 906 et
965 874 1063 906 animi
1085 876 1202 909 amari-

452 926 560 959 tudine
581 926 777 970 accepimus,
801 926 947 958 nonnulli
971 928 1102 970 praelati
1124 930 1201 963 etin

451 979 602 1021 dignitate
623 979 857 1019 ecclesiastica,
880 990 917 1012 ac
947 980 1120 1025 episcopali
1149 995 1201 1017 or-

450 1032 524 1066 dine
545 1033 720 1073 constituti,
744 1033 783 1065 ad
803 1043 894 1076 quos.
910 1034 1005 1066 veluti
1026 1034 1057 1067 in
1078 1042 1201 1079 partem

450 1086 675 1119 sollicitudinis
691 1091 818 1119 nostrae
840 1091 986 1125 vocatos,
1009 1089 1110 1131 magis
1130 1101 1201 1135 spe-

451 1145 550 1173 ctaret
580 1145 715 1179 ceteros,
747 1140 935 1183 praesertim
966 1151 1079 1175 eorum
1105 1155 1202 1178 curae

450 1193 597 1233 creditos,
618 1193 657 1226 ab
678 1194 844 1226 erroribus
864 1204 1012 1227 revocare
1033 1202 1064 1228 et
1092 1196 1124 1230 in
1144 1198 1202 1230 eis—

450 1247 521 1279 dem
538 1246 703 1280 erroribus
718 1247 925 1290 pertinaciter
941 1248 1145 1291 persistentes
1156 1251 1202 1284 in-

450 1300 551 1344 sequi,
561 1300 680 1333 nedum
701 1300 732 1332 in
754 1300 874 1333 similes
885 1311 1012 1334 errores
1024 1303 1202 1338 haereticos

449 1353 586 1396 graviter
602 1353 743 1398 prolapsi
763 1354 863 1393 fuere,
885 1354 938 1387 sed
960 1355 1055 1388 etiam
1077 1362 1201 1391 cetero-

450 1418 520 1440 rum
531 1407 768 1440 haereticorum
785 1407 936 1448 fautores,
948 1415 1165 1454 receptatores
1172 1417 1201 1445 et

449 1460 654 1494 auxiliatores
674 1460 824 1502 existunt,
843 1466 873 1494 et
884 1462 1018 1495 eandem
1034 1464 1130 1497 sidem
1148 1476 1200 1498 ca-

448 1513 614 1555 tholicam,
632 1513 725 1547 cuius
744 1514 929 1548 defensores
949 1526 1017 1549 esse
1037 1516 1200 1560 deberent,

448 1567 480 1600 in
501 1567 568 1601 dies
588 1578 777 1612 oppugnare
798 1579 863 1602 non
883 1574 1043 1603 verentur.

492 1620 558 1664 52.
581 1621 729 1655 Volentes
753 1621 850 1664 igitur
882 1622 959 1656 huic
994 1629 1056 1656 tam
1090 1626 1200 1668 perni—

449 1673 536 1707 cioso
557 1675 670 1708 morbo
689 1701 696 1715 ,
719 1680 815 1718 prout
839 1681 949 1708 nostro
975 1675 1132 1710 incumbit
1157 1679 1201 1712 os-

448 1727 522 1761 ficio
536 1754 544 1768 ,
566 1738 740 1761 occurrere
755 1755 762 1768 ‚
783 1739 820 1761 ac
841 1740 880 1762 ne
910 1730 1046 1763 ulterius
1071 1742 1201 1775 progre-

448 1781 566 1821 diatur,
589 1787 746 1825 quantum
766 1782 797 1814 in
818 1783 910 1816 nobis
930 1788 995 1824 est,
1018 1785 1198 1828 providere,

449 1840 538 1867 motu
554 1835 704 1879 proprio,
719 1846 776 1879 per
787 1837 961 1879 apostolica
977 1838 1095 1881 scripta
1110 1850 1200 1872 vene-

447 1888 604 1921 rabilibus
624 1889 775 1921 t'ratribus
794 1889 911 1922 nostris
932 1895 962 1923 et
981 1890 1106 1925 dilectis
1126 1893 1200 1926 filiis

448 1942 565 1975 nostris
595 1942 840 1987 inquisitoribus
869 1950 980 1977 contra
1005 1945 1198 1980 haereticam

448 1998 634 2041 pravitatem
655 1998 859 2041 generalibus
879 1999 911 2031 in
932 2000 1015 2033 alma
1037 2001 1119 2034 Urbe
1140 2012 1198 2035 no-

447 2057 511 2085 stra
530 2064 589 2097 pro
609 2058 755 2098 tempore
776 2053 1006 2095 residentibus,
1028 2056 1145 2098 quibus
1165 2061 1200 2090 ut

447 2114 559 2141 contra
579 2119 816 2152 quoscumque,
839 2109 934 2142 etiam
960 2110 1134 2155 episcopali
1161 2123 1198 2146 ac

445 2173 653 2207 quacumque
673 2164 744 2204 alia,
756 2163 850 2197 etiam
873 2164 1098 2206 cardinalatus,
1109 2177 1198 2210 prae-

446 2217 528 2250 ditos
561 2217 722 2260 dignitate,
756 2218 932 2262 procedere
967 2219 1104 2262 possint,
1140 2232 1198 2265 per

445 2271 523 2304 alias
542 2277 667 2305 nostras
691 2272 895 2312 indulsimus,
918 2278 1028 2306 tenore
1050 2284 1198 2316 praesen-

447 2325 542 2365 tium,
566 2325 798 2359 committimus
818 2332 845 2359 et
869 2327 1058 2364 mandamus
1078 2334 1113 2360 ut.
1127 2340 1196 2361 om-

446 2389 502 2411 nes
535 2384 565 2411 et
592 2380 735 2422 singulos
763 2380 941 2414 haereticos
965 2387 996 2414 et
1019 2381 1196 2416 haeretico-

445 2443 517 2465 rum
538 2434 689 2473 fautores,
712 2440 928 2478 receptatores
943 2441 973 2468 et.
992 2436 1195 2470 auxiliatores

447 2483 640 2527 praedictos,
662 2484 700 2517 de
721 2484 906 2517 huiusmodi
928 2485 1117 2518 criminibus
1138 2486 1196 2519 dif-

445 2532 598 2571 famatos,
622 2532 653 2564 in
674 2533 845 2576 provinciis
865 2539 893 2565 et
916 2534 1003 2573 locis,
1025 2534 1055 2566 in
1077 2535 1194 2578 quibus

446 2581 623 2613 Lutherana
646 2587 728 2614 secta
764 2582 914 2618 invaluit,
938 2589 1190 2624 commorantes,

445 2630 482 2663 ad
509 2641 600 2673 quos,
620 2631 660 2663 ob
687 2631 829 2675 ipsorum
860 2633 1095 2666 baereticorum
1130 2635 1193 2667 sre-

445 2678 625 2724 quenfflam,
653 2680 815 2714 notorium
844 2687 889 2715 est
917 2687 1021 2715 tutum
1050 2694 1106 2716 seu
1132 2684 1192 2717 sal-

1048 286 1226 310 BULLARIUM
1250 286 1401 310 ROMANUM

1246 344 1310 371 tem
1326 339 1463 371 liberum
1479 348 1543 371 non
1559 341 1667 381 patere
1684 347 1860 377 accessum,
1872 337 1994 371 etiamsi

1247 391 1446 435 episcopali,
1473 391 1759 436 archiepiscopali,
1789 391 1994 436 patriarchali

1246 450 1275 477 et
1296 444 1356 476 alia
1376 444 1696 487 quacumque‚etiam
1707 445 1930 484 cardinalatus,
1946 444 1994 477 di-

1245 498 1363 541 gnitate
1384 499 1623 542 praefnlgeant,
1646 499 1742 532 nullis
1766 499 1836 532 aliis
1856 500 1996 543 desuper

1246 552 1361 584 habitis
1381 563 1479 596 super
1499 563 1563 585 non
1579 557 1646 586 tuto
1665 553 1713 585 vel
1740 563 1805 586 non
1825 553 1926 586 libero
1947 564 1996 586 ac-

1246 616 1337 638 cessu
1362 605 1549 638 huiusmodi
1585 605 1866 639 informationibus
1885 606 1996 649 (rece-

1246 659 1306 702 ptis
1327 664 1433 691 tamen
1454 659 1628 692 summarie
1653 665 1683 692 et
1705 659 1995 700 extraiudicialiter,

1245 717 1402 754 quantum
1448 712 1524 756 ipsis
1566 712 1811 755 inquisitoribus
1848 713 1996 747 sufficere

1245 765 1424 806 videbitur,
1447 766 1537 810 prius
1553 766 1709 809 indiciis),
1731 766 1825 799 etiam
1852 777 1910 810 per
1928 766 1996 800 edi-

1246 823 1333 851 ctum
1354 819 1385 851 in
1406 819 1502 851 valvis
1529 819 1638 863 palatii
1667 819 1763 852 officii
1792 824 1919 852 sanctae
1944 819 1995 852 In-

1245 871 1426 914 quisitionis
1442 877 1473 905 et
1487 872 1638 905 basilicae
1653 872 1811 916 Principis
1830 873 1996 916 Apostolo-

1245 935 1318 957 rum
1346 925 1385 958 de
1414 925 1515 965 Urbe,
1538 936 1575 957 ac
1605 925 1637 957 in
1657 924 1855 958 Cancellaria
1888 931 1996 960 nostra

1245 978 1428 1022 Apostolica
1455 984 1485 1011 et
1510 979 1577 1011 acie
1599 979 1709 1022 Campi
1738 980 1851 1013 Florae
1870 984 1995 1013 tantum

1245 1043 1303 1076 per
1322 1043 1424 1065 unum
1441 1043 1477 1065 ex
1493 1032 1609 1066 nostris
1625 1032 1822 1074 cursoribus,
1837 1033 1885 1067 vel
1900 1033 1995 1067 etiam

1245 1085 1277 1118 in
1297 1085 1376 1119 locis
1396 1086 1539 1119 finitimis
1566 1092 1726 1119 terrarum
1753 1087 1785 1119 in
1809 1086 1898 1120 ltalia
1918 1098 1995 1121 con-

1245 1139 1436 1180 sistentium,
1452 1140 1543 1173 nobis
1563 1145 1594 1173 et
1613 1140 1717 1173 eidem
1734 1145 1862 1174 sanctae
1882 1141 1997 1175 Roma-

1245 1204 1304 1226 nae
1324 1194 1484 1227 Ecclesiae
1505 1193 1688 1227 immediate
1709 1194 1878 1235 subiectis,
1899 1201 1996 1239 prout

1245 1247 1320 1291 ipsis
1340 1247 1584 1291 inquisitoribus
1607 1247 1709 1281 visum
1730 1247 1844 1288 fuerit,
1863 1248 1994 1292 affigen-

1244 1301 1321 1333 dum
1342 1307 1373 1334 et
1389 1300 1635 1345 publicandum,
1653 1300 1763 1341 citent,
1786 1307 1938 1334 moneant
1966 1307 1997 1336 et

1244 1355 1411 1398 requirant
1424 1382 1431 1395 ,
1453 1360 1489 1388 nt
1513 1355 1594 1388 infra
1614 1360 1738 1389 certum
1758 1360 1790 1388 et
1809 1360 1995 1399 competen-

1243 1413 1307 1440 tem
1328 1408 1514 1449 terminum‚
1538 1408 1583 1441 eis
1602 1408 1748 1452 ipsorum
1768 1407 1995 1452 inquisitorum

1243 1461 1376 1496 arbitrio
1397 1462 1661 1506 praefigendum,
1689 1461 1747 1495 sub
1773 1461 1994 1496 excommuni-

1244 1514 1378 1547 cationis
1406 1515 1488 1548 latae
1515 1515 1710 1556 sententiae,
1739 1514 1959 1559 suspensionis
1977 1526 1996 1549 a

1243 1567 1356 1600 divinis
1375 1573 1403 1600 et
1425 1567 1611 1612 privationis
1639 1567 1734 1601 etiam
1760 1578 1778 1600 a
1803 1567 1994 1602 cathedrali-

1243 1620 1302 1654 bus
1318 1621 1462 1654 ecclesiis
1471 1627 1502 1654 et
1516 1621 1777 1664 quibuscumque
1787 1620 1995 1664 dignitatibus

1244 1679 1275 1706 et
1303 1674 1469 1708 beneficiis
1493 1674 1728 1715 ecclesiasticis,
1755 1685 1793 1708 ac
1822 1674 1936 1708 officiis
1964 1680 1996 1709 et

1242 1728 1409 1762 ordinibus
1429 1739 1510 1772 quae
1531 1728 1676 1761 obtinent
1691 1733 1721 1761 et
1736 1728 1768 1762 in
1787 1728 1906 1772 quibus
1920 1739 1995 1762 con-

1243 1781 1341 1815 stituti
1363 1782 1513 1824 existunt,
1542 1787 1572 1814 et
1588 1782 1795 1815 inhabilitatis
1819 1782 1858 1814 ad
1885 1781 1940 1815 illa
1964 1787 1995 1816 et

1242 1836 1303 1869 alia
1323 1847 1548 1880 quaecumque
1569 1837 1600 1868 in
1623 1842 1788 1880 posterum
1808 1836 1992 1878 obtinenda,

1242 1901 1368 1923 necnon
1402 1890 1613 1924 confessionis
1646 1890 1818 1923 criminum
1852 1891 1993 1925 haeresis

1242 1945 1288 1979 eis
1303 1945 1515 1985 obiectorum,
1533 1945 1669 1989 aliisque
1689 1950 1753 1978 tam
1770 1945 1993 1980 ecclesiasticis

1241 2010 1337 2044 quam
1360 2000 1600 2043 temporalibus,
1621 2001 1716 2033 etiam
1737 2000 1944 2043 pecuniariis,
1963 2007 1994 2036 et

1241 2056 1401 2088 bonorum
1427 2055 1664 2089 confiscationis
1678 2083 1685 2096 ,
1707 2066 1744 2089 ac
1769 2056 1992 2099 corporalibus

1241 2115 1271 2143 et
1291 2110 1386 2143 etiam
1407 2111 1552 2154 relapsus
1568 2115 1598 2143 et
1613 2110 1684 2143 aliis
1704 2121 1762 2154 per
1780 2109 1867 2156 ipsos
1886 2111 1991 2156 inqui-

1241 2164 1353 2198 sitores
1382 2164 1585 2209 imponendis
1614 2164 1743 2208 poenis,
1780 2175 1888 2197 coram
1913 2165 1991 2210 ipsis

1240 2220 1453 2263 personaliter
1478 2224 1508 2252 et
1540 2229 1604 2252 non
1630 2230 1688 2263 per
1721 2224 1986 2264 procuratorem,

1239 2274 1440 2307 defensorem
1490 2275 1537 2307 vel
1583 2278 1803 2306 excusatorem
1847 2273 1987 2316 aliquem

1240 2333 1459 2372 compareant,
1477 2334 1549 2361 etse
1570 2339 1587 2361 a
1608 2327 1797 2360 criminibus
1817 2327 1988 2370 praedictis

1239 2388 1471 2427 expurgenuet
1487 2383 1511 2415 si
1532 2383 1564 2415 in
1584 2382 1722 2415 termino
1738 2381 1901 2426 praedicto
1922 2392 1986 2415 non

1239 2437 1479 2481 comparuerint
1504 2442 1531 2470 et
1563 2448 1595 2469 se
1620 2448 1638 2469 a
1671 2436 1762 2469 dictis
1795 2435 1985 2470 criminibus

1237 2487 1377 2530 legitime
1404 2497 1468 2519 non
1489 2485 1745 2530 expurgaverint,
1777 2485 1814 2517 ad
1835 2485 1982 2518 observa-

1236 2537 1355 2570 tionem
1386 2537 1597 2569 terminorum
1620 2535 1658 2568 ad
1678 2534 1858 2567 docendum
1879 2545 1911 2566 se
1940 2534 1985 2566 di-

1237 2585 1294 2618 ctis
1314 2585 1414 2618 literis
1434 2585 1587 2618 citatoriis
1607 2589 1633 2617 et
1656 2583 1913 2616 monitorialibus
1932 2594 1984 2627 pa-

1238 2634 1338 2667 ruisse
1360 2646 1417 2679 pro
1437 2634 1593 2667 sententia
1608 2633 1829 2673 declaratoria,
1852 2633 1983 2666 incursu

1237 2694 1447 2718 censurarum
1475 2689 1505 2717 et
1533 2693 1711 2727 poenarum
1746 2682 1777 2716 in
1802 2682 1920 2717 eisdem
1949 2682 1985 2716 li-

2009 285 2059 311 An.
2076 284 2104 312 C.
2116 286 2198 315 4565.
