2237 3100
203 249 249 274 An.
269 249 296 275 (ἶ.
318 247 385 274 1571)

442 237 507 272 858

400 304 557 337 tentores,
587 303 798 341 occup-’iteum
831 302 857 328 et
887 295 1064 333 debitores,
1094 294 1153 327 sul»

399 353 511 396 quovis
540 356 703 395 praetextu
736 355 766 381 et
796 347 933 380 invalido
963 352 1151 382 contractu.

400 411 513 438 contra
538 407 641 447 teges,
673 412 830 437 canones.
863 405 1103 443 extravagantes
1124 406 1155 433 et

399 458 642 491 constitutiones
651 463 892 489 antecessorum
903 458 1087 486 nostrorum
1101 458 1152 485 aut

400 511 478 543 alias
498 509 648 546 indebite,
674 508 806 540 nulliter
826 513 853 539 et
880 506 1014 538 invalide
1041 517 1152 550 perce-

402 569 482 606 ptos,
505 568 535 594 et
554 563 594 595 ob
616 562 764 594 intectam
788 561 928 593 radicem
957 560 1050 603 primi
1076 570 1154 592 con-

401 622 521 649 tractus
549 615 699 653 invalidi,
726 620 778 646 aut
814 614 892 646 alias
919 613 1051 646 nulliter
1079 623 1154 645 cum

399 669 533 703 ecclesia
546 668 711 707 celebrati,
730 667 777 700 rel
795 665 1031 710 occupationis,
1047 666 1155 698 deten-

399 723 494 756 tionis
514 729 543 756 et
570 720 789 765 usurpationis
817 720 916 752 t'actae
947 718 1086 751 indebite
1106 719 1154 751 di-

399 783 524 809 etorum
543 776 716 812 honorium
735 775 758 807 si
776 784 861 812 vero,
875 774 920 806 vel
944 773 1020 815 quia
1037 772 1153 805 modici

398 836 450 863 aut
474 830 553 863 nulli
575 829 749 862 admodum
764 828 886 861 fructus
897 827 955 859 sint
975 826 1090 866 exacti,
1108 826 1155 859 rel

399 895 435 916 ex
456 883 637 916 debitorum
657 881 765 925 inopia
782 882 827 913 vel
845 880 955 924 (piaris
971 880 1033 913 alia
1049 890 1155 917 eausa,

401 949 458 982 per
486 938 572 981 ipsos
605 937 775 980 deputatos
802 935 1000 971 arbitranda,
1033 935 1157 967 fructus

401 991 554 1035 praedicti
576 1002 640 1024 non
662 996 765 1023 essent
791 989 965 1032 exigibiles,
988 993 1064 1021 tunc
1089 988 1156 1020 sru-

399 1050 480 1083 ctus,
496 1045 653 1081 redditus,
673 1049 858 1087 proventus,
881 1053 996 1075 census
1011 1047 1038 1073 et
1057 1052 1157 1073 eano-

399 1094 1158 1141 11051111οΨ0511111115011111011110115110111510011-

399 1152 518 1196 peratis
527 1151 763 1196 percipiendos,
774 1151 845 1183 1000
856 1149 959 1182 dietae
968 1148 1079 1181 tertiae
1087 1159 1157 1192 par-

400 1206 448 1243 tis,
463 1205 605 1248 plenarie
626 1210 653 1236 et
673 1204 796 1245 integre,
811 1203 914 1235 dietae
931 1202 1070 1235 fabricae
1080 1201 1157 1234 assi-

397 1269 534 1301 gnamus
555 1264 585 1291 et
605 1257 760 1301 applicari
783 1256 986 1289 mandamus.
1008 1256 1051 1288 lta
1072 1255 1157 1298 quod

399 1312 518 1345 eisdem
531 1311 668 1354 collegio
681 1317 708 1344 et
723 1321 780 1354 pro
794 1316 855 1343 tem
863 1320 939 1353 pore
950 1309 1159 1342 existentibus

399 1365 571 1409 deputatis,
594 1364 797 1397 auditoribus
813 1370 839 1396 et
860 1363 1014 1396 ministris
1031 1363 1158 1406 praedi-

400 1417 458 1451 ctis
477 1418 572 1451 liceat
592 1418 663 1450 illos
690 1417 818 1461 propria
844 1416 1035 1449 auctoritate
1064 1426 1158 1449 recu-

401 1482 528 1515 perare,
550 1471 677 1513 exigere
698 1477 724 1503 et
748 1471 865 1510 levare,
884 1470 1021 1513 illosque
1037 1469 1157 1507 locare,

401 1525 538 1558 vendere
559 1530 589 1557 et
616 1525 757 1557 alienare
787 1535 823 1556 ac
846 1524 875 1555 in
904 1534 997 1556 usum
1019 1529 1050 1555 et
1070 1523 1158 1555 utili-

401 1583 497 1611 tatem
530 1578 634 1612 dictae
660 1579 799 1611 fabricae
832 1582 1018 1610 convertere
1035 1603 1042 1616 ,
1070 1576 1160 1609 Sedis

401 1632 604 1675 Apostolicae
630 1633 675 1665 vel
698 1631 904 1676 superiorum
929 1631 1157 1670 ecclesiarum,

403 1684 672 1717 monasteriorum
684 1691 712 1718 et
721 1684 956 1718 benetieiorum
968 1684 1158 1717 eorumdem

403 1736 450 1769 vel
471 1737 626 1770 ordinarii
648 1744 703 1770 aut.
722 1738 862 1771 cuiusvis
882 1737 1015 1770 alterius
1030 1737 1159 1769 lieentia

402 1790 542 1834 desuper
563 1791 695 1824 minime
717 1792 882 1835 requisita.

448 1844 506 1887 53.
522 1844 897 1878 13111111101111150011115110
915 1845 1071 1888 integram
1085 1856 1160 1888 pro-

403 1898 584 1942 prietatem,
599 1904 629 1932 01,
644 1898 764 1931 fabrica
781 1900 913 1936 t'rurtus,
931 1904 963 1930 111
982 1898 1160 1941 praemitti-

376 1952 389 1974 Τ
404 1957 466 1991 tur,
496 1951 555 1984 sibi
584 1951 762 1993 assignatos
792 1951 946 1994 consequi
972 1952 1072 1996 possit
1092 1953 1161 1985 sinc

370 2016 389 2051 :n
406 2004 627 2044 litiumcursu,
645 2005 764 2038 eisdem
787 2006 924 2048 collegio
949 2011 979 2038 et
999 2005 1162 2050 deputatis

358 2065 390 2086 ¹1³·
407 2058 617 2091 concedimus
633 2065 661 2091 et
674 2059 851 2099 elargimur
863 2064 908 2097 ut,
923 2059 1049 2101 quoties
1063 2060 1108 2092 eis
1120 2059 1160 2092 ri-

293 2133 336 2145 .,.1
358 2133 362 2144 .
386 2111 536 2162 -debitur
555 2118 790 2156 opportunum,
814 2123 872 2156 per
892 2113 1013 2156 seipsos
1037 2118 1160 2145 tantum

370 2166 393 2177 ⁶*
408 2165 438 2198 in
466 2166 571 2199 causis
586 2166 823 2210 praedictarum
845 2166 1077 2199 alienationum
1099 2167 1162 2201 sive

408 2219 630 2252 detentionum
661 2219 821 2252 bonorum
853 2219 1160 2259 ecclesiastieorum,

409 2272 439 2304 in
450 2272 569 2314 quibus
580 2272 630 2305 ius
640 2272 864 2311 ecclesiarum,
878 2274 1161 2313 monasteriorum,

406 2325 594 2366 domorum,
621 2325 844 2370 hospitalium,
875 2325 1111 2359 beneficiorum
1133 2333 1160 2360 ct

406 2378 534 2422 piorum
547 2380 692 2412 locorum
707 2379 913 2423 psalmorum
927 2389 990 2412 non
1000 2379 1079 2413 adeo
1101 2381 1164 2414 cla-

406 2437 479 2459 rum
506 2428 620 2467 existit,
647 2433 680 2460 ut
702 2428 740 2461 de
763 2428 846 2461 facili
873 2428 957 2460 bona
979 2434 1006 2461 et
1041 2429 1164 2462 fruetus

407 2487 465 2520 pro
486 2477 641 2517 ecclesiis,
665 2478 879 2516 monasteriis,
910 2477 1073 2517 domibus,
1106 2478 1162 2511 be-

407 2525 530 2558 nefieiis
555 2526 706 2569 praefatis
716 2532 743 2559 et
759 2527 897 2559 t'abricae
920 2527 1080 2559 vendicari
1092 2538 1162 2571 pos-

406 2573 480 2612 siut,
513 2573 562 2606 ius
596 2575 701 2617 ipsum
728 2575 872 2607 debitum
903 2575 940 2607 sit
970 2586 1044 2607 011111
1071 2575 1164 2609 dictis

406 2622 640 2664 detentoribus,
665 2624 905 2667 possessoribus
920 2630 949 2657 et
971 2625 1163 2659 successori-

993 243 1173 267 numanum
1198 243 1348 267 ROMANUM

1196 295 1267 331 bus,
1292 294 1527 327 universalibus
1547 296 1593 328 vel
1612 295 1874 339 particularibus,
1893 294 1952 327 sub

1195 347 1398 390 beneplacito
1431 348 1520 380 Sedis
1552 348 1659 390 Apost.
1676 374 1683 388 ,
1716 349 1892 391 transigere
1923 353 1953 381 et

1197 410 1403 444 componere,
1414 401 1452 433 de
1467 411 1624 434 consensu
1638 405 1813 440 rectorum,
1825 412 1953 434 eorum-

1197 453 1268 485 dem
1287 453 1431 493 arbitrio,
1443 454 1561 498 possint
1584 459 1612 486 et
1629 455 1764 487 valeant.
1783 454 1951 497 Quodque,

1196 513 1289 539 aucta
1311 512 1338 539 et
1361 508 1463 540 soluta
1487 512 1576 551 parte
1602 507 1633 539 iu
1658 518 1722 551 qua
1747 508 1951 541 convenerint

1197 570 1252 592 seu
1279 571 1337 604 pro
1362 572 1424 604 qua
1450 560 1705 604 composuerint,
1728 566 1952 605 occupatores,

1199 623 1399 656 possessores
1419 616 1464 647 vel
1482 624 1686 647 successores
1702 614 1886 657 praedictos
1902 615 1955 647 ab·

1198 666 1319 699 solvere
1341 671 1371 699 et
1390 667 1541 706 liberare,
1565 666 1605 699 ita
1633 673 1669 700 ut
1686 667 1724 700 de
1742 673 1848 700 cetero
1865 678 1881 699 a
1899 677 1955 700 ne-

1199 719 1296 758 mine,
1319 719 1378 751 sub
1399 725 1565 763 praetextu
1577 730 1861 763 quarumcumque
1881 730 1956 753 con·

1198 772 1414 809 stitutionumv
1446 784 1619 812 canonum,
1649 774 1777 816 legum,
1813 779 1955 806 extrava-

1198 825 1342 867 gantium
1378 838 1415 858 ae.
1449 825 1613 859 bullarum
1644 837 1702 870 per
1737 832 1957 860 antecessores

1199 884 1323 912 nostros
1345 880 1526 923 praedictos
1542 885 1570 912 et
1584 891 1642 923 per
1658 891 1715 913 nos
1731 891 1829 924 super
1845 880 1957 913 reseis-

1199 932 1287 965 sione
1313 938 1343 965 et
1376 934 1622 976 recuperatione
1646 934 1806 967 bonorum
1834 938 1865 967 et
1888 935 1957 967 sru-

1199 991 1310 1019 ctuum
1326 987 1618 1020 ecelesiasticorum
1633 987 1806 1027 editarum,
1822 998 1959 1031 quomo-

1199 1039 1317 1072 dolibet
1328 1040 1505 1079 molestari,
1524 1040 1696 1083 inquietari
1709 1041 1755 1074 vel
1773 1041 1958 1084 perturbari

1201 1093 1320 1136 possint
1334 1099 1364 1126 et
1375 1093 1510 1134 valeant;
1524 1095 1579 1127 sed
1596 1095 1677 1127 facta
1692 1095 1852 1127 solutione
1869 1105 1960 1138 prae-

1200 1146 1297 1186 dicta,
1320 1147 1379 1179 sint
1402 1152 1432 1179 et
1452 1158 1520 1180 esse
1538 1147 1959 1190 intelliganturetiamlibe·

1201 1200 1260 1233 rati
1287 1206 1348 1233 tam
1371 1201 1409 1233 ab
1426 1201 1514 1233 omni
1531 1201 1678 1245 periculo
1699 1212 1795 1245 quam
1809 1202 1847 1234 ab
1857 1202 1960 1235 omni-

1201 1253 1261 1286 bus
1277 1253 1391 1297 poenis
1410 1259 1438 1287 et
1454 1254 1595 1293 mulctis,
1613 1265 1705 1298 quas,
1725 1254 1894 1288 occasione
1914 1255 1960 1288 di-

1201 1312 1327 1340 ctorum
1351 1308 1516 1340 fructuum
1543 1307 1685 1341 indebite
1711 1313 1958 1352 perceptorum,

1202 1360 1427 1399 incurrissent;
1441 1366 1470 1394 et
1483 1367 1668 1394 contractus
1676 1362 1874 1395 necessarios
1886 1372 1963 1395 con-

1202 1413 1311 1453 licere,
1324 1414 1379 1457 qui
1393 1419 1561 1457 postquam
1578 1414 1729 1447 celebrati
1743 1414 1863 1448 suerint
1877 1415 1960 1448 idem

1202 1467 1303 1499 robur
1323 1467 1486 1500 obtineant
1513 1479 1550 1500 ae
1574 1467 1599 1500 si
1627 1479 1643 1500 a
1670 1467 1751 1501 Sede
1778 1468 1962 1511 Apostolica

1202 1520 1540 1561 confirmatifuissent,
1554 1527 1582 1554 et
1598 1532 1695 1565 super
1711 1521 1885 1565 1111011115515
1896 1532 1964 1554 0111-

1202 1573 1298 1606 nibus
1318 1580 1345 1606 et
1368 1574 1504 1617 singulis·
1520 1580 1713 1618 perpetuum
1727 1575 1891 1608 silentium
1905 1574 1962 1608 im·

1203 1627 1343 1671 positum
1365 1628 1404 1661 sit
1423 1634 1454 1661 01
1474 1639 1542 1661 0550
1564 1634 1745 1662 censeatur.

1247 1681 1303 1724 §la
1318 1681 1498 1715 Distrietius
1515 1682 1697 1715 inhibentes
1713 1683 1891 1726 quibusvis,
1904 1694 1961 1717 cu-

1204 1735 1399 1778 iuscumque
1426 1741 1538 1776 status,
1570 1737 1691 1779 gradus
1715 1741 1746 1770 et
1766 1736 1962 1770 conditionis

1204 1787 1425 1829 existentibus,
1452 1795 1484 1822 et
1518 1800 1727 1833 spiaeumque
1766 1790 1962 1823 auctoritate

1204 1841 1425 1884 fungentibus,
1436 1843 1467 1875 in
1477 1842 1592 1876 virtute
1603 1848 1732 1876 sanctae
1745 1842 1962 1884 obedientiae,

1203 1901 1234 1928 et
1258 1895 1318 1928 sub
1339 1897 1684 1930 excommunicationis
1703 1897 1840 1941 aliisque
1852 1902 1964 1930 nostro

1203 1948 1337 1982 arbitrio
1366 1950 1572 1983 moderandis
1592 1955 1623 1984 et
1649 1950 1856 1994 imponendis
1885 1961 1964 1995 poe-

1204 2001 1264 2041 nis,
1285 2013 1325 2035 ne
1347 2003 1475 2036 eosdem
1502 2003 1677 2047 collegium
1716 2008 1747 2037 et
1780 2003 1963 2048 deputatos,

1205 2065 1385 2098 eorumque
1406 2057 1570 2090 auditores
1596 2063 1627 2091 et
1646 2057 1811 2091 ministros
1839 2058 1965 2101 praesa-

1205 2113 1253 2141 tos
1277 2108 1309 2141 in
1340 2110 1527 2152 praemissis
1556 2112 1740 2152 molestare,
1772 2111 1965 2156 perturbare

1204 2161 1251 2194 vel
1272 2161 1453 2206 inquietare
1473 2164 1615 2198 audeant
1634 2165 1681 2198 vel
1703 2170 1923 2208 praesumant.

1249 2215 1263 2258 ἓ
1283 2215 1314 2248 5.
1342 2216 1385 2249 Ac
1406 2217 1618 2251 decernentes
1638 2223 1824 2262 praesentes
1843 2218 1966 2251 litteras

1205 2269 1296 2302 nullo
1314 2281 1468 2313 umquam
1497 2277 1644 2316 tempore
1673 2272 1712 2304 de
1744 2271 1966 2315 subreptionis

1205 2322 1253 2354 vel
1265 2323 1465 2367 obreptionis
1480 2324 1555 2358 vitio
1572 2325 1619 2358 vel
1632 2324 1819 2358 intentionis
1836 2329 1965 2357 nostrae

1206 2386 1260 2414 aut
1272 2378 1425 2423 quopiam
1436 2379 1498 2411 alio
1510 2379 1635 2411 defectu
1648 2377 1766 2418 notari,
1780 2377 1964 2421 impugnari

1206 2434 1262 2462 aut
1282 2428 1461 2467 invalidari,
1484 2428 1579 2461 etiam
1607 2439 1642 2461 ex
1670 2438 1708 2460 eo
1741 2427 1845 2470 capite
1876 2428 1964 2470 quod

1207 2478 1362 2511 interesse
1374 2477 1530 2510 babentes
1550 2476 1651 2509 vocati
1676 2486 1739 2509 non
1758 2476 1888 2516 suerint,
1911 2482 1966 2508 aut

1206 2527 1245 2559 ad
1266 2526 1347 2559 iuris
1382 2526 1537 2559 terminos
1570 2525 1695 2565 reduci,
1729 2525 1901 2568 minusque
1932 2525 1963 2557 in

1207 2575 1257 2608 ius
1277 2575 1323 2607 vel
1350 2574 1601 2607 controversiam
1627 2573 1733 2606 vocari
1755 2573 1867 2616 quovis
1895 2583 1964 2604 mo-

1206 2624 1247 2658 do
1270 2634 1374 2668 posse,
1398 2624 1452 2657 sed
1473 2634 1602 2668 semper
1619 2623 1738 2656 validas
1768 2628 1795 2655 ct
1818 2622 1966 2656 efficaces

1967 242 2015 269 An.
2033 242 2062 269 C.
2083 240 2152 269 15⁷0

1997 1697 2097 1719 inhibitio
2113 1703 2163 1718 eon-

1977 1733 2008 1749 1111
2022 1729 2162 1749 molestantes

1976 1760 2068 1781 tatum·
2100 1760 2162 1780 mini-

1977 1795 2033 1812 stros
2040 1797 2162 1819 superpiae·

1978 1824 2057 1844 missis.

1992 2237 2103 2258 Ctausutao
2112 2243 2165 2264 prm-

1979 2271 2106 2292 servativa-e..
