2237 3100
26 260 78 289 An.
94 259 123 288 C.
142 254 210 287 {5⁷0

903 259 971 284 PIUS
994 260 1013 283 V
1036 260 1084 284 PP-

222 311 380 345 beneficia
394 311 591 353 obtinentur,
604 323 710 356 neque
720 312 783 346 illis
798 318 974 357 praeterea,

223 365 280 409 qui
292 365 397 409 primo
413 366 593 399 secundove
609 366 896 410 consanguinitatis
906 377 976 410 gra-

224 420 268 453 du
288 430 362 453 cum
383 420 503 453 eisdem
523 420 624 453 iuncti
641 425 730 461 sunt,
749 431 807 453 nee
824 431 882 464 per
903 431 976 464 sup-

225 474 343 519 positas
356 474 488 518 quidem
504 485 669 518 personas,
682 485 754 508 cum
772 485 812 508 ne
829 475 868 508 ad
883 474 977 507 breve

226 539 302 564 sane
321 535 450 574 tempus
469 529 569 562 locari
591 529 700 570 liceat,
728 529 825 572 idque
844 529 905 561 nisi
926 539 979 561 co-

225 584 313 628 gnita
332 584 422 629 prius
447 583 602 617 ecelesiae
619 583 766 623 utilitate,
794 582 976 626 episcopus,

225 640 298 673 data
318 639 350 672 in
366 638 492 682 scriptis
507 638 669 677 facultate,
688 635 893 675 concesserit,
911 635 980 678 qui—

227 704 366 738 cumque
383 703 475 726 secus
486 691 608 732 fecerit,
622 691 780 724 fructibus
795 689 892 723 unius
904 688 979 721 anui

228 747 418 787 muletetur,
436 757 518 789 quos
546 757 582 778 ex
603 756 716 778 eorum
745 744 979 777 beneficiorum

227 800 367 845 praediis
386 800 516 833 bonisve
537 799 633 842 capit⁴
651 798 796 842 Inquirat
816 803 981 841 praeterea

228 855 400 900 episcopus
424 854 604 896 diligenter,
627 863 667 886 an
693 852 801 896 aliqua
828 851 982 885 simoniae

227 909 315 942 labes
330 913 494 942 contracta
509 907 593 940 inter
612 917 667 939 cos
686 906 734 939 sit.
754 906 830 945 Ome
851 906 890 938 ad
906 905 982 938 mis-

228 973 308 1003 sam,
326 962 430 995 divina
450 962 573 1001 officia,
587 961 741 994 eeclesiae
767 961 890 993 cultum
911 970 983 1002 spe-

229 1021 325 1050 ctant.
348 1016 506 1056 Quoniam
527 1014 705 1059 superioris
720 1014 849 1047 concilii
865 1013 983 1047 consti-

228 1071 354 1104 tutione
386 1071 518 1104 vetitum
547 1074 612 1109 est,
643 1079 708 1113 quo
742 1074 907 1112 tempore,
936 1068 983 1100 vel

229 1135 396 1158 sacrorum
414 1125 462 1158 vel
477 1124 600 1158 funeris
615 1122 862 1167 exequiarumve
878 1132 984 1161 causa,

230 1179 263 1211 in
283 1189 386 1212 unum
407 1178 517 1212 clerici
547 1177 756 1217 conveniunt,
782 1186 846 1208 non
875 1176 986 1219 plures

230 1233 270 1266 ad
290 1243 452 1272 mensam,
478 1242 575 1276 quam
602 1242 666 1271 sex,
700 1241 821 1274 eosque
851 1229 986 1263 clericos

230 1285 390 1325 adhiberi3
408 1285 439 1319 id
460 1296 533 1319 cum
553 1284 664 1318 multis
681 1284 762 1317 locis
782 1283 874 1317 facile
896 1294 986 1327 prae-

231 1340 307 1374 stari
332 1345 487 1384 nequeat,
515 1344 688 1384 propterea
715 1338 803 1383 quod
832 1337 986 1371 ecclesiae

232 1405 327 1438 saepe
351 1393 479 1437 longius
505 1393 589 1426 inter
615 1404 647 1426 se
675 1392 807 1433 distent,
835 1402 928 1434 grave
949 1390 988 1424 sit

232 1447 359 1482 clericis
379 1448 418 1481 de
438 1447 553 1480 itinere
578 1447 668 1480 fessis
697 1457 791 1479 mane
818 1446 856 1478 ad
883 1446 986 1478 eccle-

232 1502 312 1536 siam
333 1513 424 1535 suam
445 1501 573 1541 reverti,
591 1501 664 1534 ideo
683 1501 824 1533 liberum
842 1499 882 1532 sit
897 1510 988 1542 paro-

233 1557 294 1591 cho
318 1561 364 1589 tot
394 1556 541 1590 convivas
575 1555 712 1595 habere,
743 1560 823 1598 quot
852 1564 926 1586 sane
956 1553 987 1585 in

233 1621 377 1644 mensam
406 1610 560 1643 adhibere
590 1620 648 1652 par
677 1619 745 1642 esse
778 1607 986 1646 iudicaverit.;

233 1670 265 1699 et
288 1675 347 1709 pro
380 1664 535 1708 temporis
571 1663 695 1696 ratione
733 1662 853 1695 laicum
893 1661 987 1694 etiam

233 1719 416 1759 hominem,
439 1729 536 1762 quem
563 1717 757 1751 christianae
779 1715 905 1760 pietatis
925 1721 988 1748 stu-

234 1772 362 1806 diosum
387 1778 418 1805 et
438 1771 627 1805 sacerdotali
649 1771 798 1804 convictu
818 1774 986 1803 consuetu-

233 1826 375 1869 dineque
391 1826 524 1869 dignum
541 1825 639 1865 norit,
653 1836 671 1857 a
682 1835 792 1857 mensa
804 1835 868 1857 non
885 1823 991 1856 exclu-

234 1880 324 1921 dere,
338 1880 433 1913 modo
446 1890 483 1913 ea
498 1884 666 1913 serventur
682 1890 765 1922 quae
778 1879 809 1911 111
821 1878 990 1923 parochia-

234 1934 319 1967 libus
344 1934 553 1967 conventihus
574 1933 612 1966 de
636 1932 753 1975 frugali
783 1932 990 1974 clericalique

236 1988 392 2022 modestia
417 1988 449 2021 in
470 1987 587 2020 nostris
607 1985 892 2020 constitutionibus
912 1985 990 2018 scri-

235 2047 289 2086 pta
305 2047 391 2081 sunt;
417 2048 485 2074 tum
503 2052 593 2074 sacra
609 2041 685 2073 item
709 2039 802 2073 lectio
824 2039 856 2071 in
882 2049 991 2072 mensa

236 2102 394 2140 perpetuo
414 2095 617 2128 adhibeatur.
635 2094 727 2133 Quod
746 2104 820 2126 vero
841 2093 880 2125 de
901 2103 991 2125 men-

237 2161 291 2183 sae
330 2149 512 2193 frugalitate
551 2153 582 2181 et
623 2149 823 2181 ferculorum
856 2157 992 2180 numero

238 2204 316 2237 alias
342 2203 501 2247 superiori
532 2213 654 2236 canone
681 2202 848 2235 decretum
877 2207 939 2241 cst,
963 2201 992 2232 id

240 2258 372 2291 omnino
389 2258 429 2290 sit
443 2262 474 2290 et
494 2262 650 2298 servetur,
668 2262 703 2288 ut
718 2255 842 2288 etiamsi
859 2255 907 2287 vel
923 2254 993 2287 uni-

239 2312 378 2346 versitati
398 2312 447 2344 vel
468 2310 567 2344 cuivis
587 2310 650 2348 alii,
667 2314 760 2354 pacto
786 2308 992 2342 consuetudi-

241 2381 319 2404 neve
339 2375 394 2403 aut
413 2369 526 2402 ultima
546 2369 725 2409 voluntate,
749 2367 843 2401 cerlis
863 2367 995 2410 quibus-

241 2431 313 2464 dam
335 2429 458 2468 diebus,
480 2427 588 2460 cibum
610 2438 627 2459 a
647 2425 867 2459 sacerdotibus
887 2424 993 2468 parari

241 2493 410 2534 oporteat,
440 2486 472 2519 in
505 2496 543 2519 eo
573 2485 611 2518 ab
636 2485 690 2517 illa
719 2483 839 2517 decreti
872 2483 994 2516 ratione

242 2558 282 2581 ne
303 2548 369 2581 ullo
385 2547 480 2580 modo
502 2544 695 2585 discedatur,
713 2554 772 2577 nec
792 2552 882 2576 sacra
900 2542 995 2575 lectio

243 2607 277 2640 in
296 2616 407 2639 mensa
427 2604 518 2638 desit.

286 2665 401 2699 Datum
429 2665 550 2698 Romae
584 2661 671 2707 apud
697 2661 727 2696 S.
757 2661 903 2701 Petrum,
936 2658 996 2693 sub

1658 252 1717 286 821

1016 313 1137 346 annulo
1169 312 1350 354 piscatoris,
1373 312 1423 346 die
1453 323 1505 346 x11
1535 313 1612 347 maii
1640 324 1768 355 MDLXX,

1018 366 1224 410 pontificatus
1244 366 1344 400 nostri
1369 377 1453 400 anno
1474 377 1502 400 v.

1077 425 1140 456 Dat.
1158 425 1205 456 die
1223 425 1259 455 '12
1275 425 1343 456 maii
1362 426 1449 463 1570,
1467 426 1570 465 pontis.
1589 436 1666 457 aimo
1682 435 1711 457 v.

1351 610 1436 645 CLX.

1021 684 1221 726 Reformatio
1254 685 1388 719 Ordinis
1426 687 1569 729 fratrum
1603 687 1775 721 Servorum

1198 740 1236 772 B.
1251 740 1377 773 Merene
1407 741 1550 784 Virglim's
1570 740 1597 774 1.

1111 819 1171 848 Pius
1195 821 1335 857 episcopus
1355 828 1451 850 servus
1470 829 1610 852 servorum
1628 823 1687 858 Dei,

1169 875 1202 902 ad
1221 877 1384 911 perpetuam
1403 876 1442 904 rei
1464 877 1631 906 memoriam.

1068 944 1240 989 Postquam
1266 957 1342 989 nos,
1366 947 1430 981 Deo
1455 954 1603 990 auctore,
1626 948 1778 982 Ordinem

1026 999 1160 1032 fratrum
1172 1000 1286 1034 Beatae
1303 1002 1418 1035 Mariae
1439 1003 1623 1043 Servorum,
1644 1003 1780 1036 antehac

1026 1053 1058 1085 in
1079 1053 1159 1087 duas
1182 1054 1321 1088 familias
1342 1055 1490 1097 divisum,
1513 1057 1679 1100 antiquato
1702 1067 1781 1090 con—

1026 1107 1221 1150 gregationis
1240 1109 1384 1150 nomine,
1403 1111 1489 1154 quod
1510 1112 1609 1144 altera
1629 1110 1688 1144 sibi
1702 1110 1782 1144 asci-

1026 1166 1125 1202 verat,
1154 1162 1187 1194 in
1214 1173 1315 1195 unum
1346 1163 1498 1207 idemque
1528 1175 1662 1208 corpus,
1692 1164 1782 1198 acin

1027 1225 1125 1247 unam
1147 1217 1359 1260 eamdemque
1381 1218 1547 1257 familiam,
1571 1219 1626 1251 uni
1652 1219 1781 1252 dumta-

1027 1275 1078 1301 xat
1099 1269 1195 1313 capiti
1217 1271 1410 1311 subiectum,
1431 1272 1490 1304 sub
1507 1272 1619 1305 eadem
1640 1272 1782 1315 regulari

1028 1322 1200 1366 disciplina
1220 1324 1418 1365 reduximus,
1437 1326 1565 1369 expedit
1580 1331 1667 1359 certa
1682 1336 1782 1370 quae-

1029 1376 1103 1408 dam
1128 1377 1353 1419 incommoda,
1376 1390 1459 1423 quae
1479 1379 1602 1412 bonum
1629 1390 1725 1413 omne
1750 1380 1782 1413 in

1028 1430 1193 1473 Religione
1210 1438 1414 1476 pervertunt,
1446 1433 1592 1466 excidere
1604 1460 1611 1473 ,
1638 1439 1674 1466 ut
1692 1433 1784 1467 dein-

1030 1496 1105 1529 ceps
1125 1497 1248 1525 omnes,
1272 1487 1500 1519 communibus
1520 1486 1672 1520 institutis
1692 1492 1722 1520 et
1740 1487 1784 1521 le-

1029 1539 1123 1582 gibus
1143 1551 1218 1573 suae
1239 1540 1430 1584 professioni
1446 1540 1547 1584 magis
1567 1541 1785 1574 convenienti-

1030 1593 1090 1626 bus
1108 1594 1258 1635 viventes,
1281 1594 1443 1628 salubrius
1463 1595 1654 1638 dirigantur.

1074 1648 1088 1691 g
1110 1648 1141 1681 ’1.
1169 1648 1340 1689 Quocirca,
1363 1659 1436 1681 cum
1458 1648 1563 1682 omnis
1581 1648 1704 1692 Religio
1724 1648 1787 1692 pri-

1030 1707 1118 1734 vatae
1138 1702 1345 1746 proprietatis
1361 1714 1422 1735 usu
1442 1702 1654 1736 labefactetur
1668 1707 1699 1735 et
1714 1713 1787 1735 eor-

1032 1761 1115 1795 ruat,
1133 1766 1203 1796 nos,
1221 1756 1259 1788 ad
1280 1755 1368 1788 illam
1386 1767 1423 1789 ex
1439 1756 1524 1789 dicta
1544 1755 1665 1789 familia
1682 1760 1786 1789 exter-

1032 1809 1231 1850 minandam,
1248 1821 1284 1843 ac
1301 1809 1396 1843 simul
1413 1810 1633 1843 emendandos
1648 1820 1714 1850 eos,
1731 1809 1787 1853 qui

1032 1863 1071 1895 de
1092 1863 1207 1896 officiis
1227 1869 1257 1897 et
1285 1863 1476 1896 muneribus
1505 1863 1673 1896 ambitiose
1705 1863 1788 1896 obti-

1033 1917 1147 1949 nendis
1179 1917 1370 1961 iampridem
1400 1917 1622 1958 inoleverunt,
1655 1922 1685 1949 et
1709 1916 1790 1950 alios

1033 1976 1185 2004 nocentes
1206 1971 1275 2004 eius
1296 1982 1420 2012 mores,
1443 1981 1607 2014 novosque
1631 1969 1788 2004 inducen-

1034 2026 1090 2058 dos
1110 2031 1182 2058 ante
1202 2025 1312 2059 omnia
1331 2025 1457 2059 intenti.

1078 2080 1092 2123 ξ
1112 2079 1142 2112 2.
1170 2079 1213 2112 De
1233 2079 1326 2112 nobis
1345 2078 1516 2112 attributae
1536 2077 1703 2123 potestatis
1722 2077 1789 2122 ple-

1035 2133 1180 2166 nitudine
1198 2144 1387 2166 revocamus
1402 2139 1432 2165 et
1449 2133 1618 2165 abolemus
1635 2131 1744 2165 onmia
1759 2136 1790 2163 et

1035 2199 1260 2231 quaecumque
1274 2187 1449 2231 privilegia,
1464 2185 1731 2230 dispensationes,
1749 2184 1788 2217 li-

1035 2241 1167 2282 centias,
1195 2241 1424 2285 permissiones
1449 2246 1479 2274 et,
1506 2240 1629 2273 indulta
1648 2238 1788 2272 habendi

1036 2299 1063 2327 et
1085 2295 1243 2327 retinendi
1266 2295 1424 2339 privatum
1446 2293 1639 2333 dominium,
1660 2292 1790 2325 usufru-

1036 2353 1133 2389 ctum,
1154 2349 1388 2392 possessionem
1410 2353 1439 2380 et
1459 2346 1691 2391 proprietatem
1707 2356 1789 2389 quo-

1036 2413 1253 2446 rumcumque
1266 2403 1427 2435 bonorum
1444 2400 1672 2440 immobilium,
1688 2399 1790 2432 mobi-

1037 2457 1115 2489 lium
1136 2462 1166 2490 et
1186 2456 1430 2496 semoventium,
1454 2464 1581 2488 necnon
1601 2453 1786 2494 domorum,

1074 2531 1083 2556 1
1108 2530 1145 2556 De
1160 2529 1209 2556 hoc
1236 2527 1337 2555 Ordine
1355 2527 1414 2553 vide
1434 2527 1459 2553 in
1480 2525 1615 2553 Benedicti
1631 2525 1670 2552 xi
1690 2525 1789 2552 consti-

1038 2575 1180 2606 tutionem,
1194 2576 1262 2600 Dum
1278 2575 1406 2604 levamus,
1419 2575 1482 2598 tom.
1501 2578 1540 2604 iv,
1552 2578 1612 2606 pag.
1630 2570 1690 2598 176.
1706 2569 1789 2604 Eique

1038 2621 1136 2647 unitam
1163 2619 1396 2655 congregationem
1415 2617 1564 2644 Servorum
1579 2616 1674 2643 Beatae
1692 2615 1790 2642 Mariae

1036 2665 1149 2701 Virginis
1164 2665 1221 2693 vide
1235 2671 1327 2700 supra,
1347 2663 1453 2691 constit.
1471 2668 1563 2690 ccviii.

1785 263 1836 291 An.
1854 262 1884 290 C.
1900 260 1969 291 15⁷0

1837 957 1976 983 Congregauo

1795 989 1855 1010 liuius
1892 989 1976 1009 Ordinis

1795 1020 1833 1042 [ult
1848 1020 1938 1040 sumata.

1854 1654 1983 1675 Reformatio

1800 1686 1866 1713 ipnius
1899 1685 1985 1706 Ordiui·

1801 1717 1944 1744 subsequitur.

1831 2082 1946 2104 Revocauo
1962 2087 1987 2102 0-

1804 2117 1881 2136 mnium
1897 2114 1988 2135 indulto-

1805 2153 1849 2168 rum
1858 2146 1936 2173 aliquid
1948 2146 1988 2172 prl-

1803 2179 1866 2199 vatirri
1891 2178 1988 2199 retinen-

1803 2210 1832 2231 di.
