2237 3100
207 204 259 233 An.
277 207 306 235 C.
325 206 392 236 ¹560

229 750 307 771 Causae
324 751 386 771 liuiu-

203 781 344 803 marmandae
353 783 387 803 ‹te-

203 813 333 834 clai-ationis.

453 198 493 233 76

407 261 445 294 ab
466 272 503 294 eo
525 272 676 295 concessa
696 266 781 302 sunt,
804 261 845 295 ita
866 271 941 295 suae
966 262 1154 295 declaratio-

404 316 454 348 nis
471 315 667 349 adminiculo
702 315 935 357 dilucidentur,
964 316 1050 359 quod
1066 326 1083 347 a
1098 325 1154 347 ne-

404 368 490 401 mine
517 369 635 412 possint
665 370 748 402 ultra
774 375 915 403 mentem
942 380 1031 401 suam
1060 369 1155 401 inter-

404 423 536 466 pretari:
560 434 616 457 uec
634 424 692 456 sub
708 423 887 465 ignorantia
907 423 979 455 sacti
995 422 1156 465 aliquibus

404 476 637 520 praeiudicium
657 483 850 519 generetur,
872 486 977 519 neque
993 475 1088 508 alicui
1105 486 1156 508 oc-

405 529 488 562 casio
517 530 682 563 dubitandi
714 530 931 572 relinquatur,
960 530 1013 562 sed
1044 529 1155 562 exinde

403 583 512 616 litibus
535 589 561 616 et
587 584 744 616 scandalis
772 583 900 627 penitus
930 584 1092 624 obvietur,
1120 595 1155 617 ac

404 637 507 669 omnis
534 637 666 669 materia
692 637 868 669 altercandi
891 637 1108 670 abscindatur.

446 690 511 733 §l
534 690 612 722 Cum
640 690 745 733 itaque
770 702 828 724 nos
855 701 976 734 nuper,
1000 702 1035 724 ex
1061 691 1156 724 certis

402 749 478 776 tunc
499 743 655 787 expressis
671 744 787 784 causis,
810 745 975 777 nonnullis
995 745 1156 778 nobilibus

400 796 484 837 viris,
515 797 664 833 ducibus,
692 798 878 839 comitibus,
900 799 1153 837 marchionibus,

401 851 591 894 proregibns
614 858 642 884 et
664 852 771 884 forsan
792 853 862 885 aliis
884 852 1084 896 principibus
1119 864 1155 886 ac

400 904 545 937 locorum
582 905 614 937 in
651 906 881 949 temporalibus
924 906 1062 939 dominis
1100 918 1154 940 eo-

400 969 537 1002 rumque
568 958 599 991 in
632 959 887 1003 primogenitura
915 961 1155 994 successoribus

400 1012 449 1045 ius
471 1018 657 1056 patronatus
681 1019 709 1046 ct
744 1014 968 1057 praesentandi
1008 1015 1154 1048 locorum

400 1065 582 1106 ordinariis,
597 1072 623 1099 et
638 1066 668 1099 in
681 1067 810 1099 illorum
825 1067 1071 1108 recusationem,
1086 1068 1155 1101 aliis

399 1119 545 1162 personis
565 1120 597 1152 in
618 1120 769 1163 dignitate
794 1120 1009 1154 ecelesiastica
1034 1122 1153 1154 consti-

400 1173 475 1205 tutis
495 1185 552 1217 per
576 1185 631 1207 eos
657 1174 812 1217 eligendis
840 1185 994 1218 personas
1023 1174 1154 1209 idoneas

399 1226 437 1258 ad
464 1227 570 1259 omnia
599 1232 628 1260 et
659 1226 783 1270 singula
817 1226 973 1260 beneficia
1001 1228 1153 1262 ecclesia-

399 1279 489 1319 stica,
512 1280 544 1312 in
566 1290 678 1313 eorum
696 1280 846 1313 dominiis
866 1286 896 1314 et
916 1281 1092 1315 ditionibus
1116 1293 1152 1315 ac

399 1343 513 1366 eorum
533 1334 677 1367 ecclesiis
706 1334 929 1375 consistentia,
958 1340 1045 1368 certo
1076 1341 1151 1368 tunc

399 1398 548 1431 expresso
581 1388 676 1421 modo
711 1387 906 1431 qualificata,
929 1388 1059 1422 illorum
1094 1401 1151 1434 pro

399 1447 556 1485 tempore,
588 1453 652 1474 non
686 1447 791 1475 tamen
817 1453 874 1486 per
903 1443 1149 1486 resignationem

398 1495 429 1527 in
451 1495 599 1528 manibus
618 1495 736 1528 nostris
757 1505 811 1528 seu
836 1495 971 1529 Romani
989 1496 1151 1530 Pontificis

398 1559 456 1592 pro
482 1554 626 1592 tempore
647 1549 821 1588 existentis,
847 1556 1038 1583 occurrente
1058 1562 1150 1584 vaca-

398 1602 495 1642 tione,
519 1602 615 1635 certis
635 1603 738 1636 modis
753 1608 783 1635 et
799 1603 924 1644 formis,
945 1615 982 1636 ac
1003 1615 1076 1636 cum
1098 1605 1151 1638 de-

397 1655 502 1696 cretis,
529 1656 791 1699 derogationibus
813 1662 843 1689 et
864 1657 1017 1690 clausulis
1036 1658 1149 1691 simili-

396 1714 444 1742 ter
471 1715 547 1742 tunc
573 1710 745 1754 expressis,
767 1710 941 1754 apostoliea
961 1712 1149 1745 auctoritate

396 1764 675 1804 reservaverinuss,
694 1763 951 1797 concesserimus
967 1769 997 1797 et
1012 1765 1149 1808 assigna-

396 1817 553 1857 verimus,
576 1818 723 1862 etjsorsan
744 1818 783 1850 ab
803 1818 965 1862 aliquibus
984 1820 1148 1862 praetendi

397 1877 504 1915 posset
531 1872 580 1905 ius
598 1877 784 1916 patronatus
811 1872 998 1905 huiusmodi
1027 1874 1065 1906 ad
1083 1875 1148 1907 soe-

397 1925 500 1958 minas
520 1936 552 1959 se
573 1927 755 1965 extendere,
783 1931 812 1960 et
832 1927 989 1959 beneficia
1009 1927 1041 1959 in
1058 1938 1148 1960 men-

397 1979 484 2012 sibus
504 1980 674 2013 ordinariis
696 1981 904 2014 collatoribus
924 1992 983 2025 pro
1003 1986 1148 2025 tempore

398 2033 557 2067 concessis
584 2034 746 2073 vacantia,
778 2034 836 2067 sub
865 2034 1145 2075 reservationibus,

397 2087 659 2120 concessionibus
693 2093 720 2120 et
762 2087 1031 2130 assignationibus
1070 2088 1148 2120 iuris

397 2145 585 2183 patronatus
625 2146 653 2174 et
697 2141 923 2185 praesentandi
962 2141 1148 2175 huiusmodi

397 2195 641 2238 comprehendi,
664 2205 722 2228 nos
741 2195 795 2239 qui
812 2195 889 2239 quid
908 2195 939 2228 in
960 2201 1065 2229 mente
1083 2206 1149 2238 ges-

397 2247 498 2281 simus
518 2248 712 2292 praeccteris
732 2249 870 2287 seimus,
893 2260 933 2282 ne
954 2250 1044 2293 quid,
1061 2250 1148 2294 quod

397 2301 435 2334 ab
452 2302 562 2335 eadem
584 2308 690 2336 mente
710 2308 818 2336 nostra
837 2303 978 2336 alienum
1005 2303 1055 2344 sit,
1075 2303 1148 2336 inde

397 2356 474 2388 oriri
506 2357 685 2400 contingat,
721 2368 756 2389 ac
782 2356 981 2391 indemnitati
1002 2361 1033 2389 et
1065 2362 1149 2389 tran-

397 2404 545 2447 quillitati
567 2406 756 2438 eorunulem
783 2405 1022 2439 ordinariorum
1053 2406 1149 2438 colla—

396 2457 516 2493 torum,
539 2459 695 2497 quantum
722 2454 752 2487 in
770 2455 862 2487 nobis
878 2460 935 2495 est,
959 2454 1145 2498 providere,

396 2511 433 2535 ac
454 2513 582 2536 omnem
608 2503 826 2537 haesitationis
855 2503 1022 2536 materiam
1052 2504 1147 2536 desu-

395 2561 454 2595 per
473 2552 662 2585 submovere
683 2558 887 2597 mentemque
907 2558 1049 2585 nostram
1071 2563 1149 2586 cun-

396 2600 454 2634 ctis
472 2601 613 2645 pandere
639 2602 792 2636 volentes.

1002 208 1180 234 Bt'LLARtUM
1205 207 1355 232 ROMANUM

1198 313 1328 346 scientia
1355 325 1391 346 ac
1411 314 1449 346 de
1479 314 1673 357 apostolicae
1698 314 1863 358 potestatis
1883 313 1950 357 ple-

1198 367 1343 399 nitudiue
1368 366 1573 400 decernimus
1605 373 1636 400 et
1668 367 1871 401 declaramus
1899 367 1950 400 ius

1199 426 1385 464 patronatus
1412 426 1439 454 et
1461 421 1687 465 praesentandi
1705 421 1891 455 huiusmodi
1912 421 1951 454 ad

1198 474 1342 518 ipsorum
1363 474 1496 515 ducum,
1520 475 1764 516 marchionum,
1790 475 1950 508 baronum

1198 534 1228 561 et
1250 528 1387 561 aliorum
1407 527 1592 572 principum
1613 534 1643 561 et
1658 529 1806 562 locorum
1823 528 1856 561 in
1876 533 1953 561 tern-

1198 582 1364 625 poralibus
1384 581 1603 623 dominorum,
1628 582 1744 626 quibus
1764 581 1953 615 huiusmodi

1198 635 1247 668 ius
1264 641 1464 679 patronatus,
1482 640 1517 669 ut
1536 637 1729 680 praefertur,
1763 645 1952 669 concessum

1198 689 1309 727 existit.
1331 690 1362 722 in
1393 690 1513 723 eisdem
1534 690 1719 730 ducatibus,
1750 689 1954 723 marchiona-

1198 744 1300 783 tibus,
1323 743 1463 777 baroniis
1493 749 1524 777 et
1552 744 1721 785 dominiis,
1751 754 1953 778 successores

1198 798 1358 830 masculos
1383 797 1422 830 de
1450 797 1593 840 legitimo
1627 797 1832 832 matrimonio
1861 802 1953 831 natos

1198 851 1370 891 dumtaxat,
1401 856 1431 884 et
1459 852 1644 885 nullatenus
1664 852 1704 884 ad
1731 852 1886 886 foeminas
1919 862 1953 885 se

1198 905 1388 945 extendere;
1407 915 1443 938 ac
1459 905 1560 938 dictas
1575 905 1730 939 foeminas
1750 916 1877 940 necnon
1899 906 1953 939 be-

1197 959 1322 999 neficia,
1337 959 1367 991 in
1382 958 1546 992 mensibus
1563 959 1682 992 eisdem
1699 959 1870 993 ordinariis
1887 959 1953 993 col-

1196 1012 1364 1052 latoribus,
1387 1012 1473 1046 iuxta
1493 1013 1740 1046 constitutiones
1760 1013 1952 1057 apostolicas

1197 1076 1252 1098 seu
1273 1066 1380 1099 literas
1407 1067 1670 1100 alternativarum
1695 1072 1751 1100 aut
1774 1067 1836 1100 alia
1857 1067 1952 1111 privi-

1196 1119 1278 1161 legia
1299 1125 1329 1152 et
1349 1120 1483 1159 indulta,
1503 1120 1664 1153 concessis
1683 1120 1839 1153 hactenus
1867 1125 1898 1153 et
1919 1119 1951 1152 in

1197 1177 1374 1216 posterum,
1398 1173 1492 1207 etiam
1513 1185 1572 1218 per
1591 1185 1649 1207 nos
1673 1179 1728 1207 aut
1748 1184 1951 1207 successores

1196 1232 1322 1260 nostros
1342 1214 1503 1261 Romffnos
1522 1227 1705 1268 Pontifices,
1728 1238 1788 1272 pro
1803 1233 1949 1272 tempore

1195 1280 1364 1313 existentes
1393 1281 1620 1321 concedendis,
1644 1281 1703 1314 sub
1723 1281 1948 1315 reservationi-

1194 1334 1272 1373 bus,
1316 1335 1578 1368 concessionibus
1611 1340 1641 1368 et
1679 1335 1948 1378 assignationibus

1194 1388 1274 1421 iuris
1290 1394 1478 1431 patronatus
1489 1394 1519 1422 et
1537 1389 1761 1432 praesentandi
1780 1388 1948 1423 huiusmo-

1193 1440 1236 1479 di,
1267 1452 1405 1484 quarum
1434 1446 1464 1474 et
1492 1441 1599 1474 forsan
1629 1441 1769 1486 desuper
1788 1442 1948 1475 confecta-

1193 1505 1264 1528 rum
1300 1495 1467 1528 literarum
1505 1506 1542 1528 ac
1575 1495 1781 1529 decretorum
1809 1495 1841 1528 in
1884 1495 1947 1529 illis

1193 1548 1415 1592 appositorum
1443 1554 1588 1589 tenoreS,
1616 1560 1652 1581 ac
1680 1549 1705 1581 si
1729 1549 1768 1582 de
1792 1549 1889 1583 verbo
1907 1549 1946 1582 ad

1192 1603 1324 1635 verbum
1342 1602 1572 1643 insererentur,
1591 1602 1814 1647 praesentibus
1833 1603 1944 1636 haberi

1192 1657 1339 1689 volumus
1366 1667 1424 1701 pro
1452 1657 1619 1700 expressis,
1642 1657 1775 1690 minime
1795 1667 1944 1701 compre-

1192 1710 1301 1750 hensa,
1322 1711 1375 1743 sed
1396 1721 1523 1754 semper
1542 1710 1580 1743 ab
1601 1710 1664 1742 illis
1684 1711 1829 1743 exclusas
1848 1716 1879 1744 et
1894 1722 1944 1744 ex-

1192 1769 1284 1807 cepta
1304 1764 1479 1808 respective
1499 1764 1613 1804 fuisse,
1644 1764 1711 1797 fore
1739 1769 1769 1797 et
1794 1775 1879 1805 esse;
1907 1776 1945 1798 ac

1191 1817 1253 1849 illis
1283 1828 1346 1849 non
1376 1817 1586 1857 obstantibus,
1609 1817 1738 1850 eosdem
1764 1817 1944 1851 ordinarios

1191 1871 1361 1904 collatores
1376 1870 1459 1904 dicta
1473 1870 1641 1911 beneficia,
1658 1871 1689 1903 in
1699 1870 1840 1915 praefatis
1856 1882 1944 1904 men-

1191 1924 1281 1957 sibus
1301 1924 1346 1957 eis
1366 1935 1424 1968 pro
1444 1930 1589 1967 tempore
1602 1924 1762 1957 concessis
1781 1935 1841 1968 pro
1861 1930 1943 1958 tem-

1191 1988 1269 2021 pore
1279 1977 1433 2017 vacautia,
1446 1988 1559 2010 eorum
1570 1977 1732 2010 ordinaria
1742 1977 1942 2018 auctoritate,

1190 2030 1268 2063 alias
1283 2031 1354 2071 rite,
1375 2036 1471 2074 prout
1487 2035 1559 2063 ante
1578 2030 1809 2063 reservationes
1826 2035 1857 2064 et
1872 2041 1946 2065 con-

1191 2085 1351 2118 cessiones
1383 2085 1569 2117 huiusmodi
1596 2090 1756 2128 poterant,
1779 2085 1943 2126 conferre,

1191 2144 1218 2171 et
1236 2139 1274 2171 de
1297 2138 1358 2172 illis
1379 2139 1550 2183 disponere
1570 2138 1712 2182 potuisse
1730 2144 1760 2172 et
1781 2149 1886 2182 poosse;
1908 2150 1944 2172 ac

1191 2194 1389 2235 collationes,
1410 2194 1608 2237 provisiones
1618 2199 1645 2227 et
1663 2194 1741 2227 alias
1761 2193 1943 2238 dispositio-

1191 2257 1247 2280 nes
1280 2258 1337 2291 per
1372 2247 1500 2281 eosdem
1534 2247 1715 2280 ordinarios
1748 2247 1786 2280 de
1823 2247 1942 2280 eisdem

1190 2301 1355 2335 beneficiis
1375 2302 1407 2335 in
1428 2302 1520 2335 dictis
1541 2302 1717 2343 mensibus,
1748 2306 1783 2334 ut
1802 2302 1943 2345 praefer-

1190 2361 1259 2397 tur,
1290 2356 1488 2397 vacantibus,
1511 2356 1589 2389 alias
1616 2356 1675 2389 rite
1707 2366 1766 2399 pro
1797 2360 1942 2400 tempore

1190 2405 1299 2446 factas,
1322 2406 1441 2439 validas
1457 2412 1486 2439 et.
1502 2406 1647 2439 efficaces
1668 2405 1813 2446 existere,
1827 2411 1857 2438 et
1868 2415 1943 2439 suos

1191 2455 1323 2488 effectus
1344 2455 1450 2488 sortiri
1470 2455 1587 2488 debere
1611 2455 1644 2487 in
1664 2454 1815 2487 omnibus
1835 2461 1865 2488 et
1885 2466 1943 2499 per

1190 2506 1310 2544 omnia,
1332 2504 1466 2548 perinde
1489 2515 1526 2537 ac
1550 2504 1575 2536 si
1602 2503 1844 2544 resermfiones,
1867 2515 1943 2537 con-

1190 2552 1351 2586 cessiones
1370 2558 1401 2586 et
1419 2552 1650 2595 assignationes
1664 2551 1742 2585 iuris
1752 2557 1941 2596 patronatus

1190 2606 1220 2634 et
1249 2601 1471 2646 praesentandi
1500 2600 1684 2634 huiusmodi
1705 2612 1722 2634 a
1750 2601 1843 2636 nobis
1874 2611 1941 2635 non

1967 204 2018 232 An.
2037 204 2066 232 C.
2083 204 2153 233 ¹560

1241 261 1255 303 g
1281 260 1311 293 ἱ).
1340 261 1425 293 Motu
1450 259 1582 304 proprio
1603 264 1633 292 et
1659 270 1696 293 ex
1725 265 1812 293 certa
1840 263 1951 293 nostra
1986 273 2154 300 neumaiam

1967 310 2006 332 qua
2015 306 2038 326 in
2049 305 2152 331 rubrica).
