2237 3100
232 242 280 267 An.
298 242 327 269 C.
348 242 407 269 1571

471 229 534 263 90⁹2
1025 236 1201 259 sisinnium
1227 235 1376 258 nonaum
1998 239 2015 264 Α

427 296 509 324 stros
521 297 551 324 et
562 301 786 334 quascumque
802 290 880 322 alias
898 298 1064 332 personas,
1085 288 1182 320 laicas
1226 287 1406 320 fraternitas
1423 298 1479 320 seu
1500 288 1648 329 societas,
1671 289 1913 331 gubernatores,
1935 289 1981 323 os-

427 341 1183 384 seuecclesiasticas,cuiuscumquegradus,or·
1226 340 1358 380 11613165,
1381 341 1660 374 administratores
1680 347 1711 374 ct
1736 342 1878 385 deputati
1906 354 1980 377 nec-

428 395 1182 439 dinis,0011cti11011is‚dignitatisoi1;›1·aeeminon-
1226 403 1289 425 non
1311 404 1472 440 pauperes
1492 395 1536 427 ibi
1564 395 1716 438 degentes
1743 395 1864 428 babere
1883 397 1982 430 velint

427 448 1182 491 tiaeexistentes,etiamcardinalatusdignitate
1226 452 1337 478 contra
1367 448 1495 480 easdem
1532 458 1697 491 personas,
1735 448 1978 491 universitates,

427 504 597 546 fulgentes,
625 502 861 541 universitates,
892 502 1075 541 societates,
1105 512 1182 533 eou-
1226 500 1420 533 monasteria
1436 506 1465 534 et
1482 500 1543 533 alia
1559 501 1747 534 huiusmodi
1762 501 1815 545 pia
1826 501 1909 541 loca,
1922 513 1981 546 pro

426 556 643 599 gregationes,
667 555 861 588 monasteria
887 561 914 588 et
943 555 1004 587 alia
1031 556 1100 587 lora
1130 555 1183 598 pia
1226 553 1983 596 rebus,bonis,haereditatibus,iuribus,actio-

427 609 626 649 huiusmodi,
649 609 746 641 etiam
769 608 793 641 si
815 619 925 642 eoram
949 609 979 642 S.
1008 609 1044 641 R.
1068 609 1101 641 1⁴3.
1130 620 1182 641 ea-
1226 606 1323 639 nibus
1352 607 1552 649 huiusmodi,
1580 619 1667 641 nunc
1692 614 1720 641 ct
1746 619 1805 652 pro
1835 614 1982 653 tempore

427 663 588 703 merario,
622 662 748 695 clericis
783 669 811 695 et
841 662 1102 706 praesidentilnis
1124 662 1182 695 Ca·
1225 659 1591 695 areliiconsrateruitatis
1607 673 1663 695 seu
1677 661 1839 695 societatis
1853 663 1982 707 praedi-

427 726 535 749 merae
564 715 767 759 Apostolicae
799 721 827 748 et
857 716 1003 748 eiusdem
1030 715 1182 748 Gamerae
1225 719 1294 745 ctae
1316 714 1461 747 existenti
1482 715 1667 758 protectori,
1686 726 1836 749 unacum
1852 717 1982 750 illarum

427 780 600 802 causarum
621 769 768 802 auditore
786 769 942 812 generali,
959 780 1086 801 necnon
1100 769 1183 801 vica-
1226 767 1501 810 dependentibus,
1528 769 1783 812 emergentibus,
1809 769 1982 803 incidenti-

426 823 488 863 rio,
509 823 727 865 gubernatore
748 833 786 855 ac
801 828 948 855 senatore
975 822 1068 855 Urbis
1090 834 1182 866 prae-
1226 821 1299 859 bus,
1322 821 1466 862 annexis,

426 876 542 916 dictae,
566 887 747 919 eorumque
758 876 1066 913 locumtenentibus,
1086 876 1182 908 colla-
1269 875 1283 917 ξ
1308 874 1339 908 3.
1367 875 1563 916 Summarie,
1586 876 1777 920 simpliciter
1797 882 1828 910 et
1852 877 1892 911 de
1911 878 1981 922 pla-

425 930 582 963 teralibus
597 936 625 963 et
638 930 812 970 iudicibus,
827 940 861 962 ac
879 929 982 962 dictae
999 929 1094 961 Urbis
1106 940 1182 962 cau-

426 994 535 1016 sarum
564 984 818 1028 appellationum
841 983 1011 1026 capitaneo
1038 989 1068 1015 et
1093 982 1182 1015 Sacri

426 1037 538 1070 Palatii
551 1037 646 1070 etiam
658 1047 828 1071 causarum
839 1036 1182 1069 3111111011111151161115-

426 1091 540 1125 demS
544 1091 607 1124 ‚R
631 1091 914 1124 E.cud1ntl1bus
939 1090 1077 1133 aliisque
1098 1089 1182 1122 iudi-

426 1144 527 1185 cibus,
548 1144 722 1178 ordinariis
741 1156 798 1177 seu
823 1144 987 1187 delegatis,
1012 1144 1183 1187 hucusque

426 1204 529 1230 motas
543 1198 721 1241 pendentes
737 1203 765 1230 et
784 1197 1033 1240 quomodolibet.
1050 1207 1182 1230 moven-

425 1252 494 1291 das,
518 1252 557 1284 de
585 1258 616 1285 et
646 1262 745 1295 super
765 1251 1029 1295 quibuscumque
1053 1251 1184 1283 locatio-

426 1305 533 1346 nibus,
551 1305 804 1345 venditionibus,
818 1305 942 1347 legatis,
955 1303 1184 1337 fideicommis-

425 1358 479 1398 sis,
498 1358 707 1395 testamentis,
728 1357 980 1391 haereditatibus
996 1368 1032 1389 ac
1054 1358 1183 1390 illarum

425 1412 717 1451 distributionibus,
727 1423 763 1444 ac
771 1422 1055 1454 quorumcumque
1064 1411 1184 1443 iurium

425 1471 456 1499 et
480 1466 644 1499 actionum
670 1464 862 1499 certioribus
889 1464 1024 1508 aliisque
1053 1464 1185 1508 quibus-

426 1530 585 1562 cumque,
609 1519 694 1551 inter
719 1519 802 1552 vivos
830 1524 858 1552 et
887 1531 982 1553 causa
1008 1519 1132 1557 mortis,
1156 1524 1186 1551 et

426 1572 517 1616 quasi
542 1573 780 1612 contractibus,
807 1573 903 1606 etiam
931 1573 1037 1617 vigore
1062 1573 1185 1616 obliga-

427 1625 522 1659 tionis
548 1626 579 1659 in
609 1627 713 1659 forma
742 1626 895 1660 Gamerae
921 1627 1184 1666 executionibus,

427 1680 700 1720 revocationibus,
717 1680 810 1713 bonis
826 1680 1000 1724 rebusque,
1020 1681 1144 1713 iuribus
1157 1686 1187 1714 et

427 1734 610 1766 actionibus
640 1733 679 1766 ad
708 1733 1100 1767 archiconsraternitatem
1130 1746 1186 1767 seu

427 1787 612 1820 societatem
634 1787 831 1831 praedictam
858 1788 992 1831 eiusque
1014 1789 1184 1828 custodes,

427 1841 674 1884 gubernatores,
685 1841 972 1881 administratores,
988 1842 1142 1875 officiales
1157 1848 1185 1875 et

428 1894 597 1938 deputatos
623 1895 788 1927 ministros
813 1906 991 1939 eorumque
1019 1896 1082 1928 litis
1107 1907 1186 1929 cou-

427 1953 540 1989 sortes,
563 1953 626 1981 tam
645 1948 843 1981 coniunctim
864 1959 960 1992 quam
982 1949 1126 1989 divisim,
1150 1961 1187 1983 ac

429 2008 493 2034 tam
518 2001 617 2034 active
638 2012 735 2046 quam
758 2002 891 2045 passive,
914 2009 977 2035 tam
994 2004 1186 2036 secundario

428 2066 526 2099 quam
548 2055 781 2099 principaliter,
806 2056 961 2089 interesse
984 2067 1186 2090 concernen-

429 2114 475 2142 tes
491 2109 708 2152 spectantibus
724 2115 752 2141 ct
770 2109 1016 2152 pertin-Jmitms,
1033 2111 1071 2143 ad
1084 2111 1188 2143 archi-

430 2163 727 2195 confraternitatem
740 2174 796 2196 seu
818 2162 1002 2195 societatem
1021 2164 1134 2207 ipsam,
1154 2165 1186 2197 in

429 2227 637 2260 quacumque
657 2217 808 2249 instantia
822 2218 981 2260 (quorum
994 2218 1140 2250 omnium
1158 2222 1187 2250 et

431 2270 634 2313 singulorum
655 2276 772 2303 statum
794 2276 823 2303 et
845 2270 969 2311 merita,
993 2281 1120 2304 necnon
1143 2272 1187 2304 iu-

431 2323 539 2356 dicum
561 2329 591 2357 et
611 2323 859 2367 collitigantium
872 2324 1004 2357 nomina
1021 2330 1050 2357 et
1066 2336 1186 2369 coguo-

432 2376 519 2409 mina
553 2382 581 2409 et
616 2378 786 2421 qualitates
816 2382 986 2420 ceteraque
1018 2377 1113 2410 etiam
1148 2379 1186 2411 de

431 2425 621 2459 necessitate
642 2426 850 2469 exprimenda
872 2436 930 2469 pro
952 2426 1109 2470 expressis
1132 2427 1188 2459 ba-

431 2473 567 2517 bentes),
583 2474 614 2506 iu
636 2480 718 2507 statu
736 2480 766 2508 et
786 2474 946 2515 terminis,
958 2474 990 2506 in
1003 2475 1121 2517 quibus
1134 2486 1186 2508 rc-

431 2522 617 2565 periuntur,
640 2534 727 2556 nunc
747 2525 864 2556 harum
885 2524 967 2557 serie
978 2524 1018 2556 ad
1037 2534 1096 2557 nos
1116 2535 1188 2557 avo-

432 2576 553 2611 cantes,
577 2571 713 2615 illasque
730 2583 842 2606 omnes
863 2578 893 2606 et
912 2572 1066 2616 singulas,
1085 2579 1187 2607 motas

433 2625 463 2652 et
482 2620 671 2664 pendentes,
693 2631 730 2653 ac
746 2632 843 2664 quam
870 2626 900 2654 et
915 2632 995 2665 quas
1019 2621 1188 2656 6161116011-

1226 940 1267 963 110
1288 936 1316 963 61
1339 930 1405 962 sola
1426 929 1498 962 facti
1525 929 1655 963 veritate
1680 930 1836 974 inspecta,
1859 942 1896 964 ac
1913 931 1982 965 sine

1226 983 1363 1027 strepitu
1384 989 1411 1015 61
1427 984 1531 1026 figura
1552 983 1674 1024 iudicii,
1689 984 1903 1028 perseipsum
1924 996 1982 1019 seu

1226 1038 1306 1071 alios
1325 1049 1342 1070 a
1364 1048 1395 1070 se
1416 1037 1629 1080 deputandos,
1654 1037 1685 1070 in
1705 1048 1914 1082 quacumque
1936 1039 1983 1072 in—

1226 1091 1351 1131 stantia,
1375 1102 1477 1134 usque
1493 1090 1646 1123 adfinem
1673 1090 1839 1132 audiendi,
1861 1103 1982 1136 cogno-

1226 1145 1335 1178 scendi
1350 1150 1380 1177 et
1393 1144 1456 1177 tine
1473 1144 1580 1176 debito
1602 1144 1808 1186 terminandi,
1824 1156 1861 1179 ac
1885 1146 1981 1180 etiam

1226 1198 1301 1231 alibi
1321 1197 1548 1231 introducendi
1564 1208 1621 1231 seu
1635 1198 1871 1241 committendi,
1893 1210 1982 1233 reas-

1226 1252 1388 1291 sumendi,
1425 1252 1614 1284 auctoritate
1641 1251 1829 1295 apostolica,
1869 1258 1982 1288 tenore

1227 1305 1454 1349 praesentium,
1471 1305 1702 1339 committimus
1725 1311 1755 1339 et
1775 1307 1980 1349 mandamus;

1228 1361 1401 1404 11151111111116
1423 1364 1652 1402 protectorem,
1669 1370 1756 1393 nunc
1776 1365 1807 1393 et
1826 1371 1885 1404 pro
1899 1366 1982 1394 tem-

1227 1424 1304 1457 pore
1329 1413 1536 1454 existentem,
1564 1413 1595 1445 in
1621 1413 1714 1447 dictis
1745 1414 1850 1448 causis
1873 1415 1981 1456 motis,

1227 1467 1442 1511 pendentibus
1462 1478 1497 1499 ac
1524 1466 1556 1499 in
1576 1467 1722 1500 futurum
1751 1468 1928 1511 movendis,
1949 1469 1984 1503 in

1227 1521 1367 1554 iudicem
1394 1520 1609 1562 ordinarium,
1637 1531 1711 1554 cum
1736 1521 1888 1556 facultate
1913 1533 1982 1556 eas-

1227 1574 1300 1607 dem
1316 1585 1428 1608 causas
1443 1575 1475 1607 in
1489 1585 1698 1618 quacumque
1712 1574 1863 1608 instantia
1879 1586 1983 1620 usque

1228 1628 1267 1661 ad
1288 1628 1396 1668 finem,
1418 1633 1447 1661 et
1471 1638 1529 1671 per
1560 1628 1701 1672 seipsum
1727 1638 1783 1662 seu
1805 1628 1906 1662 alium
1933 1630 1983 1664 vel

1229 1681 1308 1714 alios
1328 1681 1397 1715 eius
1418 1682 1598 1722 auditores,
1621 1682 1790 1715 decidendi
1811 1688 1842 1715 et
1868 1684 1982 1716 termi-

1228 1735 1337 1774 nandi,
1358 1740 1388 1767 et
1400 1735 1469 1768 aliis
1484 1735 1691 1767 facultatibus
1710 1735 1894 1778 praedictis,
1907 1736 1983 1770 faci-

1230 1799 1301 1844 mus
1326 1794 1355 1821 et
1377 1788 1606 1821 constituimus
1626 1793 1656 1821 et
1671 1788 1876 1833 deputamus.

1334 1842 1494 1875 .Necnon
1520 1852 1594 1874 cum
1626 1846 1782 1885 potestate
1814 1842 1934 1875 citandi
1953 1848 1985 1876 et

1230 1884 1396 1929 inhibendi
1421 1906 1515 1938 quos,
1549 1895 1668 1938 quibus
1694 1901 1724 1928 61
1743 1895 1871 1938 quoties
1901 1906 2027 1947 opusd.

1230 1950 1327 1982 tuerit
1347 1949 1379 1982 111
1396 1949 1492 1982 Curia
1513 1955 1544 1982 et
1564 1955 1651 1981 extia
1682 1960 1766 1990 eam,
1798 1949 1895 1982 etiam
1925 1960 1985 1994 per

1230 2003 1371 2037 edictum
1389 2003 1576 2047 publicum,
1600 2003 1737 2036 constito
1758 2003 1935 2037 summarie
1955 2008 1986 2037 et

1230 2056 1514 2090 extraiudicialiter
1553 2057 1591 2089 dc
1628 2067 1693 2089 non
1724 2061 1794 2089 tuto
1825 2067 1982 2097 accessu;

1231 2110 1403 2153 eidemque
1418 2121 1454 2143 ac
1470 2110 1635 2154 quibusvis
1649 2110 1719 2143 aliis
1733 2109 1877 2143 eiusdem
1890 2110 1985 2144 Urbis

1230 2164 1391 2197 iudicibus
1423 2175 1459 2197 ac
1480 2163 1642 2208 personis,
1669 2169 1734 2196 tam
1760 2163 1985 2198 ecclesiasticis

1230 2228 1328 2261 quain
1345 2218 1576 2257 saecularibus,
1588 2217 1706 2261 quibus
1720 2223 1749 2250 et
1765 2217 1892 2261 quoties
1904 2228 1986 2262 opus

1230 2272 1338 2312 suerit,
1363 2271 1458 2305 etiam
1485 2271 1543 2303 suh
1574 2270 1752 2311 sententiis,
1785 2271 1931 2304 censuris
1955 2276 1984 2305 et

1230 2325 1343 2369 poenis
1359 2325 1585 2358 ecclesiasticis
1598 2330 1627 2357 et
1643 2324 1851 2368 pecuniariis,
1867 2324 1985 2368 quibus

1230 2379 1302 2414 sibi,
1327 2390 1382 2412 seu
1403 2379 1441 2411 ab
1471 2389 1508 2411 eo
1533 2388 1592 2422 pro
1623 2383 1768 2422 tempore
1800 2378 1984 2422 deputando

1230 2427 1370 2460 auditori
1391 2427 1561 2467 videbitur,
1578 2426 1759 2466 inhibendi,
1779 2431 1821 2467 et,
1840 2426 1873 2459 in
1889 2436 1984 2459 even-

1230 2481 1298 2508 tum
1310 2487 1375 2509 non
1391 2476 1570 2520 paritionis,
1592 2480 1704 2509 contra
1723 2475 1982 2515 inhobedientes,

1230 2530 1440 2558 contumaces
1461 2530 1491 2558 et
1511 2525 1648 2558 rebelles
1672 2525 1711 2557 ad
1731 2523 1984 2557 declarationem

1230 2574 1382 2608 incursus
1401 2585 1581 2618 poenarum
1597 2580 1627 2608 et
1640 2584 1852 2608 censurarum
1872 2573 1986 2607 huius—

1230 2622 1329 2663 modi,
1344 2623 1544 2656 exactionem
1560 2623 1724 2666 illarumq.
1741 2622 1984 2666 aggravationes

2021 247 2046 264 n.
2064 238 2094 264 C.
2112 238 2174 264 ¹571

2020 883 2178 911 summarieque

1996 915 2180 943 otc.procedendt;

2052 1848 2074 1870 111
2087 1848 2150 1869 curia
2160 1850 2182 1869 et

1999 1883 2059 1902 extra
2081 1879 2183 1901 inhiben-
