2237 3100
905 252 973 277 PIUS
992 253 1011 277 V
1031 253 1079 276 ΡΡ.

1662 244 1721 277 911

1787 254 1835 280 Αη.
1856 254 1884 280 C.
1905 255 1968 282 1571

190 294 200 300 ’
218 299 689 343 praedecessorumnostrorum
702 309 789 345 gesta
800 305 858 347 (Eo
874 306 971 349 inspi-
1013 312 1069 346 tes,
1090 307 1295 350 quaestiones
1315 312 1343 339 et
1365 307 1600 339 controversiae
1618 314 1716 348 ortae,
1733 320 1770 342 ac
1800 314 1906 335 ¹¹i-m0d0
1919 315 1971 336 ¹³01·-

217 359 306 386 rante
322 354 378 397 qui
399 355 453 387 dat
466 356 616 398 spiritum
637 356 760 389 bonum
787 360 971 401 petentibus
1013 359 1136 392 diversa
1158 359 1342 402 gravamina
1359 365 1389 392 et
1405 360 1575 399 laesiones,
1598 362 1769 404 perturba-

216 408 262 449 se)
287 408 494 449 revolventes,
516 420 552 442 ea
575 421 657 453 quae
683 411 779 443 certis
804 417 880 445 tune
901 423 971 445 sua-
1013 413 1116 445 tiones
1140 419 1170 446 et
1191 413 1395 446 incommoda
1411 413 1543 446 diversis
1559 414 1769 457 personisge-

217 460 367 494 dentibus
378 462 626 495 rationabilibus
640 464 746 497 causis
763 472 968 506 emanarunt,
1014 472 1122 498 nerata
1136 472 1164 498 et
1185 467 1281 506 illata,
1299 478 1335 499 ac
1356 466 1468 499 litterar
1485 467 1684 508 huiusmodi,
1698 479 1770 511 quie.

42 834 113 855 Sinus
127 833 153 854 lv
170 836 199 855 ci-

19 869 73 887 tatus
83 866 103 886 iu
117 866 200 886 rubrica

19 896 78 918 tussit
119 898 200 918 vicinos

19 929 89 949 domos
105 929 199 949 vendere

18 961 92 981 vit-ints
103 961 127 980 att
139 966 199 980 orun-

20 995 60 1013 tum
77 990 145 1011 Urbis.

45 1911 85 1932 1.οη
97 1913 160 1932 veiam
174 1911 194 1933 Y.

13 1946 33 1964 ut
48 1945 66 1963 in
79 1944 133 1963 rut-r.

55 2183 102 2204 Pius
118 2183 144 2204 IV
161 2190 194 2205 νο-

13 2217 195 2236 ῐυηιοοιικιίιυὶίη-

13 2252 50 2267 nes
66 2248 170 2274 ampliati(

217 524 255 546 ex
273 514 345 546 aliis
359 525 425 547 non
439 516 547 548 minus
567 518 770 550 attendendis
791 519 971 552 rationibus

217 566 256 599 ad
282 567 416 600 rationis
441 570 601 602 tramitem
627 571 837 611 reducmnus,
860 578 968 614 prout,

217 630 327 653 rerum
356 627 386 654 et
417 627 601 664 temporum
634 624 788 666 qualitate
826 625 968 667 digesta,

216 673 390 707 salubriter
413 675 446 707 in
470 675 607 709 Domino
633 677 854 720 conspicimus
874 689 970 721 expe-

215 727 298 760 dire.

259 781 274 824 g
294 781 326 814 «1.
349 781 444 822 Sane,
467 782 543 815 licet
559 783 638 816 alias
652 784 754 817 felicis
772 785 970 818 reeordatio-

214 834 265 867 nis
288 833 394 868 Sixtus
419 835 504 879 Papa
532 836 581 876 IV,
614 842 702 869 motu
728 839 862 881 proprio
884 845 912 871 ct
934 850 970 872 ex

215 887 285 920 eius
302 893 388 921 certa
408 889 543 921 scientia
562 900 600 922 ac
612 890 651 923 de
666 891 862 933 apostolieae
883 897 971 934 pote.-

213 941 303 974 statis
327 941 542 984 plenitudine,
566 944 710 976 statuerit
728 951 757 977 et
774 945 968 978 ordinaverit

214 995 302 1038 quod
322 1000 400 1028 tunc
420 1000 451 1028 et
471 1007 530 1040 pro
551 1002 697 1040 tempore
718 998 889 1030 existentes
909 998 968 1031 Ro*

214 1058 329 1081 manae
358 1048 521 1082 Ecclesiae
553 1050 753 1083 camerarius
774 1056 804 1083 et
824 1051 968 1091 maeistri

212 1101 438 1135 aedificiorum
455 1109 485 1136 et
501 1109 674 1137 stratarum
689 1104 792 1137 dictae.
807 1105 912 1145 Urbis,
930 1106 968 1138 ad

213 1156 462 1198 requisitionem
491 1158 700 1191 dominorum
731 1169 968 1202 quorumcum-

213 1219 277 1252 que
293 1209 467 1243 domorum
481 1217 514 1257 et
529 1212 670 1245 aliorum
684 1213 860 1253 bonorum,
882 1218 968 1245 tene-

212 1268 326 1295 rentur
346 1263 379 1296 in
399 1265 497 1297 certis
528 1265 685 1308 expressis
719 1265 848 1298 casibus
878 1276 967 1298 eom-

213 1316 336 1360 pellere
367 1317 490 1351 vicinos
519 1319 559 1351 ad
585 1319 699 1352 domos
729 1325 758 1351 et
790 1320 852 1351 alia
883 1320 968 1352 bona

212 1380 362 1413 expressa
377 1372 585 1405 vendendum
601 1383 659 1416 pro
678 1373 782 1416 pretio
806 1384 864 1416 per
885 1373 969 1416 peri-

212 1429 261 1457 tos
285 1425 512 1467 existimando,
535 1427 690 1470 quodque
710 1427 807 1460 vicini
828 1427 968 1460 vendere

210 1478 354 1511 volentes
374 1480 504 1513 nonnisi
524 1480 639 1513 vicinis
659 1491 767 1513 emere
787 1481 968 1514 volentibus

212 1532 349 1566 vendere
370 1538 513 1577 possent,
537 1539 567 1566 et
586 1534 665 1566 alias
685 1544 722 1566 ac
739 1534 849 1574 latius,
871 1541 966 1578 prout

211 1586 244 1618 in
256 1586 333 1619 dicti
355 1587 615 1629 praedecessoris
631 1587 746 1620 litteris
767 1588 965 1628 continetur,

211 1639 269 1672 sub
291 1640 401 1672 datum
418 1640 538 1673 Romae
551 1641 638 1684 apud
653 1640 808 1674 Sanctum
821 1641 964 1682 Petrum,

209 1703 294 1726 anno
309 1703 312 1706 ’
325 1693 561 1727 Incarnationis
586 1694 768 1727 dominicae
794 1695 966 1729 millesimo

210 1746 530 1790 quadringentesimo
577 1748 774 1790 octogesimo
798 1774 805 1787 ,
862 1749 967 1791 pridie

211 1801 363 1833 kalendas
389 1801 473 1841 iulii,
500 1801 708 1844 pontificatus
729 1802 777 1834 sui
811 1812 897 1835 anno
922 1813 963 1835 ix.

255 1853 270 1896 ᾗ
290 1853 321 1886 2.
340 1854 378 1887 Et
392 1855 573 1887 successive
585 1855 648 1888 Leo
665 1855 821 1895 decimus,
837 1856 896 1888 sub
913 1856 966 1888 da-

211 1912 279 1939 tum
300 1907 420 1940 Romae
435 1908 521 1951 apud
541 1907 693 1941 Sanctum
714 1909 858 1949 Petrum,
881 1920 966 1941 anno

213 1961 446 1994 incarnationis
470 1962 656 2005 praedictae
678 1962 850 1995 millesimo
871 1963 967 2005 quin-

210 2014 390 2056 gentesimo
420 2014 547 2047 decimo
578 2020 682 2056 sexto,
714 2021 830 2058 quarto
865 2026 966 2049 nonas

211 2068 408 2109 novembris,
425 2069 637 2112 pontificatus
652 2069 702 2102 sui
723 2080 808 2102 anno
828 2079 869 2102 iv.

253 2122 268 2165 ἓ
287 2121 318 2155 3.
342 2123 386 2155 Ae
398 2123 475 2156 Pius
486 2122 534 2163 lv,
548 2123 609 2155 sub
623 2123 734 2155 datum
746 2123 866 2156 Romae
879 2123 964 2167 apud

209 2176 363 2209 Sanctum
377 2177 530 2217 Marcum,
543 2187 627 2210 anno
640 2177 874 2210 incarnationis·
887 2188 966 2220 prfe-

209 2229 313 2262 dictae
334 2230 508 2263 millesimo
528 2231 789 2273 quingentesimo
810 2231 966 2273 sexagesi-

211 2293 263 2316 mo
284 2283 412 2326 quinto,
435 2283 562 2316 decimo
584 2284 738 2317 kalendas
759 2284 962 2327 septembris,

210 2335 418 2379 pontificatus
447 2337 495 2370 sui
521 2347 605 2369 anno
626 2347 668 2377 vt,
692 2343 723 2369 et
747 2337 800 2369 alii
827 2337 963 2369 Romani

210 2389 384 2423 Pontifices
414 2391 681 2435 praedecessores
709 2391 810 2423 nostri
843 2391 965 2423 litteras

210 2440 393 2482 praedictas
417 2440 495 2472 Sixti
517 2439 791 2480 confirmaverint,
819 2441 964 2473 deelara-

210 2488 322 2528 verint,
337 2488 561 2532 ampliaverint
575 2494 605 2521 et
618 2489 831 2529 extenderint,
846 2494 875 2521 et
887 2489 965 2522 alias

212 2543 309 2580 prout
328 2538 424 2570 latius
445 2538 478 2570 in
503 2538 597 2570 dietis
617 2537 731 2570 litteris
752 2538 949 2571 continetur.

254 2587 312 2630 §4-
327 2586 407 2620 Cum
428 2592 549 2628 autem,
567 2587 650 2619 sicut
662 2587 859 2630 accepimus,
873 2598 964 2620 occa-

210 2636 299 2670 sione
311 2637 492 2671 litterarum
512 2636 752 2681 praedictarum
773 2637 915 2670 diversae
930 2637 965 2670 li-

1013 519 1230 552 correctoriae
1244 519 1323 552 iuris
1345 520 1527 553 eommunis
1549 520 1700 561 existunt,
1720 533 1770 555 se-

1013 572 1156 604 eundum
1185 574 1348 616 propriam
1371 573 1640 616 significationem
1662 575 1770 608 stricte

1013 624 1217 668 interpretari
1250 627 1426 667 deberent,
1461 627 1624 669 rigorosae
1653 639 1769 662 execu-

1013 677 1103 718 tioni,
1123 679 1218 711 etiam
1243 680 1275 712 in
1296 681 1424 713 casibus
1444 680 1475 712 in
1490 680 1551 713 illis
1572 681 1678 714 forsan
1704 692 1770 715 non

1012 731 1182 774 expressis,
1196 732 1405 766 demandatae
1422 734 1540 766 fuerint
1551 740 1581 767 ct
1597 734 1628 766 in
1640 735 1707 768 dies
1719 735 1771 768 de-

1014 785 1220 825 mandentur,
1234 786 1264 818 in
1273 787 1461 819 earumdem
1472 798 1684 830 personarum
1701 790 1770 821 ani-

1013 848 1140 870 morum
1159 839 1336 871 molestiam
1354 851 1419 872 non
1431 840 1603 881 modicam,
1622 852 1658 874 ac
1676 853 1771 885 prop-

1012 895 1099 922 terea
1119 891 1337 934 plurimorum
1356 893 1394 925 ad
1415 904 1474 926 nos
1485 895 1636 937 querelae
1658 895 1770 929 delatae

1012 943 1131 976 fuerint
1158 945 1231 977 etin
1253 946 1321 978 dies
1341 946 1541 986 deferantur,
1564 958 1769 991 conqueren-

1012 997 1092 1030 tium
1112 998 1305 1041 potissimun
1326 999 1364 1031 de
1395 1000 1502 1042 rigore
1522 1002 1570 1033 vel
1593 1001 1699 1044 potius
1719 1002 1769 1035 in-

1012 1050 1321 1085 iustitialitterarum
1344 1054 1596 1096 praedictarum.

1056 1105 1070 1147 ,ξ
1093 1108 1123 1137 ὕ.
1142 1105 1216 1142 Nos,
1230 1106 1432 1139 attendentes
1446 1108 1533 1150 quod
1547 1119 1595 1148 ea,
1610 1120 1692 1151 quac
1706 1109 1769 1141 iuri

1012 1159 1178 1191 communi
1200 1165 1231 1191 et
1251 1159 1349 1192 sacris
1370 1161 1549 1193 canonibus
1566 1163 1768 1195 contrarian-

1011 1217 1079 1251 tur,
1102 1218 1130 1244 et
1152 1223 1188 1245 ex
1214 1213 1309 1246 certis
1334 1214 1578 1247 necessitatibus
1601 1215 1770 1249 imminen-

1012 1266 1096 1298 tibus
1125 1271 1155 1299 et
1182 1267 1223 1299 ita
1249 1268 1355 1300 forsan
1382 1268 1622 1311 requirentibus
1653 1276 1769 1303 statuta

1011 1324 1039 1351 et
1061 1319 1198 1352 admissa
1211 1326 1296 1359 sunt,
1312 1326 1468 1364 perpetua
1477 1332 1544 1354 esse
1556 1332 1621 1354 non
1637 1323 1766 1363 debent,

1010 1377 1039 1404 et
1053 1373 1140 1415 quod
1153 1373 1177 1405 si
1194 1373 1256 1415 legi
1276 1373 1358 1406 civili
1374 1375 1474 1407 multa
1492 1374 1636 1417 rigorosa
1652 1376 1768 1409 admit·

1011 1426 1087 1458 tenti
1117 1427 1220 1468 gravis
1250 1427 1314 1460 visa
1341 1433 1383 1460 est
1410 1427 1546 1468 iniuria,
1574 1440 1656 1471 quae
1681 1429 1768 1462 inani

1011 1479 1186 1512 honestatis
1211 1481 1319 1513 colore
1337 1482 1471 1522 velatur,
1503 1488 1537 1514 ut
1561 1482 1709 1516 homines
1729 1484 1767 1516 de

1010 1532 1106 1565 rebus
1131 1533 1197 1567 suis
1216 1534 1321 1567 facere
1342 1535 1464 1578 aliquid
1487 1542 1645 1578 cogantur
1665 1536 1765 1577 inviti,

1010 1597 1114 1630 neque
1137 1599 1194 1620 suo
1220 1588 1377 1620 arbitratu
1399 1589 1564 1621 vendenda
1589 1589 1767 1623 distrahere

1009 1640 1144 1683 possint,
1166 1647 1195 1673 ct
1211 1647 1382 1685 12›1'opte1‘ea
1399 1642 1645 1676 constitutiones
1661 1654 1766 1677 cassa-

1010 1693 1100 1734 verit,
1119 1705 1201 1737 quae
1222 1695 1362 1727 liberum
1380 1695 1550 1728 arbitrium
1565 1696 1766 1730 distrahendi

1009 1757 1060 1780 res
1093 1748 1241 1791 proprias
1262 1748 1477 1793 impedirent,
1510 1750 1611 1782 multo
1640 1751 1767 1793 gravior

1009 1801 1101 1834 nobis
1117 1812 1185 1834 esse
1200 1802 1336 1843 videtur,
1351 1803 1417 1846 qui,
1434 1810 1619 1837 sanctorum
1636 1805 1766 1838 Patrmn

1009 1855 1146 1887 decretis
1156 1855 1364 1896 inliterentes,
1378 1857 1513 1889 nitimur
1526 1864 1561 1890 ut,
1576 1859 1704 1891 nonnisi
1716 1870 1764 1899 ea,

1009 1920 1091 1952 quac
1112 1909 1150 1941 ad
1172 1909 1323 1953 pietatem
1354 1916 1381 1943 et
1409 1911 1606 1954 aequitatem
1627 1922 1663 1945 ac
1689 1912 1767 1945 libe-

1009 1972 1077 1993 ram
1100 1962 1292 2006 disponendi
1308 1963 1347 1996 de
1368 1964 1464 1997 rebus
1480 1964 1546 1997 suis
1565 1964 1764 2006 facultatem,

1009 2021 1038 2047 et
1063 2015 1101 2047 ad
1122 2015 1264 2059 quietem
1286 2022 1317 2049 et
1336 2017 1604 2061 tranquillitatem
1625 2017 1767 2051 subdito-

1008 2078 1079 2100 rum
1101 2074 1287 2102 nostrorum
1316 2076 1346 2103 et
1369 2071 1577 2113 querelarum
1599 2081 1636 2103 ac
1660 2071 1765 2104 litium

1009 2123 1226 2165 praefatarum
1249 2124 1506 2168 amputationem
1537 2125 1684 2166 tendunt,
1714 2125 1767 2158 ad-

1008 2175 1185 2209 mittamus.
1200 2177 1392 2210 Litterarum
1402 2178 1548 2211 omnium
1559 2178 1766 2221 przefatarum

1007 2229 1147 2263 veriores
1162 2241 1289 2263 necnon
1311 2242 1521 2274 processuum
1543 2231 1682 2275 desuper
1701 2231 1767 2265 sor-

1008 2290 1170 2316 matorum
1194 2289 1334 2325 tenores,
1357 2295 1394 2317 ac
1414 2285 1438 2317 si
1460 2284 1498 2317 de
1515 2285 1613 2318 verbo
1637 2285 1675 2318 ad
1696 2296 1766 2318 ver-

1007 2336 1084 2370 bum
1097 2337 1329 2378 insererentur,
1343 2348 1469 2371 necnon
1483 2349 1766 2383 quarumcumque

1007 2390 1110 2423 litium
1134 2402 1232 2435 super
1254 2392 1361 2424 forsan
1380 2397 1554 2432 motarum,
1579 2398 1609 2425 et
1632 2392 1665 2425 in
1685 2404 1765 2436 qua-

1008 2450 1148 2482 cumque
1169 2440 1331 2481 instantia,
1368 2440 1462 2473 ctiam
1497 2451 1596 2485 super
1629 2440 1767 2474 iustitiae

1006 2489 1055 2521 vel
1068 2489 1233 2522 iniustitia}
1246 2489 1412 2529 revisione‚
1430 2489 1642 2532 pendentium
1657 2494 1766 2530 status,

1008 2538 1133 2579 merita,
1152 2550 1189 2572 ac
1214 2539 1346 2571 nomina
1366 2539 1601 2582 etcognontina
1621 2538 1766 2572 iudicum

1008 2593 1038 2621 et
1074 2588 1321 2631 collitigantium
1356 2588 1581 2632 praesentibus
1611 2600 1670 2632 pro
1712 2600 1766 2622 ex-

1008 2638 1126 2681 pressis
1149 2638 1316 2677 babentes,
1338 2637 1474 2681 illasque
1505 2638 1544 2670 ad
1564 2648 1624 2672 nos
1650 2638 1765 2671 harum

1787 347 1843 369 tifex,
1856 348 1878 366 rid
1891 347 1971 367 tullen-

1785 378 1831 397 dum
1869 378 1916 397 tite>
1932 379 1969 397 der

1784 413 1847 435 nuper
1864 412 1928 434 ortas,

1785 1157 1807 1176 nd
1828 1160 1945 1176 leentiam>-
1966 1169 1970 1171 >

1785 1188 1811 1207 ri*
1829 1194 1943 1207 rotun-111*
