<?xml version="1.0" encoding="UTF-8"?>
<!DOCTYPE html PUBLIC "-//W3C//DTD XHTML 1.0 Transitional//EN"
    "http://www.w3.org/TR/xhtml1/DTD/xhtml1-transitional.dtd">
<html xmlns="http://www.w3.org/1999/xhtml" xml:lang="en" lang="en">
 <head>
  <title>
</title>
<meta http-equiv="Content-Type" content="text/html;charset=utf-8" />
  <meta name='ocr-system' content='tesseract 3.04.00' />
  <meta name='ocr-capabilities' content='ocr_page ocr_carea ocr_par ocr_line ocrx_word'/>
</head>
<body>
  <div class='ocr_page' id='page_1' title='image "./bullarumdiplomat07cath_0823.png"; bbox 0 0 2237 3100; ppageno 0'>
   <div class='ocr_carea' id='block_1_1' title="bbox 53 256 235 285">
    <p class='ocr_par' dir='ltr' id='par_1_1' title="bbox 53 256 235 285">
     <span class='ocr_line' id='line_1_1' title="bbox 53 256 235 285; baseline -0.011 0"><span class='ocrx_word' id='word_1_1' title='bbox 53 257 105 285; x_wconf 71' lang='lat' dir='ltr'>An.</span> <span class='ocrx_word' id='word_1_2' title='bbox 119 256 150 284; x_wconf 87' lang='lat' dir='ltr'>C.</span> <span class='ocrx_word' id='word_1_3' title='bbox 167 256 235 284; x_wconf 75' lang='lat'><strong>1569</strong></span> 
     </span>
    </p>
   </div>
   <div class='ocr_carea' id='block_1_2' title="bbox 45 629 227 682">
    <p class='ocr_par' dir='ltr' id='par_1_2' title="bbox 45 629 227 682">
     <span class='ocr_line' id='line_1_2' title="bbox 74 629 227 651; baseline 0.007 -1"><span class='ocrx_word' id='word_1_4' title='bbox 74 629 183 651; x_wconf 75' lang='lat' dir='ltr'>Decretum</span> <span class='ocrx_word' id='word_1_5' title='bbox 198 632 227 651; x_wconf 82' lang='lat' dir='ltr'>ir-</span> 
     </span>
     <span class='ocr_line' id='line_1_3' title="bbox 45 662 118 682; baseline -0.027 0"><span class='ocrx_word' id='word_1_6' title='bbox 45 662 118 682; x_wconf 77' lang='lat' dir='ltr'>ritans.</span> 
     </span>
    </p>
   </div>
   <div class='ocr_carea' id='block_1_3' title="bbox 40 1009 224 1062">
    <p class='ocr_par' dir='ltr' id='par_1_3' title="bbox 40 1009 224 1062">
     <span class='ocr_line' id='line_1_4' title="bbox 50 1009 224 1035; baseline 0 -5"><span class='ocrx_word' id='word_1_7' title='bbox 50 1009 161 1035; x_wconf 72' lang='lat' dir='ltr'>nerag-uto</span> <span class='ocrx_word' id='word_1_8' title='bbox 171 1014 224 1030; x_wconf 78' lang='lat' dir='ltr'>eou-</span> 
     </span>
     <span class='ocr_line' id='line_1_5' title="bbox 40 1041 162 1062; baseline 0 -1"><span class='ocrx_word' id='word_1_9' title='bbox 40 1041 162 1062; x_wconf 76' lang='lat' dir='ltr'>{rariorum-</span> 
     </span>
    </p>
   </div>
   <div class='ocr_carea' id='block_1_4' title="bbox 926 252 1099 278">
    <p class='ocr_par' dir='ltr' id='par_1_4' title="bbox 926 252 1099 278">
     <span class='ocr_line' id='line_1_6' title="bbox 926 252 1099 278; baseline -0.017 0"><span class='ocrx_word' id='word_1_10' title='bbox 926 253 994 278; x_wconf 89' lang='lat' dir='ltr'>PIUS</span> <span class='ocrx_word' id='word_1_11' title='bbox 1012 253 1032 276; x_wconf 89' lang='lat' dir='ltr'>V</span> <span class='ocrx_word' id='word_1_12' title='bbox 1051 252 1099 276; x_wconf 80' lang='lat' dir='ltr'>Pr.</span> 
     </span>
    </p>
   </div>
   <div class='ocr_carea' id='block_1_5' title="bbox 246 304 1787 406">
    <p class='ocr_par' dir='ltr' id='par_1_5' title="bbox 246 304 1787 406">
     <span class='ocr_line' id='line_1_7' title="bbox 246 304 1787 350; baseline 0.001 -11"><span class='ocrx_word' id='word_1_13' title='bbox 246 306 429 350; x_wconf 87' lang='lat' dir='ltr'>documque</span> <span class='ocrx_word' id='word_1_14' title='bbox 455 307 696 350; x_wconf 73' lang='lat' dir='ltr'>provenientia,</span> <span class='ocrx_word' id='word_1_15' title='bbox 718 307 756 340; x_wconf 87' lang='lat' dir='ltr'>ad</span> <span class='ocrx_word' id='word_1_16' title='bbox 790 317 995 341; x_wconf 85' lang='lat' dir='ltr'>communem</span> <span class='ocrx_word' id='word_1_17' title='bbox 1039 305 1172 347; x_wconf 77' lang='lat' dir='ltr'>singulis</span> <span class='ocrx_word' id='word_1_18' title='bbox 1185 304 1449 349; x_wconf 80' lang='lat' dir='ltr'>litterispraefatis</span> <span class='ocrx_word' id='word_1_19' title='bbox 1464 316 1653 341; x_wconf 76' lang='lat' dir='ltr'>concessum</span> <span class='ocrx_word' id='word_1_20' title='bbox 1666 314 1787 341; x_wconf 88' lang='lat' dir='ltr'>estnon</span> 
     </span>
     <span class='ocr_line' id='line_1_8' title="bbox 247 359 1785 406; baseline 0.003 -14"><span class='ocrx_word' id='word_1_21' title='bbox 247 369 341 392; x_wconf 81' lang='lat' dir='ltr'>usum</span> <span class='ocrx_word' id='word_1_22' title='bbox 357 360 524 404; x_wconf 88' lang='lat' dir='ltr'>percipiat,</span> <span class='ocrx_word' id='word_1_23' title='bbox 545 366 573 394; x_wconf 84' lang='lat' dir='ltr'>et</span> <span class='ocrx_word' id='word_1_24' title='bbox 596 361 780 404; x_wconf 73' lang='lat' dir='ltr'>delegandis</span> <span class='ocrx_word' id='word_1_25' title='bbox 800 361 863 395; x_wconf 85' lang='lat' dir='ltr'>sivo</span> <span class='ocrx_word' id='word_1_26' title='bbox 883 362 997 395; x_wconf 86' lang='lat' dir='ltr'>substi-</span> <span class='ocrx_word' id='word_1_27' title='bbox 1039 360 1164 393; x_wconf 87' lang='lat' dir='ltr'>obstare</span> <span class='ocrx_word' id='word_1_28' title='bbox 1182 386 1189 399; x_wconf 88' lang='lat'><em>‚</em></span> <span class='ocrx_word' id='word_1_29' title='bbox 1221 359 1400 403; x_wconf 86' lang='lat' dir='ltr'>ceterisque</span> <span class='ocrx_word' id='word_1_30' title='bbox 1443 362 1613 394; x_wconf 70' lang='lat' dir='ltr'>contrariis</span> <span class='ocrx_word' id='word_1_31' title='bbox 1652 362 1785 406; x_wconf 78' lang='lat' dir='ltr'>quibus-</span> 
     </span>
    </p>
   </div>
   <div class='ocr_carea' id='block_1_6' title="bbox 233 413 994 2704">
    <p class='ocr_par' dir='ltr' id='par_1_6' title="bbox 244 413 994 554">
     <span class='ocr_line' id='line_1_9' title="bbox 244 413 992 460; baseline 0.004 -14"><span class='ocrx_word' id='word_1_32' title='bbox 244 413 373 447; x_wconf 87' lang='lat' dir='ltr'>tuendis</span> <span class='ocrx_word' id='word_1_33' title='bbox 391 415 526 448; x_wconf 87' lang='lat' dir='ltr'>notariis</span> <span class='ocrx_word' id='word_1_34' title='bbox 546 415 612 449; x_wconf 89' lang='lat' dir='ltr'>suis</span> <span class='ocrx_word' id='word_1_35' title='bbox 631 415 789 460; x_wconf 86' lang='lat' dir='ltr'>stipendia</span> <span class='ocrx_word' id='word_1_36' title='bbox 809 416 992 457; x_wconf 87' lang='lat' dir='ltr'>constituat,</span> 
     </span>
     <span class='ocr_line' id='line_1_10' title="bbox 244 466 994 512; baseline 0.004 -13"><span class='ocrx_word' id='word_1_37' title='bbox 244 466 291 499; x_wconf 86' lang='lat' dir='ltr'>vel</span> <span class='ocrx_word' id='word_1_38' title='bbox 316 466 397 500; x_wconf 84' lang='lat' dir='ltr'>alias</span> <span class='ocrx_word' id='word_1_39' title='bbox 416 479 514 512; x_wconf 90' lang='lat' dir='ltr'>super</span> <span class='ocrx_word' id='word_1_40' title='bbox 532 468 595 502; x_wconf 89' lang='lat' dir='ltr'>hoc</span> <span class='ocrx_word' id='word_1_41' title='bbox 629 469 794 502; x_wconf 74' lang='lat' dir='ltr'>conveniat</span> <span class='ocrx_word' id='word_1_42' title='bbox 829 480 903 502; x_wconf 90' lang='lat' dir='ltr'>cum</span> <span class='ocrx_word' id='word_1_43' title='bbox 932 470 994 503; x_wconf 85' lang='lat' dir='ltr'>eis-</span> 
     </span>
     <span class='ocr_line' id='line_1_11' title="bbox 244 518 394 554; baseline 0.02 -3"><span class='ocrx_word' id='word_1_44' title='bbox 244 518 317 553; x_wconf 89' lang='lat' dir='ltr'>dem</span> <span class='ocrx_word' id='word_1_45' title='bbox 337 525 394 554; x_wconf 83' lang='lat' dir='ltr'>etc.</span> 
     </span>
    </p>

    <p class='ocr_par' dir='ltr' id='par_1_7' title="bbox 240 573 994 936">
     <span class='ocr_line' id='line_1_12' title="bbox 286 573 994 620; baseline 0.003 -13"><span class='ocrx_word' id='word_1_46' title='bbox 286 573 302 617; x_wconf 62' lang='grc' dir='ltr'><strong><em>ξ</em></strong></span> <span class='ocrx_word' id='word_1_47' title='bbox 322 573 352 607; x_wconf 76' lang='lat'>⁶2.</span> <span class='ocrx_word' id='word_1_48' title='bbox 369 574 498 619; x_wconf 86' lang='lat' dir='ltr'>Sicque,</span> <span class='ocrx_word' id='word_1_49' title='bbox 514 575 546 608; x_wconf 90' lang='lat' dir='ltr'>in</span> <span class='ocrx_word' id='word_1_50' title='bbox 566 575 615 608; x_wconf 85' lang='lat' dir='ltr'>his</span> <span class='ocrx_word' id='word_1_51' title='bbox 631 580 659 608; x_wconf 92' lang='lat' dir='ltr'>et</span> <span class='ocrx_word' id='word_1_52' title='bbox 681 575 751 608; x_wconf 86' lang='lat' dir='ltr'>aliis</span> <span class='ocrx_word' id='word_1_53' title='bbox 762 576 913 620; x_wconf 86' lang='lat' dir='ltr'>praefatis</span> <span class='ocrx_word' id='word_1_54' title='bbox 929 587 994 609; x_wconf 89' lang='lat' dir='ltr'>orn-</span> 
     </span>
     <span class='ocr_line' id='line_1_13' title="bbox 242 626 992 673; baseline 0.004 -13"><span class='ocrx_word' id='word_1_55' title='bbox 242 626 339 660; x_wconf 88' lang='lat' dir='ltr'>nibus</span> <span class='ocrx_word' id='word_1_56' title='bbox 353 633 383 661; x_wconf 90' lang='lat' dir='ltr'>et</span> <span class='ocrx_word' id='word_1_57' title='bbox 395 628 542 672; x_wconf 86' lang='lat' dir='ltr'>singulis,</span> <span class='ocrx_word' id='word_1_58' title='bbox 562 639 620 673; x_wconf 86' lang='lat' dir='ltr'>per</span> <span class='ocrx_word' id='word_1_59' title='bbox 635 639 874 672; x_wconf 83' lang='lat' dir='ltr'>quoscumque,</span> <span class='ocrx_word' id='word_1_60' title='bbox 896 630 992 663; x_wconf 87' lang='lat' dir='ltr'>etiam</span> 
     </span>
     <span class='ocr_line' id='line_1_14' title="bbox 242 683 993 727; baseline 0.005 -14"><span class='ocrx_word' id='word_1_61' title='bbox 242 691 412 715; x_wconf 86' lang='lat' dir='ltr'>causarum</span> <span class='ocrx_word' id='word_1_62' title='bbox 433 683 545 717; x_wconf 86' lang='lat' dir='ltr'>Palatii</span> <span class='ocrx_word' id='word_1_63' title='bbox 567 683 743 727; x_wconf 83' lang='lat' dir='ltr'>Apostolici</span> <span class='ocrx_word' id='word_1_64' title='bbox 768 683 930 717; x_wconf 79' lang='lat' dir='ltr'>auditores</span> <span class='ocrx_word' id='word_1_65' title='bbox 955 695 993 717; x_wconf 88' lang='lat' dir='ltr'>ac</span> 
     </span>
     <span class='ocr_line' id='line_1_15' title="bbox 241 736 993 772; baseline 0.004 -4"><span class='ocrx_word' id='word_1_66' title='bbox 241 740 369 769; x_wconf 84' lang='lat' dir='ltr'>sanotae</span> <span class='ocrx_word' id='word_1_67' title='bbox 388 736 551 771; x_wconf 82' lang='lat' dir='ltr'>Romanae</span> <span class='ocrx_word' id='word_1_68' title='bbox 568 737 728 771; x_wconf 79' lang='lat' dir='ltr'>Ecclesiae</span> <span class='ocrx_word' id='word_1_69' title='bbox 758 737 936 771; x_wconf 81' lang='lat' dir='ltr'>cardinales</span> <span class='ocrx_word' id='word_1_70' title='bbox 956 749 993 772; x_wconf 86' lang='lat' dir='ltr'>ae</span> 
     </span>
     <span class='ocr_line' id='line_1_16' title="bbox 240 788 991 835; baseline 0.004 -13"><span class='ocrx_word' id='word_1_71' title='bbox 240 788 407 823; x_wconf 87' lang='lat' dir='ltr'>Cameram</span> <span class='ocrx_word' id='word_1_72' title='bbox 431 790 534 835; x_wconf 82' lang='lat' dir='ltr'>ipsam</span> <span class='ocrx_word' id='word_1_73' title='bbox 551 817 558 832; x_wconf 92' lang='lat'>‚</span> <span class='ocrx_word' id='word_1_74' title='bbox 579 791 611 824; x_wconf 94' lang='lat' dir='ltr'>in</span> <span class='ocrx_word' id='word_1_75' title='bbox 631 792 741 835; x_wconf 75' lang='lat' dir='ltr'>quavis</span> <span class='ocrx_word' id='word_1_76' title='bbox 768 802 865 825; x_wconf 87' lang='lat' dir='ltr'>causa</span> <span class='ocrx_word' id='word_1_77' title='bbox 894 798 924 825; x_wconf 89' lang='lat' dir='ltr'>et</span> <span class='ocrx_word' id='word_1_78' title='bbox 942 792 991 825; x_wconf 89' lang='lat' dir='ltr'>in-</span> 
     </span>
     <span class='ocr_line' id='line_1_17' title="bbox 240 842 991 885; baseline 0.005 -10"><span class='ocrx_word' id='word_1_79' title='bbox 240 842 367 884; x_wconf 85' lang='lat' dir='ltr'>stantia,</span> <span class='ocrx_word' id='word_1_80' title='bbox 386 843 510 877; x_wconf 88' lang='lat' dir='ltr'>sublata</span> <span class='ocrx_word' id='word_1_81' title='bbox 525 849 597 885; x_wconf 60' lang='lat' dir='ltr'>etc„</span> <span class='ocrx_word' id='word_1_82' title='bbox 625 844 762 878; x_wconf 85' lang='lat' dir='ltr'>iudicari</span> <span class='ocrx_word' id='word_1_83' title='bbox 789 849 847 878; x_wconf 80' lang='lat' dir='ltr'>etc.</span> <span class='ocrx_word' id='word_1_84' title='bbox 874 844 991 879; x_wconf 86' lang='lat' dir='ltr'>debere</span> 
     </span>
     <span class='ocr_line' id='line_1_18' title="bbox 240 898 873 936; baseline 0.003 -7"><span class='ocrx_word' id='word_1_85' title='bbox 240 899 314 936; x_wconf 78' lang='lat' dir='ltr'>el0.;</span> <span class='ocrx_word' id='word_1_86' title='bbox 335 907 462 930; x_wconf 84' lang='lat' dir='ltr'>necnon</span> <span class='ocrx_word' id='word_1_87' title='bbox 482 898 611 931; x_wconf 90' lang='lat' dir='ltr'>irritum</span> <span class='ocrx_word' id='word_1_88' title='bbox 635 903 692 931; x_wconf 78' lang='lat' dir='ltr'>etc.</span> <span class='ocrx_word' id='word_1_89' title='bbox 715 898 873 931; x_wconf 87' lang='lat' dir='ltr'>attentari.</span> 
     </span>
    </p>

    <p class='ocr_par' dir='ltr' id='par_1_8' title="bbox 233 948 991 2704">
     <span class='ocr_line' id='line_1_19' title="bbox 282 948 991 997; baseline 0 -13"><span class='ocrx_word' id='word_1_90' title='bbox 282 950 298 994; x_wconf 66' lang='grc' dir='ltr'><strong>ξ</strong></span> <span class='ocrx_word' id='word_1_91' title='bbox 317 948 349 985; x_wconf 81' lang='lat'>3.</span> <span class='ocrx_word' id='word_1_92' title='bbox 371 951 441 984; x_wconf 93' lang='lat' dir='ltr'>Non</span> <span class='ocrx_word' id='word_1_93' title='bbox 453 952 653 985; x_wconf 72' lang='lat' dir='ltr'>obstantibus</span> <span class='ocrx_word' id='word_1_94' title='bbox 664 952 849 997; x_wconf 80' lang='lat' dir='ltr'>praemissis</span> <span class='ocrx_word' id='word_1_95' title='bbox 859 958 886 986; x_wconf 87' lang='lat' dir='ltr'>et</span> <span class='ocrx_word' id='word_1_96' title='bbox 901 952 991 986; x_wconf 85' lang='lat' dir='ltr'>Pauli</span> 
     </span>
     <span class='ocr_line' id='line_1_20' title="bbox 238 1005 990 1052; baseline 0.005 -16"><span class='ocrx_word' id='word_1_97' title='bbox 238 1005 383 1046; x_wconf 86' lang='lat' dir='ltr'>secundi,</span> <span class='ocrx_word' id='word_1_98' title='bbox 407 1006 493 1040; x_wconf 86' lang='lat' dir='ltr'>tertii</span> <span class='ocrx_word' id='word_1_99' title='bbox 513 1012 544 1040; x_wconf 86' lang='lat' dir='ltr'>et</span> <span class='ocrx_word' id='word_1_100' title='bbox 562 1007 668 1052; x_wconf 89' lang='lat' dir='ltr'>quarti</span> <span class='ocrx_word' id='word_1_101' title='bbox 689 1007 893 1051; x_wconf 86' lang='lat' dir='ltr'>aliorumque</span> <span class='ocrx_word' id='word_1_102' title='bbox 926 1007 990 1040; x_wconf 91' lang='lat' dir='ltr'>Ro-</span> 
     </span>
     <span class='ocr_line' id='line_1_21' title="bbox 238 1060 991 1097; baseline 0.004 -6"><span class='ocrx_word' id='word_1_103' title='bbox 238 1068 410 1093; x_wconf 86' lang='lat' dir='ltr'>manorum</span> <span class='ocrx_word' id='word_1_104' title='bbox 428 1060 623 1097; x_wconf 83' lang='lat' dir='ltr'>Pontificum</span> <span class='ocrx_word' id='word_1_105' title='bbox 641 1072 679 1095; x_wconf 86' lang='lat' dir='ltr'>ac</span> <span class='ocrx_word' id='word_1_106' title='bbox 699 1061 818 1095; x_wconf 87' lang='lat' dir='ltr'>nostris</span> <span class='ocrx_word' id='word_1_107' title='bbox 837 1061 876 1094; x_wconf 85' lang='lat' dir='ltr'>de</span> <span class='ocrx_word' id='word_1_108' title='bbox 894 1061 991 1094; x_wconf 89' lang='lat' dir='ltr'>rebus</span> 
     </span>
     <span class='ocr_line' id='line_1_22' title="bbox 237 1112 990 1155; baseline 0.004 -10"><span class='ocrx_word' id='word_1_109' title='bbox 237 1112 399 1148; x_wconf 83' lang='lat' dir='ltr'>Ecclesiae</span> <span class='ocrx_word' id='word_1_110' title='bbox 418 1125 484 1148; x_wconf 93' lang='lat' dir='ltr'>non</span> <span class='ocrx_word' id='word_1_111' title='bbox 505 1115 695 1155; x_wconf 80' lang='lat' dir='ltr'>alienandis,</span> <span class='ocrx_word' id='word_1_112' title='bbox 720 1120 751 1148; x_wconf 86' lang='lat' dir='ltr'>et</span> <span class='ocrx_word' id='word_1_113' title='bbox 770 1115 915 1148; x_wconf 86' lang='lat' dir='ltr'>alienatis</span> <span class='ocrx_word' id='word_1_114' title='bbox 938 1125 990 1148; x_wconf 88' lang='lat' dir='ltr'>re-</span> 
     </span>
     <span class='ocr_line' id='line_1_23' title="bbox 235 1167 990 1209; baseline 0.004 -10"><span class='ocrx_word' id='word_1_115' title='bbox 235 1167 406 1209; x_wconf 78' lang='lat' dir='ltr'>vocandis,</span> <span class='ocrx_word' id='word_1_116' title='bbox 429 1179 466 1202; x_wconf 92' lang='lat' dir='ltr'>ac</span> <span class='ocrx_word' id='word_1_117' title='bbox 486 1169 556 1202; x_wconf 89' lang='lat' dir='ltr'>aliis</span> <span class='ocrx_word' id='word_1_118' title='bbox 580 1169 863 1202; x_wconf 81' lang='lat' dir='ltr'>constitutionibus</span> <span class='ocrx_word' id='word_1_119' title='bbox 883 1174 913 1202; x_wconf 87' lang='lat' dir='ltr'>et</span> <span class='ocrx_word' id='word_1_120' title='bbox 937 1179 990 1202; x_wconf 93' lang='lat' dir='ltr'>or-</span> 
     </span>
     <span class='ocr_line' id='line_1_24' title="bbox 237 1220 990 1268; baseline 0.004 -16"><span class='ocrx_word' id='word_1_121' title='bbox 237 1220 458 1255; x_wconf 88' lang='lat' dir='ltr'>dinationibus</span> <span class='ocrx_word' id='word_1_122' title='bbox 478 1223 678 1268; x_wconf 88' lang='lat' dir='ltr'>apostolicis,</span> <span class='ocrx_word' id='word_1_123' title='bbox 700 1222 794 1256; x_wconf 89' lang='lat' dir='ltr'>etiam</span> <span class='ocrx_word' id='word_1_124' title='bbox 815 1223 854 1256; x_wconf 91' lang='lat' dir='ltr'>de</span> <span class='ocrx_word' id='word_1_125' title='bbox 878 1222 990 1266; x_wconf 77' lang='lat' dir='ltr'>gratiis</span> 
     </span>
     <span class='ocr_line' id='line_1_25' title="bbox 235 1273 990 1317; baseline 0.004 -11"><span class='ocrx_word' id='word_1_126' title='bbox 235 1273 275 1306; x_wconf 88' lang='lat' dir='ltr'>ad</span> <span class='ocrx_word' id='word_1_127' title='bbox 299 1274 400 1308; x_wconf 86' lang='lat' dir='ltr'>instar</span> <span class='ocrx_word' id='word_1_128' title='bbox 426 1286 491 1309; x_wconf 89' lang='lat' dir='ltr'>non</span> <span class='ocrx_word' id='word_1_129' title='bbox 525 1276 750 1317; x_wconf 81' lang='lat' dir='ltr'>concedendis3</span> <span class='ocrx_word' id='word_1_130' title='bbox 772 1276 990 1310; x_wconf 85' lang='lat' dir='ltr'>Cancellariae</span> 
     </span>
     <span class='ocr_line' id='line_1_26' title="bbox 235 1327 990 1374; baseline 0.005 -14"><span class='ocrx_word' id='word_1_131' title='bbox 235 1327 441 1371; x_wconf 88' lang='lat' dir='ltr'>Apostolicae</span> <span class='ocrx_word' id='word_1_132' title='bbox 460 1331 581 1374; x_wconf 72' lang='lat' dir='ltr'>regulis</span> <span class='ocrx_word' id='word_1_133' title='bbox 591 1331 685 1364; x_wconf 88' lang='lat' dir='ltr'>editis</span> <span class='ocrx_word' id='word_1_134' title='bbox 695 1336 726 1364; x_wconf 85' lang='lat' dir='ltr'>ct.</span> <span class='ocrx_word' id='word_1_135' title='bbox 739 1330 883 1371; x_wconf 78' lang='lat' dir='ltr'>edendis,</span> <span class='ocrx_word' id='word_1_136' title='bbox 907 1331 990 1364; x_wconf 88' lang='lat' dir='ltr'>eius-</span> 
     </span>
     <span class='ocr_line' id='line_1_27' title="bbox 235 1383 989 1428; baseline 0.003 -13"><span class='ocrx_word' id='word_1_137' title='bbox 235 1392 300 1425; x_wconf 86' lang='lat' dir='ltr'>que</span> <span class='ocrx_word' id='word_1_138' title='bbox 319 1388 350 1416; x_wconf 85' lang='lat' dir='ltr'>et</span> <span class='ocrx_word' id='word_1_139' title='bbox 369 1383 472 1418; x_wconf 85' lang='lat' dir='ltr'>dictae</span> <span class='ocrx_word' id='word_1_140' title='bbox 496 1384 649 1418; x_wconf 84' lang='lat' dir='ltr'>Gamerae</span> <span class='ocrx_word' id='word_1_141' title='bbox 679 1395 856 1428; x_wconf 87' lang='lat' dir='ltr'>earumque</span> <span class='ocrx_word' id='word_1_142' title='bbox 890 1385 989 1418; x_wconf 88' lang='lat' dir='ltr'>colle-</span> 
     </span>
     <span class='ocr_line' id='line_1_28' title="bbox 235 1435 989 1479; baseline 0.004 -10"><span class='ocrx_word' id='word_1_143' title='bbox 235 1435 377 1479; x_wconf 80' lang='lat' dir='ltr'>giorum,</span> <span class='ocrx_word' id='word_1_144' title='bbox 400 1443 431 1472; x_wconf 85' lang='lat' dir='ltr'>et</span> <span class='ocrx_word' id='word_1_145' title='bbox 451 1439 546 1472; x_wconf 86' lang='lat' dir='ltr'>etiam</span> <span class='ocrx_word' id='word_1_146' title='bbox 561 1439 652 1473; x_wconf 90' lang='lat' dir='ltr'>urbis</span> <span class='ocrx_word' id='word_1_147' title='bbox 661 1439 793 1479; x_wconf 77' lang='lat' dir='ltr'>Romae,</span> <span class='ocrx_word' id='word_1_148' title='bbox 806 1438 989 1473; x_wconf 86' lang='lat' dir='ltr'>iuramento</span> 
     </span>
     <span class='ocr_line' id='line_1_29' title="bbox 235 1491 988 1534; baseline 0.001 -11"><span class='ocrx_word' id='word_1_149' title='bbox 235 1494 293 1524; x_wconf 74' lang='lat' dir='ltr'>etc.</span> <span class='ocrx_word' id='word_1_150' title='bbox 315 1491 488 1534; x_wconf 86' lang='lat' dir='ltr'>roboratis,</span> <span class='ocrx_word' id='word_1_151' title='bbox 510 1493 636 1526; x_wconf 87' lang='lat' dir='ltr'>statutis</span> <span class='ocrx_word' id='word_1_152' title='bbox 655 1497 728 1533; x_wconf 63' lang='lat' dir='ltr'>etc„</span> <span class='ocrx_word' id='word_1_153' title='bbox 750 1503 878 1526; x_wconf 87' lang='lat' dir='ltr'>necnon</span> <span class='ocrx_word' id='word_1_154' title='bbox 898 1492 988 1526; x_wconf 90' lang='lat' dir='ltr'>insti-</span> 
     </span>
     <span class='ocr_line' id='line_1_30' title="bbox 235 1544 989 1591; baseline 0.004 -14"><span class='ocrx_word' id='word_1_155' title='bbox 235 1544 359 1579; x_wconf 86' lang='lat' dir='ltr'>tutione</span> <span class='ocrx_word' id='word_1_156' title='bbox 374 1550 405 1579; x_wconf 88' lang='lat' dir='ltr'>et</span> <span class='ocrx_word' id='word_1_157' title='bbox 423 1546 611 1580; x_wconf 85' lang='lat' dir='ltr'>fundatione</span> <span class='ocrx_word' id='word_1_158' title='bbox 621 1558 658 1581; x_wconf 86' lang='lat' dir='ltr'>ac</span> <span class='ocrx_word' id='word_1_159' title='bbox 673 1547 772 1580; x_wconf 80' lang='lat' dir='ltr'>veteri</span> <span class='ocrx_word' id='word_1_160' title='bbox 792 1547 870 1591; x_wconf 69' lang='lat' dir='ltr'>stylo</span> <span class='ocrx_word' id='word_1_161' title='bbox 886 1558 989 1591; x_wconf 84' lang='lat' dir='ltr'>quan-</span> 
     </span>
     <span class='ocr_line' id='line_1_31' title="bbox 235 1601 989 1645; baseline 0.005 -14"><span class='ocrx_word' id='word_1_162' title='bbox 235 1603 411 1644; x_wconf 88' lang='lat' dir='ltr'>tocumque</span> <span class='ocrx_word' id='word_1_163' title='bbox 430 1606 577 1645; x_wconf 85' lang='lat' dir='ltr'>tempore</span> <span class='ocrx_word' id='word_1_164' title='bbox 597 1601 763 1634; x_wconf 87' lang='lat' dir='ltr'>observato</span> <span class='ocrx_word' id='word_1_165' title='bbox 781 1612 789 1642; x_wconf 88' lang='grc'>;</span> <span class='ocrx_word' id='word_1_166' title='bbox 816 1601 989 1645; x_wconf 61' lang='lat' dir='ltr'>primlegiis</span> 
     </span>
     <span class='ocr_line' id='line_1_32' title="bbox 234 1653 989 1698; baseline 0.003 -12"><span class='ocrx_word' id='word_1_167' title='bbox 234 1662 375 1698; x_wconf 86' lang='lat' dir='ltr'>quoque,</span> <span class='ocrx_word' id='word_1_168' title='bbox 390 1653 524 1688; x_wconf 88' lang='lat' dir='ltr'>indultis</span> <span class='ocrx_word' id='word_1_169' title='bbox 539 1660 570 1689; x_wconf 87' lang='lat' dir='ltr'>et</span> <span class='ocrx_word' id='word_1_170' title='bbox 586 1654 700 1689; x_wconf 89' lang='lat' dir='ltr'>litteris</span> <span class='ocrx_word' id='word_1_171' title='bbox 715 1655 913 1698; x_wconf 87' lang='lat' dir='ltr'>apostolicis,</span> <span class='ocrx_word' id='word_1_172' title='bbox 926 1656 989 1689; x_wconf 84' lang='lat' dir='ltr'>illis</span> 
     </span>
     <span class='ocr_line' id='line_1_33' title="bbox 234 1710 985 1754; baseline 0.004 -14"><span class='ocrx_word' id='word_1_173' title='bbox 234 1717 414 1753; x_wconf 87' lang='lat' dir='ltr'>eorumque</span> <span class='ocrx_word' id='word_1_174' title='bbox 434 1710 582 1754; x_wconf 87' lang='lat' dir='ltr'>personis</span> <span class='ocrx_word' id='word_1_175' title='bbox 601 1710 752 1743; x_wconf 84' lang='lat' dir='ltr'>omnihus</span> <span class='ocrx_word' id='word_1_176' title='bbox 771 1715 801 1743; x_wconf 89' lang='lat' dir='ltr'>et</span> <span class='ocrx_word' id='word_1_177' title='bbox 821 1710 956 1753; x_wconf 73' lang='lat' dir='ltr'>singulis</span> <span class='ocrx_word' id='word_1_178' title='bbox 977 1737 985 1751; x_wconf 89' lang='lat'>,</span> 
     </span>
     <span class='ocr_line' id='line_1_34' title="bbox 234 1760 988 1809; baseline 0.005 -16"><span class='ocrx_word' id='word_1_179' title='bbox 234 1760 332 1795; x_wconf 86' lang='lat' dir='ltr'>etiam</span> <span class='ocrx_word' id='word_1_180' title='bbox 351 1773 410 1807; x_wconf 88' lang='lat' dir='ltr'>per</span> <span class='ocrx_word' id='word_1_181' title='bbox 420 1763 553 1798; x_wconf 89' lang='lat' dir='ltr'>modum</span> <span class='ocrx_word' id='word_1_182' title='bbox 570 1763 849 1809; x_wconf 86' lang='lat' dir='ltr'>statutiperpetui,</span> <span class='ocrx_word' id='word_1_183' title='bbox 863 1775 900 1798; x_wconf 85' lang='lat' dir='ltr'>ac</span> <span class='ocrx_word' id='word_1_184' title='bbox 917 1764 988 1797; x_wconf 87' lang='lat' dir='ltr'>initi</span> 
     </span>
     <span class='ocr_line' id='line_1_35' title="bbox 234 1815 987 1861; baseline 0.005 -13"><span class='ocrx_word' id='word_1_185' title='bbox 234 1821 265 1849; x_wconf 87' lang='lat' dir='ltr'>et</span> <span class='ocrx_word' id='word_1_186' title='bbox 284 1815 427 1860; x_wconf 87' lang='lat' dir='ltr'>stipulati</span> <span class='ocrx_word' id='word_1_187' title='bbox 448 1823 633 1852; x_wconf 86' lang='lat' dir='ltr'>contractus</span> <span class='ocrx_word' id='word_1_188' title='bbox 650 1845 657 1859; x_wconf 93' lang='lat'>‚</span> <span class='ocrx_word' id='word_1_189' title='bbox 689 1823 720 1852; x_wconf 87' lang='lat' dir='ltr'>et</span> <span class='ocrx_word' id='word_1_190' title='bbox 743 1818 821 1852; x_wconf 88' lang='lat' dir='ltr'>alias</span> <span class='ocrx_word' id='word_1_191' title='bbox 854 1818 987 1861; x_wconf 83' lang='lat' dir='ltr'>quibus-</span> 
     </span>
     <span class='ocr_line' id='line_1_36' title="bbox 235 1872 986 1915; baseline 0.003 -13"><span class='ocrx_word' id='word_1_192' title='bbox 235 1880 376 1914; x_wconf 87' lang='lat' dir='ltr'>cumque</span> <span class='ocrx_word' id='word_1_193' title='bbox 395 1872 563 1906; x_wconf 83' lang='lat' dir='ltr'>tenoribus</span> <span class='ocrx_word' id='word_1_194' title='bbox 582 1878 613 1906; x_wconf 89' lang='lat' dir='ltr'>et</span> <span class='ocrx_word' id='word_1_195' title='bbox 632 1872 754 1913; x_wconf 86' lang='lat' dir='ltr'>formis,</span> <span class='ocrx_word' id='word_1_196' title='bbox 775 1883 812 1906; x_wconf 86' lang='lat' dir='ltr'>ac</span> <span class='ocrx_word' id='word_1_197' title='bbox 824 1883 898 1905; x_wconf 89' lang='lat' dir='ltr'>cum</span> <span class='ocrx_word' id='word_1_198' title='bbox 915 1872 986 1915; x_wconf 89' lang='lat' dir='ltr'>qui-</span> 
     </span>
     <span class='ocr_line' id='line_1_37' title="bbox 233 1922 987 1970; baseline 0.005 -15"><span class='ocrx_word' id='word_1_199' title='bbox 233 1922 352 1965; x_wconf 87' lang='lat' dir='ltr'>busvis,</span> <span class='ocrx_word' id='word_1_200' title='bbox 364 1925 460 1959; x_wconf 86' lang='lat' dir='ltr'>etiam</span> <span class='ocrx_word' id='word_1_201' title='bbox 481 1926 761 1970; x_wconf 81' lang='lat' dir='ltr'>derogatoriarum</span> <span class='ocrx_word' id='word_1_202' title='bbox 778 1926 987 1970; x_wconf 81' lang='lat' dir='ltr'>derogatoriis</span> 
     </span>
     <span class='ocr_line' id='line_1_38' title="bbox 233 1977 988 2027; baseline 0.007 -17"><span class='ocrx_word' id='word_1_203' title='bbox 233 1977 369 2022; x_wconf 78' lang='lat' dir='ltr'>aliisque</span> <span class='ocrx_word' id='word_1_204' title='bbox 389 1979 638 2022; x_wconf 86' lang='lat' dir='ltr'>efficacioribus,</span> <span class='ocrx_word' id='word_1_205' title='bbox 657 1980 889 2015; x_wconf 86' lang='lat' dir='ltr'>efficacissimis</span> <span class='ocrx_word' id='word_1_206' title='bbox 900 1981 988 2027; x_wconf 84' lang='lat' dir='ltr'>etin-</span> 
     </span>
     <span class='ocr_line' id='line_1_39' title="bbox 233 2028 989 2134; baseline 0.005 -69"><span class='ocrx_word' id='word_1_207' title='bbox 233 2032 344 2075; x_wconf 86' lang='lat' dir='ltr'>solitis,</span> <span class='ocrx_word' id='word_1_208' title='bbox 356 2034 520 2076; x_wconf 86' lang='lat' dir='ltr'>clausulis,</span> <span class='ocrx_word' id='word_1_209' title='bbox 532 2034 798 2079; x_wconf 88' lang='lat' dir='ltr'>irritantibusque</span> <span class='ocrx_word' id='word_1_210' title='bbox 812 2040 842 2068; x_wconf 92' lang='lat' dir='ltr'>et</span> <span class='ocrx_word' id='word_1_211' title='bbox 852 2028 989 2134; x_wconf 35' lang='lat' dir='ltr'>aliis?</span> 
     </span>
     <span class='ocr_line' id='line_1_40' title="bbox 234 2086 987 2133; baseline 0.005 -13"><span class='ocrx_word' id='word_1_212' title='bbox 234 2086 342 2129; x_wconf 84' lang='lat' dir='ltr'>eretis,</span> <span class='ocrx_word' id='word_1_213' title='bbox 363 2098 422 2132; x_wconf 89' lang='lat' dir='ltr'>per</span> <span class='ocrx_word' id='word_1_214' title='bbox 446 2089 604 2132; x_wconf 84' lang='lat' dir='ltr'>praefatos</span> <span class='ocrx_word' id='word_1_215' title='bbox 625 2095 655 2123; x_wconf 88' lang='lat' dir='ltr'>et</span> <span class='ocrx_word' id='word_1_216' title='bbox 669 2089 748 2123; x_wconf 90' lang='lat' dir='ltr'>alios</span> <span class='ocrx_word' id='word_1_217' title='bbox 762 2099 920 2133; x_wconf 82' lang='lat' dir='ltr'>quoscum</span> <span class='ocrx_word' id='word_1_218' title='bbox 970 2101 987 2124; x_wconf 88' lang='lat' dir='ltr'>e</span> 
     </span>
     <span class='ocr_line' id='line_1_41' title="bbox 233 2140 986 2177; baseline 0.004 -3"><span class='ocrx_word' id='word_1_219' title='bbox 233 2140 396 2176; x_wconf 83' lang='lat' dir='ltr'>Romanos</span> <span class='ocrx_word' id='word_1_220' title='bbox 410 2142 581 2177; x_wconf 85' lang='lat' dir='ltr'>Pontifices</span> <span class='ocrx_word' id='word_1_221' title='bbox 598 2154 635 2177; x_wconf 89' lang='lat' dir='ltr'>ac</span> <span class='ocrx_word' id='word_1_222' title='bbox 659 2154 717 2177; x_wconf 92' lang='lat' dir='ltr'>nos</span> <span class='ocrx_word' id='word_1_223' title='bbox 743 2148 773 2176; x_wconf 86' lang='lat' dir='ltr'>et</span> <span class='ocrx_word' id='word_1_224' title='bbox 792 2143 909 2176; x_wconf 87' lang='lat' dir='ltr'>dictam</span> <span class='ocrx_word' id='word_1_225' title='bbox 930 2143 986 2177; x_wconf 89' lang='lat' dir='ltr'>Se-</span> 
     </span>
     <span class='ocr_line' id='line_1_42' title="bbox 234 2195 985 2241; baseline 0.003 -13"><span class='ocrx_word' id='word_1_226' title='bbox 234 2195 324 2233; x_wconf 78' lang='lat' dir='ltr'>dem.</span> <span class='ocrx_word' id='word_1_227' title='bbox 353 2207 391 2230; x_wconf 83' lang='lat' dir='ltr'>ex</span> <span class='ocrx_word' id='word_1_228' title='bbox 423 2197 686 2241; x_wconf 86' lang='lat' dir='ltr'>quibuscumque</span> <span class='ocrx_word' id='word_1_229' title='bbox 724 2197 827 2232; x_wconf 87' lang='lat' dir='ltr'>causis</span> <span class='ocrx_word' id='word_1_230' title='bbox 843 2224 850 2238; x_wconf 84' lang='lat'>‚</span> <span class='ocrx_word' id='word_1_231' title='bbox 891 2197 985 2231; x_wconf 86' lang='lat' dir='ltr'>etiam</span> 
     </span>
     <span class='ocr_line' id='line_1_43' title="bbox 234 2251 986 2296; baseline 0.003 -13"><span class='ocrx_word' id='word_1_232' title='bbox 234 2255 324 2284; x_wconf 86' lang='lat' dir='ltr'>motu</span> <span class='ocrx_word' id='word_1_233' title='bbox 344 2256 376 2284; x_wconf 91' lang='lat' dir='ltr'>et</span> <span class='ocrx_word' id='word_1_234' title='bbox 394 2251 528 2285; x_wconf 86' lang='lat' dir='ltr'>scientia</span> <span class='ocrx_word' id='word_1_235' title='bbox 547 2257 578 2285; x_wconf 92' lang='lat' dir='ltr'>et</span> <span class='ocrx_word' id='word_1_236' title='bbox 601 2251 766 2296; x_wconf 82' lang='lat' dir='ltr'>potestatis</span> <span class='ocrx_word' id='word_1_237' title='bbox 786 2251 986 2295; x_wconf 85' lang='lat' dir='ltr'>plenitudine</span> 
     </span>
     <span class='ocr_line' id='line_1_44' title="bbox 234 2304 985 2346; baseline 0.003 -9"><span class='ocrx_word' id='word_1_238' title='bbox 234 2304 407 2346; x_wconf 79' lang='lat' dir='ltr'>similibus,</span> <span class='ocrx_word' id='word_1_239' title='bbox 430 2317 467 2339; x_wconf 87' lang='lat' dir='ltr'>ac</span> <span class='ocrx_word' id='word_1_240' title='bbox 491 2306 587 2339; x_wconf 81' lang='lat' dir='ltr'>etiain</span> <span class='ocrx_word' id='word_1_241' title='bbox 609 2305 884 2346; x_wconf 80' lang='lat' dir='ltr'>consistorialiter,</span> <span class='ocrx_word' id='word_1_242' title='bbox 908 2316 985 2339; x_wconf 84' lang='lat' dir='ltr'>con-</span> 
     </span>
     <span class='ocr_line' id='line_1_45' title="bbox 234 2359 986 2400; baseline 0.001 -8"><span class='ocrx_word' id='word_1_243' title='bbox 234 2359 343 2400; x_wconf 82' lang='lat' dir='ltr'>cessis,</span> <span class='ocrx_word' id='word_1_244' title='bbox 358 2359 556 2393; x_wconf 86' lang='lat' dir='ltr'>confirmatis</span> <span class='ocrx_word' id='word_1_245' title='bbox 572 2370 609 2392; x_wconf 91' lang='lat' dir='ltr'>ac</span> <span class='ocrx_word' id='word_1_246' title='bbox 625 2359 720 2392; x_wconf 88' lang='lat' dir='ltr'>etiarn</span> <span class='ocrx_word' id='word_1_247' title='bbox 733 2359 853 2393; x_wconf 82' lang='lat' dir='ltr'>iteratis</span> <span class='ocrx_word' id='word_1_248' title='bbox 863 2359 986 2393; x_wconf 66' lang='lat' dir='ltr'>vicibus</span> 
     </span>
     <span class='ocr_line' id='line_1_46' title="bbox 234 2413 985 2458; baseline 0.001 -12"><span class='ocrx_word' id='word_1_249' title='bbox 234 2413 432 2458; x_wconf 84' lang='lat' dir='ltr'>approbatis;</span> <span class='ocrx_word' id='word_1_250' title='bbox 453 2413 572 2457; x_wconf 88' lang='lat' dir='ltr'>quibus</span> <span class='ocrx_word' id='word_1_251' title='bbox 592 2413 756 2453; x_wconf 84' lang='lat' dir='ltr'>omnibus,</span> <span class='ocrx_word' id='word_1_252' title='bbox 779 2413 874 2446; x_wconf 88' lang='lat' dir='ltr'>etiam</span> <span class='ocrx_word' id='word_1_253' title='bbox 895 2413 921 2446; x_wconf 91' lang='lat' dir='ltr'>si</span> <span class='ocrx_word' id='word_1_254' title='bbox 947 2414 985 2447; x_wconf 84' lang='lat' dir='ltr'>de</span> 
     </span>
     <span class='ocr_line' id='line_1_47' title="bbox 234 2462 984 2506; baseline 0 -10"><span class='ocrx_word' id='word_1_255' title='bbox 234 2462 297 2496; x_wconf 88' lang='lat' dir='ltr'>illis</span> <span class='ocrx_word' id='word_1_256' title='bbox 308 2467 378 2504; x_wconf 59' lang='lat' dir='ltr'>etc„</span> <span class='ocrx_word' id='word_1_257' title='bbox 390 2468 518 2496; x_wconf 86' lang='lat' dir='ltr'>tenores</span> <span class='ocrx_word' id='word_1_258' title='bbox 528 2468 600 2504; x_wconf 62' lang='lat' dir='ltr'>ete„</span> <span class='ocrx_word' id='word_1_259' title='bbox 612 2462 644 2495; x_wconf 90' lang='lat' dir='ltr'>in</span> <span class='ocrx_word' id='word_1_260' title='bbox 656 2473 772 2506; x_wconf 78' lang='lat' dir='ltr'>genere</span> <span class='ocrx_word' id='word_1_261' title='bbox 784 2462 858 2496; x_wconf 88' lang='lat' dir='ltr'>etin</span> <span class='ocrx_word' id='word_1_262' title='bbox 869 2463 984 2506; x_wconf 83' lang='lat' dir='ltr'>specie⁷</span> 
     </span>
     <span class='ocr_line' id='line_1_48' title="bbox 235 2511 984 2555; baseline 0.001 -10"><span class='ocrx_word' id='word_1_263' title='bbox 235 2512 274 2545; x_wconf 85' lang='lat' dir='ltr'>ad</span> <span class='ocrx_word' id='word_1_264' title='bbox 294 2511 446 2546; x_wconf 82' lang='lat' dir='ltr'>effectum</span> <span class='ocrx_word' id='word_1_265' title='bbox 465 2511 655 2546; x_wconf 82' lang='lat' dir='ltr'>sufficientis</span> <span class='ocrx_word' id='word_1_266' title='bbox 687 2511 904 2555; x_wconf 72' lang='lat' dir='ltr'>derogationis</span> <span class='ocrx_word' id='word_1_267' title='bbox 929 2523 984 2546; x_wconf 90' lang='lat' dir='ltr'>eo-</span> 
     </span>
     <span class='ocr_line' id='line_1_49' title="bbox 236 2561 985 2603; baseline 0.003 -9"><span class='ocrx_word' id='word_1_268' title='bbox 236 2572 319 2602; x_wconf 88' lang='lat' dir='ltr'>rum,</span> <span class='ocrx_word' id='word_1_269' title='bbox 339 2561 493 2595; x_wconf 85' lang='lat' dir='ltr'>latissime</span> <span class='ocrx_word' id='word_1_270' title='bbox 503 2561 722 2603; x_wconf 83' lang='lat' dir='ltr'>extendendis,</span> <span class='ocrx_word' id='word_1_271' title='bbox 737 2568 839 2602; x_wconf 79' lang='lat' dir='ltr'>motu,</span> <span class='ocrx_word' id='word_1_272' title='bbox 852 2561 985 2596; x_wconf 81' lang='lat' dir='ltr'>seientia</span> 
     </span>
     <span class='ocr_line' id='line_1_50' title="bbox 236 2610 983 2656; baseline 0.001 -13"><span class='ocrx_word' id='word_1_273' title='bbox 236 2615 267 2643; x_wconf 89' lang='lat' dir='ltr'>et</span> <span class='ocrx_word' id='word_1_274' title='bbox 285 2611 449 2655; x_wconf 83' lang='lat' dir='ltr'>potestatis</span> <span class='ocrx_word' id='word_1_275' title='bbox 469 2611 671 2656; x_wconf 90' lang='lat' dir='ltr'>plenitudine</span> <span class='ocrx_word' id='word_1_276' title='bbox 706 2610 865 2645; x_wconf 84' lang='lat' dir='ltr'>similibus</span> <span class='ocrx_word' id='word_1_277' title='bbox 888 2611 983 2644; x_wconf 88' lang='lat' dir='ltr'>dero-</span> 
     </span>
     <span class='ocr_line' id='line_1_51' title="bbox 235 2659 983 2704; baseline 0.001 -11"><span class='ocrx_word' id='word_1_278' title='bbox 235 2669 347 2702; x_wconf 84' lang='lat' dir='ltr'>gamus</span> <span class='ocrx_word' id='word_1_279' title='bbox 363 2671 371 2702; x_wconf 89' lang='lat'>;</span> <span class='ocrx_word' id='word_1_280' title='bbox 392 2671 519 2695; x_wconf 89' lang='lat' dir='ltr'>necnon</span> <span class='ocrx_word' id='word_1_281' title='bbox 547 2660 697 2695; x_wconf 89' lang='lat' dir='ltr'>omnibus</span> <span class='ocrx_word' id='word_1_282' title='bbox 725 2659 808 2701; x_wconf 89' lang='lat' dir='ltr'>illis,</span> <span class='ocrx_word' id='word_1_283' title='bbox 839 2670 921 2704; x_wconf 84' lang='lat' dir='ltr'>quae</span> <span class='ocrx_word' id='word_1_284' title='bbox 950 2659 983 2694; x_wconf 90' lang='lat' dir='ltr'>in</span> 
     </span>
    </p>
   </div>
   <div class='ocr_carea' id='block_1_7' title="bbox 1036 413 1786 690">
    <p class='ocr_par' dir='ltr' id='par_1_9' title="bbox 1036 413 1786 690">
     <span class='ocr_line' id='line_1_52' title="bbox 1038 413 1763 458; baseline 0.004 -12"><span class='ocrx_word' id='word_1_285' title='bbox 1038 423 1189 457; x_wconf 85' lang='lat' dir='ltr'>cumque,</span> <span class='ocrx_word' id='word_1_286' title='bbox 1217 424 1291 445; x_wconf 90' lang='lat' dir='ltr'>cum</span> <span class='ocrx_word' id='word_1_287' title='bbox 1317 413 1470 446; x_wconf 85' lang='lat' dir='ltr'>clausulis</span> <span class='ocrx_word' id='word_1_288' title='bbox 1490 415 1681 458; x_wconf 81' lang='lat' dir='ltr'>opportunis</span> <span class='ocrx_word' id='word_1_289' title='bbox 1706 421 1763 449; x_wconf 77' lang='lat' dir='ltr'>etc.</span> 
     </span>
     <span class='ocr_line' id='line_1_53' title="bbox 1195 466 1617 512; baseline 0.002 -12"><span class='ocrx_word' id='word_1_290' title='bbox 1195 467 1274 500; x_wconf 90' lang='lat' dir='ltr'>Fiat.</span> <span class='ocrx_word' id='word_1_291' title='bbox 1302 466 1386 500; x_wconf 82' lang='lat' dir='ltr'>Motu</span> <span class='ocrx_word' id='word_1_292' title='bbox 1411 467 1557 512; x_wconf 86' lang='lat' dir='ltr'>proprio,</span> <span class='ocrx_word' id='word_1_293' title='bbox 1579 469 1617 501; x_wconf 88' lang='lat' dir='ltr'>M.</span> 
     </span>
     <span class='ocr_line' id='line_1_54' title="bbox 1079 520 1786 567; baseline 0.004 -14"><span class='ocrx_word' id='word_1_294' title='bbox 1079 520 1193 553; x_wconf 85' lang='lat' dir='ltr'>Datum</span> <span class='ocrx_word' id='word_1_295' title='bbox 1216 521 1327 554; x_wconf 65' lang='lat' dir='ltr'>Roma}</span> <span class='ocrx_word' id='word_1_296' title='bbox 1347 521 1433 565; x_wconf 85' lang='lat' dir='ltr'>apud</span> <span class='ocrx_word' id='word_1_297' title='bbox 1453 521 1483 555; x_wconf 90' lang='lat' dir='ltr'>S.</span> <span class='ocrx_word' id='word_1_298' title='bbox 1514 521 1656 565; x_wconf 82' lang='lat' dir='ltr'>Petrum,</span> <span class='ocrx_word' id='word_1_299' title='bbox 1691 523 1786 567; x_wconf 84' lang='lat' dir='ltr'>quin-</span> 
     </span>
     <span class='ocr_line' id='line_1_55' title="bbox 1036 574 1706 618; baseline 0.004 -11"><span class='ocrx_word' id='word_1_300' title='bbox 1036 574 1198 608; x_wconf 87' lang='lat' dir='ltr'>todecimo</span> <span class='ocrx_word' id='word_1_301' title='bbox 1223 574 1375 607; x_wconf 82' lang='lat' dir='ltr'>kalendas</span> <span class='ocrx_word' id='word_1_302' title='bbox 1395 575 1534 618; x_wconf 79' lang='lat' dir='ltr'>augusti,</span> <span class='ocrx_word' id='word_1_303' title='bbox 1557 586 1706 615; x_wconf 67' lang='lat' dir='ltr'>annotv.</span> 
     </span>
     <span class='ocr_line' id='line_1_56' title="bbox 1070 632 1751 673; baseline 0.004 -11"><span class='ocrx_word' id='word_1_304' title='bbox 1070 632 1132 662; x_wconf 86' lang='lat' dir='ltr'>Dat.</span> <span class='ocrx_word' id='word_1_305' title='bbox 1157 632 1204 662; x_wconf 86' lang='lat' dir='ltr'>die</span> <span class='ocrx_word' id='word_1_306' title='bbox 1221 633 1258 662; x_wconf 80' lang='lat'>18</span> <span class='ocrx_word' id='word_1_307' title='bbox 1280 632 1346 662; x_wconf 91' lang='lat' dir='ltr'>iulii</span> <span class='ocrx_word' id='word_1_308' title='bbox 1370 632 1458 671; x_wconf 73' lang='lat'>1550,</span> <span class='ocrx_word' id='word_1_309' title='bbox 1483 633 1587 673; x_wconf 83' lang='lat' dir='ltr'>pontis.</span> <span class='ocrx_word' id='word_1_310' title='bbox 1611 644 1689 665; x_wconf 86' lang='lat' dir='ltr'>anno</span> <span class='ocrx_word' id='word_1_311' title='bbox 1713 644 1751 665; x_wconf 70' lang='lat' dir='ltr'>tv.</span> 
     </span>
     <span class='ocr_line' id='line_1_57' title="bbox 1152 679 1162 690; baseline 0 0"><span class='ocrx_word' id='word_1_312' title='bbox 1152 679 1162 690; x_wconf 84' lang='lat'><strong>.</strong></span> 
     </span>
    </p>
   </div>
   <div class='ocr_carea' id='block_1_8' title="bbox 1323 698 1503 707">
    <p class='ocr_par' dir='ltr' id='par_1_10' title="bbox 1323 698 1503 707">
     <span class='ocr_line' id='line_1_58' title="bbox 1323 698 1503 707; baseline 0 2393"><span class='ocrx_word' id='word_1_313' title='bbox 1323 698 1503 707; x_wconf 95' lang='lat' dir='ltr'> </span> 
     </span>
    </p>
   </div>
   <div class='ocr_carea' id='block_1_9' title="bbox 1035 774 1787 895">
    <p class='ocr_par' dir='ltr' id='par_1_11' title="bbox 1035 774 1787 895">
     <span class='ocr_line' id='line_1_59' title="bbox 1347 774 1487 809; baseline 0.007 -1"><span class='ocrx_word' id='word_1_314' title='bbox 1347 774 1487 809; x_wconf 75' lang='lat' dir='ltr'>CXXXV.</span> 
     </span>
     <span class='ocr_line' id='line_1_60' title="bbox 1035 850 1787 895; baseline 0.005 -10"><span class='ocrx_word' id='word_1_315' title='bbox 1035 850 1166 885; x_wconf 76' lang='lat' dir='ltr'>Cosmus</span> <span class='ocrx_word' id='word_1_316' title='bbox 1186 850 1334 893; x_wconf 71' lang='lat' dir='ltr'>Medices,</span> <span class='ocrx_word' id='word_1_317' title='bbox 1360 853 1553 895; x_wconf 74' lang='lat' dir='ltr'>reipublicae</span> <span class='ocrx_word' id='word_1_318' title='bbox 1576 854 1787 889; x_wconf 72' lang='lat' dir='ltr'>Flm&#39;enlinac</span> 
     </span>
    </p>
   </div>
   <div class='ocr_carea' id='block_1_10' title="bbox 1077 905 1786 993">
    <p class='ocr_par' dir='ltr' id='par_1_12' title="bbox 1077 905 1786 993">
     <span class='ocr_line' id='line_1_61' title="bbox 1077 905 1786 952; baseline 0.007 -15"><span class='ocrx_word' id='word_1_319' title='bbox 1077 905 1154 945; x_wconf 71' lang='lat' dir='ltr'>(lux,</span> <span class='ocrx_word' id='word_1_320' title='bbox 1176 906 1302 949; x_wconf 75' lang='lat' dir='ltr'>eiusque</span> <span class='ocrx_word' id='word_1_321' title='bbox 1328 916 1517 939; x_wconf 65' lang='lat' dir='ltr'>successores</span> <span class='ocrx_word' id='word_1_322' title='bbox 1549 910 1664 952; x_wconf 68' lang='lat' dir='ltr'>maqm&#39;</span> <span class='ocrx_word' id='word_1_323' title='bbox 1695 910 1786 942; x_wconf 76' lang='lat' dir='ltr'>duces</span> 
     </span>
     <span class='ocr_line' id='line_1_62' title="bbox 1077 958 1456 993; baseline 0.005 -2"><span class='ocrx_word' id='word_1_324' title='bbox 1077 958 1234 992; x_wconf 69' lang='lat' dir='ltr'>Etruriae</span> <span class='ocrx_word' id='word_1_325' title='bbox 1258 964 1410 993; x_wconf 69' lang='lat' dir='ltr'>creantur</span> <span class='ocrx_word' id='word_1_326' title='bbox 1430 960 1456 992; x_wconf 79' lang='grc'>1.</span> 
     </span>
    </p>
   </div>
   <div class='ocr_carea' id='block_1_11' title="bbox 1112 1039 1694 1126">
    <p class='ocr_par' dir='ltr' id='par_1_13' title="bbox 1112 1039 1694 1126">
     <span class='ocr_line' id='line_1_63' title="bbox 1112 1039 1694 1077; baseline 0.007 -9"><span class='ocrx_word' id='word_1_327' title='bbox 1112 1039 1173 1069; x_wconf 79' lang='lat' dir='ltr'>Pius</span> <span class='ocrx_word' id='word_1_328' title='bbox 1197 1040 1340 1077; x_wconf 84' lang='lat' dir='ltr'>episcopus</span> <span class='ocrx_word' id='word_1_329' title='bbox 1363 1048 1456 1070; x_wconf 80' lang='lat' dir='ltr'>servus</span> <span class='ocrx_word' id='word_1_330' title='bbox 1475 1048 1615 1071; x_wconf 82' lang='lat' dir='ltr'>servorum</span> <span class='ocrx_word' id='word_1_331' title='bbox 1637 1043 1694 1077; x_wconf 77' lang='lat' dir='ltr'>Det,</span> 
     </span>
     <span class='ocr_line' id='line_1_64' title="bbox 1164 1090 1648 1126; baseline 0.008 -8"><span class='ocrx_word' id='word_1_332' title='bbox 1164 1090 1198 1118; x_wconf 79' lang='lat' dir='ltr'>ad</span> <span class='ocrx_word' id='word_1_333' title='bbox 1226 1092 1387 1126; x_wconf 82' lang='lat' dir='ltr'>perpetuam</span> <span class='ocrx_word' id='word_1_334' title='bbox 1411 1092 1452 1120; x_wconf 81' lang='lat' dir='ltr'>rei</span> <span class='ocrx_word' id='word_1_335' title='bbox 1478 1093 1648 1122; x_wconf 79' lang='lat' dir='ltr'>memoriam.</span> 
     </span>
    </p>
   </div>
   <div class='ocr_carea' id='block_1_12' title="bbox 1075 1161 1935 1204">
    <p class='ocr_par' dir='ltr' id='par_1_14' title="bbox 1075 1161 1935 1204">
     <span class='ocr_line' id='line_1_65' title="bbox 1075 1161 1935 1204; baseline 0.003 -10"><span class='ocrx_word' id='word_1_336' title='bbox 1075 1161 1240 1195; x_wconf 86' lang='lat' dir='ltr'>Romanus</span> <span class='ocrx_word' id='word_1_337' title='bbox 1259 1162 1413 1204; x_wconf 76' lang='lat' dir='ltr'>Pontifex,</span> <span class='ocrx_word' id='word_1_338' title='bbox 1434 1163 1466 1196; x_wconf 90' lang='lat' dir='ltr'>in</span> <span class='ocrx_word' id='word_1_339' title='bbox 1483 1165 1607 1198; x_wconf 77' lang='lat' dir='ltr'>excelso</span> <span class='ocrx_word' id='word_1_340' title='bbox 1619 1165 1786 1201; x_wconf 86' lang='lat' dir='ltr'>militantis</span> <span class='ocrx_word' id='word_1_341' title='bbox 1825 1177 1935 1199; x_wconf 53' lang='lat' dir='ltr'>emmim</span> 
     </span>
    </p>
   </div>
   <div class='ocr_carea' id='block_1_13' title="bbox 1026 1215 1785 2616">
    <p class='ocr_par' dir='ltr' id='par_1_15' title="bbox 1028 1215 1785 2018">
     <span class='ocr_line' id='line_1_66' title="bbox 1032 1215 1782 1262; baseline 0.008 -14"><span class='ocrx_word' id='word_1_342' title='bbox 1032 1215 1195 1249; x_wconf 80' lang='lat' dir='ltr'>Ecclesiae</span> <span class='ocrx_word' id='word_1_343' title='bbox 1228 1216 1346 1250; x_wconf 87' lang='lat' dir='ltr'>throno</span> <span class='ocrx_word' id='word_1_344' title='bbox 1365 1244 1373 1258; x_wconf 87' lang='lat'>,</span> <span class='ocrx_word' id='word_1_345' title='bbox 1404 1217 1595 1262; x_wconf 88' lang='lat' dir='ltr'>disponente</span> <span class='ocrx_word' id='word_1_346' title='bbox 1621 1220 1782 1262; x_wconf 89' lang='lat' dir='ltr'>Domino,</span> 
     </span>
     <span class='ocr_line' id='line_1_67' title="bbox 1032 1273 1784 1318; baseline 0.008 -16"><span class='ocrx_word' id='word_1_347' title='bbox 1032 1280 1130 1314; x_wconf 88' lang='lat' dir='ltr'>super</span> <span class='ocrx_word' id='word_1_348' title='bbox 1158 1276 1268 1313; x_wconf 78' lang='lat' dir='ltr'>gentes</span> <span class='ocrx_word' id='word_1_349' title='bbox 1294 1277 1324 1304; x_wconf 82' lang='lat' dir='ltr'>et</span> <span class='ocrx_word' id='word_1_350' title='bbox 1344 1282 1443 1314; x_wconf 71' lang='lat' dir='ltr'>regna</span> <span class='ocrx_word' id='word_1_351' title='bbox 1469 1273 1662 1307; x_wconf 81' lang='lat' dir='ltr'>constitutus</span> <span class='ocrx_word' id='word_1_352' title='bbox 1680 1301 1687 1314; x_wconf 92' lang='lat'>,</span> <span class='ocrx_word' id='word_1_353' title='bbox 1715 1281 1784 1318; x_wconf 85' lang='lat' dir='ltr'>post</span> 
     </span>
     <span class='ocr_line' id='line_1_68' title="bbox 1032 1324 1785 1367; baseline 0.008 -11"><span class='ocrx_word' id='word_1_354' title='bbox 1032 1324 1241 1367; x_wconf 85' lang='lat' dir='ltr'>perlustratas</span> <span class='ocrx_word' id='word_1_355' title='bbox 1265 1336 1342 1358; x_wconf 89' lang='lat' dir='ltr'>suae</span> <span class='ocrx_word' id='word_1_356' title='bbox 1371 1325 1547 1360; x_wconf 85' lang='lat' dir='ltr'>indefessae</span> <span class='ocrx_word' id='word_1_357' title='bbox 1578 1328 1692 1360; x_wconf 88' lang='lat' dir='ltr'>mentis</span> <span class='ocrx_word' id='word_1_358' title='bbox 1718 1329 1785 1362; x_wconf 83' lang='lat' dir='ltr'>acic</span> 
     </span>
     <span class='ocr_line' id='line_1_69' title="bbox 1032 1377 1785 1426; baseline 0.008 -16"><span class='ocrx_word' id='word_1_359' title='bbox 1032 1377 1118 1411; x_wconf 85' lang='lat' dir='ltr'>orbis</span> <span class='ocrx_word' id='word_1_360' title='bbox 1138 1378 1303 1411; x_wconf 86' lang='lat' dir='ltr'>christiani</span> <span class='ocrx_word' id='word_1_361' title='bbox 1325 1380 1527 1423; x_wconf 77' lang='lat' dir='ltr'>provincias,</span> <span class='ocrx_word' id='word_1_362' title='bbox 1551 1380 1785 1426; x_wconf 82' lang='lat' dir='ltr'>circumspecta</span> 
     </span>
     <span class='ocr_line' id='line_1_70' title="bbox 1032 1432 1785 1480; baseline 0.008 -16"><span class='ocrx_word' id='word_1_363' title='bbox 1032 1442 1088 1464; x_wconf 92' lang='lat' dir='ltr'>sua</span> <span class='ocrx_word' id='word_1_364' title='bbox 1122 1432 1321 1476; x_wconf 78' lang='lat' dir='ltr'>providentia</span> <span class='ocrx_word' id='word_1_365' title='bbox 1354 1434 1538 1477; x_wconf 85' lang='lat' dir='ltr'>praeclaros</span> <span class='ocrx_word' id='word_1_366' title='bbox 1558 1445 1594 1468; x_wconf 87' lang='lat' dir='ltr'>ae</span> <span class='ocrx_word' id='word_1_367' title='bbox 1622 1435 1785 1480; x_wconf 89' lang='lat' dir='ltr'>principes</span> 
     </span>
     <span class='ocr_line' id='line_1_71' title="bbox 1030 1485 1784 1532; baseline 0.008 -15"><span class='ocrx_word' id='word_1_368' title='bbox 1030 1485 1126 1527; x_wconf 69' lang='lat' dir='ltr'>viros,</span> <span class='ocrx_word' id='word_1_369' title='bbox 1150 1486 1205 1530; x_wconf 85' lang='lat' dir='ltr'>qui</span> <span class='ocrx_word' id='word_1_370' title='bbox 1226 1487 1264 1519; x_wconf 89' lang='lat' dir='ltr'>de</span> <span class='ocrx_word' id='word_1_371' title='bbox 1285 1492 1395 1520; x_wconf 81' lang='lat' dir='ltr'>saneta</span> <span class='ocrx_word' id='word_1_372' title='bbox 1411 1487 1686 1532; x_wconf 78' lang='lat' dir='ltr'>SedeApostolica</span> <span class='ocrx_word' id='word_1_373' title='bbox 1707 1491 1784 1523; x_wconf 83' lang='lat' dir='ltr'>side-</span> 
     </span>
     <span class='ocr_line' id='line_1_72' title="bbox 1031 1541 1783 1588; baseline 0.008 -17"><span class='ocrx_word' id='word_1_374' title='bbox 1031 1551 1093 1583; x_wconf 81' lang='lat' dir='ltr'>que</span> <span class='ocrx_word' id='word_1_375' title='bbox 1111 1541 1269 1574; x_wconf 85' lang='lat' dir='ltr'>catholica</span> <span class='ocrx_word' id='word_1_376' title='bbox 1284 1541 1485 1575; x_wconf 83' lang='lat' dir='ltr'>benemereri</span> <span class='ocrx_word' id='word_1_377' title='bbox 1501 1542 1660 1584; x_wconf 83' lang='lat' dir='ltr'>videntur,</span> <span class='ocrx_word' id='word_1_378' title='bbox 1674 1544 1783 1588; x_wconf 76' lang='lat' dir='ltr'>singu-</span> 
     </span>
     <span class='ocr_line' id='line_1_73' title="bbox 1031 1594 1783 1641; baseline 0.005 -14"><span class='ocrx_word' id='word_1_379' title='bbox 1031 1594 1091 1627; x_wconf 88' lang='lat' dir='ltr'>lari</span> <span class='ocrx_word' id='word_1_380' title='bbox 1104 1605 1170 1627; x_wconf 66' lang='lat' dir='ltr'>sure</span> <span class='ocrx_word' id='word_1_381' title='bbox 1191 1595 1399 1639; x_wconf 76' lang='lat' dir='ltr'>benignitatis</span> <span class='ocrx_word' id='word_1_382' title='bbox 1420 1596 1602 1638; x_wconf 83' lang='lat' dir='ltr'>clementia,</span> <span class='ocrx_word' id='word_1_383' title='bbox 1625 1603 1783 1641; x_wconf 88' lang='lat' dir='ltr'>quantum</span> 
     </span>
     <span class='ocr_line' id='line_1_74' title="bbox 1031 1648 1783 1696; baseline 0.008 -16"><span class='ocrx_word' id='word_1_384' title='bbox 1031 1648 1089 1681; x_wconf 87' lang='lat' dir='ltr'>sibi</span> <span class='ocrx_word' id='word_1_385' title='bbox 1114 1658 1151 1681; x_wconf 84' lang='lat' dir='ltr'>ex</span> <span class='ocrx_word' id='word_1_386' title='bbox 1170 1649 1234 1682; x_wconf 87' lang='lat' dir='ltr'>alto</span> <span class='ocrx_word' id='word_1_387' title='bbox 1256 1649 1445 1683; x_wconf 87' lang='lat' dir='ltr'>conceditur</span> <span class='ocrx_word' id='word_1_388' title='bbox 1462 1676 1469 1690; x_wconf 90' lang='lat'>‚</span> <span class='ocrx_word' id='word_1_389' title='bbox 1500 1661 1641 1694; x_wconf 77' lang='lat' dir='ltr'>augere,</span> <span class='ocrx_word' id='word_1_390' title='bbox 1664 1662 1783 1696; x_wconf 91' lang='lat' dir='ltr'>eosque</span> 
     </span>
     <span class='ocr_line' id='line_1_75' title="bbox 1030 1702 1782 1749; baseline 0.005 -14"><span class='ocrx_word' id='word_1_391' title='bbox 1030 1702 1231 1745; x_wconf 69' lang='lat' dir='ltr'>insignibus,</span> <span class='ocrx_word' id='word_1_392' title='bbox 1263 1704 1461 1737; x_wconf 83' lang='lat' dir='ltr'>ornamentis</span> <span class='ocrx_word' id='word_1_393' title='bbox 1486 1715 1523 1738; x_wconf 90' lang='lat' dir='ltr'>ac</span> <span class='ocrx_word' id='word_1_394' title='bbox 1544 1705 1697 1749; x_wconf 85' lang='lat' dir='ltr'>speciosis</span> <span class='ocrx_word' id='word_1_395' title='bbox 1723 1706 1782 1739; x_wconf 88' lang='lat' dir='ltr'>ho-</span> 
     </span>
     <span class='ocr_line' id='line_1_76' title="bbox 1029 1756 1783 1803; baseline 0.007 -14"><span class='ocrx_word' id='word_1_396' title='bbox 1029 1767 1147 1789; x_wconf 86' lang='lat' dir='ltr'>norum</span> <span class='ocrx_word' id='word_1_397' title='bbox 1175 1756 1276 1791; x_wconf 85' lang='lat' dir='ltr'>titulis</span> <span class='ocrx_word' id='word_1_398' title='bbox 1309 1757 1462 1792; x_wconf 85' lang='lat' dir='ltr'>decorare</span> <span class='ocrx_word' id='word_1_399' title='bbox 1493 1765 1588 1803; x_wconf 80' lang='lat' dir='ltr'>atquc</span> <span class='ocrx_word' id='word_1_400' title='bbox 1621 1759 1783 1794; x_wconf 88' lang='lat' dir='ltr'>illustrare</span> 
     </span>
     <span class='ocr_line' id='line_1_77' title="bbox 1030 1811 1780 1858; baseline 0.007 -16"><span class='ocrx_word' id='word_1_401' title='bbox 1030 1811 1206 1853; x_wconf 76' lang='lat' dir='ltr'>consuevit,</span> <span class='ocrx_word' id='word_1_402' title='bbox 1229 1822 1356 1846; x_wconf 87' lang='lat' dir='ltr'>necnon</span> <span class='ocrx_word' id='word_1_403' title='bbox 1379 1813 1458 1845; x_wconf 89' lang='lat' dir='ltr'>alias</span> <span class='ocrx_word' id='word_1_404' title='bbox 1482 1813 1643 1857; x_wconf 87' lang='lat' dir='ltr'>disponit,</span> <span class='ocrx_word' id='word_1_405' title='bbox 1670 1821 1780 1858; x_wconf 82' lang='lat' dir='ltr'>prout,</span> 
     </span>
     <span class='ocr_line' id='line_1_78' title="bbox 1029 1867 1781 1913; baseline 0.005 -16"><span class='ocrx_word' id='word_1_406' title='bbox 1029 1870 1226 1908; x_wconf 82' lang='lat' dir='ltr'>temporum,</span> <span class='ocrx_word' id='word_1_407' title='bbox 1245 1867 1393 1899; x_wconf 87' lang='lat' dir='ltr'>locorum</span> <span class='ocrx_word' id='word_1_408' title='bbox 1419 1873 1447 1900; x_wconf 86' lang='lat' dir='ltr'>et</span> <span class='ocrx_word' id='word_1_409' title='bbox 1469 1878 1681 1911; x_wconf 85' lang='lat' dir='ltr'>personarum</span> <span class='ocrx_word' id='word_1_410' title='bbox 1701 1879 1781 1913; x_wconf 87' lang='lat' dir='ltr'>qua-</span> 
     </span>
     <span class='ocr_line' id='line_1_79' title="bbox 1029 1919 1780 1965; baseline 0.005 -14"><span class='ocrx_word' id='word_1_411' title='bbox 1029 1919 1117 1952; x_wconf 90' lang='lat' dir='ltr'>litate</span> <span class='ocrx_word' id='word_1_412' title='bbox 1137 1925 1282 1963; x_wconf 86' lang='lat' dir='ltr'>pensata,</span> <span class='ocrx_word' id='word_1_413' title='bbox 1305 1921 1461 1965; x_wconf 87' lang='lat' dir='ltr'>conspicit</span> <span class='ocrx_word' id='word_1_414' title='bbox 1482 1921 1514 1954; x_wconf 87' lang='lat' dir='ltr'>in</span> <span class='ocrx_word' id='word_1_415' title='bbox 1532 1921 1670 1955; x_wconf 91' lang='lat' dir='ltr'>Domino</span> <span class='ocrx_word' id='word_1_416' title='bbox 1696 1922 1780 1955; x_wconf 87' lang='lat' dir='ltr'>salu-</span> 
     </span>
     <span class='ocr_line' id='line_1_80' title="bbox 1028 1974 1309 2018; baseline 0.004 -12"><span class='ocrx_word' id='word_1_417' title='bbox 1028 1974 1130 2007; x_wconf 85' lang='lat' dir='ltr'>briter</span> <span class='ocrx_word' id='word_1_418' title='bbox 1146 1974 1309 2018; x_wconf 68' lang='lat' dir='ltr'>expedire.</span> 
     </span>
    </p>

    <p class='ocr_par' dir='ltr' id='par_1_16' title="bbox 1026 2029 1780 2561">
     <span class='ocr_line' id='line_1_81' title="bbox 1072 2029 1780 2073; baseline 0.006 -11"><span class='ocrx_word' id='word_1_419' title='bbox 1072 2030 1087 2073; x_wconf 59' lang='lat' dir='ltr'>g</span> <span class='ocrx_word' id='word_1_420' title='bbox 1106 2030 1138 2063; x_wconf 83' lang='lat'>1.</span> <span class='ocrx_word' id='word_1_421' title='bbox 1161 2029 1243 2063; x_wconf 78' lang='lat' dir='ltr'>Sane</span> <span class='ocrx_word' id='word_1_422' title='bbox 1264 2041 1339 2064; x_wconf 88' lang='lat' dir='ltr'>cum</span> <span class='ocrx_word' id='word_1_423' title='bbox 1359 2041 1430 2071; x_wconf 88' lang='lat' dir='ltr'>nos,</span> <span class='ocrx_word' id='word_1_424' title='bbox 1453 2032 1502 2065; x_wconf 88' lang='lat' dir='ltr'>his</span> <span class='ocrx_word' id='word_1_425' title='bbox 1521 2031 1638 2065; x_wconf 87' lang='lat' dir='ltr'>nostris</span> <span class='ocrx_word' id='word_1_426' title='bbox 1656 2032 1780 2066; x_wconf 85' lang='lat' dir='ltr'>luctuo-</span> 
     </span>
     <span class='ocr_line' id='line_1_82' title="bbox 1029 2084 1780 2129; baseline 0.005 -13"><span class='ocrx_word' id='word_1_427' title='bbox 1029 2084 1170 2117; x_wconf 86' lang='lat' dir='ltr'>sissimae</span> <span class='ocrx_word' id='word_1_428' title='bbox 1189 2085 1386 2129; x_wconf 87' lang='lat' dir='ltr'>tempestatis</span> <span class='ocrx_word' id='word_1_429' title='bbox 1406 2086 1530 2125; x_wconf 52' lang='lat' dir='ltr'>diebus</span> <span class='ocrx_word' id='word_1_430' title='bbox 1548 2085 1656 2120; x_wconf 88' lang='lat' dir='ltr'>animo</span> <span class='ocrx_word' id='word_1_431' title='bbox 1671 2092 1780 2120; x_wconf 89' lang='lat' dir='ltr'>nostro</span> 
     </span>
     <span class='ocr_line' id='line_1_83' title="bbox 1029 2138 1780 2183; baseline 0.005 -12"><span class='ocrx_word' id='word_1_432' title='bbox 1029 2138 1084 2171; x_wconf 88' lang='lat' dir='ltr'>diu</span> <span class='ocrx_word' id='word_1_433' title='bbox 1106 2140 1311 2183; x_wconf 85' lang='lat' dir='ltr'>multumque</span> <span class='ocrx_word' id='word_1_434' title='bbox 1335 2140 1523 2183; x_wconf 74' lang='lat' dir='ltr'>gravissimo</span> <span class='ocrx_word' id='word_1_435' title='bbox 1558 2151 1632 2173; x_wconf 87' lang='lat' dir='ltr'>cum</span> <span class='ocrx_word' id='word_1_436' title='bbox 1668 2141 1780 2175; x_wconf 89' lang='lat' dir='ltr'>dolore</span> 
     </span>
     <span class='ocr_line' id='line_1_84' title="bbox 1027 2194 1778 2238; baseline 0.005 -14"><span class='ocrx_word' id='word_1_437' title='bbox 1027 2202 1229 2226; x_wconf 70' lang='lat' dir='ltr'>versaremus</span> <span class='ocrx_word' id='word_1_438' title='bbox 1247 2200 1327 2237; x_wconf 86' lang='lat' dir='ltr'>quot</span> <span class='ocrx_word' id='word_1_439' title='bbox 1351 2200 1379 2227; x_wconf 89' lang='lat' dir='ltr'>et</span> <span class='ocrx_word' id='word_1_440' title='bbox 1399 2200 1539 2237; x_wconf 82' lang='lat' dir='ltr'>quantae</span> <span class='ocrx_word' id='word_1_441' title='bbox 1552 2194 1778 2238; x_wconf 81' lang='lat' dir='ltr'>pestiferarum</span> 
     </span>
     <span class='ocr_line' id='line_1_85' title="bbox 1028 2247 1780 2293; baseline 0.004 -13"><span class='ocrx_word' id='word_1_442' title='bbox 1028 2247 1199 2281; x_wconf 87' lang='lat' dir='ltr'>haeresum</span> <span class='ocrx_word' id='word_1_443' title='bbox 1217 2254 1321 2282; x_wconf 82' lang='lat' dir='ltr'>sectae</span> <span class='ocrx_word' id='word_1_444' title='bbox 1339 2249 1485 2292; x_wconf 83' lang='lat' dir='ltr'>quotidie</span> <span class='ocrx_word' id='word_1_445' title='bbox 1506 2249 1652 2293; x_wconf 86' lang='lat' dir='ltr'>undique</span> <span class='ocrx_word' id='word_1_446' title='bbox 1673 2261 1780 2283; x_wconf 88' lang='lat' dir='ltr'>erum-</span> 
     </span>
     <span class='ocr_line' id='line_1_86' title="bbox 1028 2302 1777 2347; baseline 0.005 -13"><span class='ocrx_word' id='word_1_447' title='bbox 1028 2308 1141 2345; x_wconf 87' lang='lat' dir='ltr'>perent</span> <span class='ocrx_word' id='word_1_448' title='bbox 1162 2329 1168 2342; x_wconf 91' lang='lat'>‚</span> <span class='ocrx_word' id='word_1_449' title='bbox 1191 2302 1327 2346; x_wconf 81' lang='lat' dir='ltr'>diraque</span> <span class='ocrx_word' id='word_1_450' title='bbox 1349 2309 1378 2336; x_wconf 90' lang='lat' dir='ltr'>et</span> <span class='ocrx_word' id='word_1_451' title='bbox 1406 2303 1538 2337; x_wconf 83' lang='lat' dir='ltr'>exitiosa</span> <span class='ocrx_word' id='word_1_452' title='bbox 1573 2304 1777 2347; x_wconf 88' lang='lat' dir='ltr'>perditorum</span> 
     </span>
     <span class='ocr_line' id='line_1_87' title="bbox 1027 2355 1776 2391; baseline 0.005 -4"><span class='ocrx_word' id='word_1_453' title='bbox 1027 2355 1198 2388; x_wconf 90' lang='lat' dir='ltr'>hominum</span> <span class='ocrx_word' id='word_1_454' title='bbox 1226 2367 1243 2389; x_wconf 90' lang='lat' dir='ltr'>a</span> <span class='ocrx_word' id='word_1_455' title='bbox 1269 2356 1333 2389; x_wconf 86' lang='lat' dir='ltr'>fide</span> <span class='ocrx_word' id='word_1_456' title='bbox 1360 2356 1519 2389; x_wconf 86' lang='lat' dir='ltr'>catholiea</span> <span class='ocrx_word' id='word_1_457' title='bbox 1554 2356 1776 2391; x_wconf 87' lang='lat' dir='ltr'>aberrantium</span> 
     </span>
     <span class='ocr_line' id='line_1_88' title="bbox 1027 2408 1777 2455; baseline 0.004 -14"><span class='ocrx_word' id='word_1_458' title='bbox 1027 2408 1150 2442; x_wconf 87' lang='lat' dir='ltr'>semina</span> <span class='ocrx_word' id='word_1_459' title='bbox 1180 2409 1299 2453; x_wconf 88' lang='lat' dir='ltr'>passim</span> <span class='ocrx_word' id='word_1_460' title='bbox 1319 2415 1485 2453; x_wconf 81' lang='lat' dir='ltr'>serperent</span> <span class='ocrx_word' id='word_1_461' title='bbox 1499 2416 1530 2443; x_wconf 85' lang='lat' dir='ltr'>et</span> <span class='ocrx_word' id='word_1_462' title='bbox 1541 2421 1777 2455; x_wconf 84' lang='lat' dir='ltr'>usquequaque</span> 
     </span>
     <span class='ocr_line' id='line_1_89' title="bbox 1026 2463 1777 2506; baseline 0.004 -11"><span class='ocrx_word' id='word_1_463' title='bbox 1026 2469 1298 2506; x_wconf 75' lang='lat' dir='ltr'>propagarentur,</span> <span class='ocrx_word' id='word_1_464' title='bbox 1310 2463 1419 2497; x_wconf 84' lang='lat' dir='ltr'>omnia</span> <span class='ocrx_word' id='word_1_465' title='bbox 1428 2463 1537 2497; x_wconf 90' lang='lat' dir='ltr'>Italiae</span> <span class='ocrx_word' id='word_1_466' title='bbox 1554 2464 1624 2497; x_wconf 86' lang='lat' dir='ltr'>loca</span> <span class='ocrx_word' id='word_1_467' title='bbox 1640 2464 1777 2498; x_wconf 87' lang='lat' dir='ltr'>circum-</span> 
     </span>
     <span class='ocr_line' id='line_1_90' title="bbox 1026 2516 1775 2561; baseline 0.003 -12"><span class='ocrx_word' id='word_1_468' title='bbox 1026 2516 1210 2560; x_wconf 85' lang='lat' dir='ltr'>spicientes,</span> <span class='ocrx_word' id='word_1_469' title='bbox 1233 2517 1361 2550; x_wconf 87' lang='lat' dir='ltr'>Etruria</span> <span class='ocrx_word' id='word_1_470' title='bbox 1382 2517 1547 2561; x_wconf 77' lang='lat' dir='ltr'>provincia</span> <span class='ocrx_word' id='word_1_471' title='bbox 1566 2544 1574 2559; x_wconf 87' lang='lat'>,</span> <span class='ocrx_word' id='word_1_472' title='bbox 1598 2518 1775 2552; x_wconf 79' lang='lat' dir='ltr'>nobilitatis</span> 
     </span>
    </p>

    <p class='ocr_par' dir='ltr' id='par_1_17' title="bbox 1063 2579 1775 2616">
     <span class='ocr_line' id='line_1_91' title="bbox 1063 2579 1775 2616; baseline 0.007 -10"><span class='ocrx_word' id='word_1_473' title='bbox 1063 2581 1073 2606; x_wconf 90' lang='lat'>1</span> <span class='ocrx_word' id='word_1_474' title='bbox 1093 2579 1205 2607; x_wconf 87' lang='lat' dir='ltr'>Cosmus</span> <span class='ocrx_word' id='word_1_475' title='bbox 1217 2580 1335 2607; x_wconf 86' lang='lat' dir='ltr'>militiam</span> <span class='ocrx_word' id='word_1_476' title='bbox 1346 2580 1374 2607; x_wconf 93' lang='lat' dir='ltr'>S.</span> <span class='ocrx_word' id='word_1_477' title='bbox 1386 2580 1525 2616; x_wconf 79' lang='lat' dir='ltr'>Stephani,</span> <span class='ocrx_word' id='word_1_478' title='bbox 1533 2580 1566 2608; x_wconf 88' lang='lat' dir='ltr'>de</span> <span class='ocrx_word' id='word_1_479' title='bbox 1577 2580 1680 2608; x_wconf 86' lang='lat' dir='ltr'>licentia</span> <span class='ocrx_word' id='word_1_480' title='bbox 1691 2581 1729 2610; x_wconf 88' lang='lat' dir='ltr'>Pii</span> <span class='ocrx_word' id='word_1_481' title='bbox 1741 2582 1775 2611; x_wconf 86' lang='lat' dir='ltr'>IV</span> 
     </span>
    </p>
   </div>
   <div class='ocr_carea' id='block_1_14' title="bbox 1024 2624 1774 2705">
    <p class='ocr_par' dir='ltr' id='par_1_18' title="bbox 1024 2624 1774 2705">
     <span class='ocr_line' id='line_1_92' title="bbox 1025 2624 1774 2660; baseline 0.003 -9"><span class='ocrx_word' id='word_1_482' title='bbox 1025 2624 1148 2658; x_wconf 84' lang='lat' dir='ltr'>instituit,</span> <span class='ocrx_word' id='word_1_483' title='bbox 1167 2625 1238 2652; x_wconf 87' lang='lat' dir='ltr'>ut·in</span> <span class='ocrx_word' id='word_1_484' title='bbox 1260 2625 1380 2652; x_wconf 88' lang='lat' dir='ltr'>eiusdem</span> <span class='ocrx_word' id='word_1_485' title='bbox 1399 2625 1438 2652; x_wconf 89' lang='lat' dir='ltr'>Pii</span> <span class='ocrx_word' id='word_1_486' title='bbox 1457 2625 1645 2654; x_wconf 81' lang='lat' dir='ltr'>constitutione</span> <span class='ocrx_word' id='word_1_487' title='bbox 1661 2633 1705 2658; x_wconf 71' lang='lat' dir='ltr'>LV,</span> <span class='ocrx_word' id='word_1_488' title='bbox 1718 2628 1774 2660; x_wconf 80' lang='lat' dir='ltr'>His,</span> 
     </span>
     <span class='ocr_line' id='line_1_93' title="bbox 1024 2669 1433 2705; baseline 0.002 -9"><span class='ocrx_word' id='word_1_489' title='bbox 1024 2678 1100 2703; x_wconf 80' lang='lat' dir='ltr'>quae,</span> <span class='ocrx_word' id='word_1_490' title='bbox 1118 2677 1177 2705; x_wconf 81' lang='lat' dir='ltr'>pag.</span> <span class='ocrx_word' id='word_1_491' title='bbox 1197 2670 1247 2697; x_wconf 72' lang='lat'>¹58</span> <span class='ocrx_word' id='word_1_492' title='bbox 1262 2669 1341 2697; x_wconf 81' lang='lat' dir='ltr'>huius</span> <span class='ocrx_word' id='word_1_493' title='bbox 1359 2669 1433 2698; x_wconf 86' lang='lat' dir='ltr'>tomi.</span> 
     </span>
    </p>
   </div>
   <div class='ocr_carea' id='block_1_15' title="bbox 1680 242 1983 287">
    <p class='ocr_par' dir='ltr' id='par_1_19' title="bbox 1680 242 1983 287">
     <span class='ocr_line' id='line_1_94' title="bbox 1680 242 1983 287; baseline 0.017 -12"><span class='ocrx_word' id='word_1_494' title='bbox 1680 242 1742 276; x_wconf 81' lang='lat'>763</span> <span class='ocrx_word' id='word_1_495' title='bbox 1801 250 1851 278; x_wconf 73' lang='lat' dir='ltr'>An.</span> <span class='ocrx_word' id='word_1_496' title='bbox 1869 252 1895 279; x_wconf 87' lang='lat' dir='ltr'>c.</span> <span class='ocrx_word' id='word_1_497' title='bbox 1918 253 1983 287; x_wconf 64' lang='lat'>1560</span> 
     </span>
    </p>
   </div>
   <div class='ocr_carea' id='block_1_16' title="bbox 1795 2041 1977 2131">
    <p class='ocr_par' dir='ltr' id='par_1_20' title="bbox 1795 2041 1977 2131">
     <span class='ocr_line' id='line_1_95' title="bbox 1823 2041 1977 2068; baseline 0.006 -8"><span class='ocrx_word' id='word_1_498' title='bbox 1823 2041 1916 2063; x_wconf 73' lang='lat' dir='ltr'>Etruriae</span> <span class='ocrx_word' id='word_1_499' title='bbox 1933 2049 1977 2068; x_wconf 38' lang='lat' dir='ltr'>pro*</span> 
     </span>
     <span class='ocr_line' id='line_1_96' title="bbox 1795 2079 1877 2094; baseline 0.024 -2"><span class='ocrx_word' id='word_1_500' title='bbox 1795 2079 1877 2094; x_wconf 63' lang='lat' dir='ltr'>unctae</span> 
     </span>
     <span class='ocr_line' id='line_1_97' title="bbox 1795 2106 1910 2131; baseline 0.017 -6"><span class='ocrx_word' id='word_1_501' title='bbox 1795 2106 1910 2131; x_wconf 76' lang='lat' dir='ltr'>mendatio,</span> 
     </span>
    </p>
   </div>
  </div>
 </body>
</html>
