2237 3100
75 279 127 308 An.
144 280 174 308 C.
192 280 259 308 1567

128 2274 247 2297 nectar-nuo

62 2305 185 2328 [acutianum
227 2310 249 2327 et

63 2337 203 2359 iurisdiction.
215 2339 248 2359 di-

63 2371 144 2389 ctutum
158 2374 247 2390 conser-

63 2402 165 2421 vatorum.

954 281 1022 304 PIUS
1046 281 1065 304 V
1088 280 1137 305 PP.

274 343 339 367 non
370 331 536 366 trahendis
549 359 557 374 ,
592 332 860 376 irritantibusque
894 339 925 366 ct
960 333 1032 366 aliis

273 386 422 427 decretis,
449 386 544 420 etiam
564 386 655 419 Mare
673 386 831 429 Maqnum
861 396 917 419 seu
932 387 1030 419 Bulla

270 441 379 473 Aurea
394 440 602 484 nuncupatis,
621 445 676 472 aut
692 439 769 472 alias
784 439 1030 483 quomodolibet

272 494 445 534 concessis,
463 493 663 528 confirmatis
679 498 709 526 et
725 493 894 534 innovatis3
911 494 1030 536 quibus

271 548 423 581 omnibus
443 553 474 581 et
493 548 638 592 singulis,
655 548 752 581 etiam
768 548 806 587 si,
826 547 1028 590 proillorum

271 601 443 635 sufficienti
464 602 685 645 derogatione,
705 602 744 634 de
765 601 828 633 illis
849 611 1029 645 eorumque

271 654 344 687 totis
354 654 531 695 tenoribus
540 654 699 698 specialis,
708 654 868 698 specifica,
880 665 1029 698 expressa

270 712 302 739 et
321 707 497 748 individua,
520 718 557 741 ac
574 708 613 740 de
629 708 726 741 verbo
742 708 781 740 ad
796 708 943 747 verbum,
963 718 1028 741 non

269 766 376 794 autem
406 772 465 804 per
492 761 654 794 clausulas
673 762 841 804 generales
862 761 946 794 idem
968 761 1028 793 im-

270 819 447 858 portantes,
470 814 591 847 mentio
609 825 665 848 seu
681 814 809 857 quaevis
824 814 885 848 alia
902 825 1029 858 expres-

269 868 315 900 sio
335 867 494 909 habenda,
524 873 579 901 aut
605 869 713 912 aliqua
741 868 898 912 exquisita
926 869 1027 901 t'orma

268 921 308 954 ad
324 921 387 955 hoe
403 922 558 956 servanda
573 922 667 962 soret,
686 928 815 955 tenores
829 921 1027 961 huiusmodi,

267 985 305 1007 ac
325 975 351 1007 si
371 975 410 1008 de
434 976 532 1008 verbo
553 975 592 1008 ad
612 975 759 1015 verbum,
789 975 869 1008 nihil
899 976 1028 1019 penitus

268 1027 400 1069 omisso,
418 1034 449 1062 et
464 1028 567 1062 forma
587 1029 620 1061 in
638 1029 700 1062 illis
717 1028 834 1062 tradita
849 1028 1026 1068 observata,

268 1082 378 1115 inserti
399 1082 513 1123 serent,
535 1082 759 1126 praesentibus
779 1093 838 1126 pro
866 1082 1029 1116 sufficien-

267 1141 316 1168 ter
335 1135 494 1180 expressis
524 1136 690 1176 habentes,
712 1135 774 1169 illis
803 1135 881 1168 alias
907 1136 939 1168 in
969 1147 1027 1170 suo

267 1189 384 1223 robore
413 1189 647 1234 permansuris,
676 1190 738 1223 hae
756 1189 824 1223 vice
849 1189 1024 1232 dumtaxat,

266 1242 449 1286 specialiter
473 1249 504 1276 et
524 1254 672 1288 expresse
693 1243 762 1287 pari
783 1249 873 1276 motu
891 1243 1027 1287 deroga-

267 1307 350 1337 mus,
370 1296 540 1330 contrariis
555 1297 831 1340 quibuscumque;
856 1302 912 1330 aut
932 1297 955 1330 si
973 1297 1028 1330 ali-

265 1349 397 1393 quibus,
421 1350 638 1384 communiter
656 1351 705 1384 vel
728 1350 866 1391 divisim,
883 1351 922 1384 ab
939 1351 1026 1395 Apo-

266 1403 379 1437 stolica
398 1404 439 1438 sit
458 1404 539 1438 Sede
560 1404 723 1438 indultum
748 1405 837 1450 quod
861 1405 1024 1446 interdici,

265 1457 420 1502 suspendi
444 1458 494 1491 vel
522 1458 813 1499 excommunicari,
845 1469 902 1492 seu
939 1464 1027 1492 extra

265 1510 314 1545 vel
340 1511 427 1545 ultra
447 1517 534 1546 certa
553 1513 625 1546 loca
645 1512 684 1546 ad
710 1512 869 1546 iudicium
900 1512 1025 1546 evocari

265 1573 331 1598 non
359 1567 482 1609 possint
510 1576 569 1610 per
595 1566 704 1600 literas
733 1566 927 1611 apostolicas
961 1576 1026 1601 non

265 1617 417 1653 facientes
432 1620 563 1664 plenam
577 1625 609 1654 et
624 1631 807 1665 expressam
823 1631 860 1655 ac
874 1621 914 1654 de
928 1621 1026 1654 verbo

264 1672 304 1706 ad
324 1672 457 1706 verbum
483 1673 522 1708 de
546 1673 672 1708 indulto
699 1674 888 1709 huiusmodi
909 1681 939 1709 et
970 1686 1025 1709 eo-

265 1737 337 1759 rum
367 1727 527 1770 personis,
551 1727 642 1769 locis,
665 1728 840 1762 Ordinibus
861 1735 892 1763 et
918 1730 1025 1763 nomi-

265 1779 361 1813 nibus
373 1781 515 1825 propriis
526 1781 738 1823 1nentionem;
757 1788 787 1816 et
803 1783 948 1826 qualibet
964 1782 1025 1816 alia

263 1832 367 1867 dictae
387 1834 477 1867 Sedis
496 1834 697 1878 indulgentia
725 1836 882 1879 generali,
914 1837 1024 1870 cuius-

264 1897 405 1931 cumque
429 1888 550 1922 tenoris
570 1888 694 1931 existat,
716 1900 776 1934 per
795 1901 906 1934 quam,
929 1901 1024 1935 prae-

264 1941 409 1974 sentibus
428 1952 494 1975 non
514 1953 711 1987 expressam,
732 1945 781 1977 vel
797 1944 939 1978 totaliter
959 1955 1024 1978 non

265 1994 429 2036 insertam,
450 1996 584 2030 effectus
604 1997 793 2031 huiusmodi
813 1999 934 2041 gratiae
961 1999 1024 2032 im-

264 2049 367 2092 pediri
384 2050 488 2083 valeat
502 2051 748 2094 quomodolibet
767 2053 815 2085 vel
836 2052 971 2092 differri,
994 2058 1025 2086 et

263 2101 303 2135 de
323 2113 387 2146 qua
415 2103 550 2147 eiusque
574 2109 640 2138 toto
670 2110 782 2139 tenore
812 2106 961 2139 habenda
985 2105 1025 2139 sit

264 2154 296 2189 in
316 2156 435 2189 nostris
450 2156 552 2191 literis
572 2158 693 2192 mentio
714 2159 873 2203 specialis.

307 2209 389 2253 519.
411 2209 594 2251 Caeterum,
610 2211 706 2245 etiam
722 2213 872 2246 volumus
892 2218 923 2246 ct
938 2213 1023 2247 dicta

263 2263 439 2306 apostoliea
474 2264 664 2298 auctoritate
699 2265 906 2300 decernimus
935 2268 1023 2312 quod

262 2316 399 2360 quilibet
425 2322 567 2351 vestrum
594 2319 749 2362 presequi
776 2320 878 2353 valeat
902 2321 1022 2355 articu-

263 2369 341 2411 lum,
362 2370 458 2404 etiam
479 2382 538 2415 per
558 2371 656 2404 alium
679 2372 880 2415 inchoatum,
906 2386 1021 2418 quam-

262 2423 307 2457 vis
319 2423 404 2457 idem
416 2424 572 2458 inchoans
582 2425 672 2459 nullo
684 2426 779 2459 fuerit
791 2426 1021 2471 impedimento

262 2473 419 2507 canonico
435 2473 623 2518 impeditus3
641 2474 794 2518 quodque
806 2487 823 2508 a
838 2476 911 2510 data
926 2489 1020 2522 prae—

262 2522 401 2555 sentium
418 2522 458 2556 sit
472 2522 561 2555 vobis
577 2528 607 2556 et
623 2523 802 2568 unicuique
821 2531 972 2568 vestrum,
989 2528 1020 2560 in

262 2571 447 2615 praemissis
458 2577 488 2605 et
499 2582 613 2605 eorum
626 2572 771 2616 singulis,
785 2574 907 2618 coeptis
916 2579 946 2607 ct
956 2584 1020 2608 non

262 2621 396 2664 coeptis,
411 2622 634 2665 praesentibus
642 2628 673 2655 et
685 2622 812 2663 suturis,
830 2629 1020 2667 perpetuata

262 2674 413 2713 potestas,
426 2676 458 2705 ct
470 2670 651 2706 iurisdictio
661 2672 825 2714 attributa,
840 2678 875 2707 ut
887 2683 924 2708 eo
936 2673 1021 2717 vigo—

1719 272 1785 307 595

1074 344 1108 366 re
1124 343 1226 378 eaque
1257 333 1407 367 firmitate
1428 333 1567 377 possitis,
1590 334 1622 367 in
1642 336 1829 378 praemissis

1073 387 1234 427 omnibus,
1246 387 1367 431 coeptis
1382 391 1488 420 etnon
1501 387 1635 430 coeptis,
1654 390 1828 431 praesenti-

1072 439 1132 473 bus
1148 446 1178 473 ct
1194 440 1321 481 suturis,
1338 446 1369 473 et
1384 451 1444 485 pro
1457 440 1630 484 praedietis
1640 442 1827 484 procedere,

1072 503 1108 526 ac
1119 493 1144 526 si
1156 494 1310 537 przedicta
1321 494 1430 528 omnia
1438 500 1469 528 et
1480 494 1606 537 singula
1617 506 1726 528 coram
1741 497 1830 529 vobis

1073 553 1186 590 coepta
1204 547 1350 588 fuissent,
1369 553 1399 581 et
1415 548 1594 581 iurisdictio
1610 554 1713 582 vestra
1729 555 1759 582 et
1775 561 1830 583 cu-

1072 599 1202 633 iuslibet
1220 606 1374 642 vestrum,
1392 602 1425 634 in
1441 601 1613 645 praedictis
1633 603 1784 636 omnibus
1800 610 1830 636 et

1072 652 1218 696 singulis,
1238 665 1295 697 per
1310 654 1494 688 citationem
1511 656 1559 688 vel
1577 656 1710 689 modum
1728 656 1827 689 alium

1072 705 1251 748 legitimum
1273 713 1464 751 perpetuata
1484 708 1649 749 extitisset,
1672 710 1828 743 constitu-

1071 758 1157 791 tione
1180 760 1345 803 praedicta
1375 772 1474 805 super
1498 762 1779 796 conservatoribus
1800 769 1829 796 et

1071 813 1133 845 aha
1152 813 1296 856 qualibet
1316 814 1348 847 in
1369 815 1569 849 eontrarium
1590 816 1674 850 edita
1689 827 1755 850 11011
1775 817 1829 850 ob-

1071 871 1185 899 stante.

1115 919 1130 962 g
1150 920 1203 953 020.
1227 920 1263 953 Et
1283 921 1359 964 quia
1379 922 1509 956 difficile
1535 924 1617 956 soret
1643 931 1828 968 praesentes

1071 973 1180 1006 literas
1205 974 1245 1007 ad
1269 975 1406 1017 singula,
1429 976 1461 1008 in
1481 976 1599 1019 quibus
1624 977 1662 1010 de
1682 978 1728 1010 eis
1748 978 1828 1011 fides

1070 1027 1178 1060 forsan
1198 1027 1344 1061 facienda
1365 1029 1472 1070 suerit,
1489 1030 1560 1063 loca
1581 1030 1716 1071 deferre,
1733 1032 1826 1065 etiam

1069 1080 1232 1121 volumus,
1250 1087 1281 1114 et
1300 1082 1413 1116 eadem
1437 1084 1629 1117 auctoritate
1653 1086 1828 1128 apostolica

1070 1133 1277 1168 decernimus
1301 1136 1389 1179 quod
1417 1137 1638 1181 praesentium
1666 1144 1828 1172 transum-

1070 1187 1141 1230 ptis,
1155 1199 1253 1221 manu
1274 1189 1412 1223 alieuius
1423 1190 1539 1223 notarii
1552 1191 1674 1235 publici
1690 1192 1829 1226 subscri-

1069 1241 1176 1283 ptis,et
1188 1242 1291 1285 sigillo
1302 1243 1441 1276 alieuius
1461 1244 1595 1287 praelati
1611 1245 1659 1278 vel
1672 1256 1829 1289 personae

1070 1294 1102 1326 in
1123 1295 1275 1338 dignitate
1303 1296 1519 1331 ecclesiastica
1552 1299 1744 1333 constitutae
1775 1306 1827 1333 aut

1070 1347 1180 1383 curiae
1196 1350 1433 1385 ecclesiasticae
1454 1351 1599 1394 munitis,
1613 1352 1646 1386 in
1662 1352 1782 1387 iudicio
1799 1359 1830 1387 et

1069 1401 1155 1443 alibi,
1172 1403 1229 1436 ubi
1245 1413 1327 1448 opus
1346 1404 1453 1446 suerit,
1471 1406 1583 1439 eadem
1603 1416 1738 1450 prorsus
1751 1407 1830 1441 tides

1069 1456 1274 1499 adhibeatur,
1297 1469 1380 1502 quae
1400 1459 1478 1503 ipsis
1498 1459 1711 1503 originalibus
1738 1461 1829 1495 adhi-

1068 1510 1215 1552 beretur,
1242 1512 1267 1545 si
1288 1512 1394 1547 forent
1421 1513 1581 1548 exhibitae
1601 1515 1649 1548 vel
1669 1520 1828 1557 ostensae,

1069 1565 1295 1608 praesentibus
1314 1567 1481 1612 perpetuis
1495 1568 1614 1603 suturis
1629 1569 1830 1614 temporibus

1068 1619 1245 1654 duraturis.

1112 1673 1227 1707 Datum
1248 1674 1369 1708 Romae
1395 1676 1482 1720 apud
1507 1676 1662 1710 Sanctum
1683 1677 1825 1719 Petrum,

1069 1727 1129 1760 sub
1149 1728 1271 1761 annulo
1291 1728 1474 1771 piscatoris,
1495 1729 1546 1763 die
1563 1730 1605 1764 ⁶23
1625 1732 1827 1775 septembris,

1068 1781 1242 1814 millesimo
1284 1783 1545 1827 quingentesimo
1589 1786 1828 1828 septuagesimo

1067 1834 1185 1878 primo,
1212 1836 1419 1879 pontificatus
1443 1838 1544 1871 nostri
1570 1848 1656 1872 anno
1681 1845 1793 1881 sexto„

1397 2030 1485 2064 LVIII
1490 2057 1497 2064 .

1065 2103 1267 2146 Reformatio
1292 2110 1396 2139 motus
1405 2108 1536 2150 proprii
1555 2107 1660 2148 felicis
1679 2109 1825 2142 recorda-

1112 2158 1210 2191 tionis
1229 2159 1287 2192 Pii
1305 2160 1418 2203 Papae
1442 2160 1493 2193 IV
1509 2171 1604 2204 snper
1627 2162 1825 2196 admissiome

1109 2212 1366 2255 appellationum
1377 2224 1549 2247 ecczcsccrum
1560 2215 1786 2249 crz'aem'mltum
1794 2217 1805 2244 l
1815 2244 1821 2249 .

1197 2293 1259 2322 Pius
1277 2294 1349 2330 Papa
1367 2295 1397 2329 V.
1418 2297 1497 2324 motu
1516 2296 1639 2332 proprio,
1660 2297 1714 2326 etc.

1109 2374 1175 2418 §L
1202 2375 1302 2416 Cum,
1329 2376 1412 2410 sicut
1445 2376 1632 2421 accepimus
1661 2390 1679 2412 a
1703 2379 1821 2413 dilecto

1064 2427 1130 2461 filio
1147 2429 1328 2463 Alexandro
1343 2429 1452 2464 Riario
1469 2436 1528 2465 etc.
1550 2431 1577 2466 ².

1101 2505 1111 2530 ¹
1132 2505 1169 2531 Ex
1190 2506 1254 2534 edit.
1282 2507 1353 2542 typis
1379 2507 1460 2534 Bladi.
1515 2509 1531 2534 2
1560 2509 1607 2535 Hie
1634 2509 1669 2535 Pii
1691 2508 1710 2535 V
1733 2513 1819 2536 motus

1061 2553 1193 2582 proprius
1210 2551 1350 2586 ipsissimis
1376 2552 1466 2579 verbis
1486 2552 1581 2587 legitur
1605 2553 1731 2589 superius
1758 2562 1815 2589 pag.

1063 2595 1114 2621 505
1134 2595 1214 2622 huius
1231 2597 1382 2624 voluminis.
1395 2597 1472 2624 Illum
1489 2599 1568 2632 igitur
1582 2598 1652 2626 baud
1664 2599 1704 2626 bis
1721 2600 1817 2626 rescia>

1062 2638 1160 2673 bimus,
1178 2641 1407 2675 quemadmodum
1428 2642 1454 2668 in
1471 2641 1591 2670 Romana
1608 2643 1737 2671 Maiuardi
1760 2644 1817 2670 edi-

1063 2685 1133 2713 tione
1148 2686 1246 2714 sactum
1264 2687 1387 2716 videmus
1406 2688 1443 2723 (11,
1463 2688 1511 2724 1.).

1843 283 1892 310 An.
1909 282 1939 310 C.
1962 282 2028 309 1507

1881 936 2028 964 Exemplorum

1841 968 1900 989 fides.
