2237 3100
275 298 324 326 An.
342 299 370 327 C.
391 300 459 327 ¹565

303 400 401 422 inhibitio
410 407 459 423 con-

276 436 308 453 tra
317 434 428 460 episcopos
438 437 460 454 et.

275 466 328 485 aiios
344 466 459 491 impedien-

276 498 307 515 tes
324 501 360 516 eos
384 497 403 516 in
424 497 457 516 vi<

275 527 417 548 sitatioiiibus.

310 1152 398 1174 Monesi.
418 1158 455 1174 re-

271 1187 348 1213 cipiant
367 1187 454 1207 effidem

271 1218 392 1239 visitatores

321 1801 454 1823 Confirmatio

272 1837 362 1857 oninium
379 1837 455 1862 gratia-

272 1874 316 1889 rum
332 1868 455 1888 etindiilto-

273 1905 316 1920 runi
326 1898 410 1918 Ordinis
420 1898 455 1918 Ci-

273 1932 405 1951 sterciensis.

515 284 580 320 0262

517 349 532 392 ἓ
556 348 586 382 6.
609 347 791 381 Inhibentes
823 347 1012 391 patriarchis
1029 374 1036 387 ‚
1068 347 1225 391 archiepi-

474 402 589 446 scopis,
601 401 759 446 episcopis
768 407 796 434 et
808 400 877 433 aliis
887 400 1119 444 superioribus,
1134 412 1224 444 prae-

474 456 545 489 latis
564 455 710 489 videlicet
729 456 787 488 sul»
807 454 967 487 interdicti
988 455 1150 497 ingressus
1170 466 1223 488 ec-

474 509 588 543 clesiae
614 521 649 542 ac
670 508 888 552 suspensionis
908 519 925 541 a
954 508 1090 548 divinis3
1125 508 1222 541 abba-

473 563 557 596 tibus
576 574 650 596 vero
679 568 710 595 et
741 562 810 595 aliis
834 562 1040 595 inferioribus
1061 562 1221 605 praefatis,

474 617 652 660 ceterisque
663 616 922 660 quibuscumque
933 616 1090 660 personis,
1104 617 1162 649 suh
1175 627 1225 649 ex-

474 670 777 704 communicationis
803 670 884 703 latae
904 670 1080 703 sententiae
1101 670 1223 714 poenis,

472 734 512 756 ne
528 723 675 756 abbatem
696 724 879 766 generalem
901 729 931 757 et
946 723 1026 757 alios
1041 724 1225 767 superiores

472 775 599 810 Ordinis
619 787 798 820 eorumque
819 777 955 810 vicarios
974 777 1145 821 praesatOS,
1160 788 1224 821 quo

472 830 579 863 minus
599 830 805 871 visitationes,
819 830 905 863 iuxta
917 831 1078 874 regularia
1098 831 1225 864 Ordinis

471 884 615 917 instituta
639 884 838 924 huiusmodi,
860 885 960 918 libere
972 886 1076 918 facere
1092 884 1224 929 possint,

471 949 529 982 per
548 949 580 972 se
601 939 648 972 vel
678 939 882 983 interpositas
902 949 1056 983 personas
1072 966 1081 978 ,
1104 939 1224 972 directe

470 992 518 1025 vel
538 992 693 1026 indirecte
714 998 769 1025 aut
802 992 879 1025 alias
905 992 1137 1035 quoquomodo
1163 992 1223 1024 im-

471 1045 581 1090 pedire
601 1047 740 1080 audeant
760 1047 807 1079 vel
828 1052 1047 1090 praesumant.

514 1100 528 1143 ξ
549 1100 578 1132 7.
602 1100 680 1144 lpsis
695 1105 801 1133 autem
820 1100 1089 1133 monasteriorum
1100 1105 1130 1132 et
1145 1099 1224 1132 alio—

470 1163 542 1185 rum
577 1154 725 1186 locorum
762 1153 1002 1196 praedictorum
1037 1152 1223 1193 abbatibus,

469 1206 644 1247 abbatissis,
666 1207 841 1250 prioribus,
864 1207 1088 1245 conventibus,
1112 1218 1224 1239 mona-

470 1259 526 1300 cis,
550 1259 743 1293 monialibus
772 1266 802 1293 et
822 1260 968 1303 personis
986 1287 993 1299 ,
1022 1266 1056 1292 ut
1089 1270 1223 1302 genera-

470 1313 545 1353 lem,
568 1313 712 1356 aliosque
732 1313 873 1354 abbates,
893 1313 1076 1357 superiores
1096 1319 1126 1346 et
1140 1313 1224 1346 vica-

470 1365 534 1399 rios
555 1366 724 1409 praefatos,
749 1372 780 1399 ut
804 1367 996 1410 praefertur,
1019 1366 1145 1400 visitare
1169 1378 1224 1400 vo-

470 1419 582 1459 lentes,
604 1419 742 1462 benigne
771 1419 927 1463 recipiant
947 1446 954 1460 ‚
976 1419 1085 1463 eisque
1120 1426 1150 1453 et
1169 1432 1223 1453 eo-

470 1483 542 1505 rum
572 1472 739 1513 mandatis,
762 1472 794 1505 in
820 1472 1091 1505 concernentibus
1111 1484 1224 1506 eorum

469 1525 614 1559 visitandi
643 1525 785 1559 officium
806 1525 1006 1566 huiusmodi,
1038 1532 1171 1570 pareant
1195 1531 1225 1559 et

470 1579 637 1613 humiliter
647 1579 808 1619 obediant,
827 1579 859 1612 in
880 1580 995 1612 virtute
1011 1585 1138 1613 sanctae
1148 1580 1224 1613 obe—

470 1633 608 1667 dientiae
629 1639 659 1667 et
679 1633 860 1667 subsimilis
881 1634 1225 1667 excommunicationis

470 1698 582 1731 poena,
603 1687 744 1721 districte
770 1687 998 1731 praecipiendo
1020 1688 1222 1721 mandamus.

514 1741 529 1784 ξ
558 1741 589 1775 8.
621 1741 659 1774 Et
687 1741 831 1785 insuper,
856 1741 1003 1774 universa
1036 1747 1066 1774 et
1100 1742 1225 1784 singula

470 1795 653 1839 privilegia,
689 1795 938 1839 praerogativas,
974 1794 1193 1828 irmnunitates
1215 1822 1222 1835 ‚

470 1848 699 1892 exeinptioneS‚
708 1849 881 1888 libertates,
892 1848 1119 1891 indulgentias,
1130 1849 1224 1881 etiam

469 1907 628 1946 quatenus
653 1902 715 1935 sint
735 1902 767 1934 in
789 1913 870 1942 usu,
893 1902 1052 1945 plenarias
1066 1930 1073 1943 ,
1097 1912 1225 1935 conser-

469 1956 618 1995 vatorias,
642 1956 809 1989 facultates
830 1962 856 1989 et
872 1956 997 1988 indulta
1017 1961 1047 1988 et
1066 1956 1144 1988 alias
1155 1967 1225 1999 gra-

469 2009 528 2042 tias
554 2009 696 2043 Cistercii
717 2016 746 2042 et
772 2014 913 2053 quatuor
936 2009 1064 2041 filiabus
1098 2020 1225 2042 nuncu-

470 2063 552 2107 patis
572 2063 775 2096 monasteriis
791 2068 819 2096 et
835 2062 958 2103 Ordini,
981 2062 1115 2105 eiusque
1137 2064 1225 2106 capi—

470 2117 538 2150 tulo
558 2117 712 2159 generali,
741 2116 966 2149 definitoribus
986 2121 1014 2149 et
1042 2115 1112 2149 aliis
1132 2128 1226 2159 supe-

469 2170 611 2204 rioribus
631 2170 791 2214 praefatis,
806 2181 864 2215 per
874 2171 944 2215 piae
966 2170 1140 2203 memoriae
1170 2171 1226 2203 Pa-

470 2224 587 2257 scalem
622 2224 645 2257 11
666 2251 673 2265 ,
707 2224 871 2257 Callistum
906 2224 1003 2257 etiam
1030 2224 1053 2256 ll
1078 2250 1085 2263 ,
1121 2224 1225 2266 Euge-

470 2277 561 2310 nium
586 2276 645 2318 ΙΙΙ,
670 2277 886 2310 Alexandrum
908 2277 1002 2309 etiam
1021 2277 1071 2316 ΙΙΙ,
1090 2276 1224 2309 Lucium

471 2330 616 2364 similiter
635 2332 687 2371 Ill,
709 2331 889 2364 Honorium
915 2330 1010 2363 etiam
1032 2330 1081 2370 Ill,
1104 2330 1225 2373 Grego-

472 2384 555 2416 rium
576 2385 615 2417 lx
633 2412 640 2425 ,
663 2385 888 2418 Innocentium
910 2384 945 2416 lv
961 2411 968 2425 ,
995 2384 1116 2417 Sixtum
1138 2385 1225 2428 pari-

472 2442 520 2469 ter
529 2437 577 2477 lv,
592 2438 779 2481 praesertim
791 2437 1000 2470 commendas
1011 2442 1039 2469 et
1057 2448 1224 2470 commen-

473 2486 611 2520 datarios
632 2488 902 2520 monasteriorum
929 2492 959 2520 et
978 2486 1115 2519 aliorum
1137 2486 1225 2520 loco-

473 2545 545 2568 rum
566 2534 692 2569 Ordinis
716 2535 903 2568 huiusmodi
929 2535 1174 2575 concernentia;
1197 2541 1227 2568 et

473 2584 559 2626 quod
594 2585 857 2617 commendatarii
890 2595 948 2628 pro
982 2589 1127 2628 tempore
1161 2585 1225 2617 exi-

473 2638 592 2669 stentes
624 2635 747 2667 nullam
775 2634 806 2666 in
837 2634 1031 2666 monasteria
1057 2633 1133 2666 dicti
1167 2633 1225 2667 Or-

473 2682 556 2715 dinis
576 2682 634 2715 sihi
655 2683 877 2716 commendata
893 2688 922 2715 et
938 2693 1051 2716 eorum
1073 2693 1227 2716 monacos

1056 293 1235 318 BULLARIUM
1263 293 1415 318 ROMANUM

1267 346 1519 380 iurisdictionem
1541 351 1727 387 exerceant3
1749 357 1786 380 ac
1805 345 1899 380 etiam
1920 356 2017 390 super

1266 399 1518 443 privilegiorum,
1541 399 1742 444 aliarumque
1761 400 1937 443 gratiarum
1957 399 2017 444 ipsi

1266 453 1376 486 Ordini
1397 464 1623 487 concessarum
1652 453 1896 488 confirmatione
1915 480 1922 494 ,
1958 453 2017 487 sub

1266 513 1380 550 quarto
1401 514 1431 541 et
1451 514 1538 542 sexto
1558 508 1629 541 idus
1649 508 1766 549 martii,
1788 508 1899 552 quinto
1917 517 2017 541 nonas

1266 566 1294 593 et
1312 567 1426 603 quarto
1447 561 1519 594 idus
1535 561 1652 601 martii,
1666 561 1777 605 quinto
1793 566 1824 594 et
1843 566 1930 595 sexto
1946 560 2018 594 idus

1267 615 1391 655 martii,
1420 621 1508 649 sexto
1533 616 1624 648 annis
1644 615 1849 659 pontificatus
1869 614 1918 648 sui
1947 615 2018 647 data

1267 670 1453 712 respective,
1475 675 1740 714 etquoseumque
1760 669 1839 703 alios
1858 669 2019 702 Romanos

1266 723 1437 757 Pontifices
1465 724 1730 768 praedecessores
1749 728 1876 757 nostros
1904 733 1940 756 ac
1959 733 2019 756 nos

1267 783 1297 810 et
1317 777 1432 810 Sedem
1454 777 1651 821 praedictam
1667 778 1823 811 haetenus
1842 776 2019 821 quomodo-

1267 831 1345 863 libet
1365 841 1530 864 concessa.

1311 885 1325 928 g
1345 884 1375 918 9.
1398 884 1530 918 Necnon
1551 884 1770 918 ordinationes
1794 889 1825 917 et
1844 889 1961 917 statuta
1979 883 2019 917 ab

1267 938 1397 971 exordio
1418 937 1614 971 fundationis
1647 938 1791 971 eiusdem
1811 937 1938 970 Ordinis
1966 948 2019 970 us-

1266 1003 1329 1035 que
1350 991 1382 1024 in
1404 996 1607 1036 praesentem
1637 991 1721 1024 diem
1747 991 1779 1023 in
1804 991 1889 1024 dicto
1922 1001 2020 1034 gene-

1267 1044 1325 1077 rali
1346 1045 1488 1088 capitulo
1522 1044 1726 1078 concorditer
1749 1044 1852 1084 edita,
1870 1043 1966 1077 etiam
1995 1044 2020 1077 si

1267 1097 1299 1129 in
1321 1109 1380 1130 usu
1402 1109 1469 1131 esse
1485 1097 1650 1138 desierint,
1664 1097 1840 1131 dummodo
1855 1097 1938 1130 infra
1955 1097 2020 1140 lap-

1267 1162 1338 1184 sum
1373 1151 1528 1196 temporis
1562 1150 1841 1191 immemorabilis,
1876 1150 2021 1184 videlicet

2032 297 2081 324 An.
2103 296 2131 324 C.
2148 295 2215 325 ¹563

2084 891 2217 913 Confirmatio

2036 925 2160 944 statutorum
2194 929 2214 944 e·

2036 954 2117 975 iusdem
2125 953 2216 976 ominis.

1268 1210 1398 1238 centum
1416 1216 1590 1246 annorum,
1609 1205 1641 1237 in
1657 1204 1976 1238 desuetudinemnon
1985 1214 2020 1237 a·
2065 1201 2073 1205 ’

1267 1258 1401 1298 bierint3
1423 1270 1460 1292 ac
1481 1265 1660 1303 praeterea,
1690 1269 1788 1302 super
1807 1257 2020 1292 contributio-

1267 1312 1371 1353 nibus,
1393 1323 1451 1356 per
1466 1313 1575 1346 onmia
1596 1318 1626 1346 et
1651 1311 1776 1354 singula
1796 1311 1939 1345 eiusdem
1963 1310 2021 1345 Or-

1267 1366 1350 1398 dinis
1370 1367 1566 1400 monasteria
1586 1365 1693 1400 abbati
1713 1365 1856 1400 Cistercii
1890 1375 1947 1399 seu
1967 1375 2021 1398 ca-

1266 1419 1369 1463 pitulo
1389 1421 1532 1462 generali
1554 1419 1889 1464 praedictisfaciendis
1908 1424 1939 1453 et
1958 1418 2021 1452 sol-

1266 1472 1384 1513 vendis,
1406 1473 1449 1506 ita
1477 1473 1564 1516 quod
1586 1484 1708 1513 omnes,
1729 1472 1825 1506 etiarn
1855 1482 2021 1506 commen-

1266 1526 1391 1567 datarii,
1415 1527 1453 1560 ad
1466 1527 1594 1560 illarum
1615 1526 1821 1566 solutionem,
1844 1525 1938 1559 etiam
1963 1525 2022 1558 sub

1267 1580 1379 1613 similis
1395 1581 1740 1614 excommunicationis
1756 1581 1836 1614 latae
1846 1579 2021 1613 sententiae

1268 1645 1382 1677 poena,
1406 1641 1586 1675 teneantur,
1613 1640 1643 1668 et
1662 1635 1702 1668 ad
1717 1634 1758 1675 id,
1779 1634 1875 1668 etiam
1887 1633 2022 1678 quibus-

1267 1698 1408 1732 cumque
1439 1688 1634 1731 privilegiis,
1667 1688 1763 1721 etiam
1784 1688 1823 1721 ab
1850 1687 1919 1731 ipsa
1943 1687 2022 1721 Sede

1267 1741 1415 1782 obtentis,
1428 1753 1493 1774 non
1505 1741 1715 1782 obstantibus,
1728 1741 2020 1785 compellipossintz

1267 1806 1304 1827 ac
1325 1800 1421 1838 prout
1442 1795 1495 1828 illa
1512 1800 1714 1828 concernunt
1729 1795 1837 1828 omnia
1853 1800 1883 1827 et
1898 1794 2022 1838 singula

1267 1849 1328 1881 alia
1349 1848 1380 1881 in
1410 1849 1510 1882 literis
1530 1849 1715 1894 apostolicis
1733 1876 1740 1889 ,
1767 1849 1903 1891 aliisque
1923 1848 2022 1882 docu-

1268 1902 1384 1934 mentis
1400 1902 1540 1946 desuper
1560 1902 1714 1936 consectis
1735 1907 1884 1935 contenta
1905 1906 1936 1934 et
1951 1901 2024 1934 inde

1269 1961 1377 1988 secuta
1411 1966 1637 2000 quaecumque
1650 1982 1657 1995 ‚
1680 1955 1766 1988 licita
1786 1961 1893 1988 tamen
1914 1960 1946 1988 et
1964 1955 2024 1988 ho-

1269 2014 1358 2042 nesta
1373 2009 1494 2042 eisdem
1506 2008 1696 2042 auctoritate
1709 2014 1872 2049 ettenore,
1891 2019 1928 2042 ex
1938 2013 2024 2042 certa

1269 2062 1403 2095 scientia
1424 2063 1657 2096 confirmamus
1677 2068 1708 2096 et
1727 2062 1967 2107 approbamus,
1988 2073 2026 2095 ac

1269 2115 1330 2148 illis
1347 2121 1523 2160 perpetuae
1544 2122 1575 2149 et
1595 2115 1788 2148 inviolabilis
1803 2114 1962 2148 firmitatis
1976 2125 2026 2148 ro-

1268 2169 1331 2201 bur
1351 2169 1533 2209 adiicimus,
1553 2180 1731 2213 omnesque
1748 2175 1778 2202 et
1793 2168 2026 2213 singulosiuris

1269 2228 1299 2255 et
1319 2223 1392 2256 sacti
1413 2224 1570 2264 defectus,
1593 2224 1618 2257 si
1643 2223 1699 2268 qui
1720 2224 1828 2257 forsan
1848 2222 2024 2257 intervene-

1268 2276 1332 2308 rint
1351 2276 1383 2309 in
1404 2277 1537 2317 eisdem,
1557 2278 1757 2321 supplemus.

1312 2331 1401 2373 ἓἸΟ.
1424 2332 1467 2364 Ac
1494 2331 1611 2374 potiori
1638 2342 1697 2375 pro
1728 2331 1875 2372 cautela,
1911 2331 2022 2364 eadem

1268 2384 1377 2416 onmia
1397 2390 1425 2417 et
1448 2385 1575 2427 singula
1596 2384 1772 2428 privilegia,
1788 2383 2023 2428 praerogativas

1268 2443 1298 2469 et
1319 2438 1497 2478 facultates,
1526 2438 1762 2482 exemptiones,
1785 2438 2000 2481 indulgentias
2013 2465 2020 2479 ,

1269 2487 1534 2527 conseri-nimias,
1553 2487 1678 2520 indulta
1693 2493 1723 2520 et
1734 2487 1812 2519 alias
1831 2487 1949 2530 gratias
1964 2488 2023 2521 eis-

1269 2536 1341 2568 dem
1364 2537 1459 2569 modo
1481 2543 1511 2570 et
1532 2537 1645 2576 forma,
1663 2536 1781 2580 quibus
1791 2535 1913 2576 Ordini,
1936 2536 2021 2570 eius-

1268 2596 1331 2628 que
1352 2585 1531 2625 abbatibus,
1555 2585 1695 2628 capitulo
1715 2585 1856 2627 generali
1878 2591 1908 2619 et
1928 2597 2021 2630 supe-

1269 2633 1410 2666 rioribus
1430 2634 1579 2678 praefatis
1606 2645 1664 2678 per
1696 2634 1798 2667 dictos
1832 2634 2020 2678 praedeces-

1269 2693 1357 2716 sores
1377 2694 1528 2717 concessa
1548 2688 1634 2720 sunt,
1656 2682 1718 2716 illis
1734 2683 1772 2716 de
1793 2694 1886 2725 novo,
1908 2689 2020 2718 aueto-

2051 2342 2167 2365 Renovauo
2181 2349 2220 2366 ew-

2038 2377 2130 2398 rumdem
2149 2375 2220 2397 indul-

2038 2410 2115 2428 torum.
