2237 3100
21 279 70 310 Ᾱη.
87 281 116 308 C.
136 279 204 308 ¹570

73 977 205 999 Obstnnlium

23 1009 143 1035 derogatio.

893 275 961 299 PIUS
979 277 998 300 V
1023 275 1070 300 PP.

218 330 358 363 dictores
378 329 540 372 quoslibet
556 334 586 361 et.
607 329 743 362 rebelles
766 339 823 372 per
842 334 971 362 senten-

218 383 288 423 tias,
316 393 471 416 censuras
491 388 518 415 et
546 393 675 426 poenas,
696 388 760 414 tam
782 382 972 415 ecclesiasti-

218 447 270 470 cas
290 447 387 480 quam
409 436 623 480 pecuniarias,
647 436 774 479 aliaque
790 441 973 479 opportuna

216 490 297 523 iuris
335 489 500 530 remedia,
536 489 753 533 appellatione
774 490 971 532 postposita,

217 543 467 587 compescendo,
484 553 623 581 necnon,
645 542 796 585 legitimis
812 553 910 585 super
925 542 974 575 liis

217 596 377 629 habendis
410 596 541 629 servatis
562 595 779 639 processibus,
803 595 874 628 illos
901 606 973 628 sen-

219 650 344 688 tentias,
378 660 532 683 censuras
552 655 582 681 et
606 659 728 692 poenas
753 649 837 692 ipsas
863 648 974 682 incur-

218 703 297 736 risse
322 703 537 739 declarando;
571 713 698 735 necnon
733 702 828 735 etiam
854 702 975 734 iteratis

218 756 342 789 vicibus
367 756 595 799 aggravando,
633 755 779 789 invocato
816 755 911 788 etiam
937 755 974 788 ad

218 809 293 851 hoc,
320 809 346 842 si
367 819 449 852 opus
470 809 578 849 suerit,
607 809 726 842 auxilio
760 808 884 842 brachii
906 820 975 843 sae-

220 863 351 896 cularis.

264 917 279 960 §
303 916 335 950 8.
368 916 437 949 Non
458 916 659 949 obstantibus
693 915 794 959 priori
813 916 976 949 voluntate

219 975 329 1003 nostra
349 969 526 1013 praedicta3
545 980 581 1002 ac
602 970 825 1003 Lateranensis
847 969 976 1003 concilii

219 1023 390 1057 novissime
424 1023 597 1063 celebrati,
624 1022 761 1056 uniones
791 1029 974 1067 perpetuas,

220 1076 281 1110 nisi
314 1077 348 1110 in
380 1076 508 1110 casibus
534 1087 550 1109 a
583 1077 654 1109 iure
689 1077 871 1120 permissis,
908 1077 977 1110 fieri

222 1130 449 1174 prohibentis,
476 1140 605 1163 necnon
636 1130 828 1163 recolendae
853 1141 977 1164 memo-

221 1184 289 1217 riae
330 1184 485 1217 Bonisacii
520 1184 625 1227 Papae
658 1183 790 1223 octavi,
831 1183 979 1217 similiter

223 1237 482 1281 praedecessoris
502 1237 602 1270 nostri
622 1264 629 1277 ,
652 1237 747 1270 etiam
770 1237 822 1269 illa
848 1248 910 1280 qna
928 1249 979 1270 ca-

221 1295 324 1330 vetur,
347 1301 387 1323 ne
407 1291 480 1334 quis
507 1295 594 1324 extra
627 1301 717 1323 suam
741 1290 898 1324 civitaten]
930 1292 978 1324 vel

223 1343 407 1384 dioecesim,
428 1344 489 1377 nisi
509 1343 540 1376 in
561 1344 656 1377 certis
676 1343 815 1387 exceptis
836 1344 976 1384 casibus,

224 1401 255 1430 et
277 1396 311 1430 in
335 1397 399 1430 illis
436 1397 520 1430 ultra
558 1407 657 1429 unam
696 1396 832 1429 diaetam
872 1408 889 1430 a
915 1398 978 1430 sine

223 1461 301 1484 suae
325 1450 482 1484 dioecesis
501 1451 540 1483 ad
561 1450 718 1483 iudicium
739 1456 900 1491 evocetur,
921 1462 978 1484 seu

223 1514 263 1537 ne
291 1504 417 1537 iudices
445 1515 463 1537 a
498 1504 581 1537 dicta
606 1504 687 1537 Sede
722 1504 866 1548 deputati
892 1510 978 1538 extra

223 1556 382 1590 civitatem
406 1558 455 1591 vel
476 1557 664 1599 dioecesim,
688 1557 720 1590 in
741 1558 861 1601 quibus
881 1558 980 1601 depu-

224 1610 279 1643 tati
304 1610 443 1651 suerint,
470 1616 582 1644 contra
607 1620 832 1653 quoscumque
862 1622 978 1654 proce—

223 1663 313 1704 dere,
339 1669 393 1697 aut
418 1664 471 1697 alii
496 1665 544 1697 vel
565 1663 635 1697 aliis
668 1664 752 1697 vices
786 1675 859 1697 suas
890 1675 978 1698 com-

224 1716 351 1751 mittere
375 1723 595 1761 praesumant,
619 1718 704 1751 etde
727 1718 852 1750 duabus
868 1718 979 1750 diaetis

224 1769 256 1804 in
275 1771 412 1805 coneilio
433 1771 575 1814 generali
602 1771 706 1812 editis,
733 1771 910 1804 dummodo
929 1772 978 1803 ul-

226 1828 274 1856 tra
294 1829 358 1857 tres
390 1824 511 1857 diaetas
531 1823 661 1867 aliquis⁷
679 1824 869 1857 auctoritate
885 1835 978 1868 prae-

225 1877 378 1918 sentium,
407 1878 445 1910 ad
471 1877 628 1910 iudicium
650 1887 714 1910 non
749 1878 914 1918 trahatur,
942 1889 978 1910 ac

225 1930 295 1964 aliis
319 1931 485 1974 quibusvis
504 1931 689 1974 apostolicis
703 1942 843 1971 necnon,
858 1931 890 1963 in
902 1942 978 1975 pro-

224 1982 415 2017 vincialibus
440 1990 470 2017 et
491 1984 698 2028 synodalibus
719 1984 863 2017 conciliis
877 1984 978 2024 editis,

225 2037 432 2079 generalibus
467 2038 515 2070 vel
551 2037 746 2080 specialibus
775 2036 978 2070 constitutio-

227 2089 323 2123 nibus
357 2096 387 2124 et
425 2090 685 2124 ordinationibus
718 2091 915 2134 apostolicis3
942 2102 979 2124 ac

226 2142 383 2176 Ordinum
404 2150 435 2177 et
459 2144 649 2177 militiarum
686 2155 813 2177 necnon
840 2155 978 2177 conven-

227 2201 331 2237 tuum,
346 2196 555 2240 hospitalium
576 2197 781 2241 aliorumque
801 2197 979 2241 praedicto-

227 2259 299 2281 rum
319 2276 326 2289 ,
362 2250 457 2283 etiam
492 2251 697 2290 iuramento,
733 2250 979 2283 confirmatione

226 2304 403 2347 apostolica
422 2305 470 2338 vel
490 2305 601 2347 quavis
627 2304 775 2338 firmitate
801 2304 861 2337 alia
883 2304 978 2337 robo-

227 2357 314 2398 ratis,
337 2359 461 2391 statutis
477 2363 507 2391 et
526 2358 827 2395 eonsuetinlinibits3
851 2358 978 2401 privile-

227 2409 317 2453 legiis
337 2422 480 2454 quoque,
505 2411 637 2444 indultis
653 2416 684 2443 et
698 2411 813 2443 litteris
827 2411 979 2454 apostoli-

227 2458 283 2501 cis,
311 2460 431 2493 eisdem
464 2466 495 2493 ct
528 2460 693 2503 quibusvis
718 2460 787 2493 aliis
807 2459 980 2493 Ordinibus

226 2519 263 2542 ac
284 2509 417 2550 militiis,
440 2509 635 2552 illarun‘ique
662 2514 692 2541 et
726 2509 855 2541 illorum
882 2519 979 2551 gene-

227 2559 350 2592 ralibus
381 2559 550 2601 magistris,
571 2558 805 2601 superioribus,
832 2558 980 2602 praelatis

228 2613 259 2641 et
278 2608 347 2641 aliis
371 2608 530 2652 personis,
559 2608 655 2640 etiam
682 2608 828 2640 locorum
850 2606 980 2639 ordina-

229 2657 284 2692 riis
304 2663 335 2692 et
354 2658 425 2692 aliis
444 2657 610 2702 quibusvis
626 2683 634 2698 ‚
655 2656 893 2700 cuiuscumque
917 2661 981 2690 sta-

1014 333 1076 369 tus,
1099 327 1230 371 gradus,
1252 326 1385 367 ordinis,
1406 325 1610 366 conditionis,
1634 325 1769 368 dignita-

1015 382 1053 415 tis
1087 387 1118 415 et
1151 380 1414 424 proeeminentiae
1450 379 1671 418 existentibus,
1708 378 1768 411 sub

1015 435 1277 478 quilniscumque
1311 433 1477 467 tenoribus
1510 438 1541 465 et
1574 432 1704 472 formis,
1731 443 1768 465 ac

1016 499 1090 521 cum
1111 488 1286 532 quibusvis,
1305 488 1400 520 etiam
1419 486 1699 529 derogatoriarum
1716 485 1771 518 de-

1017 541 1185 583 rogatoriis
1205 541 1338 585 aliisque
1359 539 1595 574 efficacioribus
1613 544 1643 572 et
1663 538 1771 571 effica-

1017 594 1152 627 cissimis
1172 595 1336 635 clausulis,
1358 594 1626 637 irritantibusque
1647 597 1678 625 ct
1701 591 1770 624 aliis

1017 647 1165 687 decretis,
1185 649 1216 680 in
1236 659 1354 691 genere
1374 649 1421 681 vel
1443 647 1562 691 specie,
1590 657 1649 691 per
1674 656 1771 689 quos-

1018 712 1158 744 cumque
1185 701 1346 735 Romanos
1382 701 1553 734 Pontifices
1578 700 1770 744 praedeces-

1018 766 1106 788 sores
1126 760 1252 788 nostros
1272 766 1309 788 ac
1330 766 1388 788 nos
1410 759 1440 788 et
1460 754 1575 787 Sedem
1608 753 1770 797 Apostoli-

1018 819 1101 848 cam,
1112 808 1207 841 etiam
1217 813 1306 841 motu
1320 808 1414 841 simili
1427 819 1461 841 ac
1473 808 1512 840 ad
1523 807 1770 851 imperatorum,

1019 872 1143 904 legum,
1166 861 1287 894 dueum
1309 867 1339 894 et
1362 861 1501 894 aliorum
1523 860 1707 904 principum
1725 859 1772 892 in-

1019 914 1167 947 stantiam
1188 925 1224 948 ac
1245 914 1565 958 contemplationem,
1581 914 1677 947 etiam
1694 923 1772 946 con-

1019 968 1230 1008 sistorialiter,
1261 979 1299 1001 ac
1329 967 1362 1000 in
1397 968 1458 1000 vim
1495 972 1694 1006 contractus,
1717 976 1772 999 seu

1020 1021 1114 1054 etiam
1136 1032 1195 1065 pro
1216 1021 1278 1054 fide
1300 1021 1474 1054 christiana
1491 1021 1641 1053 adversus
1658 1020 1773 1053 infide—

1020 1075 1065 1107 les
1086 1074 1201 1108 aliosve
1236 1074 1322 1107 illius
1356 1075 1475 1113 hostes,
1502 1075 1549 1107 vel
1570 1074 1640 1107 aliis
1669 1083 1772 1117 quan-

1019 1128 1135 1161 tumvis
1155 1128 1227 1172 piis,
1250 1128 1407 1167 onerosi&
1430 1127 1621 1171 urgentibus
1641 1133 1696 1160 aut
1716 1137 1773 1160 ne-

1021 1182 1167 1215 cessariis
1188 1181 1292 1214 causis
1313 1181 1486 1219 concessis,
1501 1192 1538 1214 ac
1558 1181 1652 1214 etiam
1676 1182 1773 1214 itera-

1020 1235 1059 1268 tis
1078 1234 1201 1268 vicibus
1221 1235 1406 1279 approbatis
1426 1240 1457 1268 et
1470 1234 1636 1268 innovatis.
1651 1234 1774 1274 Quibus

1021 1288 1173 1321 omnibus
1194 1294 1221 1322 et
1244 1288 1390 1331 singulis,
1413 1287 1551 1327 etiamsi,
1567 1299 1627 1331 pro
1643 1288 1773 1322 illorum

1021 1342 1192 1375 sufficienti
1213 1341 1434 1385 derogatione,
1453 1341 1492 1374 de
1513 1341 1575 1374 illis
1595 1352 1774 1384 corumque

1022 1395 1094 1428 totis
1120 1395 1286 1429 tenoribus
1320 1394 1488 1439 specialis,
1524 1394 1693 1438 specifica,
1720 1405 1774 1427 ex—

1021 1459 1130 1492 pressa
1165 1454 1194 1482 et
1219 1449 1383 1482 individua
1408 1460 1444 1482 ac
1464 1449 1503 1482 de
1522 1449 1619 1481 verbo
1641 1448 1679 1481 ad
1703 1459 1774 1481 ver-

1021 1502 1112 1543 bum,
1134 1513 1199 1536 non
1220 1508 1327 1536 autem
1350 1513 1408 1546 per
1428 1502 1589 1536 clausulas
1608 1502 1775 1545 generales

1022 1556 1105 1589 idem
1131 1556 1364 1600 importantes,
1401 1556 1520 1589 mentio
1554 1565 1611 1589 seu
1645 1555 1775 1599 quaevis

1021 1609 1081 1642 alia
1103 1609 1259 1653 exquisita
1279 1610 1382 1643 forma
1403 1609 1442 1642 ad
1463 1610 1525 1642 boc
1544 1609 1698 1642 servanda
1727 1609 1774 1641 fo-

1022 1669 1081 1703 ret,
1108 1663 1239 1696 illorum
1274 1668 1422 1703 tenores,
1449 1662 1568 1695 formas
1592 1668 1623 1695 et
1647 1661 1775 1695 decreta

1021 1716 1053 1748 in
1070 1716 1115 1749 eis
1124 1716 1279 1760 apposita,
1296 1726 1333 1749 ac
1353 1716 1378 1748 si
1399 1715 1437 1748 de
1457 1715 1555 1748 verbo
1571 1715 1610 1748 ad
1625 1714 1773 1754 verbum,

1021 1768 1101 1802 nihil
1124 1769 1251 1812 penitus
1268 1769 1399 1808 omisso,
1418 1775 1449 1801 et
1468 1770 1570 1801 forma
1591 1768 1623 1801 in
1644 1767 1688 1801 eis
1712 1771 1776 1801 tra-

1021 1822 1086 1855 ‹lita
1106 1822 1272 1855 observata
1288 1849 1296 1862 ,
1319 1822 1429 1855 inserti
1464 1822 1569 1855 forent
1597 1821 1774 1864 praesenti-

1021 1876 1092 1916 bus,
1115 1887 1174 1919 pro
1195 1876 1394 1909 sufficienter
1423 1875 1581 1919 expressis
1605 1875 1773 1914 habentes,

1022 1929 1083 1962 illis
1099 1930 1176 1963 alias
1196 1930 1229 1962 in
1249 1940 1307 1962 sue
1324 1929 1441 1963 robore
1462 1928 1695 1973 permansuris,
1714 1928 1775 1960 bac

1021 1982 1087 2015 vice
1106 1983 1281 2023 dumtaxat,
1299 1983 1483 2027 specialiter
1499 1987 1529 2015 et
1542 1991 1689 2025 expresse
1705 1981 1773 2024 pari

1022 2041 1111 2069 motu
1132 2037 1338 2080 derogamus,
1361 2035 1530 2069 contrariis
1562 2035 1774 2079 quibuscum-

1021 2100 1096 2133 que;
1119 2096 1171 2122 aut
1206 2090 1232 2123 si
1270 2090 1445 2133 aliquibus,
1474 2088 1692 2122 communiter
1723 2087 1771 2120 vel

1021 2143 1158 2183 divisim,
1187 2143 1227 2176 ab
1266 2143 1377 2176 eadem
1413 2143 1453 2176 sit
1485 2142 1566 2176 Sede
1608 2141 1772 2174 indultum

1020 2197 1107 2240 quod
1129 2197 1289 2237 interdici,
1312 2196 1528 2241 suspendive]
1549 2193 1772 2228 exeommuni-

1021 2250 1086 2282 cari
1111 2260 1176 2283 non
1197 2250 1345 2293 possini;
1387 2261 1443 2283 seu
1481 2249 1507 2282 si
1527 2248 1637 2291 aliqui,
1675 2257 1774 2291 super

1022 2302 1260 2346 provisionibus
1271 2303 1332 2336 sibi
1353 2302 1507 2336 faciendis
1527 2302 1566 2335 de
1587 2301 1772 2334 huiusmodi

1020 2357 1067 2389 vel
1094 2356 1164 2389 aliis
1189 2357 1356 2390 benefieiis
1376 2355 1602 2390 ecclesiasticis
1642 2354 1674 2387 in
1711 2354 1774 2387 illis

1022 2410 1179 2453 partibus,
1207 2411 1362 2454 speciales
1390 2411 1437 2443 vel
1476 2409 1643 2452 generales
1669 2408 1773 2441 dictae

1022 2459 1111 2492 Sedis
1131 2460 1179 2492 vel
1200 2460 1379 2502 legatorum
1397 2458 1599 2492 eiuslitteras
1619 2457 1772 2502 impetra-

1022 2508 1097 2548 rint,
1124 2509 1247 2541 etiamsi
1279 2519 1337 2552 per
1371 2519 1424 2541 eas
1460 2507 1500 2540 ad
1533 2507 1772 2547 inhibitionem,

1022 2558 1270 2591 reservationem
1297 2562 1328 2590 et
1347 2557 1512 2590 decretum
1533 2556 1582 2589 vel
1602 2556 1680 2589 alias
1695 2567 1774 2600 quo-

1023 2607 1199 2640 modolibet
1232 2607 1272 2640 sit
1304 2615 1516 2650 processum,
1543 2616 1624 2649 quas
1643 2605 1774 2650 quidem

1022 2655 1148 2690 litteras
1173 2661 1204 2690 et
1224 2666 1395 2700 processus
1420 2654 1546 2689 habitos
1566 2665 1623 2699 per
1647 2653 1775 2688 easdem

1784 273 1832 299 Αη.
1851 271 1880 299 C.
1899 271 1968 299 ¹⁸70
