2237 3100
25 264 76 294 An.
92 263 122 292 C.
140 259 208 290 ¹562

32 1447 151 1469 net-turano
159 1447 216 1468 circa

32 1479 179 1505 exemptiones
189 1477 215 1499 ob

32 1515 141 1531 numerum
164 1510 216 1529 duo-

34 1541 101 1563 decim
118 1540 214 1562 fitiorum.

894 258 961 283 Plus
985 257 1015 282 1v
1039 256 1086 282 Pr.

222 315 353 360 quibus,
377 314 418 348 ob
437 324 613 348 numerum
629 313 801 348 duodecim
821 313 975 351 filiorum,

223 380 394 403 concessae
415 374 445 402 et
460 379 612 402 concessa
629 369 759 408 suerint,
769 374 797 401 et
807 377 976 411 quousque

223 413 395 457 duodecim
415 424 462 456 illi
483 424 670 467 superstites
695 424 727 455 in
748 422 914 455 communi
933 421 976 453 vi-

222 483 305 517 vent,
325 478 358 510 in
387 477 521 521 ipsaque
542 477 625 510 Urbe
647 487 720 509 cum
751 486 864 509 eorum
886 475 977 507 fami-

223 532 275 565 liis
295 531 450 564 continuo
471 531 597 573 degent,
617 536 645 563 et
658 541 717 574 pro
732 530 830 563 rebus
850 529 977 561 dumta-

222 590 286 626 xat,
308 596 388 629 quas
408 585 538 618 aliunde
548 585 694 628 (excepto
715 585 800 623 vino,
822 582 908 626 quod
922 592 979 625 pro

224 650 338 674 eorum
358 649 433 679 usu,
456 640 489 672 in
506 639 586 682 Ripa
606 639 710 672 almae
739 638 833 671 Urbis
852 642 979 669 nostrae

224 693 259 726 in
305 692 403 726 barca
437 692 583 725 existenti
634 690 915 735 comparaverint)
949 689 979 721 in

224 746 342 780 Urbem
377 746 506 790 ipsimet
534 757 592 779 suo
627 752 759 788 sumptu
780 743 913 778 convehi
935 744 980 775 sa-

226 800 312 833 cient
332 810 389 843 pro
411 810 469 832 suo
491 799 623 843 proprio
649 810 711 831 usu
731 804 855 831 tantum
874 824 880 837 ,
917 807 981 829 non

225 857 333 886 autem
355 863 414 896 pro
448 852 670 885 mercimoniis
704 857 734 884 et
754 851 825 884 aliis
857 850 979 889 rebus,

226 917 309 950 quae
338 907 377 939 ad
397 906 516 939 Urbem
536 933 542 946 ,
565 911 601 939 ut
628 905 820 944 vendantur,
851 915 909 947 per
929 915 983 937 eos

227 971 284 994 seu
304 971 363 1005 per
381 960 461 993 alios
482 960 714 999 convehentur,
746 969 802 992 seu
823 969 903 1001 quas
923 958 981 1001 ipsi

227 1015 320 1048 aliter
339 1025 437 1058 quam
459 1024 517 1058 pro
538 1025 599 1047 usu
633 1013 766 1056 proprio
791 1012 925 1045 convehi
955 1017 985 1044 et

227 1069 349 1112 portari
370 1068 499 1108 facient;
521 1068 554 1101 in
575 1067 690 1100 ceteris
710 1072 818 1100 autem
837 1059 936 1099 rebus
956 1070 986 1098 et

229 1132 287 1165 pro
308 1122 379 1155 aliis
399 1121 555 1165 personis,
568 1120 666 1153 nullis
677 1129 811 1164 prorsus
831 1119 982 1162 exceptis,

229 1176 449 1219 praesentium
470 1180 581 1208 tenore
607 1183 783 1213 cassamus,
807 1172 983 1212 irritamus,

229 1228 437 1262 annullamus
457 1233 487 1261 et
515 1237 715 1266 revocamus,
737 1237 775 1259 ac
796 1236 854 1268 pro
875 1226 984 1265 cassis,

228 1281 330 1315 irritis
349 1286 380 1314 et
399 1281 497 1314 nullis
511 1280 680 1319 habemus,
700 1278 880 1322 haberique
900 1279 988 1312 eteis

228 1334 416 1367 nullatenus
436 1333 606 1376 suffragari
626 1333 789 1366 volumus.

274 1388 289 1431 ξ
309 1386 340 1420 2.
363 1387 500 1431 Insuper
519 1397 618 1430 super
633 1396 670 1418 eo
691 1385 778 1429 quod
799 1396 850 1418 res
866 1384 988 1418 etbona

231 1440 386 1484 praefata,
419 1440 516 1473 etiam
536 1439 687 1472 victualia
702 1465 709 1479 ‚
732 1449 812 1481 quas
832 1444 863 1471 et
891 1449 986 1481 quae,

231 1494 452 1527 immunitates
471 1493 630 1537 praefatas
658 1492 825 1532 habentes,
848 1503 907 1536 pro
928 1503 989 1525 usu

231 1547 310 1581 velle
342 1552 373 1580 et
392 1557 460 1580 esse
491 1546 600 1579 dicent
618 1573 624 1586 ,
648 1545 785 1578 debeant
806 1545 876 1578 fieri
898 1555 989 1577 man-

232 1600 304 1634 data
324 1600 358 1633 in
378 1600 507 1644 scriptis
527 1599 708 1642 subscripta
728 1609 787 1642 per
816 1599 990 1642 patremfa-

234 1654 351 1694 milias,
374 1654 399 1687 si
420 1654 509 1693 vivet,
530 1658 597 1693 aut,
620 1653 676 1685 illo
693 1652 858 1693 defuncto,
879 1663 935 1695 per
955 1652 991 1684 il-

234 1708 301 1741 lum
323 1719 360 1741 ex
380 1708 457 1751 ipsis
477 1707 649 1739 duodecim
666 1706 753 1745 filiis,
773 1706 828 1749 qui
845 1706 905 1738 erit
922 1716 991 1738 ma-

234 1762 284 1794 ior
302 1766 392 1801 natu,
410 1766 465 1793 aut
481 1760 537 1804 qui
553 1760 670 1793 domus
685 1760 831 1802 regimen
848 1759 990 1798 habebit,

237 1816 333 1848 etiam
354 1825 429 1848 cum
450 1814 633 1847 iuramento
654 1814 794 1845 attestari
824 1824 886 1853 res,
910 1813 993 1846 bona

238 1874 269 1902 et
287 1869 438 1902 victualia
470 1867 659 1900 huiusmodi
689 1877 757 1899 esse
791 1877 850 1910 pro
880 1877 993 1899 eorum

237 1933 298 1955 usu
342 1922 474 1966 proprio
508 1927 539 1954 et
580 1921 619 1953 ad
662 1931 775 1953 eorum
810 1920 994 1953 instantiam

238 1976 378 2009 advecta.
402 1976 437 2008 Et
454 1975 541 2018 quod
558 1974 654 2007 etiam
671 1974 803 2013 fachini,
821 1978 996 2015 gestatores

238 2035 269 2062 et
287 2029 445 2069 barilarii,
468 2038 610 2071 quorum
632 2038 731 2072 opera
762 2027 794 2059 in
825 2027 888 2059 illis
908 2027 995 2060 defe-

239 2082 348 2116 rendis
367 2082 417 2115 usi
438 2081 578 2121 suerint,
601 2081 657 2113 fiat
680 2081 773 2113 solita
802 2080 881 2112 tides
914 2091 996 2123 quo-

240 2136 337 2169 modo
357 2146 420 2175 res,
442 2135 528 2167 bona
556 2140 587 2167 et
608 2134 760 2166 victualia
779 2134 933 2177 praefata,
964 2135 996 2167 in

241 2189 388 2233 ipsorum
399 2188 638 2221 immunitatem
657 2187 847 2220 habentium
863 2187 996 2220 domum

242 2243 346 2276 delata
367 2249 398 2276 et
417 2242 584 2275 recondita
603 2241 736 2282 suerint,
759 2240 837 2273 alias
858 2241 999 2274 [loliano-

242 2297 282 2330 rii
303 2307 369 2330 non
389 2297 526 2330 debeant
546 2295 767 2328 immunitates
787 2294 872 2338 ipsas
887 2295 999 2327 admit-

243 2357 322 2391 tere,
350 2351 405 2384 sed
426 2355 614 2383 consuetam
635 2349 672 2381 ab
703 2349 774 2381 aliis
795 2358 859 2380 non
880 2348 999 2381 immu-

244 2405 340 2438 nibus
356 2405 552 2438 solutionem
564 2404 701 2445 exigant.
714 2402 750 2435 Et
763 2402 999 2446 insuper-quod,

245 2454 270 2487 si
292 2454 457 2496 contingat
468 2453 610 2497 aliquem
623 2463 660 2485 ex
680 2452 757 2495 ipsis
769 2451 844 2483 filiis
853 2451 893 2483 ob
909 2462 1001 2494 prae-

245 2503 383 2536 laturam
405 2504 538 2536 sortasse
572 2501 733 2545 adeptam,
761 2500 808 2532 vel
839 2500 879 2532 ob
907 2500 1001 2532 aliani

246 2562 489 2595 quamcumque
505 2561 648 2589 causam,
662 2548 814 2593 propriae
831 2559 896 2581 suae
909 2549 1002 2581 sami-

246 2601 309 2634 liae
330 2607 360 2634 et
380 2602 440 2634 sibi
474 2600 716 2634 inservientium
750 2609 924 2632 numerum
945 2610 1003 2631 au-

247 2660 334 2693 gere,
356 2660 422 2683 non
442 2649 556 2683 debeat
575 2648 763 2682 immunitas
779 2648 921 2692 praefata
941 2648 1004 2681 suf-

1020 310 1136 353 fragari
1153 320 1212 354 pro
1231 319 1369 342 numero
1386 319 1614 353 personarum,
1631 314 1667 342 ut
1682 320 1776 353 prae-

1021 363 1133 404 fertur,
1157 375 1213 397 seu
1230 364 1309 396 alias
1329 362 1574 407 quomodolibet
1593 374 1778 396 accrescen-

1022 419 1113 459 tium,
1138 418 1191 451 sed
1204 418 1408 461 suffragetur,
1421 417 1674 460 admittaturque
1686 417 1778 450 dum-

1022 478 1103 505 taxat
1124 483 1182 516 pro
1203 482 1340 505 numero
1361 477 1390 504 et
1416 471 1524 504 habita
1544 471 1671 504 ratione
1704 482 1778 515 per-

1022 537 1195 566 sonarum,
1227 537 1310 570 quae
1345 531 1437 559 erant
1462 531 1607 569 tempore
1628 526 1779 569 impetra-

1023 586 1071 612 tae
1089 580 1314 613 immunitatis.
1338 580 1375 613 Et
1395 580 1419 612 si
1451 579 1511 623 ipsi
1533 579 1702 613 dohanerii
1724 579 1779 612 ali-

1023 640 1072 667 ter
1105 645 1203 677 quam
1224 640 1260 667 ut
1280 633 1462 677 praefertur
1482 633 1704 666 immunitates
1729 633 1780 677 ip-

1023 698 1072 719 sas
1092 687 1285 730 receperint,
1309 697 1367 731 pro
1393 687 1456 720 illis
1481 686 1725 730 quantitatibus,
1748 686 1781 719 in

1024 741 1143 783 quibus
1164 741 1340 783 praemissa
1361 740 1515 774 excedent
1534 746 1564 774 et
1585 751 1649 774 non
1670 741 1780 774 obser-

1024 794 1153 833 vabunt,
1174 793 1308 826 Camera
1328 805 1393 827 non
1426 799 1575 827 teneatur
1600 794 1646 827 eis
1676 794 1781 828 facere

1025 849 1166 892 aliquam
1188 850 1423 882 remissionem.

1070 904 1084 946 ἓ
1108 903 1139 936 3.
1168 904 1205 936 Et
1225 904 1270 937 sic
1292 915 1349 946 per
1382 904 1468 946 ipsos
1501 905 1719 938 camerarium
1753 910 1783 938 et

1026 958 1162 991 clericos
1181 958 1334 991 Gamerae
1355 964 1382 991 et
1400 958 1479 991 alios
1494 969 1719 1002 quoscumque
1735 959 1784 992 iu-

1027 1011 1125 1051 dices,
1148 1012 1244 1044 etiam
1266 1011 1296 1045 S.
1325 1011 1361 1044 R.
1376 1012 1411 1044 E.
1436 1012 1627 1052 cardinales,
1651 1012 1682 1045 in
1703 1024 1783 1056 qua-

1028 1074 1169 1107 cumque
1190 1064 1339 1097 instantia
1359 1090 1366 1104 ,
1388 1064 1512 1097 sublata
1532 1068 1605 1104 etc„
1632 1065 1783 1106 iudicari;

1028 1118 1224 1160 irritumque
1255 1122 1312 1151 etc.
1337 1117 1496 1162 quidquid
1526 1127 1618 1151 secus
1638 1122 1695 1151 etc.
1732 1118 1786 1152 de-

1029 1171 1205 1204 cernimus.

1073 1223 1088 1266 g
1107 1223 1138 1256 4.
1171 1223 1356 1256 Mandantes
1376 1224 1567 1264 camerario,
1590 1223 1786 1268 praesidenti

1030 1282 1061 1309 et
1081 1277 1207 1310 clericis
1228 1277 1380 1321 praefatis
1400 1283 1435 1310 ut
1451 1278 1699 1319 revocationem,
1720 1289 1787 1311 cas-

1031 1330 1200 1370 sationem,
1237 1330 1451 1363 irritationem
1472 1335 1503 1363 et
1531 1330 1786 1364 annullationem

1031 1393 1067 1415 ac
1087 1383 1254 1416 decretum
1275 1389 1422 1417 nostrum
1443 1383 1644 1425 huiusmodi,
1667 1384 1788 1417 omnia-

1031 1447 1094 1480 que
1124 1442 1154 1469 et
1173 1437 1299 1479 singula
1320 1436 1382 1469 alia
1404 1437 1589 1480 praemissa,
1610 1437 1669 1470 sub
1703 1437 1787 1470 indi-

1032 1491 1193 1532 gnationis
1226 1496 1353 1524 nostrae
1375 1501 1491 1534 poena,
1510 1491 1679 1524 observent
1699 1496 1729 1525 et
1749 1491 1788 1524 ab

1033 1543 1103 1576 aliis
1135 1543 1364 1577 inviolabiliter
1397 1544 1559 1577 observari
1579 1544 1733 1577 mandent
1759 1550 1789 1577 et

1034 1597 1161 1630 faciant.

1078 1651 1092 1693 ἓ
1113 1651 1143 1685 5.
1167 1651 1236 1684 Non
1257 1651 1459 1684 obstantibus
1488 1652 1687 1695 praemissis,
1710 1662 1788 1685 con-

1035 1704 1256 1738 stitutionibus
1271 1711 1299 1738 et
1317 1705 1576 1738 ordinationibus
1591 1706 1788 1749 apostolicis,

1035 1759 1222 1802 privilegiis,
1236 1759 1370 1792 indultis
1380 1760 1681 1793 etimmunitatibus
1697 1771 1790 1803 prae-

1036 1812 1141 1851 dictis,
1164 1817 1229 1844 tam
1254 1812 1314 1844 sub
1334 1812 1469 1855 plumbo
1489 1823 1587 1856 quam
1609 1823 1667 1856 per
1681 1813 1789 1853 breve,

1036 1872 1091 1898 aut
1111 1865 1188 1899 alias
1209 1866 1384 1906 hactenus,
1419 1872 1455 1899 ut
1483 1866 1685 1910 praefertur,
1717 1877 1792 1900 con-

1037 1919 1146 1960 cessis,
1169 1925 1200 1953 et
1219 1920 1253 1952 in
1267 1919 1425 1960 futurum,
1446 1920 1542 1953 etiam
1554 1931 1628 1953 cum
1641 1931 1792 1964 praesen-

1037 1973 1076 2005 tis
1092 1983 1241 2016 expressa
1260 1973 1481 2016 derogatione,
1496 1974 1591 2006 etiam
1608 1979 1698 2006 motu
1715 1984 1792 2018 pro-

1039 2026 1110 2070 prio
1121 2031 1151 2059 et
1167 2037 1265 2058 manu
1273 2032 1382 2059 nostra
1398 2027 1543 2071 propria,
1562 2027 1790 2067 concedendis,

1039 2078 1098 2111 sub
1118 2079 1382 2123 quibuscumque
1414 2079 1588 2112 verborum
1614 2080 1793 2122 expressio-

1040 2132 1135 2165 nibus
1153 2138 1183 2165 et
1202 2132 1375 2171 clausulis,
1398 2133 1494 2165 etiam
1516 2132 1794 2175 derogatoriarum

1040 2185 1267 2228 derogatoriis,
1304 2185 1505 2219 irritantibus
1538 2191 1566 2218 et
1592 2186 1663 2218 aliis
1691 2197 1794 2229 quan-

1042 2244 1253 2282 tumcumque
1275 2239 1456 2272 fortissimis
1485 2239 1622 2272 decretis
1638 2265 1645 2279 ,
1671 2239 1795 2272 etiamsi

1042 2293 1079 2325 de
1105 2293 1180 2333 illis,
1216 2304 1274 2337 pro
1295 2293 1427 2326 illorum
1462 2292 1633 2326 sufficienti
1661 2292 1796 2335 deroga-

1042 2347 1140 2387 tione,
1172 2352 1258 2380 certa
1279 2353 1308 2379 et
1337 2357 1486 2390 expressa
1498 2347 1610 2378 ‘forma
1630 2350 1660 2379 et
1680 2346 1796 2379 indivi-

1043 2401 1106 2434 dua
1126 2412 1163 2434 ac
1183 2401 1221 2433 de
1242 2401 1337 2433 verbo
1359 2400 1397 2432 ad
1414 2400 1546 2432 verbum
1564 2399 1726 2442 expressio
1742 2410 1797 2432 seu

1044 2450 1175 2483 insertio
1197 2451 1342 2483 facienda
1363 2455 1456 2489 esset,
1490 2449 1621 2481 illorum
1651 2449 1797 2481 omnium

1044 2505 1172 2533 tenores
1189 2505 1245 2533 etc.
1269 2510 1327 2543 pro
1349 2498 1506 2542 expressis
1525 2503 1596 2538 etc„
1620 2499 1799 2541 ceterisque

1046 2549 1077 2581 in
1094 2549 1293 2581 contrarium
1311 2548 1502 2580 facientibus
1522 2547 1796 2591 quibuscumque.

1089 2597 1154 2640 36.
1183 2597 1362 2630 Praesentis
1395 2602 1502 2630 autem
1533 2597 1665 2630 cedulae
1698 2597 1799 2629 solam

1046 2647 1257 2691 signaturam,
1274 2647 1386 2691 regula
1401 2647 1636 2681 contrarianon
1644 2646 1800 2686 obstante,

1791 257 1838 282 An.
1857 253 1886 281 C.
1909 253 1975 281 ¹562

1812 918 1922 940 neci-etum
1951 920 1982 941 tr·-

1797 946 1870 968 runnu.

1845 1237 1985 1260 Executorum

1801 1269 1917 1296 deputatio.

1830 1668 1940 1692 ctausutu
1951 1668 1990 1689 de-

1805 1703 1932 1727 rogatorias.

1828 2616 1876 2636 Sota
1893 2614 2000 2640 signatura

1815 2647 1903 2668 uutssciut
1916 2661 1921 2672 ‚
1937 2648 2000 2666 nuta-
