2237 3100
78 288 128 315 An.
146 286 175 314 C.
195 287 258 315 ¹561

103 343 263 366 offra-inesse-

78 375 261 397 tusEcclesiasttci

78 408 177 429 obediant
203 411 262 426 nian-

79 439 131 459 tlatis
142 436 260 458 camerarii.

94 2006 206 2028 Decretum
222 2008 251 2028 ir-

67 2039 140 2059 ritanS.

93 2273 202 2294 clausulae
218 2274 251 2294 de*

67 2307 192 2332 rogatoriae.

954 282 1021 307 PIUS
1041 281 1072 306 iv
1089 280 1138 305 ΡΙ).
1713 268 1772 303 101
1839 276 1888 304 An,
1905 277 1934 304 c.
1954 277 2019 305 ¹56¹

279 338 371 372 Statu·
397 342 506 371 nostro
533 337 759 371 Ecclesiastico
796 348 832 371 ac
866 337 1030 381 quibusvis

278 391 347 425 aliis
363 392 454 432 locis,
472 391 564 425 nobis
580 398 607 425 et
625 392 727 425 dictae
740 392 813 425 Sodi
834 393 970 425 mediate
982 394 1028 426 vel

278 446 459 479 immediate
480 446 936 490 subiectis,gubernatorilms,
960 448 1028 480 tlic-

276 499 446 541 saurariis,
473 511 509 533 ac
530 500 693 544 quibusvis
716 500 786 533 aliis
806 501 929 544 regnis,
953 513 1028 545 pro-

275 553 386 587 vinciis
397 560 425 587 et
443 553 606 595 dominiis⁷
619 554 740 587 iurium
761 554 904 587 eiusdem
916 554 1028 588 Came-

277 618 329 641 rae
355 607 599 656 collectoribus,
626 608 932 649 subcollectoribus,
956 619 1028 641 exa-

276 661 430 702 ctoribus,
453 661 693 702 commissariis,
716 661 1029 695 administratorilms

275 720 306 748 et
335 714 543 756 officialibus,
580 714 775 759 illorumque
802 714 956 748 ministris
992 726 1028 748 ac

275 768 440 812 quibusvis
460 768 530 801 aliis
549 768 708 813 personis,
723 769 754 801 in
764 768 879 801 virtute
901 774 1027 802 sanctae

276 822 488 863 obedientiae,
507 828 533 856 et
552 823 753 856 submaioris
773 823 1028 856 excommunica-

276 877 371 910 tionis
390 877 471 910 latae
488 877 675 917 sentcntiae,
688 877 814 921 eoipso,
826 878 946 921 absque
966 877 1027 910 alia

275 931 491 964 declaratione
502 931 854 972 incurrendis,necnon
874 941 1028 974 quorum-

276 996 415 1028 cumque
425 985 609 1025 seudorum,
625 984 857 1018 beneficiorum
874 990 904 1017 et
924 984 1026 1018 bono-

275 1049 347 1071 rum
369 1038 553 1082 privationis
573 1050 610 1072 ac
626 1037 834 1070 inhabilitatis
862 1038 901 1070 ad
922 1037 977 1071 illa
997 1043 1027 1071 et

274 1092 336 1124 alia
361 1091 393 1124 in
418 1097 582 1136 posterum
603 1090 793 1131 obtinenda,
825 1102 861 1123 ac
885 1091 1024 1125 duorum

275 1145 413 1178 millium
424 1145 613 1178 ducatorum
625 1143 697 1176 auri
707 1143 745 1176 de
762 1143 907 1185 Camera,
921 1145 1024 1178 eidem

273 1199 426 1232 Gamerae
454 1197 732 1241 applicandorum,
760 1202 791 1230 et
819 1198 889 1230 aliis
919 1199 1023 1232 eidem

272 1252 430 1285 Vitellotio
442 1250 595 1284 cardinali
616 1256 646 1283 et
667 1251 846 1284 camerario
867 1252 1025 1285 benevisis

273 1305 395 1349 poenis,
412 1309 570 1348 quatenus
580 1304 738 1337 mandatis
750 1310 780 1337 et
793 1305 1025 1339 monitionibus

272 1359 385 1392 Vitellii
397 1358 567 1391 cardinalis
578 1363 609 1392 et
619 1358 788 1391 camerarii
798 1358 829 1391 in
842 1359 1026 1402 praemissis

271 1418 404 1456 pareant
423 1417 453 1445 et
472 1412 634 1452 obediant,
649 1411 760 1456 illique
777 1423 813 1445 ac
832 1412 935 1447 dictae
951 1425 1025 1447 con-

269 1465 459 1508 gregationi,
478 1465 676 1509 quantumin
689 1465 734 1498 eis
746 1465 852 1503 fuerit,
865 1466 1022 1507 assistan13

270 1530 307 1552 ac
326 1518 508 1552 inhibentes
531 1519 681 1563 praefatis
702 1519 864 1553 iudicibus
884 1532 942 1561 ne,
965 1522 1024 1554 sub

270 1572 428 1605 similibus
447 1572 560 1617 poenis
580 1584 616 1606 ex
641 1584 745 1613 nunc,
773 1579 865 1616 prout
890 1586 925 1607 ex
947 1580 1023 1608 tunc

269 1632 460 1667 etecontra,
484 1633 652 1671 postquam
679 1628 746 1671 ipsc
760 1627 926 1661 Vitellius!
951 1640 1022 1662 car-

268 1680 382 1714 dinalis
411 1692 539 1713 causam
555 1708 562 1720 ,
593 1692 702 1714 coram
729 1681 773 1713 cis
795 1692 852 1724 pro
879 1686 1023 1725 tempore

269 1734 475 1778 pendentem,
489 1734 527 1767 ad
540 1745 585 1774 se,
598 1734 706 1777 vigore
727 1735 905 1778 praesentis
917 1740 1024 1768 motus

269 1787 402 1832 proprii,
416 1788 628 1828 advocaverit,
643 1788 826 1821 ulteriusad
836 1789 1023 1832 quorumvis

267 1837 451 1870 instantiam
481 1838 657 1882 procedere
684 1838 819 1870 debeant
846 1837 908 1870 sive
929 1849 1022 1881 prae-

266 1892 407 1919 sumant.

310 1936 324 1979 §5
345 1936 376 1970 8.
399 1936 613 1969 Decernentes
634 1936 789 1979 quicquid
810 1935 950 1979 desuper
967 1947 1023 1978 per

266 1995 320 2018 eos
337 1996 392 2018 seu
409 1996 634 2029 quoscumque
654 1985 743 2022 alios,
757 1990 787 2017 et
803 1985 834 2017 S.
853 1985 889 2017 R.
905 1985 939 2017 E.
955 1996 1023 2017 car-

267 2034 400 2074 dinales,
445 2040 499 2067 aut
524 2035 667 2068 eiusdem
700 2034 811 2067 Palatii
847 2034 1021 2075 auditores,

267 2083 405 2117 scienter
419 2084 467 2116 vel
484 2084 680 2126 ignoranter,
694 2088 939 2127 praesumptum
956 2084 1022 2117 sue-

267 2132 319 2172 rit,
338 2131 464 2165 irritum
486 2138 514 2165 ct
536 2133 641 2166 inane.

311 2182 325 2223 ξ
345 2181 375 2213 9.
403 2181 472 2214 Non
494 2181 693 2215 obstantibus
718 2181 882 2225 quibusvis
902 2181 1020 2214 consti-

267 2230 446 2263 tutionibus
470 2236 500 2263 ct
532 2231 789 2264 ordinationibus
817 2231 1019 2274 apostolicis,

266 2289 303 2311 ac
321 2279 512 2323 privilegiis,
536 2279 752 2319 facultatibus,
777 2279 919 2320 indultis,
943 2291 1020 2313 con-

266 2329 477 2369 cessionibus,
501 2329 741 2369 donationibus,
765 2329 1019 2362 confirmationi-

265 2379 337 2419 bus,
361 2379 629 2423 exemptionibus,
651 2378 907 2412 absolutionibus
927 2384 958 2411 et
981 2379 1020 2411 li-

266 2428 341 2461 teris
355 2428 540 2472 apostolicis
560 2428 679 2461 eisdem
702 2427 838 2468 nunciis,
859 2428 1020 2471 guberna-

266 2477 391 2510 toribus
407 2505 414 2518 ,
441 2477 755 2510 administratoribus
770 2504 777 2517 ,
810 2478 1017 2519 officialibus,

266 2526 432 2567 ministris,
443 2526 739 2563 communitatibus,
749 2526 1018 2567 universitatibus,

265 2575 409 2618 collegiis
433 2581 463 2609 et
487 2576 557 2609 aliis
577 2576 723 2620 personis
747 2576 934 2619 praedictis,
963 2588 1020 2621 per

265 2636 488 2669 quoscumque
510 2626 670 2659 Romanos
694 2625 864 2659 Pontifices
884 2627 1018 2670 praede-

303 2689 314 2714 1
334 2689 486 2716 Viteltotius
506 2688 547 2716 hic
563 2694 590 2717 et
610 2689 698 2725 paullo
714 2688 896 2717 anteClierub.
917 2690 954 2725 (u.
967 2689 1016 2725 T.).

1072 344 1214 368 cessores
1234 338 1360 367 nostros
1386 344 1423 367 ac
1452 333 1559 366 forsan
1579 341 1638 365 nos
1658 337 1688 366 et
1710 332 1823 365 Sedem

1072 400 1107 422 ac
1117 388 1283 422 Camcram
1293 388 1481 432 praedictas,
1494 387 1553 420 sub
1563 387 1824 431 quibuscumque

1072 443 1238 476 tenoribus
1250 448 1280 476 et
1292 442 1414 482 formis,
1428 453 1465 475 ac
1478 453 1552 475 cum
1564 440 1728 486 quibusvis
1738 442 1825 474 clau-

1073 496 1151 529 sulis
1178 501 1208 529 et
1227 497 1384 537 decretis,
1408 502 1438 529 ct,
1454 501 1544 529 motu
1575 501 1605 528 ct
1631 494 1762 528 scientia
1782 494 1824 527 si-

1072 551 1202 584 milibus
1228 557 1255 584 et
1278 551 1355 584 alias
1375 549 1619 594 quomodolibet
1641 549 1672 582 in
1696 555 1824 582 contra-

1072 604 1154 638 rium
1172 605 1423 649 praemissorum
1437 603 1607 638 concessis.
1626 603 1748 643 Quibus
1760 615 1825 637 om-

1072 657 1178 699 nibus,
1199 659 1329 691 illorum
1347 664 1474 692 tenores
1495 663 1552 691 etc.
1576 668 1634 701 pro
1664 658 1825 691 sufficien-

1071 716 1119 744 ter
1144 713 1300 755 expressis
1324 713 1490 754 habentes,
1519 717 1609 745 motu
1625 711 1732 753 simili,
1751 723 1824 756 spc-

1071 764 1193 798 cialitcr
1222 772 1249 798 ct
1284 778 1431 810 expresse
1461 767 1673 809 derogamus,
1705 765 1824 809 illaque

1070 829 1443 859 revocanms,cassamus
1463 825 1490 853 et
1513 820 1732 861 annullamus,
1750 819 1823 852 irri-

1070 876 1164 915 taque
1195 873 1416 915 decernimus,
1449 873 1628 917 ceterisque
1656 872 1825 906 contrariis

1070 925 1342 970 quibuscunupie.
1384 927 1420 959 Et.
1449 933 1483 960 ut
1509 927 1633 960 facilius
1654 933 1684 960 et
1709 928 1824 961 melius

1070 990 1151 1023 quae
1169 991 1227 1023 per
1247 980 1397 1013 eumdem
1418 981 1614 1014 Vitellotium
1627 982 1823 1015 cardinalem

1069 1038 1099 1066 et
1123 1033 1337 1067 camerarium
1354 1045 1390 1067 ac
1406 1034 1523 1067 [litietam
1541 1036 1822 1079 congregationem

1069 1087 1197 1119 decreta
1218 1093 1244 1119 ct
1268 1087 1414 1121 ordinata
1435 1088 1551 1121 fuerint
1576 1089 1755 1122 executioni
1772 1090 1824 1123 dc-

1069 1141 1214 1173 mandari
1239 1141 1363 1186 possint
1383 1147 1413 1174 et
1431 1142 1573 1182 valeant,
1600 1143 1722 1176 Donato
1746 1144 1823 1177 Mat-

1068 1194 1151 1227 thteo
1172 1195 1278 1228 illinali
1308 1196 1492 1240 praedicto,
1521 1197 1687 1237 moderno,
1713 1203 1744 1230 et
1763 1209 1822 1242 pro

1069 1253 1213 1292 tempore
1230 1249 1374 1282 existenti
1388 1250 1588 1284 thesaurario
1602 1256 1712 1285 nostro
1728 1263 1823 1295 gene-

1068 1302 1139 1341 rali,
1163 1302 1396 1336 committimus
1412 1308 1440 1337 et
1462 1304 1653 1338 mandamus
1671 1310 1705 1338 ut
1729 1317 1822 1349 quas-

1068 1366 1207 1399 cumque
1228 1358 1400 1400 pecunias,
1423 1369 1482 1400 pro
1507 1358 1690 1402 praemissis
1710 1369 1821 1393 neces-

1067 1409 1168 1442 sarias
1188 1416 1218 1443 ct
1238 1416 1455 1455 opportunas,
1480 1411 1518 1445 de
1544 1412 1693 1446 mandato
1713 1418 1820 1447 tamen

1067 1463 1210 1497 eiusdem
1234 1464 1381 1499 l'itellotii
1403 1465 1573 1498 cardinalis
1596 1471 1627 1498 et
1653 1467 1820 1500 camerarii

1068 1517 1245 1558 solvendas,
1268 1519 1417 1552 exburset
1434 1525 1464 1552 et
1479 1520 1656 1562 persolvat,
1679 1531 1716 1553 ac
1747 1532 1820 1564 per-

1067 1571 1144 1603 solvi
1165 1572 1258 1604 t'aciat
1279 1584 1352 1605 eum
1371 1573 1499 1605 effectu.
1523 1573 1606 1613 Quas
1621 1573 1751 1616 quidem
1768 1585 1822 1619 pe-

1067 1625 1178 1657 cunias
1205 1626 1249 1659 sic
1277 1637 1335 1670 pro
1363 1631 1507 1670 tempore
1536 1627 1674 1667 solutas,
1704 1638 1762 1660 nos
1791 1628 1821 1661 in

1067 1679 1227 1722 computis
1248 1680 1314 1712 suis
1333 1681 1434 1713 bonas
1451 1681 1606 1713 faciemus
1618 1681 1820 1725 etapproba-

1066 1732 1192 1773 bimus,
1215 1733 1349 1777 perinde
1374 1745 1411 1766 ac
1436 1734 1460 1766 si
1482 1734 1520 1767 de
1541 1735 1690 1768 mandato
1710 1742 1820 1769 nostro

1067 1787 1188 1819 solutae
1220 1787 1368 1829 fuissent,
1400 1794 1494 1831 prout
1531 1799 1588 1832 per
1617 1794 1820 1832 praesentem

1066 1845 1189 1873 motum
1211 1841 1381 1885 proprium
1397 1841 1618 1886 approbamus
1637 1848 1667 1876 et
1687 1853 1746 1887 pro
1767 1854 1821 1887 ap-

1065 1894 1207 1937 probatis
1226 1895 1395 1928 habemus.

1109 1950 1123 1989 ,ξ
1148 1948 1197 1981 10.
1224 1948 1287 1982 Nos
1307 1949 1393 1982 enim
1410 1948 1515 1982 eidem
1535 1949 1694 1983 Vitellotio
1713 1951 1818 1983 cardi-
1861 1963 1956 1984 Facultas
1982 1969 2018 1984 cn-

1066 2001 1129 2033 nali
1150 2007 1177 2034 ct
1200 2003 1614 2047 camerarioquoscumque
1635 2004 1819 2037 commissa·
1833 1996 2019 2048 {ffissffloffiffffiss

1065 2054 1142 2095 rios,
1165 2056 1319 2095 notarios,
1338 2057 1540 2097 secretarios,
1557 2057 1723 2097 officiales,
1746 2069 1818 2090 cur·
1833 2059 2019 2110 ¹¹⁵⁴it=¹e‚*‹·0ngre-

1065 2119 1165 2149 sores,
1191 2110 1402 2153 computistas
1422 2121 1477 2143 seu
1495 2111 1720 2152 calculatores,
1743 2123 1818 2145 cum
1832 2096 1929 2116 gamm

1064 2162 1180 2195 salario
1197 2168 1227 2195 ct
1246 2164 1427 2207 provisione
1445 2164 1502 2196 sibi
1524 2163 1684 2205 benevisa,
1702 2170 1766 2197 tam
1788 2165 1818 2197 in

1064 2217 1148 2249 alma
1172 2217 1253 2249 Urbe
1274 2223 1382 2250 nostra
1399 2229 1496 2262 quam
1514 2217 1635 2261 ubique
1661 2219 1819 2259 locorum,

1064 2281 1139 2304 cum
1160 2271 1255 2304 simili
1265 2277 1315 2304 aut
1341 2271 1473 2304 limitata
1494 2277 1660 2315 potestate,
1679 2273 1820 2313 creandi,

1064 2324 1278 2358 constituendi
1305 2330 1334 2357 ct.
1360 2325 1554 2369 deputandi,
1583 2326 1637 2369 qui
1663 2336 1700 2359 ex
1726 2332 1817 2366 tunc,

1063 2384 1160 2423 prout
1180 2390 1216 2412 ex
1237 2390 1274 2412 ca
1294 2379 1344 2412 die
1361 2384 1389 2412 et
1406 2390 1422 2412 c
1440 2385 1569 2419 contra,
1593 2385 1763 2424 postquam
1780 2381 1819 2414 ab

1063 2434 1174 2466 eodem
1203 2433 1362 2467 Vitellotio
1393 2433 1548 2466 cardinali
1579 2440 1609 2467 et
1639 2435 1818 2468 camerario

1063 2483 1179 2524 creati,
1209 2482 1371 2516 constituti
1399 2488 1430 2516 ct
1458 2483 1601 2527 deputati
1630 2485 1769 2525 suerint,
1800 2496 1817 2517 a

1063 2532 1155 2566 nobis
1180 2533 1297 2573 creati,
1327 2533 1469 2576 deputati
1498 2538 1529 2566 et
1560 2534 1723 2567 constituti
1749 2545 1816 2568 esse

1063 2587 1266 2622 censeantur,
1296 2583 1425 2625 plenam
1442 2588 1470 2614 ct
1492 2582 1629 2616 liberam
1654 2582 1815 2617 licentiam

1062 2635 1092 2663 et
1108 2631 1291 2664 facultatem
1317 2631 1525 2664 concedimus
1546 2637 1576 2664 et
1596 2631 1811 2675 impartimur.

1106 2680 1121 2723 ξ
1141 2680 1193 2713 ll.
1222 2680 1377 2714 Volumus
1396 2686 1504 2714 autem
1524 2681 1612 2725 quod
1637 2681 1814 2725 praesentis
