2237 3100
87 298 136 326 An.
154 297 184 325 C.
202 297 266 325 ¹561

121 1427 202 1454 Easque
231 1431 265 1447 ex—

81 1458 156 1484 tendit,
171 1460 194 1479 ut
208 1457 249 1483 Μῦς

952 290 1020 314 Plus
1044 290 1074 314 lV
1098 291 1144 315 PP.

284 346 514 386 irritationum,
534 344 792 378 annullationum
818 345 1035 385 decretorum,

285 400 565 440 confiscationum,
592 399 904 443 incorporationum,
932 398 1036 442 appli-

283 454 465 494 cationum,
487 454 706 493 voluntatum,
728 452 968 493 hortationum,
988 464 1038 486 re-

282 508 494 553 quisitionum
519 512 547 541 et
570 508 808 547 mandatorum,
835 517 871 539 ac
887 506 1037 540 omnibus

284 567 314 596 et
333 562 468 605 singulis
487 561 558 594 aliis
583 561 615 594 in
627 562 672 595 eis
692 560 866 605 respective
879 560 1035 593 contentis

283 615 436 649 clausulis
453 642 460 656 ‚
494 615 685 649 auctoritate
710 614 902 658 apostolica,
923 619 1035 647 tenore

281 669 513 714 praesentium,
539 669 757 713 approbamus
778 673 808 702 et
831 667 1032 708 innovamus,

281 734 318 756 ac
334 729 490 768 perpetua
506 723 632 756 roboris
648 722 799 756 firmitate
817 721 989 754 subsistere
1005 727 1032 753 et

280 787 340 822 per
359 777 519 820 singulos,
547 788 628 820 quos
652 777 763 810 literae
787 776 873 819 ipsae
900 785 1034 807 concer—

281 835 374 871 nunt,
388 831 420 864 in
432 831 591 872 futurum,
606 831 665 863 sub
677 828 1032 869 excommunicationis,

281 885 504 924 anathematis,
523 884 767 924 maledictionis,
789 882 951 922 infamiae,
964 893 1033 915 sus-

281 938 457 983 pensionis,
470 938 685 979 diffidationis,
699 936 843 972 criminis
853 937 957 969 laesae
969 947 1035 969 ma-

280 992 411 1033 iestatis,
426 992 601 1033 seditionis,
615 992 811 1031 rebellionis,
829 990 1033 1023 confiscatio-

280 1045 340 1086 nis,
361 1045 581 1090 depositionis,
604 1045 800 1090 privationis,
826 1043 1034 1077 inhabilitatis

282 1104 313 1133 et
349 1098 510 1132 interdicti
539 1099 671 1143 actaliis
695 1097 840 1131 censuris
865 1102 895 1131 et
920 1098 1034 1142 poenis

281 1152 506 1186 ecclesiasticis
527 1158 557 1186 et
577 1152 820 1196 temporalibus,
835 1162 872 1184 ac
888 1152 1034 1196 corporis

280 1206 435 1240 afflictivis
450 1206 482 1239 in
498 1207 617 1240 eisdem
630 1206 739 1249 ,literis
759 1205 930 1246 contentis,
953 1216 1033 1248 quas

282 1261 556 1294 contravenientes
576 1271 614 1293 eo
634 1261 704 1304 ipso
722 1261 900 1301 incurrant,
916 1271 1033 1304 perpe-

281 1319 336 1348 tuo
356 1313 581 1347 inviolabiliter
595 1314 769 1348 observari.

324 1368 339 1411 5
357 1367 389 1401 3.
407 1367 544 1411 illasque
564 1368 660 1401 etiam
682 1369 720 1401 ad
742 1368 931 1408 homicidas,
950 1367 1032 1401 sica-

280 1421 355 1462 rios,
378 1421 527 1462 exititios,
545 1422 749 1463 criminosos,
772 1422 909 1455 rebelles
938 1421 1034 1455 alios-

278 1485 340 1519 que
356 1474 491 1509 infames
511 1481 645 1520 propter
664 1475 838 1509 homicidia
854 1482 885 1509 et
904 1475 966 1508 alia
977 1487 1033 1509 ne-

276 1528 371 1561 fanda
386 1540 444 1573 per
455 1540 509 1562 eos
522 1535 715 1574 perpetrata,
726 1541 883 1571 excessua
898 1529 1034 1563 crimina

277 1587 308 1616 et
326 1582 455 1624 delicta,
482 1583 577 1617 etiam
598 1584 637 1617 ad
658 1585 720 1618 hoc
740 1591 775 1618 ut
795 1584 853 1628 ipsi
874 1584 905 1617 in
928 1584 1033 1617 civita-

276 1636 374 1678 tibus,
396 1637 501 1678 terris,
525 1638 637 1671 castris
660 1639 708 1672 vel
728 1639 808 1672 locis
828 1649 954 1679 eorum,
978 1649 1033 1671 seu

276 1691 309 1724 in
325 1691 445 1735 quibus
464 1697 543 1725 tunc
558 1693 770 1726 morabantur
780 1693 903 1727 banniti
916 1699 945 1726 et
959 1704 1034 1726 con-

277 1745 431 1787 demnati,
454 1745 549 1779 etiam
566 1746 674 1780 habita
687 1758 765 1792 pace
777 1748 817 1781 ab
828 1746 1031 1784 haeredibus,

276 1797 351 1831 filiis
389 1810 446 1833 seu
477 1800 724 1844 consanguineis
753 1801 936 1835 occisorum
977 1806 1033 1834 aut.

277 1853 420 1897 partium
440 1855 614 1895 laesarum,
636 1866 702 1888 non
722 1856 827 1889 solum
840 1868 857 1889 a
877 1856 957 1889 locis
969 1856 1032 1889 cir-

277 1908 465 1942 cumvicinis
485 1920 588 1954 usque
608 1910 647 1943 ad
667 1910 901 1954 quinquaginta
913 1910 1031 1943 millia-

276 1962 335 2003 ria,
354 1964 409 1997 sed
425 1964 520 1998 etiam
533 1964 573 1997 ab
584 1964 735 1998 omnihus
755 1971 785 1998 et
805 1965 939 2008 singulis
959 1964 1033 1998 civi-

275 2016 405 2059 tatibus,
423 2018 528 2060 terris,
543 2019 655 2052 castris
670 2024 701 2052 et
718 2020 809 2059 locis,
833 2020 928 2053 etiam
940 2019 1031 2063 regni

276 2076 307 2104 et
332 2072 472 2115 partium
493 2072 731 2117 praedictarum
762 2074 854 2107 nobis
879 2080 908 2107 et
929 2075 1031 2107 dictae

274 2125 438 2160 Romanae
448 2127 610 2161 Ecclesiae
634 2127 771 2161 mediate
785 2129 833 2161 vel
849 2129 1032 2162 immediate

275 2181 520 2225 quomodolibet
545 2182 709 2223 subiectis,
723 2182 847 2215 banniti
867 2188 895 2216 et
923 2184 1031 2217 exules

275 2234 337 2269 sint
361 2241 391 2269 et
412 2248 480 2270 esse
501 2241 706 2275 censeantur,
733 2248 793 2270 nec
818 2237 851 2270 in
877 2238 940 2271 illis
973 2249 1030 2272 seu

275 2302 389 2325 eorum
419 2291 548 2335 aliquo,
579 2291 675 2324 etiam
701 2297 868 2336 praetextu
890 2292 1029 2327 cuiusvis

276 2345 423 2379 licentiae
439 2373 449 2386 ,
487 2345 745 2379 salviconductus
764 2373 771 2386 ,
806 2347 1004 2381 remissionis
1020 2375 1026 2388 ‚

274 2400 482 2441 reductionis,
493 2400 706 2434 revocationis
714 2401 760 2433 vel
770 2400 901 2434 alterius
909 2403 1029 2444 gratiae

275 2462 334 2496 per
357 2461 412 2484 eos
436 2450 576 2495 desuper
599 2450 844 2493 quomodolibet
868 2462 927 2495 pro
946 2457 1028 2485 tem-

274 2510 353 2543 pore
361 2500 510 2540 obtentae,
528 2510 652 2532 moram
670 2499 797 2532 trahere
811 2500 945 2544 possint;
962 2507 993 2535 et
1003 2502 1029 2535 si

275 2549 308 2583 in
324 2550 370 2583 eis
389 2550 567 2584 resederint
585 2550 633 2582 vel
658 2550 778 2593 reperti
802 2550 933 2592 fuerint,
957 2551 1028 2595 capi

277 2603 307 2631 et
327 2599 463 2632 detineri
482 2604 513 2632 et
529 2598 736 2640 incarcerari,
756 2610 793 2632 ac
816 2598 902 2632 iuxta
922 2599 1030 2633 crimi-

275 2658 355 2681 num
375 2654 406 2682 et
420 2659 611 2683 excessuum
623 2659 681 2694 per
697 2658 751 2681 eos
767 2654 1029 2693 perpetratorum

275 2698 462 2744 qualitatem
493 2705 524 2735 et
542 2698 708 2734 literarum
724 2698 770 2734 Pii
795 2703 826 2734 et
844 2699 1027 2744 Clementis,

1723 278 1787 312 403

1079 344 1366 387 praedecessorum
1384 341 1582 381 huiusmodi,
1600 346 1758 381 tenorem,
1773 341 1831 373 sub

1080 398 1190 441 poenis
1206 396 1238 429 in
1251 396 1371 429 eisdem
1388 394 1489 428 literis
1509 394 1679 435 contentis,
1698 394 1833 439 peroffi-

1081 451 1176 484 ciales
1196 449 1339 491 civitatis,
1367 454 1484 490 terrae,
1511 448 1606 482 castri
1625 449 1673 481 vel
1698 448 1772 489 loci,
1800 448 1832 481 in

1078 516 1141 548 qua
1160 505 1208 538 vel
1236 515 1301 548 quo
1330 502 1522 547 deprehensi
1551 502 1686 543 fuerint,
1719 502 1833 536 debitis

1078 558 1191 601 poenis
1203 557 1316 602 plecti,
1335 568 1391 591 seu
1407 557 1480 590 inde
1497 556 1604 597 educi,
1622 562 1653 589 et
1668 556 1707 589 ad
1726 557 1831 589 sorum

1079 622 1135 644 seu
1153 612 1318 652 officiales,
1341 612 1379 644 ad
1400 622 1482 655 quos
1510 611 1684 644 criminum
1705 620 1760 644 seu
1777 621 1831 644 ex-

1079 676 1229 698 cessuum
1255 665 1444 699 eorumdem
1470 664 1594 709 punitio
1624 665 1663 697 de
1689 664 1759 698 iure
1784 665 1831 697 vel

1077 712 1313 753 consuetudine
1324 720 1474 763 pertinet,
1488 719 1606 752 remitti
1618 719 1764 760 debeant,
1777 730 1831 753 ex-

1076 773 1163 805 tendi
1185 778 1212 806 et
1235 774 1382 817 ampliari
1403 774 1531 814 debere,
1557 779 1585 807 et
1605 773 1638 807 in
1658 774 1704 807 eis
1722 774 1829 808 locum

1076 826 1196 859 habere
1212 826 1428 860 decernimus.

1121 880 1135 922 ξ
1154 879 1186 912 4.
1208 879 1244 912 Et
1262 880 1473 914 nihilominus
1486 882 1661 925 praemissa
1681 882 1789 915 omnia
1801 888 1832 915 et

1077 931 1215 975 singula,
1229 939 1323 977 prout
1335 945 1392 977 per
1404 934 1666 979 PiuntPaulum,
1689 936 1826 977 Sixtum,

1076 986 1206 1027 Iulium,
1220 988 1359 1020 Leonem
1375 994 1403 1021 et
1416 988 1626 1029 Clementem,
1645 989 1832 1033 praedeces—

1077 1050 1165 1072 sores
1186 1041 1357 1084 praesatos,
1372 1046 1499 1081 statuta,
1513 1042 1671 1083 ordinata,
1689 1046 1829 1084 extensa,

1076 1093 1247 1136 ampliata,
1277 1100 1442 1136 revocata,
1472 1101 1613 1136 cassata,
1646 1098 1830 1139 annullata,

1077 1146 1231 1187 inhibita,
1263 1147 1391 1181 decreta
1421 1154 1449 1182 et
1483 1149 1643 1182 declarata
1678 1150 1830 1193 fuerunt,

1076 1199 1171 1232 etiam
1189 1201 1228 1233 ad
1246 1201 1307 1234 hoc
1328 1207 1363 1234 ut
1378 1202 1489 1243 duces,
1502 1202 1652 1244 barones,
1674 1205 1833 1238 marchio-

1076 1264 1144 1294 nes,
1168 1254 1313 1297 comites,
1337 1256 1459 1289 domini
1479 1258 1686 1300 temporaleS,
1708 1258 1830 1299 vicarii,

1077 1307 1259 1349 feudatarii,
1283 1310 1454 1354 capitanei,
1468 1317 1644 1354 magnates,
1658 1312 1831 1357 principeS,

1077 1361 1338 1404 communitates,
1353 1364 1448 1405 cives,
1462 1365 1615 1398 officiales
1624 1370 1652 1398 et
1663 1377 1830 1410 personae,

1076 1426 1111 1447 ac
1133 1415 1206 1456 alii,
1236 1428 1318 1460 quos
1338 1418 1520 1462 praedictae
1541 1425 1569 1452 et
1591 1426 1776 1464 praesentes
1792 1421 1831 1453 li-

1077 1475 1162 1502 terae
1173 1478 1384 1512 concernunt,
1395 1484 1429 1505 ac
1438 1473 1583 1517 ipsorum
1595 1474 1713 1518 singuli
1725 1475 1832 1508 literas

1076 1528 1107 1556 et
1126 1523 1158 1556 in
1175 1523 1219 1557 eis
1241 1530 1390 1559 contenta
1420 1527 1607 1561 huiusmodi
1626 1539 1691 1561 non
1720 1529 1829 1562 obser-

1075 1582 1195 1619 vantes,
1215 1585 1241 1611 et
1257 1579 1330 1619 illis,
1354 1580 1473 1614 directe
1490 1582 1537 1615 vel
1558 1582 1726 1623 indirecte,
1748 1593 1829 1626 quo-

1076 1631 1253 1665 modolibet
1273 1636 1565 1678 contravenientes,
1588 1648 1625 1670 ac
1645 1637 1690 1670 eis
1710 1637 1828 1670 adhae-

1076 1690 1199 1726 rentes,
1222 1698 1401 1733 eorumque
1422 1690 1563 1724 fautores
1583 1696 1613 1724 et
1633 1691 1828 1736 complices,

1076 1740 1218 1782 singulas
1238 1752 1391 1776 censuras
1411 1750 1439 1776 et
1461 1755 1582 1788 poenas
1593 1745 1772 1790 praedictas
1792 1757 1830 1779 eo

1076 1795 1155 1839 ipso,
1167 1795 1287 1838 absque
1297 1796 1404 1841 aliqua
1413 1798 1642 1841 declaratione,
1661 1800 1829 1833 incurrant

1075 1854 1106 1882 et
1126 1849 1301 1884 incurrisse
1328 1858 1532 1886 censeantur.
1559 1854 1688 1898 Ipsique
1712 1854 1827 1894 duces,

1073 1904 1223 1946 barones,
1248 1906 1463 1948 marchiones,
1487 1907 1630 1950 comites,
1658 1909 1780 1941 domini
1797 1909 1829 1941 in

1075 1960 1319 2002 temporalibus,
1352 1961 1461 1995 vicarii
1482 1967 1512 1995 et
1531 1962 1700 1996 feudatarii
1720 1963 1827 1997 civita-

1073 2018 1142 2046 tum
1155 2041 1162 2054 ,
1191 2020 1351 2048 terrarum
1364 2043 1371 2056 ,
1402 2021 1582 2050 castrorum
1608 2023 1638 2050 et
1657 2019 1804 2052 locorum
1817 2046 1824 2059 ‚

1073 2068 1168 2101 etiam
1176 2069 1266 2112 regni
1279 2074 1309 2102 et
1320 2070 1460 2113 partium
1472 2071 1723 2115 praedictorum,
1735 2072 1827 2106 nobis

1073 2129 1101 2157 et
1114 2123 1217 2156 eidem
1226 2124 1388 2158 Ecclesiae
1400 2125 1583 2160 immediate
1595 2127 1825 2169 subiectorum,

1072 2178 1198 2222 aliquos
1218 2186 1344 2213 nostros
1360 2185 1389 2213 et
1414 2180 1517 2214 dictae
1537 2181 1699 2216 Ecclesiae
1719 2183 1826 2217 hostes

1073 2240 1102 2267 et.
1122 2233 1270 2267 inimicos
1296 2240 1349 2267 aut
1371 2234 1528 2277 subditos,
1543 2237 1664 2278 exules,
1677 2237 1826 2272 bannitos

1072 2293 1103 2321 et
1117 2289 1327 2331 facinorosos,
1340 2290 1576 2334 cuiuscumque
1586 2296 1686 2325 status
1694 2293 1826 2327 velcon-

1072 2343 1202 2377 ditionis
1222 2344 1353 2385 fuerint,
1376 2344 1507 2388 publice
1527 2346 1574 2377 vel
1600 2347 1739 2387 occulte,
1758 2349 1825 2382 ullo

1071 2409 1227 2441 umquam
1260 2404 1404 2443 tempore
1425 2398 1569 2441 recipere
1591 2400 1638 2433 vel
1658 2407 1825 2445 acceptare

1070 2451 1255 2485 nullatenus
1276 2457 1494 2496 praesumant3
1525 2457 1553 2485 et
1579 2453 1604 2485 si
1635 2454 1760 2498 aliquos
1786 2455 1825 2489 ad

1071 2512 1184 2534 eorum
1194 2502 1336 2535 dominia
1347 2509 1375 2536 et
1386 2502 1547 2536 territoria
1559 2504 1733 2547 confugere
1745 2516 1823 2538 con-

1070 2549 1187 2594 tigerit,
1210 2551 1282 2585 illos
1302 2563 1339 2585 ex
1359 2562 1471 2585 eorum
1492 2552 1642 2585 dominiis
1661 2554 1708 2586 vel
1729 2555 1823 2587 terri-

1070 2600 1161 2633 toriis
1180 2601 1368 2635 huiusmodi
1389 2603 1561 2646 expellere,
1579 2613 1634 2635 seu
1647 2603 1686 2636 ad
1698 2602 1821 2648 simpli-

1072 2661 1141 2684 cem
1163 2651 1337 2684 iussionem
1353 2652 1401 2684 vel
1418 2651 1661 2694 requisitionem
1680 2657 1821 2686 nostram

1071 2706 1102 2735 et
1121 2711 1346 2736 successorum
1369 2706 1568 2744 nostrorum,
1594 2711 1659 2746 quo
1683 2702 1822 2736 volueri-

1849 287 2026 317 An.c.1561

1886 894 2031 921 Receptatori-

1845 926 1883 946 hus
1915 932 1986 947 eorum
2010 930 2029 947 et

1845 958 1961 978 fautoribus
1978 964 2031 985 poe-

1846 995 1883 1010 nas
1894 990 1990 1016 imponit3
