2237 3100
476 220 540 256 630

432 284 599 328 deputare.
626 284 778 329 Idemque
799 285 894 319 etiam
915 287 1058 317 servetur
1082 281 1113 313 in
1134 290 1182 312 re-

431 338 598 381 gularibus
618 338 784 371 monachis
799 344 934 377 tantum,
951 334 1128 368 dummodo
1149 333 1181 365 in

432 403 469 425 ea
498 392 685 435 parochiali,
706 392 738 424 in
759 403 821 435 qua
842 401 927 423 unus
947 400 985 423 ex
1016 386 1182 421 monachis

432 445 538 485 fuerit,
561 450 681 477 servata
712 445 813 477 forma
834 442 1010 487 praedicta,
1046 439 1183 473 vicarius

432 498 613 542 deputatus,
645 497 788 530 habitent
809 508 882 530 cum
910 507 948 529 eo
969 495 1081 528 saltem
1102 505 1182 538 qua-

432 558 506 585 tuor
529 551 582 584 alii
603 562 639 584 ex
659 551 753 584 dictis
781 550 959 583 monachis,

475 605 490 648 ξ
510 604 539 638 6.
577 604 693 648 Sicque
723 615 781 648 per
800 613 1025 648 quoscumque
1045 601 1181 641 iudices,

250 664 371 700 *Decretum
391 664 417 683 ir-
431 657 541 702 quavis
561 657 750 691 auctoritate
770 657 959 701 fungentes,
996 655 1119 689 sublata
1140 654 1185 687 eis

237 699 311 716 ''mn‘'
432 717 462 744 et
486 721 599 744 eorum
620 711 752 744 cuilibet
772 710 884 755 quavis
903 709 996 743 aliter
1021 708 1184 742 iudicandi

432 770 461 798 et
482 764 714 808 interpretandi
736 770 905 809 potestate,
928 763 1064 797 iudicari
1081 769 1111 796 et
1136 762 1185 794 in—

432 818 602 862 terpretari
616 818 745 858 debere;
768 829 895 852 necnon
910 817 1037 851 irritum
1050 822 1079 850 et
1092 817 1185 849 inane

433 872 639 906 decernimus
665 872 820 917 quicquid
850 883 942 905 secus
969 882 987 904 a
1007 881 1184 915 quoquam,

432 925 544 970 quavis
563 925 767 966 auctoritate,
795 930 986 958 attentatum
1013 924 1121 957 forsan
1141 931 1188 957 est

433 979 590 1012 hactenus
617 979 665 1012 vel
695 978 728 1012 in
750 984 915 1023 posterum
944 977 1113 1021 contigerit
1143 982 1189 1010 at-

435 1032 564 1066 tentari.

479 1085 546 1130 §7—
575 1085 645 1119 Non
670 1085 871 1119 obstantibus
904 1084 1189 1119 constitutionibus

263 1144 373 1181 Chusfssae
387 1144 422 1166 de·
436 1144 467 1173 et
493 1139 751 1173 ordinationibus
781 1139 965 1183 apostolicis
989 1139 1188 1182 caeterisque

237 1180 366 1205 ¹⁰g⁸²⁰¹'³⁸‘
437 1193 608 1227 contrariis
632 1193 907 1237 quibuscumque.

481 1246 543 1290 §8.
578 1247 734 1280 Volumus
760 1252 867 1280 autem
889 1246 977 1291 quod
1007 1252 1191 1290 praesentes

265 1310 332 1345 iussio
355 1308 424 1337 pabu-
437 1300 550 1334 literae
568 1299 601 1333 in
629 1299 827 1333 Cancellaria
861 1305 971 1333 nostra
994 1299 1189 1342 Apostolica,

238 1342 303 1363 “mm
439 1359 470 1387 et
493 1353 532 1386 ad
563 1354 667 1386 valvas
703 1353 861 1398 Principis
894 1353 1124 1398 Apostolorum
1153 1353 1192 1386 de

438 1407 534 1447 Urbe,
555 1407 593 1441 de
614 1417 704 1441 more
724 1407 946 1452 publicentur,
969 1412 1000 1440 et
1019 1406 1103 1440 inter
1118 1417 1193 1440 con-

440 1461 620 1495 stitutiones
672 1466 829 1505 perpetuo
873 1460 1026 1494 valituras
1072 1460 1193 1494 descri-

439 1515 569 1549 bantur.

484 1569 499 1614 ξ
518 1569 548 1603 9.
572 1568 609 1602 Et
632 1568 709 1613 quia
733 1568 864 1602 difficile
889 1568 973 1603 soret
1001 1578 1055 1601 eas
1075 1568 1113 1602 ad
1134 1568 1195 1602 sin-

278 1629 426 1658 Exempiorum
440 1623 516 1668 gula
536 1633 684 1668 quaeque
708 1622 781 1656 loca
805 1621 936 1663 deferri,
969 1621 1056 1667 quod
1082 1632 1195 1656 earum

245 1662 304 1684 Μεθ’
442 1676 654 1720 transumptis
673 1679 729 1709 etc.

485 1730 571 1765 Nulli
591 1740 668 1772 ergo
692 1734 749 1763 etc.

487 1784 602 1818 Datum
622 1783 743 1816 Romae
763 1783 851 1827 apud
870 1782 1025 1816 Sanctum
1051 1783 1195 1823 Petrum,

445 1849 529 1873 anno
549 1836 782 1872 Incarnationis
811 1836 994 1870 dominicae
1026 1837 1197 1871 millesimo

445 1892 704 1938 quingentesimo
729 1891 925 1935 sexagesimo
956 1891 1114 1935 septimo,
1146 1891 1198 1926 ka-

445 1947 550 1981 lendis
596 1945 798 1984 novembris,
849 1944 1056 1988 pontificatus
1097 1946 1198 1979 nostri

447 2011 531 2036 anno
550 2010 583 2034 Π.

489 2053 550 2085 Dat.
566 2054 614 2085 die
631 2053 644 2083 1
663 2052 801 2083 novemb.
821 2051 907 2089 1567,
927 2052 1029 2092 pontif,
1050 2062 1127 2083 anno
1144 2061 1173 2083 11.

234 228 286 257 An.
305 228 417 259 C.156⁷

756 2168 887 2202 LXXIII.

447 2232 634 2266 Prohibitz‘o
650 2232 843 2276 aquationis
860 2235 1029 2265 taurorum
1045 2231 1201 2265 aliarum-

493 2297 550 2331 que
575 2287 719 2329 ferarum
737 2286 928 2326 bestiarum,
958 2295 1029 2318 cum
1049 2286 1201 2319 annulla-

495 2341 581 2373 tione
592 2345 736 2374 votorum
751 2344 781 2373 et
797 2340 1056 2373 {armentorum
1069 2339 1202 2383 desuper

493 2393 728 2426 adhibitorum.

540 2459 601 2489 Pius
621 2461 762 2497 episcopus
782 2467 877 2489 servus
897 2465 1038 2488 servorum
1057 2459 1118 2492 Dei,

585 2515 617 2543 ad
640 2515 801 2550 perpetuam
824 2514 865 2543 rei
898 2513 1067 2542 memoriam.

493 2572 537 2607 De
558 2573 659 2606 salute
679 2573 784 2616 gregis
814 2571 967 2606 dominici
993 2576 1121 2605 nostrae
1148 2582 1203 2604 cu—

283 2633 402 2656 onrdinm·
450 2635 506 2666 rae
528 2626 635 2661 divina
651 2626 891 2671 dispensatione
911 2625 1035 2667 crediti,
1053 2629 1151 2670 prout
1166 2635 1203 2659 ex

1035 226 1215 253 BULLARIUM
1238 225 1389 250 ROMANUM

1225 278 1330 310 debito
1351 278 1518 321 pastoralis
1538 278 1634 311 officii
1655 277 1896 321 adstringimur,
1912 269 1973 311 sol-

1224 331 1310 364 licite
1346 332 1533 374 cogitantes,
1571 332 1681 365 fideles
1710 337 1845 366 cunctos
1869 331 1974 374 gregis

1227 385 1370 418 eiusdem
1384 385 1422 418 ab
1435 385 1677 418 imminentibus
1697 396 1871 429 corporum
1887 384 1973 429 peri-

1225 439 1318 479 culis,
1333 439 1427 471 etiam
1444 439 1625 472 animarum
1643 439 1796 483 pernicie,
1815 443 1973 483 perpetuo

1226 503 1337 525 arcere
1358 493 1536 526 studemus.

1271 547 1286 589 ἓ
1305 546 1335 579 1.
1363 546 1458 587 Sane,
1480 546 1555 580 licet
1575 546 1769 579 detestabilis
1789 546 1972 581 duellorum

1228 611 1317 639 usus,
1354 611 1371 632 a
1392 600 1520 633 diabolo
1546 601 1749 634 introductus
1784 606 1819 633 ut
1843 607 1977 635 cruenta

1230 664 1405 697 corporum
1426 659 1528 687 morte
1549 653 1730 687 animarum
1755 653 1849 687 etiam
1867 655 1976 698 perni-

1229 708 1310 740 ciem
1340 708 1497 748 lucretur,
1534 719 1568 740 ex
1599 708 1727 741 decreto
1758 708 1886 741 concilii
1910 708 1978 742 Tri-

1229 760 1350 794 dentini
1371 761 1553 805 prohibitus
1573 762 1682 801 tuerit,
1704 761 1979 796 nibilominusad-

1228 815 1292 848 huc
1312 814 1344 847 in
1365 815 1527 859 plerisque
1553 815 1733 848 civitatibus
1759 822 1789 849 et
1813 816 1882 849 aliis
1901 816 1980 850 locis

1229 868 1479 912 quamplurimi,
1514 868 1554 901 ad
1587 869 1832 903 ostentationem
1864 869 1979 904 virium

1230 932 1362 955 suarum
1387 927 1415 955 et
1437 922 1608 963 audaciae,
1635 922 1666 954 in
1701 923 1842 967 publicis
1874 923 1980 968 priva-

1229 976 1334 1019 tisque
1368 975 1574 1020 spectaculis,
1611 986 1685 1009 cum
1719 976 1820 1010 tauris
1853 983 1884 1010 et
1910 977 1981 1011 aliis

1230 1029 1305 1062 seris
1326 1029 1437 1062 bestiis
1456 1029 1610 1073 congredi
1630 1040 1695 1063 non
1726 1035 1862 1071 cessant,
1895 1031 1982 1064 unde

1232 1082 1327 1116 etiam
1340 1083 1511 1116 hominum
1523 1088 1655 1123 mortes,
1673 1083 1895 1117 membrorum
1912 1094 1982 1118 mu-

1231 1136 1412 1177 tilationes,
1448 1136 1696 1181 animarumque
1736 1136 1881 1181 pericula
1918 1138 1981 1171 fre-

1232 1195 1369 1234 quenter
1388 1190 1551 1223 oriuntur.

1277 1243 1292 1286 g
1317 1243 1346 1276 2.
1383 1243 1446 1276 Nos
1484 1243 1600 1287 igitur,
1631 1243 1872 1277 considerantes
1901 1243 1983 1278 haec

1234 1298 1430 1341 spectacula,
1453 1297 1508 1330 ubi
1524 1297 1607 1330 tauri
1629 1302 1660 1331 et
1679 1298 1765 1331 ferae
1784 1297 1817 1331 in
1833 1297 1920 1332 circo
1934 1299 1983 1333 vel

1234 1352 1303 1384 foro
1323 1351 1495 1394 agitantur,
1518 1363 1535 1384 a
1556 1351 1672 1396 pietate
1692 1356 1722 1385 et
1742 1352 1873 1386 caritate
1901 1352 1985 1387 chri-

1235 1405 1336 1439 stiana
1349 1406 1451 1439 aliena
1463 1417 1543 1445 esse,
1558 1417 1594 1439 ac
1606 1407 1748 1440 volentes
1758 1407 1839 1440 haec
1851 1411 1986 1440 cruenta

1234 1459 1407 1504 turpiaque
1432 1460 1627 1493 daemonum
1663 1465 1694 1493 et
1725 1470 1790 1493 non
1815 1460 1985 1495 hominum

1236 1514 1419 1557 spectacula
1439 1513 1572 1554 aboleri,
1605 1520 1635 1548 et
1662 1514 1845 1548 animarum
1877 1514 1984 1556 saluti,

1237 1572 1392 1611 quantum
1434 1577 1507 1600 cum
1547 1567 1611 1601 Deo
1648 1578 1839 1612 possumus,
1880 1569 1986 1612 provi-

1237 1621 1323 1667 dere,
1357 1621 1508 1654 omnihus
1545 1626 1575 1654 et
1611 1622 1744 1666 singulis
1786 1622 1988 1667 principibus

1222 1675 1432 1716 .cln·istianis‚
1452 1686 1670 1720 quacumque,
1691 1682 1756 1709 tam
1773 1676 1988 1711 ecclesiastica

1239 1740 1335 1774 quam
1366 1730 1546 1769 mundana,
1569 1730 1664 1763 etiam
1688 1730 1866 1774 imperiali,
1901 1732 1989 1775 regia

1239 1784 1286 1817 vel
1303 1784 1413 1829 quavis
1430 1784 1492 1817 alia
1507 1784 1660 1827 dignitate
1681 1784 1892 1828 fulgentibus,
1909 1796 1990 1830 quo-

1238 1838 1284 1871 vis
1307 1838 1437 1872 nomine
1470 1843 1714 1883 nuncupentur,
1745 1839 1793 1872 vel
1825 1838 1990 1883 quibusvis

1241 1892 1528 1926 communitatibus
1539 1897 1569 1926 et
1582 1892 1831 1937 rebuspublicis,
1847 1893 1908 1927 hac
1919 1904 1990 1939 per-

1242 1952 1338 1991 petuo
1368 1952 1476 1980 nostra
1505 1947 1733 1980 constitutione
1761 1941 1907 1988 valitura,
1932 1947 1991 1981 sub

1241 2000 1584 2034 excommunicationis
1604 2006 1634 2033 et
1653 1999 1864 2033 anathematis
1879 2000 1992 2045 poenis

1241 2055 1310 2099 ipso
1341 2055 1424 2088 sacto
1461 2053 1682 2094 incurrendis,
1718 2053 1929 2098 prohibemus
1963 2059 1993 2089 et

1242 2108 1465 2142 interdicimus
1485 2119 1537 2149 ne,
1560 2108 1591 2141 in
1605 2107 1670 2142 suis
1683 2107 1866 2151 provinciis,
1885 2107 1992 2142 civita-

1242 2163 1340 2203 tibus,
1366 2163 1473 2203 terris,
1496 2161 1623 2207 oppidis
1643 2167 1673 2195 et
1692 2160 1783 2202 locis,
1804 2161 1992 2196 huiusmodi

1243 2217 1440 2261 spectacula,
1461 2216 1516 2249 ubi
1537 2221 1705 2249 taurorum
1726 2214 1927 2259 aliarumque
1947 2215 1993 2249 fe—

1243 2280 1353 2303 rarum
1376 2269 1552 2303 bestiarum
1582 2269 1770 2313 agitationes
1790 2272 1992 2309 exercentur,

1243 2323 1313 2357 sieri
1325 2324 1523 2368 permittant.
1541 2323 1693 2357 Militibus
1708 2332 1838 2367 quoque
1856 2321 1995 2356 caeteris-

1244 2388 1307 2420 que
1327 2377 1397 2410 aliis
1419 2377 1576 2422 personis,
1598 2387 1638 2410 ne
1659 2386 1733 2410 cum
1754 2374 1854 2409 tauris
1874 2380 1905 2408 et
1922 2374 1994 2409 aliis

1244 2426 1275 2460 in
1288 2427 1428 2472 praefatis
1448 2426 1653 2472 spectaculi5‚
1675 2425 1736 2470 ipsi
1751 2430 1815 2458 tam
1830 2423 1994 2467 pedestres

1244 2486 1340 2518 quam
1363 2482 1528 2521 equestres
1548 2475 1700 2519 congredi
1721 2473 1873 2514 audeant,
1893 2472 1993 2507 inter-

1244 2525 1394 2559 dicimus.

1289 2575 1304 2619 ξ
1328 2575 1359 2609 3.
1383 2575 1473 2615 Quod
1494 2574 1519 2607 si
1547 2573 1619 2619 quis
1647 2582 1760 2607 eorum
1781 2571 1825 2605 ibi
1845 2576 1994 2606 mortuus

1244 2624 1352 2665 fuerit,
1374 2624 1591 2659 ecclesiastica
1610 2627 1717 2657 careat
1740 2621 1919 2667 sepultura.

1987 201 2081 251 Anac.
2101 223 2167 251 ¹56⁷

2015 561 2082 583 Causa
2103 561 2173 589 prohi-

1990 593 2083 614 hittonis.

2061 1260 2177 1283 Prohibltio

1996 1293 2116 1321 agitationis
2139 1295 2183 1313 tau-

1996 1330 2067 1346 rorum
2088 1326 2109 1345 et
2124 1323 2182 1344 tera-

1998 1358 2042 1377 tum
2055 1355 2181 1377 bestiarum.

2032 2573 2125 2595 Moriens
2153 2573 2190 2599 ibt,

2008 2606 2084 2626 careat
2092 2603 2195 2625 ecclesis.

2007 2635 2062 2658 stica
2070 2634 2187 2664 sepultura.
