2237 3100
0 296 36 320 ln.
47 291 77 319 C.
101 290 164 318 ¹⁸71

183 342 290 377 Sancti
305 343 475 384 Dominici,
499 342 538 376 ad
551 343 657 377 Sancti
674 341 785 385 Angeli
806 340 845 374 de
864 340 940 374 Rof-

183 397 285 437 ssano3
314 397 420 440 quoad
441 396 556 430 Montis
585 396 714 439 Antiqui
741 395 780 428 ad
808 394 856 427 Ss.
887 394 940 427 Ni-

184 450 279 490 colai,
301 450 424 483 Rustici
444 456 475 483 ct
494 449 692 489 Eleutherii·7
714 459 779 493 quo
799 458 873 481 vcro
903 448 942 481 ad

186 504 401 547 parochianos
421 509 452 536 et
475 503 597 536 vicinos
618 503 737 546 Capitis
757 501 870 534 Montis
890 512 941 534 re-

184 557 318 599 gionum
347 556 554 596 huiusmodi,
586 556 625 589 ad
647 556 694 589 Ss.
733 554 878 597 Gregorii
914 561 943 588 et

186 610 373 653 Margaritae
387 609 590 654 parochiales
605 608 759 641 ecclesias
773 608 943 651 praefatas,

187 664 228 696 ita
240 668 275 696 ut
296 663 459 707 quaelibet
474 662 563 706 regio
580 661 751 705 proprium
766 661 882 695 habeat
898 671 946 694 sa-

187 717 350 750 cerdotem
373 721 401 750 et
423 721 597 760 pastorem,
626 720 784 759 perpetuo
809 715 945 748 transse-

187 770 302 803 rimus.

233 824 248 867 ἓ
269 823 299 856 7.
326 823 458 856 Necnon
484 822 674 856 eorumdem
700 822 807 856 Sancti
835 822 947 866 Angeli

189 883 220 910 et
239 877 287 911 Ss.
316 877 450 917 Nicolai‚
479 875 600 910 Rustici
629 881 658 909 ct
690 875 881 916 Eleutherii‚
912 886 948 909 ac

189 930 383 964 Sanctorum
408 929 554 972 Gregorii
584 935 614 962 et
642 930 829 973 Margaritae
855 940 950 974 paro-

191 983 344 1017 chialium
376 983 587 1017 ecclesiarum
617 983 811 1023 rectoribus,
845 983 949 1016 dictae

191 1037 385 1071 cathedralis
405 1037 560 1076 ecclesiae
573 1036 749 1074 canonicis,
768 1042 801 1069 ut
815 1036 877 1069 illis
893 1047 951 1081 per

190 1090 328 1124 vicarios
348 1095 523 1134 perpetuos
547 1090 587 1122 ab
608 1090 773 1123 ordinario
797 1090 861 1123 loci
894 1101 950 1133 ap-

191 1144 376 1188 probandos
388 1143 420 1176 in
444 1143 558 1176 divinis
571 1143 730 1176 deservire
743 1144 858 1183 facere,
878 1143 951 1175 illo-

191 1208 332 1242 rumque
353 1196 628 1241 parochianorum
640 1197 823 1230 animarum
841 1207 952 1230 curam

193 1261 306 1295 gerere
326 1250 462 1295 possint,
485 1250 705 1293 indulgemus.

240 1305 255 1349 §
274 1304 306 1338 8.
328 1305 461 1338 Necnon
477 1304 822 1348 archipresbyteratus,
846 1303 953 1337 archi-

196 1359 386 1393 diaconatus
401 1370 438 1392 ac
459 1358 631 1392 duodecim
655 1358 865 1391 canonicatus
881 1369 955 1392 cum

196 1412 392 1457 praebendis
415 1423 433 1445 a
458 1412 622 1456 primaeva
650 1412 813 1445 erectione
840 1412 955 1445 huius-

197 1465 285 1499 modi
304 1471 465 1505 vacantes,
496 1465 650 1498 ecclesiae
670 1464 817 1498 videlicet
837 1465 868 1499 S.
901 1465 958 1498 Be-

197 1518 288 1562 nigni
309 1519 343 1552 in
363 1518 583 1552 cathedralem
606 1523 745 1559 erectae,
768 1518 823 1562 qui
844 1519 881 1552 sit
905 1529 956 1552 ar-

199 1573 421 1617 chipresbyter
440 1573 544 1606 dictae
564 1573 721 1606 ecclesiae
742 1572 884 1616 Ripanae
898 1600 905 1613 ,
929 1579 958 1606 ct

200 1627 233 1659 in
253 1637 303 1667 ea,
326 1627 640 1671 postpontificalem‚
659 1626 847 1670 dignitatem
860 1627 959 1660 maio-

200 1690 269 1714 rem
289 1680 450 1720 obtineat;
474 1685 504 1713 et
524 1680 678 1714 ecclesiae
695 1680 829 1713 Sanctae
844 1680 959 1713 Mariae

201 1733 467 1768 Annunciationis
486 1734 525 1767 de
555 1734 675 1777 AgeHo,
702 1733 758 1777 qui
788 1733 827 1767 sit
853 1733 960 1767 archi-

202 1787 360 1821 diaconus
388 1787 533 1821 eiusdem
561 1787 718 1820 ecclesiae
748 1786 903 1830 Ripanae,
932 1791 962 1819 et

203 1840 403 1884 dignitatem,
426 1851 491 1874 non
512 1846 619 1874 tamen
640 1846 710 1885 post
741 1840 961 1884 pontificalem

204 1894 374 1936 maiorem,
396 1894 550 1934 obtineat,
572 1893 651 1927 alias
666 1904 740 1927 vero
762 1893 963 1937 parochiales

205 1948 369 1989 ecclesias,
393 1954 425 1981 ut
448 1947 675 1992 praemittitur,
694 1947 810 1989 unitas,
825 1958 963 1990 quarum

206 2000 377 2035 cuiuslibet
398 2002 534 2042 fructus,
561 2001 706 2034 redditus
731 2007 761 2034 et
790 2006 964 2046 proventus

205 2055 461 2100 vigintiquatuor
475 2056 671 2089 ducatorum
688 2055 759 2088 anri
770 2055 810 2088 de
819 2055 964 2093 Camera,

207 2110 388 2143 secundum
410 2119 618 2143 communem
640 2109 893 2149 extimationem,
912 2119 965 2141 va-

207 2164 310 2197 lorem
327 2174 473 2197 annuum
496 2174 562 2196 non
582 2163 751 2203 excedunt,
776 2162 964 2196 eorumdem

209 2211 472 2261 rectoribuquui
487 2216 635 2250 canonici
651 2215 795 2250 eiusdem
813 2215 967 2249 ecclesiae

209 2270 351 2315 Ripanae
372 2271 518 2311 existant,
542 2270 752 2310 conferimus,
775 2275 803 2302 et
835 2270 874 2302 de
906 2270 968 2302 illis

210 2325 306 2358 etiam
323 2335 397 2358 cnm
413 2324 616 2368 plenitudine
631 2324 711 2357 iuris
728 2323 875 2356 canonici
894 2333 968 2367 pro-

211 2378 367 2412 videmus.

257 2432 272 2475 g
292 2431 323 2465 9.
346 2431 568 2473 volumusque
598 2431 685 2473 qnod
705 2430 871 2473 deinceps,
895 2438 967 2472 per-

214 2481 318 2526 petuis
333 2480 450 2514 futuris
469 2479 683 2524 temporibus,
703 2479 735 2511 in
752 2479 864 2517 choro,
880 2478 968 2521 capi-

213 2531 294 2571 tulo,
312 2528 576 2574 processionibus
591 2534 621 2561 et
641 2527 711 2561 aliis
728 2527 852 2560 actibus
867 2525 970 2570 publi-

214 2580 259 2619 cis
279 2590 335 2612 seu
356 2578 497 2623 privatis,
525 2577 784 2621 archipresbyter
807 2575 966 2620 primum,

216 2628 465 2662 archidiaconus
493 2626 670 2660 secundum
706 2626 835 2665 locum,
873 2635 969 2657 cano-

217 2676 281 2710 nici
301 2687 376 2711 vero
397 2686 503 2720 nuper
532 2674 631 2709 creati
656 2680 726 2719 post
748 2674 971 2719 archipresby-

295 2730 374 2762 Bull.
396 2729 474 2760 Rom.
496 2729 554 2759 Vol.
577 2728 637 2759 VII.
794 2728 850 2757 117

32 891 126 913 neuun
141 895 175 911 re-

0 928 72 946 :torum
105 924 174 944 dicta-

0 961 37 976 ·um
65 954 176 982 paroehia-

0 988 42 1008 ,ium
52 986 142 1007 habendi
154 986 174 1005 in

0 1017 36 1039 iltis
83 1018 175 1038 vicario·

0 1053 114 1077 perpetuos.

54 1371 180 1392 Coustttutio

8 1403 181 1431 archipresbyte-

1 1438 64 1460 ntus,
79 1434 182 1455 archidia-

2 1469 87 1488 conatus
111 1468 133 1486 ct
149 1471 184 1486 ca-

3 1499 94 1519 uenient.
106 1497 182 1525 prandi-

3 1533 89 1554 emtum,

81 2494 198 2521 Eorumque

19 2525 189 2551 praecedentiae.

871 286 939 311 PIUS
962 286 981 310 V
1005 285 1053 310 PP.

1629 274 1693 309 929

983 345 1088 372 terum
1110 344 1140 371 ct
1159 338 1424 372 archidiaconum
1439 337 1633 382 praedictos,
1653 338 1741 372 iuxta

984 393 1113 426 illorum
1135 392 1355 436 receptionem
1377 398 1407 425 ct
1436 391 1665 425 admissionem
1679 419 1687 433 ,
1716 392 1741 425 si

984 446 1023 479 ad
1047 446 1078 478 id
1097 446 1330 488 consenserint,
1346 445 1570 490 unusquisque
1600 445 1742 486 illorum,

985 499 1056 532 loca
1076 499 1227 532 habeant.

1029 552 1044 595 g
1064 552 1116 586 10.
1139 552 1284 596 Cumque
1301 553 1437 593 fructus,
1460 553 1605 586 redditus
1621 558 1651 586 et
1667 563 1743 597 pro—

986 612 1098 639 ventus
1111 607 1362 639 canonicatuum
1379 612 1407 639 et
1426 607 1683 650 praebendarum
1696 606 1744 639 di-

988 666 1055 692 ctae
1076 660 1232 693 ecclesiae
1251 659 1394 703 Ripanae
1419 659 1495 693 satis
1519 665 1633 693 tenues
1658 659 1744 693 vide-

988 718 1093 753 antur,
1116 718 1309 757 perpetnum
1331 713 1467 757 simplex
1481 712 1677 746 beneficium
1694 724 1746 746 ec-

990 766 1218 807 clesiasticum,
1234 767 1292 800 sul)
1302 767 1503 800 invocatione
1516 767 1624 800 Sancti
1636 767 1748 810 Angeli

989 820 1235 864 Villcsmagnae,
1254 821 1340 853 intus
1355 821 1473 854 dictam
1491 821 1649 854 civitatem
1660 820 1749 864 Ripae

991 875 1193 915 Transonac,
1221 875 1259 908 dc
1290 885 1446 907 consensu
1475 874 1563 908 illius
1592 874 1747 914 rectoris,

993 933 1151 972 perpetuo
1179 928 1415 972 supprimimus
1447 934 1475 961 et
1511 928 1747 971 extinguimus,

992 982 1143 1025 illiusque
1160 987 1189 1015 et
1203 982 1247 1015 illi
1264 993 1465 1015 annexorum
1483 982 1618 1022 fructus,
1634 982 1705 1014 iura
1722 987 1753 1015 et

993 1020 1202 1069 obi‘bmiones
1222 1046 1463 1079 quaecumque,
1491 1046 1550 1068 nec
1575 1046 1641 1068 non
1668 1034 1752 1068 deci-

995 1100 1080 1122 mam
1097 1090 1274 1130 fructuum,
1294 1089 1479 1122 reddituum
1492 1094 1520 1122 et
1537 1095 1752 1133 proventuum

994 1154 1282 1187 quorumcumque
1302 1154 1338 1176 ex
1365 1143 1533 1176 novalibus
1554 1143 1658 1176 (lictae
1683 1143 1755 1176 uni-

995 1196 1152 1229 vcrsitatis
1168 1197 1206 1229 de
1231 1196 1363 1240 Fulgaia
1383 1197 1591 1240 nuncupatis,
1615 1197 1654 1229 de
1669 1196 1755 1230 eius-

996 1250 1069 1283 dem
1090 1250 1304 1283 universitatis
1320 1260 1492 1290 consensu,
1511 1250 1645 1293 singulis
1664 1250 1757 1283 annis

997 1304 1100 1337 cidem
1119 1304 1260 1347 capitulo
1278 1311 1307 1337 et
1323 1304 1410 1336 illius
1431 1313 1560 1336 mensae
1585 1302 1756 1347 capitulari

998 1357 1243 1391 distributiones
1290 1357 1494 1401 quotidianas
1512 1384 1519 1398 ,
1557 1357 1644 1390 iuxta
1684 1368 1758 1400 pro-

998 1411 1103 1444 vidam
1126 1411 1271 1455 episcopi
1291 1411 1391 1454 Ripae
1421 1411 1605 1444 Transonae
1626 1410 1757 1444 ordina-

999 1464 1131 1504 tionem,
1153 1465 1236 1498 inter
1261 1464 1430 1507 dignitates
1456 1464 1637 1497 obtinentes
1657 1469 1688 1497 et
1708 1474 1759 1497 ca-

1000 1518 1136 1552 nonicos
1152 1519 1312 1562 praefatos
1332 1517 1583 1557 distribuendas,
1602 1522 1759 1561 perpetuo

1001 1573 1203 1616 applicamus
1224 1577 1253 1605 et
1274 1571 1536 1616 appropriarnus.

1046 1627 1061 1669 g
1082 1627 1134 1660 tt.
1149 1626 1292 1666 Necnon,
1304 1636 1363 1669 pro
1374 1625 1488 1658 maiori
1501 1625 1760 1658 christifidelium

1003 1681 1131 1713 illarum
1155 1680 1295 1724 partium
1317 1679 1545 1713 commoditate
1562 1677 1761 1723 etspirituali

1004 1734 1223 1768 consolatione
1237 1762 1244 1773 ,
1274 1734 1512 1773 Columnellae,
1546 1732 1759 1776 Aquaevivae,

1004 1788 1111 1821 Sancti
1132 1788 1308 1828 Benedicti,
1328 1787 1459 1828 Marani,
1484 1786 1761 1825 SanctiAndreac,

1006 1842 1190 1875 Grottarum
1212 1841 1251 1875 ad
1268 1842 1364 1881 Mare,
1383 1841 1477 1881 Cissi,
1493 1840 1660 1880 Quinzani‚
1674 1840 1763 1873 Mon-

1005 1895 1043 1928 tis
1056 1895 1231 1936 Prandoni,
1247 1895 1438 1934 Furcarum,
1456 1894 1570 1928 Montis
1587 1893 1660 1933 Atti,
1675 1893 1764 1927 Mon-

1008 1950 1044 1982 tis
1065 1949 1103 1982 de
1123 1949 1254 1989 Novem,
1282 1949 1437 1988 Rotellae,
1460 1948 1636 1985 Porculae,
1664 1947 1766 1980 Cossi-

1006 2003 1103 2046 gnani
1120 2009 1150 2036 et
1164 2001 1351 2045 Passignani
1363 2003 1445 2042 loca,
1465 2007 1568 2034 castra
1586 2006 1616 2033 et
1632 2000 1762 2044 oppida,

1007 2056 1196 2096 Asculanae,
1217 2056 1385 2089 Firmanae
1402 2060 1431 2088 ct
1447 2054 1570 2087 nullius
1589 2053 1765 2097 respective

1009 2110 1176 2150 dioecesis,
1190 2109 1222 2142 in
1233 2109 1399 2153 provincia
1416 2109 1564 2142 Marchizc
1581 2107 1765 2152 praedictae

1009 2170 1038 2197 et
1059 2163 1161 2196 ubivis
1176 2163 1393 2202 consistentia,
1410 2169 1439 2195 ct
1460 2171 1543 2205 quae
1559 2171 1646 2193 nunc
1661 2165 1691 2193 et
1705 2169 1765 2204 pro

1009 2223 1156 2261 tempore
1177 2217 1387 2251 existentibus
1401 2213 1587 2249 monasterii
1608 2213 1766 2247 Farsensis

1010 2271 1180 2304 abbatibus
1201 2281 1256 2304 seu
1279 2268 1574 2307 commendatariis,
1597 2273 1628 2301 et
1648 2267 1766 2300 Firma-

1010 2324 1060 2358 nis
1080 2330 1111 2358 et
1131 2324 1299 2358 Asculanis
1320 2322 1493 2367 episcopis,
1509 2321 1633 2354 ratione
1655 2331 1766 2354 mona-

1011 2377 1099 2412 sterii
1120 2383 1147 2411 et
1171 2378 1341 2411 Firmanae
1361 2383 1391 2410 et
1411 2376 1591 2409 Asculanae
1612 2373 1765 2407 ecclesia-

1011 2443 1084 2465 rum
1110 2431 1310 2471 huiusmodi,
1338 2430 1474 2463 mediate
1500 2429 1549 2461 vel
1579 2427 1765 2461 immediate

1013 2481 1189 2525 respective
1219 2481 1362 2514 subiecta
1391 2478 1609 2523 reperiuntur,
1636 2487 1765 2511 necnon

1012 2531 1043 2564 in
1065 2531 1109 2564 eis
1125 2529 1333 2564 consistentia
1353 2528 1549 2571 colleg-imas,
1562 2526 1766 2571 parochiales

1013 2586 1041 2613 et
1062 2580 1140 2613 alias
1155 2579 1319 2619 ecclesias,
1336 2577 1543 2615 monasteria,
1562 2576 1764 2620 praepositu-

1012 2640 1073 2670 ras,
1094 2629 1343 2674 praepositatus,
1366 2627 1528 2671 prioratus
1542 2630 1572 2659 et
1587 2625 1648 2658 alia
1665 2635 1765 2668 quae-

1013 2689 1166 2722 cumque,
1189 2683 1411 2721 quotcumque
1441 2681 1471 2709 et
1493 2675 1762 2719 qualiacumque,

1756 285 1848 312 Amo.
1869 285 1932 313 {5⁷1

1773 563 1826 584 Unio
1843 564 1941 584 benoni-tt

1759 596 1779 616 S.
1815 595 1889 621 Angeti
1919 596 1943 615 ad

1761 629 1837 648 cirtam
1872 626 1945 647 θεοῖο-

1761 661 1812 679 siam
1832 658 1947 679 cathedra-

1761 692 1811 717 leun

1804 1631 1960 1658 ,stultorumque

1776 1664 1872 1684 locorum
1884 1666 1904 1683 et
1915 1668 1961 1689 por-

1778 1700 1884 1719 sonarum,
1897 1695 1921 1714 ad
1938 1700 1962 1713 a-

1778 1725 1817 1746 lia·
1849 1726 1962 1746 dioeceses

1779 1757 1812 1777 vel
1857 1756 1963 1777 ecclesias

1780 1790 1895 1814 spectant.,
1925 1793 1963 1814 pro

1780 1819 1838 1840 clero
1855 1822 1875 1839 et
1887 1819 1963 1845 populo

1780 1853 1801 1870 et
1817 1850 1912 1870 dioecesi
1932 1850 1964 1870 di-

1781 1884 1828 1901 ctae
1858 1880 1964 1902 ecclesiae

1781 1912 1883 1939 Ripanae.
