2237 3100
824 253 921 279 mnax
940 252 1048 278 natum
1613 241 1678 277 999

251 309 365 343 fratres
386 312 552 351 regantur,
578 311 701 340 servata
722 306 962 340 ordinariorum
985 305 1209 339 iurisdictione
1229 310 1261 338 et
1282 304 1525 338 contributione
1545 314 1604 348 pro
1624 304 1722 338 semi-

251 362 362 403 nariis,
385 361 449 395 519
469 362 486 394 b
507 366 536 394 et
560 371 622 404 seq.
645 359 884 402 Religiosorum
906 360 1040 393 facultas
1061 358 1262 404 percipiendi
1283 358 1455 402 pensiones
1477 368 1599 391 annuas
1619 368 1722 401 usque

253 416 293 449 ad
313 425 474 448 summam
496 424 515 447 D
536 414 729 447 ducatorum
750 413 833 454 auri,
857 424 983 446 necnon
1005 413 1169 446 fructuum
1191 411 1364 445 reservatio
1378 421 1436 455 pro
1454 410 1648 453 coniugatis,
1666 410 1721 454 qui

251 479 327 502 cum
348 479 413 502 una
433 473 559 501 tantum
578 466 703 510 virgine
724 466 968 499 matrimonium
990 466 1220 507 contraxerint,
1244 465 1308 499 520
1328 476 1358 498 α.
1378 464 1514 508 Religio,
1537 464 1671 508 eiusque
1692 468 1724 497 et

252 522 459 566 vectigalium
479 523 582 562 bona,
605 520 747 565 exceptis
768 520 1049 564 patrimonialilms
1064 547 1071 560 ‚
1093 521 1153 553 sub
1174 520 1264 553 Sedis
1294 519 1498 564 Apostolicae
1517 518 1719 563 protectione

255 576 470 621 recipiuntur,
494 575 572 608 ibid.
595 575 624 608 b.
648 574 874 618 Exemptiones
900 574 1129 618 quamplures.
1153 574 1232 606 ibid.
1256 579 1288 607 et
1315 584 1378 617 seq.
1407 574 1441 606 ln
1465 572 1639 617 puniendis
1666 572 1724 605 de-

253 629 337 662 lictis
356 629 586 669 atrocioribus,
608 628 791 662 iurisdictio
811 627 851 660 sit
870 627 908 659 M.
933 627 1078 669 magistri
1099 627 1147 659 vel
1168 627 1424 667 ordinariorum,
1447 630 1544 671 prout
1567 625 1606 659 ad
1626 625 1719 658 illum

254 682 303 715 vel
334 682 373 715 ad
402 682 480 715 istos
511 682 666 715 delictum
699 681 804 724 primo
835 680 1061 724 pervenerint,
1095 679 1155 712 521
1194 680 1222 712 b.
1256 680 1343 713 Bona
1373 678 1614 724 patrimonialia
1640 677 1717 711 reli-

258 735 441 777 giosorum,
476 741 548 779 post
583 734 838 778 professionem,
868 734 907 766 ab
938 733 1093 766 oneribus
1121 733 1279 765 immunia
1311 733 1519 766 declarantur
1549 742 1652 776 aeque
1682 741 1719 764 ac

255 787 433 830 Religionis
452 788 557 827 bona,
590 787 653 820 522
674 788 703 820 b.
736 786 919 820 iurisdictio
939 786 978 818 M.
1008 785 1152 828 magistri
1185 791 1214 819 et
1244 791 1419 818 conventus
1450 786 1534 818 inter
1566 794 1722 829 personas

256 841 435 884 Religionis
455 847 486 875 et
506 841 640 874 militiae
661 840 883 880 confirmatur,
905 839 984 872 ibid.
1008 839 1249 883 Appellationes
1270 849 1287 871 a
1307 838 1476 872 sententiis
1501 839 1724 882 delegatorum

256 894 296 927 ad
312 894 352 927 M.
376 895 580 938 magistrum,
603 899 633 927 et
655 894 693 927 ab
723 904 761 927 eo
781 893 821 926 ad
852 893 1033 937 capitulum
1065 892 1235 935 generale,
1264 892 1483 932 declarantur,
1505 890 1572 924 524
1591 903 1622 925 α.
1646 891 1726 925 Sen-

258 948 377 981 tentiae
397 947 579 981 executioni
598 946 846 987 demandentur,
862 946 984 979 nullius
1001 945 1101 990 petita
1113 945 1259 985 licentia,
1274 945 1353 978 ibid.
1369 945 1515 978 Facultas
1529 944 1727 990 procedendi

255 1006 367 1035 contra
386 1001 531 1034 indebite
551 1006 749 1046 occupantes
769 1001 855 1034 bona
879 999 1057 1043 Religionis
1070 1025 1078 1039 ‚
1101 998 1235 1042 eiusque
1256 998 1417 1032 debitores
1431 1025 1439 1039 ,
1461 999 1540 1032 ibid.
1558 998 1729 1038 Quaelibet

258 1064 397 1099 persona
416 1054 634 1088 ecclesiastica
653 1054 686 1087 in
706 1059 967 1087 conservatorem
988 1052 1062 1096 eligi
1083 1057 1198 1096 potest,
1217 1052 1296 1085 ibid.
1317 1052 1345 1084 b.
1364 1052 1548 1086 Nosocomii
1568 1051 1727 1085 beneficia

259 1108 455 1150 obtinentes,
483 1108 589 1142 eidem
609 1107 680 1141 iura
696 1107 965 1148 mortuariorum,
980 1107 1178 1146 vacantium,
1197 1110 1255 1139 etc.
1271 1106 1407 1147 solvant,
1425 1105 1490 1139 525
1510 1116 1541 1139 α.
1564 1105 1724 1149 Magister,

260 1167 451 1203 conventus,
464 1166 537 1203 etc„
560 1162 645 1195 intra
664 1172 798 1195 suarum
818 1160 1080 1194 iurisdictionum
1100 1159 1234 1200 limites,
1249 1159 1313 1193 veri
1334 1159 1490 1192 ordinarii
1504 1159 1683 1200 sunt‚ibid.
1696 1160 1724 1193 b.

259 1214 360 1250 Iidem
388 1225 505 1259 capere
531 1221 654 1258 queunt
682 1215 804 1259 ubique
824 1215 1050 1258 delinquentes
1079 1219 1110 1247 et
1140 1213 1180 1246 ad
1209 1213 1317 1247 locum
1350 1212 1546 1246 destinatum
1584 1212 1728 1246 trasmit-

268 1275 354 1310 tere,
380 1269 459 1302 ibid.
482 1269 642 1303 Officiales
654 1280 766 1302 omnes
785 1269 941 1302 auxilium
956 1274 1121 1312 praestare
1142 1273 1294 1301 tenentur
1314 1277 1374 1311 pro
1390 1267 1554 1311 capiendis
1576 1273 1607 1300 et
1622 1273 1728 1301 trans-

263 1323 430 1356 mittendis
457 1323 744 1367 delinquentibus,
767 1323 846 1356 ibid.
870 1322 1012 1355 Cassatio
1042 1332 1327 1366 quarumcumque
1354 1321 1627 1365 expectativarum
1642 1347 1650 1362 ‚
1674 1332 1726 1355 re-

258 1377 490 1417 servationum,
511 1381 586 1417 etc„
608 1377 687 1409 ibid.
703 1376 743 1409 M.
768 1376 912 1419 magistri
935 1375 1069 1408 facultas
1090 1375 1223 1419 propria
1244 1374 1438 1408 auctoritate
1458 1374 1725 1418 apprehendendi

258 1430 496 1474 possessionem
518 1431 680 1463 bonorum
694 1457 702 1471 ,
724 1440 807 1473 quae
828 1429 973 1462 indebite
993 1429 1124 1461 fuerunt
1148 1434 1319 1472 occupata,
1343 1427 1405 1462 526
1428 1429 1456 1460 b.
1480 1428 1564 1461 Loca
1584 1427 1728 1470 Religio-

265 1484 315 1516 nis
347 1494 413 1517 non
443 1483 769 1528 comprehenduntur
797 1483 856 1516 sub
877 1482 1149 1516 reservationibus
1179 1481 1365 1526 apostolicis
1381 1509 1388 1523 ‚
1407 1481 1463 1515 sed
1489 1486 1564 1514 sunt
1590 1492 1726 1514 manua-

262 1537 325 1577 lia,
347 1543 378 1570 et
399 1537 539 1570 conferri
564 1537 680 1570 debent
702 1537 850 1581 personis
871 1536 1060 1579 Religionis,
1081 1535 1160 1569 ibid.
1188 1535 1414 1579 Exemptiones
1440 1545 1612 1569 concessae
1638 1535 1725 1580 prio-

258 1590 362 1630 ribus,
388 1594 445 1623 etc.
469 1600 535 1623 non
556 1590 778 1633 suffragantur
798 1590 949 1623 adversus
967 1589 1075 1622 debita
1105 1588 1272 1622 communi
1301 1587 1427 1621 aerario
1448 1594 1479 1621 et
1505 1588 1724 1621 obedientiam

262 1643 505 1687 superioribus,
528 1643 592 1677 527
615 1655 645 1676 α.
669 1643 888 1677 Alienationes
908 1644 1071 1676 bonorum
1090 1642 1319 1687 prohibentur,
1341 1642 1421 1675 ibid.
1446 1641 1485 1675 M.
1509 1641 1654 1685 magistri
1680 1642 1726 1675 fa-

261 1696 363 1729 cultas
374 1696 545 1730 revocandi
562 1697 634 1730 iura
645 1703 833 1741 patronatus
846 1697 904 1730 sub
922 1696 1004 1729 datis
1018 1696 1275 1736 conditionibus,
1286 1695 1364 1728 ibid.
1377 1696 1406 1728 b.
1424 1694 1606 1728 Prohibitio
1617 1705 1728 1728 reser-

260 1750 355 1783 vandi
367 1749 540 1794 pensiones
551 1761 650 1795 super
661 1751 829 1784 beneficiis
842 1750 972 1794 hospitii
985 1755 1211 1794 praeterquam
1225 1749 1331 1782 favore
1342 1749 1490 1789 fratrum,
1501 1748 1582 1782 ibid.
1604 1749 1730 1782 Fratres

263 1804 444 1845 beneficia,
466 1805 572 1848 quoad
593 1804 749 1844 vixerint,
778 1804 921 1837 retinere
950 1810 1105 1848 possunt,
1128 1802 1192 1838 528
1213 1804 1242 1837 b.
1272 1804 1311 1836 M.
1341 1803 1485 1846 magistri
1513 1803 1648 1836 facultas
1673 1802 1730 1835 de·

267 1858 402 1902 putandi
424 1864 488 1891 tam
509 1858 667 1891 vicarium
689 1869 763 1891 curn
785 1858 938 1891 facultate
959 1858 1146 1891 conferendi
1167 1857 1339 1897 beneficia,
1361 1868 1458 1900 quam
1486 1861 1730 1901 procuratorem

261 1912 446 1954 generalem
467 1911 500 1944 in
521 1911 665 1945 Romana
694 1911 791 1946 Curia
821 1923 895 1945 cum
917 1911 1015 1944 simili
1036 1917 1068 1944 et
1088 1911 1210 1944 maiore
1231 1915 1403 1954 potestate,
1426 1909 1506 1943 ibid.
1530 1915 1560 1943 et
1579 1920 1642 1954 seq.
1670 1909 1728 1942 Fa-

263 1965 367 1998 cultas
387 1965 564 2009 sepeliendi
586 1965 619 1998 in
639 1976 754 1999 eorum
772 1965 934 2009 parochiis
952 1976 1178 2008 quoscumque
1198 1964 1408 2005 interdictos,
1431 1963 1608 1996 dummodo
1629 1962 1731 1996 inter-

260 2019 347 2052 dicto
367 2030 515 2052 caussam
536 2029 600 2052 non
616 2019 778 2059 dederint,
795 2018 859 2053 5029
872 2020 901 2052 b.
925 2019 1072 2052 Facultas
1086 2018 1223 2052 iteratur
1239 2017 1386 2061 exigendi
1407 2017 1525 2049 donata
1554 2022 1585 2049 et
1612 2016 1730 2059 legata,

263 2072 358 2113 ibid.;
375 2072 553 2117 recipiendi
565 2072 784 2106 ecclesiastica
800 2078 1002 2106 sacramenta
1020 2083 1037 2105 a
1058 2082 1266 2115 quocumque
1286 2069 1448 2104 catholico
1462 2069 1619 2111 antistite,
1633 2069 1730 2110 ibid.;

263 2136 354 2160 arma
364 2137 580 2170 quaecumque
592 2126 714 2170 ubique
726 2126 904 2166 deferendi,
915 2126 994 2159 ibid.
1006 2126 1133 2159 Fratres
1145 2124 1327 2170 cappellani
1338 2123 1445 2157 divina
1455 2123 1560 2156 officia
1567 2122 1733 2156 celebrant

263 2179 360 2213 etiam
372 2185 518 2224 tempore
530 2180 706 2221 interdicti,
719 2180 798 2213 ibid.
811 2179 951 2219 Quilibet
964 2179 1189 2212 christifideles
1201 2177 1440 2224 prrecelssitorias,
1452 2181 1509 2210 etc.
1521 2176 1645 2220 erigere
1656 2187 1732 2221 que-

265 2237 334 2272 unt,
350 2233 439 2266 nulla
449 2233 703 2277 petitalicentia,
717 2232 783 2267 530
802 2245 833 2266 a.
849 2232 1056 2277 Amplissima
1076 2233 1213 2266 fratrum
1234 2231 1371 2265 testandi
1386 2230 1532 2270 facultas,
1545 2229 1626 2263 ibid.
1641 2229 1734 2263 Prior

265 2285 407 2319 celebrat
427 2286 460 2319 in
480 2286 594 2319 habitu
607 2286 802 2330 pontificali,
820 2286 999 2319 dummodo
1012 2296 1077 2318 non
1089 2286 1129 2319 sit
1143 2296 1296 2330 praesens
1316 2284 1461 2323 antistes,
1475 2287 1506 2316 et
1518 2288 1595 2316 tunc
1606 2283 1645 2316 de
1663 2283 1733 2317 eius

262 2337 412 2380 licentia,
424 2339 504 2372 ibid.
519 2340 547 2372 b.
561 2339 722 2373 Personae
735 2339 924 2383 Religionis,
938 2349 1012 2372 cum
1031 2339 1179 2372 habitum
1198 2343 1330 2373 sumunt
1349 2338 1397 2370 vel
1422 2337 1618 2381 profitentur
1636 2342 1732 2381 atque

264 2392 297 2425 in
317 2393 456 2426 articulo
477 2393 603 2434 mortis,
622 2394 841 2427 confessorem
862 2393 984 2436 eligunt
1000 2403 1093 2437 aquo
1108 2392 1345 2436 indulgentiam
1359 2391 1537 2435 plenariam
1555 2390 1730 2435 rccipiunt,

254 2446 344 2493 ibid.
367 2446 574 2486 Tabellionis,
593 2447 654 2479 sub
674 2446 1021 2480 excommunicationis
1041 2457 1146 2491 poena
1161 2446 1330 2480 notificent
1346 2444 1449 2486 legata
1473 2444 1613 2489 hospitio
1628 2445 1731 2486 facta,

265 2499 325 2533 531
350 2511 380 2533 a.
404 2499 532 2533 Priores
561 2505 591 2533 et
621 2506 868 2545 praeceptores,
896 2501 1061 2534 dominica
1090 2501 1274 2534 Palmarum
1303 2504 1334 2531 et
1363 2499 1431 2531 eius
1461 2504 1583 2540 octava,
1611 2499 1734 2533 confes-

265 2553 371 2587 siones
392 2553 541 2594 audiunt,
559 2559 590 2587 et
606 2554 836 2587 confitentibus
857 2554 1075 2597 indulgentias
1093 2554 1338 2598 impartiuntur,
1356 2552 1435 2585 ibid.
1453 2552 1599 2586 Facultas
1613 2563 1733 2597 appen-

265 2607 361 2641 dendi
382 2617 557 2651 campanas
577 2607 771 2641 animalibus
797 2608 829 2641 S.
852 2608 970 2641 Lazaro
997 2608 1132 2648 oblatis,
1155 2607 1274 2650 illaque
1306 2606 1537 2648 subsignandi,
1566 2606 1645 2640 ibid.
1673 2606 1734 2639 Du-

233 2696 236 2699 ,
265 2667 358 2697 rante
378 2661 549 2706 temporali
570 2661 849 2706 indulgentiarum
868 2662 1092 2707 suspensione,
1108 2660 1215 2696 Sancti
1236 2659 1346 2694 Lazari
1366 2659 1587 2704 indulgentiae
1604 2670 1669 2694 non
1687 2659 1733 2694 in-
