2237 3100
216 242 266 271 An.
282 245 312 273 C.
331 244 398 273 1569

239 2237 319 2258 Eisdem
336 2242 395 2257 eoi-o<

213 2275 240 2289 na
270 2268 335 2293 regati
365 2271 394 2288 uu

213 2300 345 2321 conceditur.

455 233 519 268 766

412 297 643 342 praesentium,
662 307 821 337 creamus,
835 295 1071 335 constituimus,
1085 305 1158 338 pro-

412 351 603 385 nunciamus
618 377 626 391 ,
653 351 854 383 declaramus
870 376 876 389 ,
900 359 1157 393 magnorumque

412 406 530 438 ducum
544 404 689 437 Etruriae
702 403 897 447 provinciae,
910 409 942 436 ut
961 401 1155 447 praefertur,

413 458 457 491 eis
476 457 639 490 subiectae
659 456 803 497 nominc,
826 456 920 489 titulo
948 461 975 489 et
1011 455 1158 489 denomi-

412 511 540 544 natione
561 510 742 543 extollimus
763 516 793 543 et
813 510 1061 554 amplificamus,
1084 520 1158 542 nec-

411 574 475 597 non
496 574 549 596 cos
584 562 688 595 dictae
718 563 866 596 Etruriae
896 563 1081 607 provinciae
1112 563 1156 596 eis

411 616 573 650 subiectae
594 627 727 660 magnos
748 617 845 649 duces
876 622 905 650 et
932 616 1096 660 principes
1116 616 1156 649 ab

411 669 561 703 omnibus
591 669 776 711 nominari,
799 669 979 714 appellari,
1002 669 1153 710 inscribi,

410 723 472 755 dici
488 750 496 764 ,
519 723 642 765 haberi,
664 723 787 757 censeri
819 730 847 757 et
880 723 1010 756 tractari
1037 723 1155 757 debere

409 777 568 818 volumus,
584 777 802 821 praecipimus
827 788 861 810 ac
883 777 1087 819 mandamusj,
1111 784 1156 811 at-

408 841 471 874 quc
505 830 656 864 Cosmum
688 842 841 875 magnum
873 832 989 865 ducem
1021 832 1155 875 eiusque

407 895 606 918 successores
627 885 787 929 praefatos
807 885 958 919 omnibus
972 890 1000 918 et
1021 885 1155 928 singulis

407 938 678 983 exemptionibus,
701 939 973 981 immunitatibus,
997 939 1155 973 libertati-

406 992 477 1033 bus,
500 992 672 1033 favoribus,
693 993 960 1037 praeeminentiis,
982 1004 1155 1037 praeroga-

406 1046 486 1085 tivis,
507 1046 654 1087 indultis,
672 1046 847 1090 privilegiis
867 1047 1003 1090 aliisque
1023 1047 1156 1090 quibus-

405 1100 484 1134 libet
495 1099 606 1143 gratiis
625 1105 656 1133 et
675 1100 866 1140 honoribus,
882 1101 1000 1144 quibus
1017 1101 1069 1134 alii
1083 1112 1155 1133 rere

404 1153 498 1187 liberi
520 1159 551 1187 et
571 1153 685 1187 directi
706 1154 829 1187 domini
849 1165 887 1187 ae
918 1154 1026 1198 magni
1058 1155 1155 1188 duces

406 1213 433 1241 et
456 1207 632 1251 principes,
647 1207 744 1241 etiam
758 1208 864 1241 ducali
879 1213 933 1241 aut
953 1208 1016 1241 alia
1029 1208 1152 1252 quavis,

406 1261 504 1295 etiam
524 1261 652 1302 maiori,
675 1261 831 1305 dignitate
851 1262 1103 1306 praefulgentes,
1119 1273 1155 1295 ac

406 1326 614 1359 quacumque
634 1315 737 1348 libera
757 1321 784 1349 et
820 1316 967 1349 absoluta
998 1321 1155 1359 potestate

407 1370 586 1412 fungentes,
607 1369 640 1402 in
660 1379 778 1413 genere
790 1369 838 1402 vel
856 1369 888 1402 in
905 1369 1024 1413 specie,
1039 1369 1071 1401 in
1085 1368 1156 1413 qui-

405 1422 608 1467 buscumque
639 1423 718 1457 locis
731 1450 738 1464 ,
759 1423 887 1467 pompis
902 1449 910 1463 ,
933 1422 1130 1457 sessionibus
1144 1449 1152 1464 ,

407 1477 650 1511 celebritatibus
666 1504 674 1518 ‚
707 1477 921 1511 caeremoniis
959 1483 990 1511 etv
1030 1477 1155 1510 actibus

407 1531 546 1576 publicis
565 1532 615 1565 vel
634 1531 766 1576 privatis
780 1558 787 1572 ,
808 1537 874 1565 tam
895 1531 935 1564 de
966 1531 1036 1564 iure
1057 1542 1155 1575 quam

407 1586 446 1619 de
467 1586 703 1619 consuetudine
718 1613 725 1627 ,
748 1585 845 1619 etiam
877 1585 910 1618 in
940 1585 1021 1618 Aula
1046 1591 1155 1619 nostra

406 1639 558 1672 Vaticana
588 1644 619 1672 et.
639 1639 761 1683 ubique
796 1645 979 1680 terrarum,
1012 1638 1108 1672 etiam
1129 1638 1155 1671 si

407 1693 507 1737 aliqui
529 1693 583 1726 alii
603 1693 711 1737 magni
729 1698 757 1726 et
779 1693 900 1726 similes
914 1693 1012 1726 duces
1025 1698 1056 1726 et
1068 1692 1156 1737 prin-

406 1747 493 1791 cipes
523 1753 709 1792 praesentes
739 1747 881 1789 fuerint,
904 1757 1038 1791 quoquo
1059 1747 1155 1780 niodo

407 1806 555 1842 utuntur,
569 1802 735 1842 fruuntur,
761 1799 932 1845 potiuntur
954 1806 984 1835 et
1003 1801 1155 1844 gaudent,

407 1866 463 1889 seu
483 1855 542 1896 uti,
565 1855 642 1896 frui,
663 1855 762 1899 potiri
783 1860 811 1889 et
833 1855 974 1898 gaudere
1005 1855 1038 1887 in
1068 1855 1156 1888 futu-

408 1919 480 1941 rum
493 1908 738 1952 quomodolibet
759 1914 911 1952 poterunt
925 1913 955 1940 et
968 1907 1053 1942 soliti
1067 1913 1154 1948 sunt,

407 1973 473 1996 non
493 1962 626 2006 quidem
647 1962 686 1995 ad
707 1962 838 1996 illorum
860 1962 971 2002 instar,
993 1962 1049 1995 sed
1070 1961 1156 2005 pari-

407 2016 555 2051 formiter
588 2022 618 2050 et
649 2016 770 2060 absque
800 2016 867 2049 ulla
897 2026 1029 2059 prorsus
1064 2015 1156 2049 diffe-

408 2070 512 2104 rentia
525 2070 585 2112 uti,
604 2070 680 2112 frui,
699 2069 796 2114 potiri
815 2076 843 2103 et
861 2070 1002 2113 gaudere
1014 2080 1108 2114 posse
1121 2080 1157 2102 ac

408 2125 539 2159 debere.

454 2179 469 2223 ἓ
488 2178 519 2212 9.
542 2178 580 2212 Et
600 2178 745 2222 insuper,
767 2177 801 2210 in
822 2177 951 2211 evidens
968 2178 1157 2221 clarumque

409 2243 589 2278 propensae
609 2238 739 2266 nostrae
758 2232 931 2266 voluntatis
945 2243 1018 2276 erga
1036 2232 1157 2265 dictum

409 2287 560 2321 Cosmum
592 2296 745 2330 magnum
778 2286 893 2319 duceni
936 2286 1156 2320 testimonium

410 2346 597 2384 certamque
636 2339 819 2373 dilectionis
857 2339 1128 2382 significationem
1148 2365 1155 2380 ,

411 2405 484 2428 eum
505 2394 671 2438 amplioris
692 2404 823 2438 quoque
851 2393 973 2436 gratiae
993 2399 1023 2426 et
1044 2393 1158 2427 favoris

411 2444 633 2487 praerogativa
663 2444 801 2477 maxime
822 2443 956 2487 dignum
978 2448 1156 2485 censentes,

411 2499 458 2535 ut„
481 2494 567 2527 iuxta
587 2495 778 2528 sententiam
799 2492 972 2527 Clementis
994 2493 1043 2533 IV,
1064 2504 1158 2536 prae-

412 2542 589 2576 decessoris
609 2543 709 2577 nostri
729 2542 898 2588 praedicti,
918 2553 955 2576 ex
971 2542 1086 2575 maiori
1104 2543 1159 2575 de-

412 2602 486 2625 core
506 2598 702 2634 ornatuum,
727 2592 892 2627 maioritas
922 2596 1076 2636 appareat
1110 2590 1158 2623 di-

412 2640 551 2684 gnitatis,
571 2641 678 2686 ipsum
697 2641 848 2677 Cosmum
869 2651 1023 2686 magnum
1043 2641 1157 2675 ducem

1006 239 1184 265 BULLARIUM
1204 239 1354 264 ROMANUM

1200 299 1227 327 et
1250 293 1318 327 eius
1338 304 1539 327 successores
1558 294 1744 328 huiusmodi
1766 295 1865 339 regali
1892 305 1945 329 co-

1200 357 1290 388 rona,
1313 353 1343 379 ut
1378 347 1513 380 inferius
1544 347 1674 391 depingi
1710 348 1943 389 mandavimus,

1199 411 1263 443 qua
1285 411 1383 444 super
1410 411 1522 434 eorum
1551 401 1724 443 gentilibus
1750 401 1944 444 insignibus,

1199 454 1238 486 ad
1260 453 1416 487 illustrius
1445 454 1652 498 nobiliusque
1684 454 1827 498 ipsorum
1849 455 1946 489 decus

1199 513 1226 540 et
1263 514 1514 549 ornamentum,
1537 507 1596 549 uti,
1627 518 1764 551 eamque
1794 514 1944 552 portare,

1198 562 1281 595 ferre
1299 568 1327 595 et
1346 568 1481 605 gestare,
1495 561 1692 606 depingique
1705 567 1733 595 et
1752 561 1946 606 insculpifa-

1198 626 1270 648 cere
1290 615 1392 648 libere
1428 622 1456 648 et
1487 615 1574 648 licite
1605 615 1724 659 possint
1756 621 1785 648 et
1806 616 1944 657 valeant,

1198 675 1300 707 motu,
1322 669 1456 702 scientia
1487 680 1522 702 ac
1553 669 1719 713 potestatis
1743 669 1947 712 plenitudine

1197 722 1369 763 similibus,
1389 723 1593 763 decoramus,
1608 733 1800 756 exornamus
1820 729 1851 756 et
1870 723 1947 757 insi—

1197 776 1336 819 gnimus,
1361 777 1594 820 decoratosque
1625 782 1794 811 exornatos
1815 782 1846 810 et
1867 777 1946 812 insi-

1197 830 1302 873 gnitos
1323 832 1390 864 fore
1411 836 1441 864 et
1461 842 1540 864 esse.

1242 885 1257 929 ξ
1277 884 1331 918 10.
1355 885 1607 928 Praesentesque
1626 885 1749 918 litteras
1773 885 1813 918 de
1832 885 1945 919 subre-
1960 895 2068 948 ctausisiae
2083 901 2144 923 prae-

1960 932 2024 948 Sssss‘a
2035 932 2090 948 lvi-E.

1197 938 1316 982 ptionis
1346 939 1395 971 vel
1425 938 1625 983 obreptionis
1645 938 1742 979 vitio,
1765 945 1818 972 aut
1840 938 1946 972 inten-

1198 992 1294 1025 tionis
1304 998 1431 1026 nostrae
1442 1004 1497 1025 seu
1511 1003 1719 1036 quocumque
1732 992 1795 1026 alio
1808 993 1946 1034 defectu,

1198 1057 1234 1079 cx
1254 1046 1376 1090 quavis,
1400 1047 1496 1080 etiam
1514 1046 1753 1090 quantumlibet¹
1772 1046 1946 1082 iustissima

1197 1106 1225 1133 et
1265 1100 1493 1143 urgentissima
1530 1100 1783 1144 rationabilique
1821 1111 1917 1134 causa
1935 1127 1944 1142 ,

1196 1154 1286 1188 nullo
1307 1165 1452 1197 unquam
1485 1160 1631 1198 tempore
1652 1165 1670 1187 a
1690 1164 1857 1197 quoquam
1887 1164 1946 1188 no-

1197 1208 1256 1241 tari
1278 1209 1325 1241 vel
1346 1207 1530 1252 impugnari
1552 1218 1655 1252 posse,
1669 1207 1724 1241 sed
1744 1207 1814 1241 illas
1826 1207 1947 1243 validas

1197 1268 1225 1295 et
1248 1261 1394 1295 efficaces
1414 1266 1572 1306 perpetuo
1602 1262 1670 1295 fore
1702 1267 1731 1294 et
1753 1271 1833 1302 esse,
1855 1271 1946 1296 suos-

1198 1327 1261 1359 que
1281 1315 1456 1359 plenarios,
1479 1315 1594 1349 totales
1615 1320 1642 1348 et
1665 1314 1870 1348 omnimodos
1901 1315 1946 1348 ef-

1197 1370 1297 1402 fectus
1317 1369 1425 1402 sortiri
1448 1379 1541 1413 posse
1562 1379 1598 1401 ac
1624 1368 1743 1402 debere
1774 1368 1808 1402 in
1841 1368 1946 1402 omni-

1196 1423 1256 1456 bus
1277 1428 1308 1456 et
1327 1434 1386 1467 per
1406 1423 1536 1464 omnia,
1560 1433 1596 1456 ac
1631 1423 1656 1455 si
1678 1421 1948 1457 consistorialiter

1197 1483 1224 1510 et
1248 1478 1287 1510 de
1307 1477 1443 1510 fratrum
1464 1483 1649 1511 nostrorum
1675 1476 1810 1511 consilio
1830 1477 1945 1519 factae,

1198 1537 1225 1564 et
1248 1531 1282 1564 in
1295 1531 1364 1575 ipso
1378 1531 1571 1565 consistorio
1585 1537 1695 1565 nostro
1708 1537 1832 1565 secreto
1844 1531 1947 1565 lectae

1197 1585 1343 1618 fuissent.

1241 1639 1256 1683 ἓ
1275 1639 1328 1672 ll.
1353 1638 1471 1683 Sicque
1490 1650 1548 1683 per
1568 1649 1793 1683 quoscumque
1813 1638 1947 1680 iudices,

1198 1692 1294 1725 etiam
1316 1692 1489 1737 imperiali,
1512 1692 1612 1735 regia,
1634 1692 1739 1726 ducali
1759 1691 1808 1725 vel
1837 1691 1948 1736 quavis

1198 1747 1260 1779 alia
1281 1747 1469 1781 excellentia
1490 1753 1519 1780 et
1540 1747 1695 1791 dignitate
1716 1746 1894 1790 praeditos,
1917 1750 1949 1779 et

1199 1801 1278 1834 alios
1298 1801 1536 1835 commissarios
1555 1827 1562 1842 ‚
1585 1800 1730 1844 qualibet
1755 1799 1948 1834 auctoritate

1199 1856 1379 1898 fungentes,
1403 1854 1500 1888 etiam
1519 1865 1691 1888 causarum
1721 1853 1804 1887 sacri
1833 1852 1947 1887 Palatii

1199 1908 1299 1942 nostri
1321 1908 1484 1942 auditores
1511 1914 1543 1942 et.
1562 1913 1691 1941 sanctae
1710 1907 1874 1941 Romanae
1891 1907 1950 1940 Ec-

1198 1962 1296 1996 lesiae
1330 1962 1510 1995 cardinales
1526 1989 1533 2003 ,
1556 1962 1683 1995 sublata
1713 1961 1757 1994 eis
1778 1966 1809 1994 et
1833 1971 1948 1995 eorum

1199 2016 1329 2050 cuilibet
1351 2016 1462 2060 quavis
1494 2016 1587 2049 aliter
1617 2014 1796 2056 iudicandi,
1818 2020 1948 2048 senten-

1201 2070 1314 2111 tiandi,
1336 2069 1514 2104 definiendi
1535 2075 1565 2103 et
1592 2068 1826 2113 interpretandi
1847 2068 1948 2102 facul-

1200 2130 1263 2157 tate
1284 2131 1314 2158 et
1334 2124 1524 2159 auctoritate
1541 2151 1548 2165 ‚
1571 2123 1708 2157 iudicari
1724 2149 1732 2164 ‚
1754 2122 1883 2156 definiri
1918 2127 1950 2156 et

1200 2177 1407 2223 interpretari
1432 2178 1561 2212 debere:
1596 2188 1633 2211 ac
1668 2176 1826 2221 quicquid
1856 2187 1950 2210 secus

1200 2244 1298 2277 super
1317 2233 1367 2267 his
1387 2244 1404 2266 a
1425 2243 1602 2277 quoquam,
1616 2232 1727 2275 quavis
1747 2230 1950 2272 auctoritate,

1200 2287 1340 2320 scienter
1358 2287 1405 2319 vel
1426 2287 1626 2330 ignoranter,
1649 2285 1821 2329 contigerit
1846 2290 1948 2318 atten-

1200 2341 1274 2382 tari,
1296 2341 1424 2374 irritum
1446 2346 1474 2373 et
1497 2341 1592 2374 inane
1611 2340 1817 2374 decernimus
1837 2344 1869 2372 et.
1892 2338 1948 2372 de—

1200 2395 1372 2428 claramus.

1245 2444 1260 2487 ξ
1280 2443 1333 2477 19.
1356 2443 1425 2477 Non
1446 2443 1649 2477 obstantibus
1679 2441 1845 2487 quibusvis
1869 2451 1947 2475 con-

1200 2493 1421 2527 stitutionibus
1436 2499 1466 2526 et
1479 2490 1946 2538 ordinationibusvapostolicig

1201 2553 1237 2576 ac
1262 2542 1522 2587 provinciarum,
1545 2542 1709 2575 civitatum
1740 2543 1772 2575 et
1799 2540 1948 2574 locorum

1201 2591 1419 2635 quorumlibet
1447 2590 1573 2624 statutis
1595 2597 1625 2624 et
1645 2588 1946 2630 consuetudinibus,

1201 2640 1297 2675 etiam
1317 2641 1501 2675 iuramento
1514 2667 1522 2682 ,
1545 2639 1792 2675 confirmatione
1819 2643 1948 2685 aposto-

1962 239 2010 266 An.
2028 237 2057 265 C.
2074 237 2141 266 {5⁶9

1989 1643 2101 1665 Decretum
2115 1644 2144 1664 ir-

1963 1675 2038 1697 ritans.

1991 2444 2102 2466 Glausutae
2113 2445 2147 2465 de·

1965 2477 2094 2502 rogatoriae.

2228 2124 2237 2166 i

2228 2173 2237 2232 ἲ
