2237 3100
61 278 111 304 An.
127 277 157 304 C.
177 277 244 305 ¹569

102 1725 247 1747 Emolumenta

63 1757 187 1779 officialibus
196 1757 248 1777 assi-

63 1793 119 1816 gnat-

945 275 1012 299 Plrs
1039 276 1057 298 V
1077 256 1125 298 Pr.

259 326 475 362 conscribant.
508 328 711 372 Conscriptas
737 329 876 361 minutas
900 329 1013 361 abbre-

257 381 581 414 viatoresli[terarum
592 382 843 425 apostolicarum
853 382 890 414 dc
901 382 1013 414 maiori

259 433 473 478 praesidentia
494 435 526 467 in
543 435 658 478 prii‘nis
678 436 861 468 examinent
885 441 916 468 ct.
941 446 1013 468 cor-

259 487 374 530 rigant.
405 487 572 521 Correctas
605 488 663 521 soli
697 488 870 532 scriptores
900 489 1013 521 liuius-

258 540 533 574 modilitteraruni
545 542 678 574 minoris
692 543 802 584 gratia·
818 542 1011 579 describant,

259 599 294 626 ut
311 593 386 627 inde
402 594 525 627 litterae
542 595 628 638 ipsae
638 595 676 627 ad
686 594 917 628 Cancellariam
934 607 1015 638 praf-

258 647 375 681 dictam
397 653 426 681 et
448 647 633 681 defensores
654 648 799 692 aliosque
827 649 1015 692 praesiden-

258 706 305 734 tes
329 701 362 734 in
385 701 489 734 banco
520 701 685 744 praedicto
718 701 926 739 deserantur,
958 703 1016 735 ibi-

258 765 333 799 que,
361 755 540 788 secundum
565 755 709 797 regulam
737 756 775 788 ad
809 755 906 788 ritum
941 756 1015 789 dicti

258 808 355 842 officii
382 808 651 842 Poenitentiariae
691 809 941 849 moderandam,
969 816 1015 843 ta-

258 868 384 896 xentur.
421 862 489 895 Mox
519 862 558 895 ab
590 862 865 896 abbreviatoribus
892 865 1017 907 praedi-

259 915 329 957 ctis,
350 915 450 948 instar
468 916 619 956 aliarum,
632 916 664 948 in
692 917 803 949 eadem
820 917 1017 950 Cancellaria

259 969 444 1012 recognitae
453 969 529 1002 etad
539 969 809 1013 supplicationem
821 971 968 1007 collatae,
978 971 1017 1003 ad

258 1022 432 1056 Bullariain
446 1022 626 1060 1nittantur;
643 1023 853 1067 subiectoque
866 1025 1014 1068 plumbo,

260 1076 408 1120 protinus
418 1087 435 1108 a
445 1076 618 1119 sigillatore
629 1076 782 1119 praedicti
794 1077 890 1110 officii
902 1078 1017 1111 Poeni-

260 1129 427 1162 tentiariae
440 1129 624 1174 capiantur,
647 1129 715 1173 qui,
730 1135 799 1163 taxa
808 1131 846 1163 ad
858 1132 1017 1175 praescri-

261 1188 351 1227 ptum
360 1189 507 1216 nostrum
521 1189 662 1226 recepta,
674 1194 726 1216 eas
735 1194 791 1227 per
801 1184 1018 1229 descriptores

261 1237 299 1270 ad
321 1237 353 1269 id
368 1237 579 1270 assumendos
595 1238 681 1270 iuxta
697 1243 823 1271 nostras
839 1250 937 1283 super
956 1239 1018 1272 hoc

261 1290 482 1323 ordinationes
513 1290 684 1334 regestari,
717 1297 744 1324 et
778 1298 952 1334 regestatas
979 1293 1018 1325 ad

260 1344 458 1388 exemplum,
481 1344 558 1376 utin
574 1343 645 1376 aliis
657 1344 755 1377 moris
776 1350 834 1384 est,
851 1346 1017 1385 conferre;

260 1396 400 1439 denique
421 1396 681 1439 singulislitteris
701 1398 873 1441 praedictis
889 1409 1017 1433 omnem

261 1449 440 1494 impensam
454 1450 652 1493 perverbum
661 1450 834 1493 Eoeposm't,
846 1452 893 1484 uti
905 1453 1019 1485 litteris

261 1503 806 1547 officiiPoeniteniiariaepandione
823 1506 923 1538 moris
938 1512 1016 1547 erat,

261 1557 478 1599 subscribere,
501 1558 597 1601 idque
624 1558 719 1591 ctiam
746 1565 872 1602 regesto
896 1561 1020 1603 praedi-

262 1617 313 1645 cto
333 1611 488 1645 adnotare
508 1619 674 1656 procuret.

306 1665 321 1708 ἓ
346 1664 378 1698 5.
401 1664 690 1709 percipiendorum
716 1673 824 1700 autem
850 1678 867 1700 a
889 1678 1019 1711 quoque

262 1718 429 1751 fructuum
451 1724 481 1752 et
501 1720 801 1754 emolumentorum
828 1732 962 1754 suorum
984 1732 1020 1754 ea

263 1772 345 1806 ratio
366 1783 434 1805 esse
455 1772 568 1806 debeat
584 1778 630 1815 ut,
653 1773 743 1807 finito
765 1786 886 1815 mense,
905 1775 937 1807 iu
959 1775 1021 1818 pri—

262 1825 322 1859 mis
342 1825 459 1859 salaria
478 1837 593 1859 eorum
614 1827 775 1867 omnium,
799 1828 854 1870 qui
875 1828 913 1860 ad
931 1839 1019 1861 inen-

264 1890 331 1912 sam
356 1879 544 1923 praedictam
566 1880 767 1922 defensores,
788 1887 816 1914 et
841 1882 903 1914 alio
924 1882 1020 1914 officii

262 1943 397 1966 munere
419 1944 456 1966 ex
476 1934 690 1978 scriptoribus
706 1941 735 1967 et
752 1936 1020 1978 procuratoribus

262 1986 397 2019 litterar.
416 1986 550 2021 minoris
569 1988 688 2030 gratiae
704 1989 889 2021 huiusmodi
906 1990 1021 2021 consti-

264 2045 396 2073 tuantur
411 2046 441 2073 ct
455 2041 636 2081 solva1mu=3
655 2042 770 2075 deinde
793 2049 1021 2085 procuratores

264 2099 294 2127 et
314 2093 489 2138 scriptores
510 2105 599 2127 suain
621 2095 758 2139 quisquc
776 2096 957 2139 portionem
979 2096 1022 2129 vi-

265 2147 351 2180 ritim
382 2159 440 2192 per
473 2159 531 2181 sua
558 2149 705 2192 collegia,
730 2155 763 2182 ut
790 2155 883 2182 antea
912 2150 1020 2182 distri-

265 2200 437 2242 buendam,
459 2203 606 2246 capiant,
629 2214 744 2245 regens
764 2214 838 2235 vcro
855 2203 1021 2236 Cancella-

265 2254 332 2287 riae
352 2258 382 2287 et
397 2255 635 2288 abbreviatorcs
652 2255 807 2299 praedicti
826 2267 883 2299 pro
900 2256 1021 2288 labori-

265 2306 326 2340 bus
346 2307 424 2340 illud
440 2308 525 2341 idem
542 2309 580 2341 de
597 2309 732 2352 singulis
750 2309 1020 2353 expswlititiiiilius,

266 2361 354 2404 quod
380 2361 456 2394 olim
484 2362 640 2405 praedicti
662 2363 726 2395 duo
748 2368 965 2403 correctores,
994 2369 1021 2395 et

267 2414 463 2458 stipendium
474 2421 504 2448 ct
514 2416 772 2449 emolumentum
785 2416 885 2448 libere
897 2422 923 2448 et
937 2416 1024 2449 licite

268 2463 458 2507 percipient.
482 2464 594 2497 Cetera
615 2464 689 2497 item
712 2464 827 2496 salaria
848 2469 878 2496 et
898 2465 1024 2497 emolu-

268 2519 377 2545 menta
398 2513 429 2545 in
450 2513 585 2557 plumbo
606 2519 635 2546 ct
661 2519 800 2556 utroque
824 2518 961 2556 regesto,
984 2514 1025 2546 vi-

268 2560 385 2594 delicet
404 2562 681 2605 supplicationum
695 2568 723 2595 ct
741 2563 920 2595 litterarum
936 2573 1026 2605 prae-

268 2609 429 2644 dictarum
450 2616 477 2644 et
491 2611 566 2644 alibi
587 2610 779 2651 necessaria,
796 2611 883 2644 iuxta
901 2611 1026 2644 ordina-

272 2659 375 2694 tiones
399 2667 524 2694 nostras
551 2660 744 2705 praedictas,
773 2660 953 2705 capiantur.
984 2662 1026 2695 lie

349 2709 423 2739 Ball.
440 2709 516 2740 Rom.
545 2710 598 2740 Vol.
620 2709 678 2740 VII.
869 2710 907 2740 95

1702 266 1766 300 753

1056 333 1125 360 taxa
1146 338 1220 360 voro
1232 338 1250 360 a
1270 328 1356 361 dicto
1372 327 1546 370 sigillatore
1568 328 1737 371 capienda,
1755 329 1811 362 sti-

1057 381 1172 424 pendia
1193 381 1342 424 regentis,
1365 381 1490 419 datarii‚
1506 381 1812 422 correctoris‚t11c0-

1057 433 1132 476 logi,
1151 435 1302 474 doctoris,
1321 440 1582 478 procuratorum,
1600 435 1809 478 scriptorum,

1057 488 1252 530 sigillatoris,
1272 495 1521 531 ceterorumque
1543 488 1778 529 ministrorum,
1798 488 1811 511 ¹

1057 547 1249 581 atramento,
1263 553 1348 582 cera,
1364 543 1506 585 capsula,
1526 542 1670 575 cordulis
1690 548 1718 575 et
1734 542 1813 575 alias

1057 596 1365 639 quomodocumque
1377 596 1416 628 ad
1431 595 1667 639 expeditionem
1688 595 1811 629 littera-

1058 659 1130 680 rum
1170 648 1271 681 dietae
1306 649 1574 682 Poenitentiariae
1608 648 1789 682 necessaria
1802 675 1810 689 ,

1058 711 1137 743 quas
1157 702 1254 743 gratis
1287 702 1406 745 ubique
1433 702 1501 735 sieri
1529 708 1556 735 ct
1588 702 1722 735 concedi
1749 702 1811 735 iam

1059 755 1288 798 praecipimus,
1310 761 1382 787 aute
1403 755 1511 788 onmia
1537 756 1760 796 desumantur,
1783 761 1813 789 et

1059 807 1193 849 singulis
1210 809 1450 851 persolvantur3
1473 809 1559 851 quod
1575 819 1663 849 vero,
1681 809 1730 842 liis
1746 819 1814 842 om-

1060 861 1154 893 uibus
1170 861 1459 894 omninodeductis
1480 867 1509 894 et
1529 862 1714 906 persolutis,
1737 863 1813 895 reli-

1059 925 1159 957 quum
1177 915 1391 953 erit‚maioris
1403 916 1642 958 poenitentiarii
1659 915 1813 959 praedicti

1060 977 1127 1000 esse
1145 967 1270 1000 debeat.

1104 1023 1118 1062 ς’
1139 1023 1169 1053 t‘».
1194 1021 1238 1053 Ad
1262 1022 1340 1054 llaec
1366 1032 1496 1065 quoque
1522 1022 1706 1065 praedictus
1726 1022 1814 1066 sigil-

1061 1074 1142 1107 lator
1178 1085 1290 1107 curam
1326 1075 1441 1107 babeat
1478 1075 1659 1119 praedictas
1691 1075 1814 1119 suppli-

1060 1127 1202 1161 cationes
1222 1139 1238 1161 c
1260 1139 1357 1160 manu
1370 1128 1483 1161 datarii
1496 1128 1688 1172 recipiendi,
1707 1135 1737 1162 et
1757 1140 1816 1173 per

1060 1181 1139 1213 alios
1159 1181 1199 1214 ad
1215 1181 1245 1214 id
1267 1182 1462 1214 ordinandos
1483 1182 1700 1223 describendi,
1719 1183 1750 1215 in
1767 1194 1816 1217 re-

1060 1240 1184 1277 gestum
1212 1236 1252 1267 ab
1266 1236 1367 1268 altero
1381 1235 1568 1268 distinctum
1589 1236 1761 1276 referendi,
1786 1242 1816 1269 ct

1062 1295 1237 1332 utrumque
1262 1289 1400 1322 fideliter
1415 1289 1626 1322 custodiendi.
1650 1289 1813 1330 Ceterum,

1061 1343 1169 1375 nullae
1189 1342 1322 1375 omnino
1343 1343 1608 1387 supplicationes.
1632 1354 1730 1386 super
1754 1344 1816 1376 liu-

1062 1396 1201 1428 iusmodi
1230 1396 1373 1429 materiis
1403 1396 1576 1439 signandae
1597 1396 1680 1429 inter
1705 1397 1817 1431 abbre-

1060 1449 1197 1482 xiatores
1222 1450 1403 1493 praedictos
1430 1450 1681 1491 distrilniantur,
1711 1462 1817 1495 neque

1062 1503 1203 1545 cuipiam
1232 1503 1479 1546 relinquantur,
1510 1514 1615 1547 neque
1651 1514 1750 1548 super
1780 1504 1818 1537 iis

1062 1562 1189 1600 sumpta
1209 1556 1307 1589 aliave
1320 1557 1467 1600 exempla
1493 1568 1529 1589 ex
1550 1557 1682 1599 regestis
1698 1558 1818 1591 descri-

1040 1645 1041 1648 ,
1062 1611 1190 1647 bantur,
1205 1611 1299 1643 etiam
1311 1616 1480 1654 postquam
1493 1611 1608 1644 littera}
1622 1611 1818 1655 apostolicae

1062 1675 1160 1707 super
1180 1664 1242 1697 illis
1263 1664 1428 1707 expeditae
1449 1670 1477 1697 ct
1500 1665 1647 1708 partibus
1668 1676 1721 1698 eas
1741 1676 1818 1708 pro-

1062 1717 1270 1760 sequentibus
1291 1717 1434 1751 redditae
1456 1717 1588 1758 fuerint,
1617 1718 1672 1751 sed
1693 1719 1818 1763 suppli-

1062 1766 1300 1809 cationesipsae
1312 1767 1398 1810 apud
1417 1772 1579 1807 regestum
1599 1767 1799 1809 praedictum
1812 1793 1820 1807 ,

1063 1815 1121 1848 sub
1143 1826 1221 1848 cura
1238 1815 1312 1847 dicti
1330 1815 1526 1858 sigillatori-s,
1544 1815 1600 1858 qui
1621 1816 1743 1859 pariter
1759 1816 1819 1859 ipsi

1063 1870 1187 1908 regesto
1209 1865 1390 1908 praefectus
1411 1864 1460 1905 sit,
1474 1865 1612 1898 fideliter
1633 1865 1818 1898 custodian-

1063 1919 1127 1946 tur.

1107 1965 1121 2006 g
1142 1963 1172 1995 7.
1196 1962 1527 2006 praecipimusigitur
1542 1969 1638 2005 atque
1655 1963 1821 1996 interdici-

1065 2023 1136 2044 mus
1152 2012 1440 2051 abbrexiatoribus,
1459 2012 1684 2055 scriptoribus,
1703 2023 1820 2056 procu-

1066 2061 1224 2094 ratoribus
1254 2061 1433 2104 ceterisque
1460 2061 1642 2105 praedictis,
1667 2067 1729 2094 tam
1742 2072 1820 2094 con-

1065 2110 1199 2143 iunctim
1213 2121 1310 2153 quam
1328 2110 1466 2149 divisim,
1486 2121 1525 2143 nc
1547 2111 1636 2153 quid,
1654 2111 1702 2143 vel
1723 2111 1820 2145 mini-

1065 2170 1165 2199 mum,
1176 2160 1271 2192 etiam
1285 2165 1398 2202 sponte
1411 2160 1565 2197 oblatum,
1576 2171 1592 2191 a
1601 2159 1821 2202 partibus,sive

1067 2219 1124 2250 pro
1145 2208 1357 2251 expeditionis
1379 2209 1594 2241 maturatione
1607 2209 1670 2241 sivc
1688 2208 1750 2241 alio
1772 2220 1822 2242 ex-

1066 2257 1414 2298 traordinariolabore,
1438 2258 1576 2300 capiant,
1593 2263 1649 2290 aut
1665 2268 1682 2290 a
1694 2258 1823 2291 famulis

1066 2305 1202 2349 aliisque
1230 2306 1375 2349 personis
1400 2317 1516 2348 capere
1543 2307 1741 2349 permittant,
1767 2308 1823 2341 sed

1066 2355 1132 2387 suis
1152 2355 1290 2398 quisque
1316 2355 1393 2388 taxis
1418 2360 1448 2387 et
1472 2355 1651 2398 stipendiis,
1675 2355 1720 2388 uti
1747 2367 1824 2389 con-

1067 2404 1175 2436 stituta
1196 2410 1287 2443 sunt,
1315 2404 1455 2437 contenti
1482 2415 1549 2437 esse
1575 2404 1724 2438 debeant.
1747 2405 1824 2445 Qui-

1068 2465 1208 2497 cumque
1231 2465 1323 2487 secus
1344 2454 1488 2491 feceriut,
1510 2460 1638 2497 praeter
1657 2454 1727 2488 illas
1748 2466 1824 2489 cen-

1068 2513 1159 2535 suras
1180 2508 1209 2535 et
1230 2513 1362 2546 poenas,
1385 2514 1467 2545 quac
1489 2502 1521 2535 in
1542 2503 1616 2535 talia
1636 2509 1826 2547 perpetran-

1070 2556 1115 2584 tes
1127 2551 1296 2595 impositae
1309 2558 1394 2591 sunt,
1407 2563 1540 2585 suorum
1558 2552 1739 2585 officiorum
1757 2553 1825 2597 pri-

1068 2600 1228 2633 vationem
1251 2600 1428 2641 incurrant,
1442 2606 1472 2633 et
1492 2601 1651 2634 adfutura
1667 2601 1827 2635 inhabiles

1108 2673 1117 2697 i
1138 2671 1298 2699 Addontlum
1319 2672 1397 2705 torte,
1415 2681 1527 2705 expensa
1542 2681 1594 2706 pro
1611 2676 1661 2702 etc.
1678 2673 1715 2709 (n.
1734 2673 1783 2708 Τ.).

1827 278 1875 303 An.
1893 277 1923 304 C.
1943 277 2010 305 1569

1848 1038 1974 1065 sigillamus
1985 1037 2014 1059 ot-

1830 1069 1905 1090 ficium.

1862 1973 2021 1994 luliibitiocow

1835 2010 1867 2026 tra
1879 2005 1982 2025 otliciales
1993 2009 2019 2025 no

1835 2037 1914 2064 aliquid
1936 2037 2020 2063 capiant

1835 2074 1872 2095 pro
1889 2073 2021 2094 quocumque

1845 2099 2015 2119 extraordinario

1836 2130 1909 2151 labore
1921 2130 1958 2150 sub
1968 2134 2023 2156 poc-

1836 2162 1869 2181 nis
1885 2161 1918 2181 hic
1935 2166 2021 2187 expres-

1837 2199 1874 2213 sis.
