2237 3100
159 304 208 336 Ᾰη.
226 308 255 336 C.
277 308 344 338 ¹566

183 420 293 448 Exeiuptio
316 422 342 441 :ib

158 458 224 472 onere
236 452 341 479 hospitam

157 483 176 502 di
193 483 277 503 milites.

183 850 282 871 Redditus
305 856 339 870 eo-

158 888 202 902 rum
225 888 263 908 pei·
282 883 339 908 ipsos

156 912 302 933 itendit-antes
318 916 338 933 et

157 951 228 964 eorum
242 950 341 970 procura-

157 979 215 997 tores
229 979 308 996 tanturn
319 982 340 997 e-

157 1009 204 1033 xigi.
221 1011 242 1028 et
258 1014 294 1034 pre
306 1013 341 1027 eo—

157 1041 250 1061 rumdem
294 1040 340 1060 suh-

156 1073 286 1091 steinauone
305 1078 340 1091 ex-

157 1103 218 1129 pendi
234 1106 328 1129 possunt.

189 2192 294 2220 Repetitio
305 2199 339 2215 ex-

157 2226 292 2251 emptionum.

401 293 466 335 470

950 307 1128 333 BULLARIUM
1151 311 1301 336 ROMANUM

1915 310 1966 342 An.
1983 317 2012 342 c.
2031 309 2100 344 ¹566

401 364 468 407 §2
490 364 534 398 Ac
567 363 663 398 etiam
699 364 891 398 monasteria
907 392 915 405 ,
951 364 1107 398 coenobia
1149 376 1255 398 merae
1274 365 1474 409 Apostolicae
1495 367 1684 408 camerario,
1714 368 1899 412 praesiden-
1927 383 1961 404 sai
1980 383 2099 404 nendican-

356 417 484 461 aliaque
504 419 612 452 omnia
632 419 792 461 regularia
816 419 886 451 loca
915 419 1077 462 praedicta
1097 446 1104 459 ‚

359 481 416 515 pro
427 482 710 515 quorumcumque
724 472 871 509 militum,
885 477 947 504 tam
961 472 1104 516 equitum

355 536 452 568 quam
474 525 630 569 peditum,
652 525 810 569 hospitiis,
832 526 1104 569 quemadmodum

357 589 471 621 magno
507 589 581 612 cum
611 584 720 612 nostro
741 579 850 612 dolore
885 581 1054 624 bucusque
1075 581 1106 613 in

356 632 516 675 plerisque
537 632 615 665 loeis
635 632 752 665 sactum
782 633 1002 677 comperimus
1015 661 1022 674 ,
1049 645 1105 667 ne-

354 696 517 729 quaquam
537 686 761 729 assignentur,
784 698 843 720 nec
875 688 1028 732 assignari
1050 688 1105 721 de-

356 739 464 772 beant.

398 793 413 835 Q
431 793 462 826 3.
487 793 522 825 Et
542 793 674 837 insuper
694 794 779 837 quod
796 795 930 835 fructus,
950 796 1103 836 redditus,

355 852 550 890 proventus,
572 847 721 880 introitus
741 854 769 880 et
789 848 851 880 alia
881 860 1106 892 quaecumque

355 900 438 933 bona
471 901 739 934 monasteriorum
759 928 766 942 ,
803 903 1034 936 coenobiorum
1077 909 1105 937 ct

355 954 492 987 aliorum
506 956 652 988 locorum
666 956 864 998 regularium
877 958 1105 1000 praestitorum,

354 1007 393 1040 ab
413 1008 485 1041 aliis
504 1019 601 1052 quani
622 1020 640 1042 a
660 1010 796 1053 syndicis
830 1015 861 1043 et
886 1012 1106 1054 procuratori-

355 1061 414 1094 bus
434 1062 591 1106 religiosis
626 1064 776 1097 fratribus
793 1091 800 1104 ,
823 1064 967 1098 monacis
987 1070 1017 1098 et
1037 1076 1106 1098 mo-

354 1115 504 1154 niatibus,
527 1117 661 1161 aliisque
682 1118 826 1161 personis
848 1119 996 1161 praefatis
1011 1119 1104 1161 exigi,

354 1169 472 1214 illaque
492 1171 654 1204 dumtaxat
675 1172 706 1204 in
727 1172 921 1205 beneficium
950 1173 1010 1206 loci
1029 1200 1036 1211 ,
1059 1175 1105 1206 rel

354 1224 617 1257 sustentationem
639 1225 782 1268 ipsorum
801 1226 1024 1267 religiosorum
1048 1228 1106 1260 t'ra-

355 1282 440 1309 trum
475 1283 505 1310 et
524 1278 713 1311 monialium
726 1279 942 1322 expendi,nec
956 1291 1012 1323 per
1028 1280 1106 1313 alios

355 1341 579 1375 quoscumque
609 1333 720 1375 quovis
741 1333 871 1365 nomine
899 1340 1103 1374 censeantur,

356 1394 413 1416 nec
444 1384 474 1416 in
506 1385 604 1418 alium
634 1397 729 1429 quam
764 1387 976 1429 praemissum
1011 1399 1104 1421 usum

355 1439 496 1471 converti
531 1450 587 1473 seu
609 1440 744 1483 expendi
778 1441 895 1483 possint
925 1453 1029 1484 neque
1050 1442 1105 1473 de-

354 1492 462 1530 beant,
486 1493 545 1525 nisi
566 1494 603 1527 de
624 1505 782 1527 consensu
799 1495 1002 1537 Sttl›1‡·t'ltj)l‘tltl]
1022 1496 1106 1528 illius

355 1545 416 1578 loci
438 1574 445 1585 ,
469 1547 520 1579 cui
542 1547 612 1580 data
633 1549 678 1580 rel
701 1549 885 1591 consignata
921 1555 972 1581 aut
991 1550 1104 1582 donata

354 1599 487 1640 fuerint,
509 1612 605 1644 quem
627 1602 705 1634 alias
715 1603 916 1646 spectabunt;
934 1614 993 1636 nec
1011 1603 1104 1636 ctiam

355 1653 413 1685 soli
434 1659 556 1687 tutores
591 1662 645 1688 aut
667 1661 832 1689 curatores
853 1667 907 1689 seu
945 1662 1105 1699 protecto-

355 1718 423 1746 res,
446 1712 475 1739 ct
496 1708 558 1741 alio
590 1709 719 1742 nomine
753 1710 901 1743 sanctesii
917 1737 924 1750 ,
947 1716 1002 1743 aut
1029 1710 1106 1743 alias

355 1761 559 1804 nuncupati,
589 1763 627 1795 de
648 1763 766 1795 eisdem
794 1764 886 1796 bouis
915 1764 981 1796 ullo
1010 1764 1105 1796 modo

354 1814 523 1857 disponere
533 1816 666 1858 possint.
681 1817 836 1860 Quodque,
849 1817 878 1849 id
889 1818 994 1861 ipsum
1011 1818 1104 1851 etiam

352 1868 391 1901 de
412 1869 624 1913 eleemosynis
642 1897 649 1910 ‚
681 1871 899 1903 oblationibus
919 1877 949 1904 et
974 1872 1105 1914 quibus-

354 1932 492 1965 cumque
513 1923 583 1955 aliis
604 1923 759 1957 donativis
794 1925 926 1968 intelligi
948 1931 975 1958 et
999 1926 1106 1959 obser-

352 1976 416 2008 vari
437 1976 560 2014 debeat,
580 1977 755 2021 apostolica
776 1979 976 2020 auctoritate,
996 1986 1106 2013 tenore

352 2031 583 2073 praesentium,
602 2036 757 2074 perpetuo
778 2033 958 2073 statuimus,
977 2034 1105 2067 ordina-

354 2094 437 2121 mus,
459 2085 607 2117 volumus
628 2090 658 2117 et
678 2085 894 2119 declaramus.

396 2139 411 2181 Q
427 2138 457 2170 st.
480 2138 611 2171 Necnon
623 2139 748 2175 fratres,
767 2150 932 2180 monacos,
951 2141 1106 2174 moniales

352 2202 388 2224 ac
409 2191 486 2225 alias
519 2193 683 2235 regulares
717 2204 871 2236 personas
888 2220 895 2231 ,
927 2205 1105 2239 eorumque

353 2246 558 2286 monasteria,
581 2247 749 2287 coenobia,
773 2253 947 2281 conventus
965 2275 972 2286 ,
1002 2250 1105 2281 eecle-

352 2298 425 2339 sias,
447 2300 608 2344 cappellas
625 2327 632 2340 ,
660 2301 801 2333 oratoria
821 2306 851 2333 et
870 2301 931 2333 alia
952 2302 1022 2334 loca
1039 2329 1046 2343 ,
1069 2314 1105 2335 ac

354 2357 454 2385 terras
471 2379 479 2393 ,
502 2353 721 2397 possessiones
739 2380 746 2394 ,
778 2354 930 2397 praedia,
953 2365 1047 2397 agros
1076 2361 1106 2388 et

352 2405 449 2445 bona,
471 2417 598 2440 necnon
617 2408 825 2448 laboratores,
846 2408 989 2446 colonos,
998 2420 1105 2441 arreu-

354 2459 512 2501 datarios,
534 2461 704 2494 locatarios
723 2488 730 2501 ,
766 2461 961 2495 assictuarios
993 2473 1029 2495 ac
1050 2474 1104 2505 ge-

353 2513 454 2541 stores
476 2509 650 2553 praedicta,
662 2512 901 2554 utprael'ertur,
919 2511 1031 2551 libera,
1051 2512 1106 2543 im-

355 2558 465 2591 munia
498 2564 528 2591 et
548 2565 693 2601 exempta
715 2560 835 2592 eisdem
860 2559 1048 2592 auctoritato
1075 2566 1100 2591 et

355 2613 464 2640 tenore
481 2607 625 2648 facimus,
637 2619 674 2641 ac
690 2608 756 2641 sore
768 2614 874 2642 etcsse
887 2609 1101 2641 decernimus.

398 2657 413 2700 Q
433 2657 463 2690 5.
486 2657 669 2690 Mandantes
689 2663 858 2701 propterea
878 2658 1003 2691 dilectis
1032 2658 1105 2691 liliis

353 2706 531 2746 modernis,
553 2711 583 2740 ct
598 2717 657 2750 pro
674 2712 817 2751 tempore
834 2706 1040 2740 existentibus
1050 2706 1104 2741 Ca-

1149 419 1232 451 tibus
1252 424 1283 451 et
1307 419 1443 459 clericis,
1463 430 1500 452 ac
1520 420 1759 461 commissariis,
1777 422 1899 465 agenti-

1147 473 1208 505 bus
1219 477 1250 505 et
1260 472 1441 506 offeialibus
1453 473 1727 518 quibuscumque,
1744 481 1779 509 ut
1794 476 1900 509 omni-

1149 527 1208 558 bus
1227 531 1258 558 et
1281 526 1428 569 singulis,
1451 532 1513 559 tam
1540 528 1681 560 virorum
1715 540 1813 573 quam
1833 541 1902 563 mu-

1149 579 1263 612 lierum
1278 580 1479 613 monasteriis
1490 581 1736 615 Mendicantium
1745 583 1900 617 Ordinum

1148 633 1333 666 huiusmodi
1350 633 1568 675 existentibus,
1580 636 1639 668 sub
1654 635 1773 670 ditione
1794 643 1901 671 nostra

1149 687 1318 730 temporali
1339 687 1477 720 mediate
1510 689 1558 721 vel
1578 688 1761 723 immediate
1782 691 1900 724 consti-

1150 739 1224 772 tutis
1240 766 1247 778 ‚
1270 745 1392 773 tantum
1415 741 1486 781 sal,
1508 747 1664 785 quantum
1699 754 1758 787 pro
1787 755 1900 778 eorum

1150 804 1209 826 usu
1230 794 1404 835 suffecerit,
1427 794 1561 837 singulis
1586 798 1689 837 annis,
1713 798 1801 830 omni
1820 794 1900 831 dila—

1149 847 1233 879 tione
1254 853 1408 889 cessante,
1431 854 1463 881 et
1487 850 1738 884 contradictione
1763 858 1899 893 remota,

1149 901 1354 935 contribuere
1375 907 1405 935 et
1425 902 1604 946 assignare,
1627 915 1664 937 ac
1689 905 1849 939 contribui
1870 912 1901 940 et

1148 954 1302 997 assignari
1324 956 1427 989 facere
1447 957 1584 990 debeant
1616 958 1744 992 realiter
1768 964 1798 992 et
1825 971 1900 993 cum

1149 1008 1278 1041 effectu.
1875 1049 1881 1057 ι

1191 1062 1206 1105 Q
1226 1062 1256 1095 G.
1275 1063 1455 1097 Districtius
1470 1064 1577 1105 etiam,
1595 1065 1627 1098 in
1643 1066 1757 1100 virtute
1772 1073 1900 1102 sanctae

1148 1116 1361 1158 obedientiae,
1385 1123 1415 1150 et
1441 1118 1501 1150 sub
1521 1118 1749 1162 indignationis
1773 1127 1900 1156 nostrae

1148 1180 1184 1202 ac
1205 1171 1547 1205 excommunicationis
1566 1173 1698 1206 maioris
1717 1174 1798 1208 latae
1831 1186 1901 1209 sen-

1149 1223 1274 1264 tentiae,
1293 1224 1432 1258 duorum
1454 1226 1591 1259 millium
1612 1227 1803 1261 ducatorum
1829 1230 1900 1263 auri

1148 1277 1186 1309 dc
1207 1277 1357 1319 Camcra,
1394 1290 1452 1323 pro
1485 1290 1550 1313 una
1582 1280 1732 1315 basilicae
1760 1282 1793 1315 S.
1815 1282 1899 1316 Petri

1148 1331 1186 1364 de
1207 1331 1290 1365 Urbe
1311 1338 1342 1365 ct
1361 1344 1419 1377 pro
1457 1334 1557 1367 altera
1592 1335 1815 1370 medietatibus
1834 1337 1900 1370 sin-

1148 1385 1230 1427 gulis
1250 1387 1452 1420 monasteriis
1472 1393 1502 1421 et
1521 1387 1601 1421 locis
1620 1390 1790 1432 praefatis,
1818 1402 1900 1435 quae

1149 1439 1310 1472 molestari
1344 1451 1401 1473 seu
1421 1441 1603 1485 perturbari
1639 1443 1808 1487 contigerit
1825 1471 1833 1485 ,
1856 1445 1899 1478 ir-

1148 1493 1382 1527 remissibiliter
1401 1495 1687 1539 applicandorum,
1708 1498 1832 1541 poenis,
1863 1510 1900 1532 eo

1148 1546 1228 1589 ipso,
1252 1548 1276 1580 si
1288 1553 1318 1580 et
1333 1548 1458 1591 quoties
1474 1546 1707 1584 contraffistum
1724 1552 1832 1594 suerit,
1854 1552 1900 1586 in-

1148 1602 1328 1642 currendis,
1352 1602 1532 1636 inhibentes
1557 1609 1620 1637 tam
1646 1605 1709 1639 illis
1736 1617 1834 1650 quam
1854 1607 1900 1640 di-

1149 1655 1238 1687 lectis
1256 1655 1330 1688 filiis
1355 1656 1486 1699 legatis,
1508 1657 1706 1702 vicelegatis,
1737 1660 1899 1703 guberna-

1149 1708 1283 1749 toribus,
1307 1710 1527 1753 potestatibus,
1555 1711 1712 1746 datiorum
1731 1739 1738 1753 ,
1758 1714 1898 1756 gabella-

1148 1773 1220 1795 rum
1239 1789 1246 1802 ,
1269 1773 1404 1796 onerum
1425 1769 1455 1797 et
1482 1764 1620 1798 aliorum
1646 1766 1897 1810 praemissorum

1148 1817 1360 1858 exactoribus,
1390 1818 1662 1859 conductorilnts,
1689 1821 1898 1864 appallatori-

1148 1870 1208 1903 bus
1225 1897 1233 1909 ‚
1264 1881 1390 1904 necnon
1418 1871 1584 1914 quibusvis
1612 1874 1898 1909 communitatibus

1148 1924 1179 1951 ct
1206 1919 1476 1954 »universitatibus
1501 1948 1508 1962 ,
1545 1921 1739 1967 illarumque
1776 1924 1896 1957 officia-

1148 1968 1233 2001 libus
1253 1975 1281 2001 et
1317 1971 1463 2012 personis
1481 1999 1488 2012 ,
1516 1970 1651 2015 aliisque
1684 1972 1896 2015 quibuscum-

1148 2029 1210 2060 que
1228 2045 1235 2057 ,
1258 2018 1298 2051 ad
1327 2030 1408 2062 quos
1436 2025 1556 2064 spectat
1591 2026 1622 2053 et
1654 2022 1899 2064 quomodolibet

1148 2068 1305 2110 spectabit
1338 2068 1369 2101 in
1408 2070 1552 2102 futurum
1571 2096 1578 2109 ,
1609 2075 1768 2114 quatenus
1801 2082 1896 2115 prae-

1149 2117 1243 2150 missa
1268 2118 1376 2151 omnia
1404 2124 1434 2151 ct
1459 2118 1584 2161 singula
1611 2118 1833 2153 inviolabiliter
1866 2125 1898 2153 et

1148 2172 1306 2210 perpetuo
1331 2168 1520 2208 observent,
1543 2179 1580 2201 ac
1600 2169 1638 2201 ab
1663 2169 1816 2202 omnibus
1843 2170 1898 2202 ob-

1149 2216 1265 2248 servari
1287 2216 1401 2249 saciant
1418 2228 1425 2252 ·,
1446 2227 1552 2259 neque
1572 2217 1702 2257 fratres,
1729 2228 1894 2259 monacos,

1149 2265 1304 2299 moniales
1337 2271 1368 2298 et
1401 2266 1477 2298 alias
1510 2266 1676 2309 religiosas
1717 2277 1870 2310 personas
1885 2293 1894 2308 ,

1148 2315 1291 2358 aliosque
1303 2315 1505 2358 supradictos
1521 2326 1618 2359 super
1634 2316 1806 2359 praemissis
1816 2327 1897 2359 quo-

1149 2364 1323 2396 modolibet
1343 2364 1512 2397 molestent
1528 2370 1557 2397 et
1568 2365 1768 2408 perturbent,
1790 2375 1895 2409 neque

1149 2413 1333 2454 permittant
1348 2424 1405 2457 per
1420 2424 1644 2458 quoscumque
1654 2413 1896 2456 quomodolibet

1148 2462 1309 2495 molestari
1344 2474 1399 2496 seu
1418 2463 1610 2506 pei-turbari.
1628 2464 1666 2496 Et
1685 2463 1709 2495 si
1729 2464 1801 2507 quis
1820 2475 1895 2497 con-

1149 2511 1304 2544 tradicere
1322 2539 1329 2548 ,
1350 2518 1401 2544 aut
1423 2512 1534 2555 quovis
1560 2512 1653 2545 modo
1674 2513 1894 2546 contravenire

1149 2562 1408 2605 praesumpserit,
1422 2573 1479 2605 per
1495 2561 1678 2594 mandatum
1696 2561 1895 2595 executivum

1147 2616 1257 2642 contra
1268 2610 1386 2653 ipsum,
1404 2611 1639 2653 cuiuscumque
1655 2609 1825 2652 dignitatis,
1835 2616 1896 2644 sta-

1148 2664 1206 2697 tus,
1227 2659 1348 2692 ordinis
1366 2661 1409 2692 rel
1433 2658 1691 2703 piwcmiiientiac
1709 2659 1813 2697 suerit,
1826 2659 1895 2703 ipso

1147 2708 1229 2741 sacto
1250 2708 1392 2752 procedi.

1915 416 1969 435 tibus
1978 422 2015 442 pro
2026 420 2099 436 eorum

1914 453 1951 467 usu
1963 447 2025 467 detur
2034 447 2099 471 gratis

1915 483 1952 504 per
1959 479 2066 498 ministros
2075 477 2097 498 R.

1915 508 2014 529 Gamerae

1933 1078 2098 1101 Contravenien-

1915 1111 1964 1131 tium
1979 1116 2070 1138 poenae.
