2237 3100
563 215 629 252 992
1147 216 1292 249 nuttann
1316 225 1433 250 nonam

606 278 722 312 dinarii
745 277 884 318 licentia,
907 276 971 310 198
987 288 1017 310 a.
1041 276 1165 310 Poenae
1185 283 1297 310 contra
1318 277 1552 317 inobedientes,
1574 280 1653 312 ibid.
1686 281 1713 312 b.
1750 280 1994 316 Ordinariorum
2017 284 2062 316 fa-

605 332 709 366 cultas
728 337 839 365 contra
864 330 994 363 eosdem
1016 330 1225 374 procedendi,
1253 330 1316 364 199
1336 343 1367 363 α.
1390 331 1493 364 Novae
1514 333 1756 366 contumacium
1779 345 1914 377 poenae,
1930 337 2007 369 ibid.
2031 337 2060 369 b.

604 386 838 430 Episcoporum
857 383 991 417 facultas
1007 383 1155 418 visitandi
1177 385 1380 428 parochiales
1400 385 1551 418 ecclesias
1573 387 1706 419 fratrum
1725 387 1865 420 militum
1882 388 1913 422 S.
1936 389 2062 423 Ioannis

603 437 894 481 Hierosolymitani,
914 437 1021 480 quoad
1043 437 1225 470 animarum
1251 449 1363 471 curam
1384 444 1415 472 et
1434 446 1712 473 sacramentorum
1732 441 2058 485 administrationem,

604 491 668 526 944
691 502 723 524 a.
748 490 781 523 V.
804 490 969 524 Indiarum
987 491 1145 534 episcopi.

514 545 674 579 Etemitae
696 543 728 577 S.
752 544 935 586 Augustini.
962 543 995 577 V.
1019 543 1158 578 Fratres.

514 597 732 631 Eucharistiae
745 597 989 631 Sacramentum
999 597 1204 631 utdecentius
1217 599 1339 632 honore
1350 600 1511 633 afficiatur
1522 601 1705 634 sodalitium
1720 602 1908 636 instituitur.
1933 603 1965 637 V.
1980 604 2062 636 Duo-

599 650 705 684 decim
725 651 955 695 Apostolorum
975 651 1053 694 (Ss.)
1068 651 1230 685 sodalitas.
1569 667 1572 670 ·

1267 817 1302 856 F

510 916 713 952 Florentinae
732 915 870 949 nationis
889 916 1087 956 sodalitium,
1108 916 1154 950 De
1172 917 1396 950 Misericordia
1407 923 1642 962 nuncupatum,
1658 918 1777 952 Romae
1798 919 1977 954 instituitur
2000 920 2060 954 sub

595 970 797 1004 invocatione
812 969 843 1003 S.
853 969 981 1003 loannis
993 970 1150 1014 Baptistae
1166 970 1333 1011 Decollati,
1351 972 1390 1004 ad
1402 971 1577 1005 hortandos
1591 971 1622 1005 in
1636 972 1684 1005 via
1698 972 1838 1006 iustitiae
1852 973 1948 1007 morti
1967 974 2058 1008 dam-

596 1030 698 1065 natos,
721 1023 784 1057 768
804 1025 840 1063 b,·
874 1024 1056 1058 facultatem
1092 1025 1188 1057 habet
1208 1024 1340 1069 propria
1369 1030 1486 1058 statuta
1506 1025 1565 1058 sibi
1587 1026 1760 1067 condendi,
1785 1026 1847 1060 779
1866 1038 1898 1061 a.
1927 1027 2059 1062 Sodales

593 1077 768 1122 privilegiis
793 1077 978 1111 distinctum
999 1077 1232 1110 confessarium
1253 1078 1312 1111 sibi
1343 1078 1461 1121 eligere
1491 1084 1624 1122 queunt,
1650 1080 1745 1120 ibid,
1768 1080 1909 1114 iudicem
1936 1081 2056 1116 habent

593 1132 774 1165 auditorem
798 1132 952 1165 Gamerae
975 1132 1187 1176 Apostolicae‚
1199 1132 1297 1172 ·ibid.,·
1318 1133 1532 1166 haereditates
1547 1144 1564 1166 a
1577 1134 1799 1168 condemnatis
1814 1135 1961 1179 recipere
1977 1146 2052 1180 pos-

593 1190 677 1226 sunt,
698 1185 777 1218 ibid.
794 1197 804 1223 ,·
829 1185 1044 1227 indulgentias
1063 1183 1209 1218 obtinent
1229 1196 1287 1229 pro
1307 1196 1340 1218 se
1358 1186 1434 1229 ipsis
1454 1191 1484 1219 et
1510 1197 1567 1230 pro
1588 1186 1789 1221 visitantibus
1808 1199 1924 1223 eorum
1947 1189 2054 1222 eccle-

593 1238 687 1280 siam,
713 1239 791 1271 ibid.
824 1238 924 1271 Nemo
941 1265 948 1278 ‚
973 1239 1163 1282 generatim,
1204 1239 1286 1272 inter
1316 1240 1441 1272 sodales
1466 1240 1657 1279 admittitur,
1680 1240 1740 1274 nisi
1770 1241 1975 1275 Florentinus
1995 1243 2048 1282 sit,

594 1291 671 1324 ibid.
694 1292 723 1324 b.
746 1290 890 1325 Sodalitii
903 1291 1122 1335 cappellanus,
1137 1292 1358 1325 condemnatis
1371 1293 1604 1335 praesentibus,
1621 1292 1748 1326 missam
1770 1299 1843 1329 aute
1859 1294 1945 1329 diem
1963 1295 2049 1328 cele-

593 1346 675 1386 brat,
698 1346 775 1380 ibid.
799 1346 930 1380 Sodales
950 1345 1070 1379 carceri
1091 1346 1324 1390 mancipatum,
1352 1347 1402 1381 die
1430 1358 1467 1380 xv
1494 1348 1632 1391 augusti,
1660 1360 1676 1382 e
1700 1350 1886 1383 carceribus
1912 1350 2052 1384 liberare

594 1406 729 1444 possunt
747 1399 922 1440 annuatim,
935 1399 999 1433 770
1014 1400 1046 1435 b:
1066 1399 1143 1432 alias
1154 1399 1334 1433 sodalitates
1347 1401 1406 1433 sibi
1421 1412 1607 1444 aggregare,
1620 1402 1716 1442 ibid.,·
1732 1403 1872 1447 propriis
1885 1403 2049 1444 domibus,

593 1454 671 1487 dum
691 1459 868 1498 aegrotant,
891 1453 1020 1487 missam
1041 1453 1206 1487 celebrare
1225 1453 1331 1487 facere
1351 1453 1485 1497 singulis
1505 1455 1632 1496 diebus,
1655 1455 1714 1490 77‘1
1738 1467 1770 1490 a.
1791 1457 1982 1502 Cappellani
2007 1457 2053 1490 fa-

594 1508 742 1549 cultates,
761 1508 841 1541 ibid.

505 1560 612 1594 Fontis
625 1561 796 1594 Avellanae
816 1560 1034 1604 congregatio.
1064 1560 1097 1593 V.
1125 1560 1235 1594 Crucis
1255 1561 1316 1605 (S.)
1330 1561 1438 1595 Fontis
1458 1562 1627 1596 Avellanae
1648 1563 1866 1606 congregatio.

504 1612 664 1648 Francisci
684 1614 745 1658 (S.)
765 1615 804 1647 de
823 1614 941 1647 Assisio
961 1615 1075 1647 fratres
1095 1615 1133 1647 ad
1158 1614 1308 1648 Ordinem
1340 1615 1543 1648 Minimorum
1564 1615 1595 1650 S.
1624 1616 1783 1650 Francisci
1804 1617 1842 1650 de
1863 1617 1961 1651 Paula
1982 1622 2014 1650 et
2034 1629 2051 1651 e

594 1673 703 1701 :antra
720 1667 855 1701 transire
875 1672 1050 1710 nequeunt,
1067 1666 1129 1700 617
1158 1678 1188 1699 α.
1211 1667 1526 1701 Contravenientium
1544 1680 1680 1712 poenae,
1694 1670 1773 1702 ibid.
1796 1670 1826 1704 b.
1849 1670 1977 1704 Fratres
1995 1670 2050 1703 Mi-

591 1731 686 1754 nores
705 1720 744 1754 de
762 1719 969 1754 observantia
1000 1719 1054 1753 Pio
1075 1720 1096 1752 V
1117 1721 1299 1764 supplicant
1321 1732 1377 1764 prc
1404 1720 1532 1754 licentia
1552 1722 1736 1756 celebrandi
1766 1722 1909 1766 qualibet
1932 1733 1950 1755 v
1969 1723 2048 1756 seria

591 1774 734 1808 officium
768 1774 919 1818 Corporis
938 1774 1065 1814 Christi,
1089 1774 1151 1808 647
1181 1786 1211 1807 a.
1235 1775 1387 1808 Concedit
1419 1775 1579 1816 Pontifex,
1602 1777 1740 1820 exceptis
1760 1776 1904 1820 qualibet
1922 1786 1941 1809 v
1966 1777 2047 1810 feria

589 1828 854 1872 quadragesimae
874 1833 904 1861 et
923 1828 1076 1861 adventus
1096 1839 1223 1861 necnon
1244 1828 1330 1862 festis
1350 1834 1378 1862 et
1396 1830 1618 1863 octavis-totius
1638 1830 1714 1862 anni
1733 1829 1766 1863 in
1782 1830 1868 1863 dicta
1887 1829 1968 1864 feria
1985 1841 2045 1872 ‚oc-

590 1881 805 1921 currentibus,
828 1882 906 1914 ibid.
924 1882 953 1915 b.
966 1882 997 1916 S.
1020 1882 1209 1915 Franciscus
1229 1882 1260 1915 in
1275 1883 1425 1916 humanis
1440 1883 1576 1917 existens
1596 1884 1714 1917 multos
1733 1883 1848 1918 fratres
1867 1885 1927 1917 sub
1949 1884 2048 1918 unica

590 1934 710 1979 Regula
730 1935 879 1978 collegit,
910 1935 974 1969 650
1004 1947 1033 1968 α.
1062 1936 1149 1975 Quae
1170 1936 1202 1968 in
1223 1937 1332 1980 plures
1353 1942 1462 1980 postea
1487 1937 1751 1980 congregationes
1777 1937 1889 1978 divisa,
1911 1937 1990 1972 ibid.
2014 1939 2044 1972 b.

590 1987 664 2021 Pius
696 1988 720 2021 V
753 1999 864 2022 omnes
884 1988 966 2028 illas,
989 1988 1051 2021 sive
1076 1990 1304 2030 Amadeorum,
1325 1989 1390 2023 sive
1405 1989 1628 2029 Clarenorum,
1646 1990 1709 2024 sive
1733 1991 1825 2024 aliter
1845 1996 2049 2035 nuncupatas

590 2041 797 2082 interdicens,
819 2041 851 2074 in
871 2052 935 2074 uno
955 2041 1073 2075 Ordine
1099 2042 1257 2075 Minorum
1279 2043 1318 2076 de
1346 2042 1550 2076 Observautia
1580 2044 1662 2083 unit,
1691 2043 1750 2077 6521
1781 2055 1824 2087 a,
1849 2044 2044 2084 iuramenta,

590 2100 672 2135 vota,
695 2099 766 2135 etc„
782 2106 865 2139 quae
885 2106 938 2128 eas
958 2096 1114 2140 impedire
1136 2102 1281 2140 possunt,
1300 2096 1441 2137 remittit,
1464 2098 1540 2130 ibid.
1564 2098 1602 2137 b;
1626 2098 1778 2130 mandato
1798 2098 1931 2131 obedire
1951 2108 2046 2131 recu-

590 2154 704 2189 santes,
725 2153 888 2192 tamquam
909 2154 1078 2192 apostatas,
1106 2150 1209 2192 punit,
1236 2149 1299 2183 652
1320 2161 1355 2187 α,’
1381 2151 1493 2184 fratres
1514 2150 1558 2184 sic
1578 2156 1768 2193 aggregatos
1788 2151 1852 2193 alio
1885 2161 1982 2195 quam
2003 2151 2044 2185 de

589 2200 793 2236 observantia
824 2202 954 2235 nomine
974 2203 1130 2246 appellari
1157 2203 1327 2247 prohibet,
1350 2214 1468 2246 eosque
1489 2204 1620 2247 antiqua
1640 2203 1819 2247 privilegia,
1841 2203 1984 2247 Regulae
2005 2203 2045 2236 de

591 2253 795 2289 Observantia
815 2266 878 2288 non
909 2256 1081 2295 contraria,
1103 2257 1241 2289 retinere
1263 2268 1354 2300 posse
1375 2257 1531 2297 decernit,
1549 2258 1644 2297 ibid.‚·
1657 2257 1804 2290 omnium
1828 2256 1996 2301 privilegia
2016 2262 2047 2290 et

590 2307 736 2341 ordinem
747 2308 780 2342 in
793 2308 942 2352 capitulis
961 2309 1092 2342 sedendi
1108 2310 1262 2350 declarat,
1280 2311 1380 2351 ibid.,·
1394 2311 1464 2343 loca
1484 2311 1644 2353 regularia
1665 2321 1729 2344 non
1748 2310 1866 2351 deseri,
1881 2310 1949 2343 sine
1962 2310 2045 2343 Pon-

589 2361 684 2396 tificis
704 2362 925 2406 permissione,
948 2362 1116 2407 praecipit,
1140 2364 1216 2396 ibid.
1231 2365 1260 2397 b.
1276 2364 1461 2397 Monialium
1481 2365 1670 2408 gubernatio
1691 2364 1871 2408 aggregatis
1893 2363 2046 2397 fratribus

591 2420 683 2449 antea
703 2415 919 2449 subiectarum
937 2416 976 2449 ad
996 2427 1077 2460 quos
1097 2423 1228 2461 spectet,
1252 2417 1315 2452 653
1335 2429 1366 2450 a.
1381 2418 1513 2452 Ministri
1526 2418 1686 2461 generalis
1700 2419 1833 2451 facultas
1847 2417 1879 2450 in
1891 2417 2043 2450 fratribus

590 2467 781 2512 deputandis
801 2480 904 2512 usque
924 2470 962 2502 ad
983 2470 1113 2513 capituli
1136 2471 1403 2512 celebrationem,
1435 2472 1511 2505 ibid.
1547 2472 1627 2505 Loca
1660 2472 1747 2504 unita
1770 2471 1838 2504 eius
1859 2468 2041 2515 provinciae

591 2527 665 2554 sunt
683 2523 766 2556 intra
786 2523 877 2556 cuius
897 2523 977 2556 fines
995 2524 1143 2564 existunt,
1165 2526 1240 2558 ibid.
1261 2527 1288 2558 b.
1313 2526 1437 2559 Fratres
1450 2526 1587 2559 Minores
1602 2526 1838 2559 Conventuales
1860 2524 1942 2557 nihil
1962 2532 2038 2567 pro-

591 2573 697 2616 prium
711 2575 829 2609 habere
843 2587 935 2620 posse
945 2577 1183 2610 decernitidem
1198 2578 1282 2618 Pius,
1302 2578 1365 2612 676
1386 2591 1427 2618 ιι,·
1444 2580 1527 2612 bona
1548 2589 1774 2623 quaecumque
1796 2578 1827 2610 in
1849 2585 2039 2610 communes

589 2636 668 2661 usus
687 2629 839 2669 converti,
854 2630 929 2662 ibid.
953 2631 990 2668 bg
1010 2631 1163 2664 ol'liciales
1184 2633 1352 2666 comedere
1373 2643 1446 2665 rum
1467 2633 1537 2665 aliis
1559 2633 1721 2672 fratribus,
1736 2629 1798 2664 677
1819 2641 1857 2670 a;
1879 2639 1929 2663 res
1950 2629 2036 2662 dono
