2237 3100
187 250 234 275 An.
253 248 281 275 C.
299 249 364 276 156st

426 239 490 273 328

384 301 477 334 cuius
498 301 587 345 regni
609 311 672 333 non
694 301 750 333 crit
774 301 858 333 finis.
882 301 917 333 Et
938 301 968 333 in
982 300 1135 342 Spiritum

384 355 536 387 Sanctum
571 353 743 387 Dominum
773 358 803 385 ct
836 353 1059 393 vivificantem,
1082 352 1137 397 qui

383 418 420 440 ex
441 407 532 440 Patre
558 407 702 449 Filioque
732 406 888 449 procedit.
913 405 970 444 Qui
992 417 1066 438 cum
1083 407 1137 439 Pa-

383 466 430 493 tre
451 465 479 493 et
501 460 581 493 Filio
601 460 696 491 simul
725 459 877 490 adoratur
898 463 927 491 ct
951 459 1136 501 conglorifi—

383 518 485 553 catur,
508 513 563 556 qni
585 514 713 545 locutus
733 517 776 544 cst
800 523 858 556 per
877 513 1063 556 prophetas.
1101 513 1138 546 Et

383 577 479 599 unam
502 565 859 601 sanctam,catholicam
877 570 904 597 et
927 566 1135 609 apostolicam

382 620 570 653 Ecclesiam.
598 619 761 652 Confiteor
786 630 888 651 unum
915 619 1077 663 Baptisma
1106 621 1136 653 in

382 672 605 705 remissionem
627 676 849 715 peccatorum.
874 673 908 705 Et
931 678 1064 716 expecto
1085 684 1135 706 rc-

382 725 615 759 surrectionem
642 731 859 759 mortuornm.
888 727 925 758 Et
945 727 1038 759 vitam
1060 738 1135 760 ven-

381 779 444 811 turi
465 779 596 812 saeculi.
621 779 732 811 Amen.
761 779 961 823 Apostolicas
981 786 1009 812 et
1032 781 1136 813 ecclc-

380 832 523 866 siasticas
549 832 737 866 traditiones
765 833 970 877 reliquasque
992 834 1135 867 eiusdem

380 886 541 918 Ecclesiae
562 886 800 919 observationes
829 892 857 919 et
892 886 1136 920 constitutiones

382 939 710 972 firmissimeadmitto
732 946 761 973 et
781 941 970 984 amplector.
991 941 1078 980 Item,
1092 952 1137 973 sa-

381 1002 469 1024 cram
482 992 694 1036 Scripturam,
713 992 798 1025 iuxta
810 1004 884 1025 enm
899 1004 1028 1026 sensum
1039 1005 1135 1037 quem

381 1045 483 1078 tenuit
494 1050 523 1078 et
534 1051 617 1078 tenet
631 1051 738 1079 sancta
752 1052 853 1079 mater
871 1047 1023 1086 Ecclesia,
1045 1047 1137 1080 cuius

381 1104 427 1131 est
448 1098 590 1131 iudicare
620 1099 658 1132 de
679 1110 752 1132 vero
778 1110 873 1132 sensu
894 1105 923 1132 et
945 1100 1136 1143 interpreta-

382 1151 466 1184 tione
496 1162 661 1185 sacrarum
695 1152 958 1197 Scripturarum,
981 1153 1134 1193 admitto,

381 1216 439 1238 nec
461 1215 532 1238 eam
554 1216 709 1248 umquam
724 1232 731 1244 ,
756 1206 814 1238 nisi
837 1206 922 1238 iuxta
947 1206 1135 1239 unanimem

381 1269 575 1291 consensum
592 1259 735 1299 Panum,
750 1259 907 1302 accipiam
929 1265 959 1292 et
979 1260 1138 1303 interpre-

382 1311 483 1344 tabor.
508 1311 665 1344 Profiteor
685 1323 815 1356 quoqne
836 1318 957 1356 septem
980 1324 1047 1345 esse
1063 1324 1135 1345 vera

381 1371 408 1398 et
432 1365 563 1409 proprie
592 1371 791 1398 sacramenta
812 1377 909 1399 novae
932 1367 1009 1409 legis
1029 1378 1046 1399 a
1066 1367 1136 1399 Iesu

381 1417 505 1451 Christo
525 1418 662 1451 Domino
684 1424 794 1451 nostro
815 1419 971 1459 instituta,
985 1426 1080 1463 atque
1099 1420 1137 1452 ad

382 1473 517 1505 salutem
538 1472 674 1505 hnmani
691 1473 830 1515 generis,
858 1473 932 1506 licet
948 1484 1012 1506 non
1029 1475 1135 1507 onmia

382 1526 527 1569 singulis,
550 1526 746 1567 necessaria,
775 1527 895 1560 scilicet
922 1528 1135 1571 Baptismum,

381 1579 681 1620 Confirmationem,
705 1581 951 1621 Eucharistiam,
967 1582 1136 1614 Poeniten-

382 1635 456 1667 tiam
473 1661 479 1673 ‚
502 1634 683 1667 Extremam
704 1635 893 1668 Unctionem
909 1662 916 1673 ,
934 1635 1086 1669 Ordinem
1108 1640 1140 1668 et

383 1687 640 1728 Matrmionium,
673 1689 792 1731 illaque
814 1689 949 1731 gratiam
967 1690 1114 1722 coill'cl'l'e
1130 1700 1136 1725 ;

382 1747 409 1774 et
426 1769 433 1781 ,
456 1752 493 1774 cx
514 1741 584 1781 his,
608 1741 806 1785 Baptismum
821 1769 828 1782 ,
851 1742 1137 1775 Contirmationem

383 1800 413 1827 et.
432 1794 584 1828 Ordinem
613 1795 681 1828 sinc
710 1795 878 1839 sacrilegio
900 1796 1045 1829 reiterari
1076 1808 1138 1829 non

385 1860 487 1893 posse.
525 1849 683 1892 Receptos
716 1860 846 1892 quoque
882 1855 912 1882 et
944 1851 1139 1894 approbatos

385 1902 545 1936 Ecclesiae
567 1903 745 1935 catholicae
777 1903 857 1935 ritus
882 1904 914 1935 in
935 1905 1138 1947 supradicto-

385 1968 455 1989 rum
477 1957 623 1989 omnium
641 1962 918 1990 sacramentormn
935 1958 1070 1990 solemni
1086 1959 1141 1991 ad-

384 2009 619 2043 ministratione
641 2010 763 2054 recipio
788 2015 819 2043 et
843 2010 989 2043 admitto.
1026 2011 1140 2044 Omnia

385 2069 415 2096 et
434 2064 579 2107 singula,
600 2074 684 2107 qnae
713 2064 751 2097 de
778 2069 911 2106 peccato
940 2065 1089 2107 originali
1111 2072 1137 2098 ct

385 2118 423 2150 de
444 2117 671 2150 iustificatione
692 2117 723 2150 in
740 2124 943 2151 sacrosancta
955 2118 1140 2152 Tridentina

386 2171 505 2214 synodo
526 2171 655 2204 definita
677 2176 707 2203 et
726 2171 887 2204 declarata
908 2172 1051 2208 suerunt,
1075 2184 1140 2205 am-

387 2225 509 2265 plector
543 2229 573 2257 et
605 2224 739 2267 recipio,
776 2225 934 2259 Profiteor
969 2226 1089 2268 pariter
1109 2226 1140 2259 in

386 2277 481 2310 missa
502 2278 611 2310 offerri
632 2278 696 2311 Deo
708 2288 829 2317 verum,
842 2278 1010 2322 proprium
1028 2284 1054 2311 et
1069 2291 1141 2323 pro-

388 2330 585 2373 pitiatorium
614 2330 808 2364 sacrificium
844 2342 901 2374 pro
930 2331 1006 2363 vivis
1035 2338 1063 2364 ct
1085 2333 1140 2365 de-

387 2384 515 2422 fimetis,
536 2390 631 2426 atque
651 2384 681 2416 in
699 2384 899 2417 sanctissimo
922 2385 1140 2418 Eucharistiae

388 2438 588 2465 sacramento
609 2443 676 2466 esse
694 2444 777 2472 vere,
797 2433 926 2466 realiter
946 2438 975 2466 et
996 2434 1141 2466 substan-

389 2481 505 2514 tialiter
524 2481 648 2525 Corpus
681 2488 712 2515 et
732 2482 928 2525 Sanguinem
942 2509 949 2523 ,
974 2493 1035 2515 una
1068 2494 1140 2515 cum

389 2529 495 2562 anima
529 2536 559 2562 et
592 2531 752 2564 divinitate
786 2532 911 2564 Domini
946 2532 1045 2564 nostri
1072 2532 1141 2565 lesu

389 2579 504 2613 Christi
516 2606 523 2620 ‚
545 2580 680 2622 fierique
697 2581 939 2614 conversionem
956 2581 1054 2613 totins
1069 2582 1142 2614 suh-

390 2627 523 2662 stantiae
544 2629 635 2673 panis
655 2629 687 2662 in
706 2640 824 2673 corpus
841 2635 870 2663 et
885 2630 983 2663 totius
999 2630 1143 2663 substan-

996 248 1175 272 BULLARIUM
1200 248 1351 271 ROMANUM

1179 299 1239 331 tiae
1261 299 1322 331 vini
1344 298 1375 330 in
1398 298 1604 338 sauguinem,
1626 308 1722 341 quam
1749 296 1931 329 conversio-

1180 362 1251 383 nem
1274 351 1432 384 catholica
1452 350 1595 383 Ecclesia
1619 349 1932 383 transubstantiatio-

1179 415 1251 437 nem
1277 404 1429 447 appellat.
1466 403 1581 436 Fateor
1605 403 1721 443 etiam,
1749 403 1808 435 sub
1833 403 1933 435 altera

1180 463 1303 490 tantum
1334 456 1440 500 specie
1460 483 1467 496 ,
1503 462 1606 489 totum
1639 462 1735 500 atquc
1770 456 1933 500 integrum

1179 511 1353 550 Christum,
1376 520 1553 554 verumque
1575 515 1812 543 sacramentum
1834 509 1929 543 sumi.

1179 564 1369 597 Constanter
1390 570 1482 596 teneo
1503 563 1839 607 purgatoriumaesse',
1863 562 1932 595 ani-

1179 628 1311 660 masque
1333 617 1375 649 ibi
1391 617 1535 650 detentas
1551 617 1696 650 fidelium
1709 616 1870 660 suffragiis
1885 616 1932 649 iu-

1178 670 1254 703 vari.
1275 670 1430 703 Similiter
1445 675 1475 703 et
1488 675 1625 711 sanctos,
1638 681 1703 703 una
1719 671 1933 714 cumsshristo

1179 729 1361 767 regnantes,
1371 724 1570 757 venerandos
1578 730 1673 768 atque
1682 724 1877 758 invocandos
1887 735 1934 758 es-

1179 789 1223 817 se,
1247 789 1366 821 eosque
1378 778 1540 811 orationes
1550 778 1613 812 Deo
1626 789 1684 822 pro
1699 778 1791 812 nobis
1803 779 1931 819 offerre,

1179 837 1273 875 atquc
1285 842 1397 864 eorum
1407 831 1559 875 reliquias
1568 842 1636 865 esse
1646 832 1854 865 venerandas.
1864 832 1933 865 Fir-

1180 885 1274 918 miter
1295 896 1402 918 assero
1425 885 1581 928 imagines
1596 885 1712 919 Christi
1733 886 1935 930 {ic—Deiparae

1179 950 1306 982 semper
1327 938 1473 982 virginis,
1496 948 1622 971 necnon
1643 939 1780 972 aliorum
1806 946 1934 973 sancto-

1179 1003 1250 1024 rnm
1286 993 1449 1025 habendas
1479 997 1509 1024 ct
1529 992 1713 1025 retinendas
1733 1003 1811 1033 esse,
1838 998 1936 1037 atque

1178 1045 1223 1078 cis
1257 1046 1401 1078 debitum
1436 1046 1595 1079 honorem
1629 1056 1667 1078 ac
1694 1046 1935 1081 venerationem

1179 1100 1441 1143 impartiendam.
1466 1099 1744 1142 Indulgentiarum
1765 1100 1861 1134 etiam
1880 1111 1937 1145 po-

1179 1158 1322 1186 testatem
1351 1165 1368 1186 a
1389 1153 1514 1186 Christo
1548 1153 1580 1185 in
1615 1153 1757 1186 Ecclesia
1790 1154 1937 1188 relictam

1180 1206 1287 1246 tuisse,
1303 1206 1497 1249 illariunque
1511 1217 1605 1239 usum
1623 1206 1798 1240 christiano
1814 1208 1937 1251 populo

1181 1258 1317 1292 maxime
1335 1260 1508 1292 salutarem
1529 1270 1597 1292 esse
1614 1260 1751 1292 affirmo.
1776 1259 1936 1301 Sanctam,

1179 1312 1370 1345 catholicam
1388 1319 1415 1345 et
1447 1312 1655 1356 apostolicam
1677 1313 1856 1346 Romanam
1878 1314 1936 1348 Ec-

1180 1366 1308 1398 clesiam
1330 1367 1476 1399 omnium
1509 1367 1719 1400 ecclesiarum
1741 1372 1877 1401 matrem
1907 1374 1938 1402 et

1180 1419 1364 1459 magistram
1382 1430 1533 1463 agnosco.
1557 1421 1768 1464 Romanoque
1779 1421 1936 1463 Pontifici,

1179 1473 1261 1505 heati
1288 1474 1371 1506 Petri
1393 1475 1615 1517 apostolorum
1637 1474 1795 1518 principis
1811 1486 1938 1509 succes-

1180 1526 1243 1559 sori
1265 1538 1300 1559 ac
1326 1529 1395 1560 lesu
1422 1528 1537 1561 Christi
1566 1528 1685 1561 vicario
1700 1555 1707 1568 ,
1730 1539 1835 1561 veram
1858 1529 1936 1562 ohe-

1180 1580 1331 1613 ilientiam
1363 1582 1506 1624 spondeo
1530 1593 1567 1614 ac
1603 1582 1686 1615 iuro.
1718 1582 1830 1616 Cetera
1861 1583 1935 1616 item

1181 1634 1286 1666 omnia
1309 1646 1326 1666 a
1352 1635 1449 1667 sacris
1470 1635 1651 1668 canonibus
1672 1641 1701 1668 et
1717 1637 1937 1670 oecumenicis

1181 1688 1326 1721 conciliis
1351 1700 1387 1721 ac
1410 1689 1584 1733 praecipue
1603 1701 1620 1721 a
1642 1696 1847 1723 sacrosancta
1866 1691 1936 1723 Tri-

1181 1742 1311 1774 ‹lentina
1333 1743 1453 1785 sinodo
1480 1743 1605 1783 tradita,
1627 1743 1758 1776 definita
1778 1748 1809 1777 et
1828 1744 1936 1778 decta-

1183 1801 1261 1831 rata,
1276 1796 1496 1829 indubitanter
1517 1796 1638 1840 recipio
1649 1802 1744 1840 atque
1767 1797 1933 1840 p1·ofiteor;

1182 1850 1343 1894 simulque
1365 1850 1525 1883 contraria
1546 1850 1653 1883 omnia
1674 1856 1769 1894 atque
1786 1851 1936 1885 haereses

1182 1916 1404 1949 quascumque
1426 1905 1465 1937 ab
1485 1905 1627 1937 Ecclesia
1647 1906 1814 1938 damnatas
1834 1911 1865 1939 et
1883 1917 1936 1939 re-

1183 1958 1279 1991 iectas
1317 1963 1347 1990 et
1385 1958 1681 1997 anathematizatas,
1720 1969 1780 2002 ego
1818 1960 1939 2003 pariter

1183 2011 1312 2051 damno,
1336 2011 1445 2045 reiicio
1462 2017 1490 2044 et
1516 2012 1760 2045 anathematizo.
1785 2013 1873 2046 Hanc
1889 2023 1939 2046 ve-

1184 2076 1250 2097 ram
1277 2066 1467 2099 catholicam
1490 2065 1599 2105 fidem,
1623 2071 1711 2098 extra
1727 2077 1824 2109 quam
1842 2077 1937 2100 nemo

1183 2119 1287 2151 salvus<
1321 2130 1388 2152 esse
1424 2125 1548 2162 potest,
1585 2130 1682 2162 quam
1717 2119 1749 2152 in
1779 2121 1939 2163 praesenti

1183 2176 1295 2215 sponte
1317 2173 1472 2216 profiteor
1492 2177 1520 2205 et
1546 2172 1701 2205 veraciter
1721 2177 1826 2213 teneo,
1849 2184 1937 2206 earn-

1183 2226 1255 2257 dem
1282 2226 1439 2266 integram
1463 2232 1491 2259 et
1514 2226 1754 2259 immaculatam
1777 2237 1878 2270 nsque
1898 2227 1937 2259 ad

1184 2285 1363 2312 extremum
1389 2280 1469 2313 ritae
1490 2280 1638 2323 spiritum
1660 2280 1934 2321 constantissime,

1184 2333 1247 2366 Deo
1268 2334 1449 2373 adiuvante,
1468 2334 1606 2367 retinere
1625 2339 1653 2367 et
1675 2333 1821 2367 confiteri
1841 2339 1938 2376 atque

1184 2397 1199 2418 a
1219 2386 1296 2419 meis
1317 2387 1453 2419 subditis
1473 2398 1528 2420 seu
1545 2387 1618 2425 illis,
1642 2397 1782 2430 quornm
1799 2397 1878 2419 cura
1898 2387 1936 2419 ad

1185 2445 1234 2467 me
1266 2435 1296 2467 in
1328 2446 1461 2468 munere
1493 2447 1564 2469 mco
1589 2435 1761 2479 spectabit,
1785 2434 1885 2467 teneri
1907 2440 1937 2468 et

1185 2485 1292 2517 iloccri
1315 2490 1342 2517 et
1361 2486 1552 2528 praedicari,
1575 2490 1730 2528 quantum
1751 2484 1784 2516 in
1801 2495 1852 2517 me
1864 2485 1935 2524 erit,

1185 2540 1386 2567 curaturum.
1410 2535 1475 2577 Ego
1486 2535 1580 2568 ’idem
1597 2534 1633 2566 N.
1663 2534 1818 2576 spondeo,
1841 2545 1937 2567 voveo

1185 2594 1220 2614 ac
1243 2582 1325 2619 iuro;
1350 2583 1394 2615 sic
1417 2594 1467 2616 me
1487 2583 1570 2616 Deus
1586 2582 1713 2615 adiuvet
1727 2588 1758 2615 et
1773 2583 1853 2616 haec
1869 2594 1938 2616 san-

1185 2636 1234 2663 cta
1250 2631 1304 2664 Dei
1320 2631 1501 2674 Evangelia.

1947 244 1997 269 An.
2013 242 2043 269 C.
2062 241 2133 270 15614
