2237 3100
506 243 570 279 558

461 306 648 352 appellabit.
670 304 802 338 Sisecus
816 303 850 336 in
861 301 1045 347 praemissis
1060 302 1210 335 omnibus

461 366 492 395 et
511 360 645 403 singulis
668 364 776 392 actum
800 362 855 390 aut
882 360 1070 389 attentatum
1099 355 1207 395 suerit,

461 414 589 448 irritum
605 411 810 446 decernimus
826 415 856 442 et
876 409 980 442 inane.

504 469 518 512 g
539 468 592 501 10.
618 466 773 499 Volumus
792 469 899 497 autem
933 463 1021 507 quod
1058 473 1208 506 praesen-

460 522 540 555 tium
561 519 782 562 transumptis,
808 528 906 551 manu
927 517 1065 550 alicuius
1093 515 1209 549 notarii

459 574 580 619 publici
598 571 803 616 subscriptis,
821 576 851 604 et
861 571 966 614 sigillo
982 570 1120 603 alicuius
1135 580 1208 613 per-

458 639 555 662 sonae
575 628 608 660 in
632 626 785 670 dignitate
806 623 1023 659 ecclesiastica
1052 623 1208 657 con-itu-

458 687 507 715 tae
532 681 677 721 munitis,
704 680 815 714 eadem
836 689 952 723 porsus
972 678 1050 711 fides
1071 678 1102 709 in
1124 677 1207 710 iudi-

457 737 508 769 cio
528 742 559 769 et
578 740 665 768 extra
680 734 881 773 adhibeatur,
893 743 976 777 quae
986 731 1208 776 praesentibus

457 790 677 830 adhiberetur,
705 789 730 821 si
764 789 868 821 forent
902 786 1062 821 exhibitae
1088 786 1207 819 relos-

456 851 578 878 tensae.

500 898 515 942 ξ
534 898 586 931 tt.
610 897 767 941 Quodque
798 897 910 929 literae
931 896 1031 939 ipsae,
1054 895 1206 928 Gamerae

456 957 486 985 et
509 951 726 985 Cancellariae
744 950 947 995 Apostolicae
971 955 1002 982 et
1017 949 1206 982 Audientiae

456 1016 627 1039 causarum
653 1004 764 1038 Palatii
785 1004 960 1049 Apostolici
986 1002 1094 1043 valvis·
1120 1008 1150 1035 et
1175 1003 1206 1035 in

454 1060 524 1093 acie
548 1059 659 1103 Campi
679 1059 803 1099 Florae,
825 1058 966 1091 dimissis
985 1057 1064 1090 inibi
1090 1057 1204 1100 copiis,

454 1114 637 1158 publicatae
658 1119 686 1146 et
707 1112 840 1152 affixae,
863 1122 976 1145 omnes
1003 1111 1045 1144 ita
1066 1110 1204 1143 afficiant

454 1173 486 1201 et
515 1172 640 1200 areteut
656 1193 663 1207 ,
686 1177 723 1199 ac
757 1166 781 1199 si
803 1166 869 1199 illis
899 1164 1112 1209 personaliter
1132 1163 1206 1196 inti-

455 1227 558 1254 matae
579 1221 725 1254 fuissent.

541 1275 627 1308 Nulli
649 1285 726 1317 ergo
746 1278 802 1307 etc.

498 1329 613 1363 Datum
632 1329 753 1361 Romae
780 1327 867 1371 apud
887 1327 919 1360 S.
947 1326 1076 1359 Petrum
1095 1352 1102 1365 ‚
1122 1335 1206 1358 anno

454 1383 687 1418 incarnationis
707 1381 887 1415 dominicae
912 1390 1055 1420 MDvau,
1088 1389 1126 1411 xv
1152 1379 1207 1411 lia-

454 1438 565 1471 lendas
583 1437 705 1481 aprilis,
720 1435 927 1480 pontificatus
946 1434 1046 1467 nostri
1067 1444 1151 1465 anno
1172 1442 1204 1465 ιι.

496 1492 556 1522 Dat.
576 1491 622 1522 die
640 1491 676 1521 ’18
699 1490 796 1520 martii
815 1489 900 1526 lbssl,
925 1487 1027 1528 pontis.
1047 1496 1121 1516 auno
1139 1496 1168 1516 ιι.

264 255 314 283 An.
331 254 362 282 C.
380 253 447 282 1567

300 533 352 554 Tran
356 534 447 560 numpto-

262 571 307 586 rum
327 565 386 586 tides.

280 964 353 985 Forma
364 965 441 986 etene-

257 1000 303 1017 ctus
316 996 440 1023 publicatio-

257 1033 297 1048 ms.

805 1605 864 1638 LII.

460 1670 548 1710 Quod
580 1669 725 1713 reliyiosi
759 1668 921 1711 requlares
942 1693 948 1707 ‚
985 1666 1020 1698 ob
1054 1665 1209 1707 defection

497 1724 780 1767 presbyterorum,
808 1722 843 1754 in
871 1721 1019 1764 partibus
1047 1719 1207 1752 Nowrum

501 1778 675 1811 Indi'ctrum
694 1777 799 1819 officio
812 1775 1027 1818 parochorum
1045 1773 1140 1815 fnnffl'
1156 1784 1211 1806 ‘ra-

503 1833 590 1865 Ieant
604 1832 629 1864 Ἰ.

734 1899 796 1928 Pius
813 1897 882 1932 Papa
900 1897 929 1925 V.

581 1962 727 1991 carissime
745 1962 772 1990 in
791 1961 899 1990 Christo
918 1960 959 1988 fili
977 1961 1086 1993 noster,

529 2017 649 2045 satutem
670 2017 698 2045 et
718 2015 897 2052 apostolicam
915 2014 1138 2043 benedictionem.

500 2076 555 2119 gl.
569 2074 689 2119 Exponi
701 2074 792 2107 nobis
802 2084 908 2116 nuper
915 2072 987 2106 fecit
1001 2079 1053 2105 lua
1065 2072 1213 2104 maiestas

287 2145 396 2173 Philippus
418 2144 446 2171 11,
461 2130 549 2172 regia
569 2129 675 2173 quod,
698 2128 784 2161 iuxta
804 2127 885 2161 sacri
909 2125 1109 2173 oecumenici
1137 2137 1213 2159 con—

261 2178 448 2236 },ffiffli'ffisssffi
463 2183 528 2217 cilii
539 2183 714 2217 Tridentini
735 2182 876 2222 decreta,
889 2182 977 2214 nulla
994 2181 1210 2221 matrimonia,

260 2241 449 2295 diffugitis&
463 2237 524 2271 nisi
544 2242 711 2281 praesente
747 2236 888 2280 parocho
919 2241 973 2267 aut
1001 2235 1039 2267 de
1067 2235 1154 2267 illius
1174 2235 1212 2266 li-

262 2305 366 2326 detecium
387 2309 450 2331 pres-
465 2292 581 2333 centia,
592 2291 750 2332 contrahi,
763 2291 937 2333 nullusque
951 2289 1130 2331 religiosus,
1141 2289 1212 2321 abs-

261 2336 391 2364 hyierorum,
415 2340 448 2356 re·
599 2346 617 2359 .V
690 2346 695 2351 .
742 2345 747 2350 .
829 2345 834 2349 .
939 2354 944 2361 ἱ
1002 2354 1006 2356 ,
1091 2342 1096 2347 .
1151 2354 1157 2360 ‚

263 2366 448 2393 „gmipmchoe
464 2357 527 2390 quc
556 2357 698 2390 episcopi
728 2346 869 2384 licentia,
890 2343 1024 2376 veihum
1044 2343 1097 2376 Dei
1119 2354 1212 2387 piae-

263 2398 387 2419 ¹¹¹¹¹¹⁰ff¹²³⁰
401 2397 447 2418 “¹¹“
464 2401 583 2441 dicare,
605 2412 642 2434 ac
662 2399 878 2433 saecularium
899 2407 1113 2442 personarum
1135 2407 1211 2429 con-

263 2431 291 2451 rti
320 2433 368 2450 suut.
378 2446 384 2455 ‚
428 2429 447 2449 iu

263 2463 371 2497 mximam
392 2461 448 2496 chris
464 2454 617 2488 sessiones
636 2454 765 2494 audire,
783 2452 927 2496 episcopi
947 2462 1022 2484 vero
1043 2461 1140 2484 novas
1159 2461 1214 2494 pa-

263 2493 447 2551 ligiam&
463 2508 591 2542 rochias
610 2508 642 2541 in
662 2508 741 2542 locis
760 2508 798 2541 ab
820 2508 957 2540 invicem
977 2507 1071 2549 longe
1091 2506 1212 2539 distan-

499 2578 510 2603 i
533 2577 584 2604 llas
601 2578 691 2604 Novas
711 2576 798 2603 indias
815 2575 964 2602 Alexander
981 2575 1014 2601 vl
1030 2574 1139 2601 donavit
1159 2575 1212 2608 regi

462 2621 488 2644 et
507 2616 640 2644 Elisabeth
661 2616 773 2651 reginae,
787 2619 816 2642 ut
833 2617 858 2642 in
879 2616 936 2643 eius
953 2616 1061 2642 constit.
1079 2623 1117 2647 iv,
1140 2616 1213 2641 luter·

462 2661 575 2690 caetera,
588 2660 650 2685 tomv
670 2665 696 2690 v,
711 2665 768 2692 pag.
784 2657 844 2684 36¹.

1050 249 1229 273 BULLARIUM
1253 246 1356 271 ROMAN
1362 247 1403 271 UM

2016 245 2064 272 An.
2083 244 2114 272 C.
2131 244 2197 273 ¹567

1251 300 1336 333 tibus
1356 299 1551 334 constituere
1572 299 1702 342 possint.
1726 299 1807 339 Quia
1840 305 1947 332 tamen
1968 298 2000 331 in
2015 305 2038 326 Et
2054 306 2101 326 ideo
2117 305 2199 341 ξυνοῦ-

1252 354 1395 397 partibus
1415 354 1578 387 Indiarum
1594 352 1691 386 maris
1708 352 1825 386 Oceani
1846 352 1999 397 religiosi,
2015 337 2198 393 ἷζιιξζὲηζξάῗζο

1252 414 1383 452 propter
1402 408 1664 452 presbyterorum
1685 406 1843 440 desectum
1862 435 1869 448 ,
1891 407 2000 440 hacte-

2016 400 2059 421 bita
2082 404 2120 426 per
2145 398 2199 419 reli-
2235 393 2237 401 ⁴

2015 432 2086 457 giosos
2111 427 2199 451 Menti:
2232 436 2237 447 t

1251 472 1311 495 nus
1343 462 1448 495 officio
1468 461 1602 505 parochi
1626 460 1727 494 suncti
1752 461 1894 502 suerunt,
1913 467 1942 494 et
1958 461 1999 499 id,
2015 462 2039 482 ³¹³
2061 467 2132 483 ‘mrum
2161 467 2200 481 ⁵⁸¹-
2230 468 2234 471 ·

1250 516 1336 560 quod
1356 516 1395 549 ad
1416 516 1658 549 conversionem
1682 515 1836 548 Indorum
1861 515 1971 548 attinet
1989 541 1996 555 ‚
2014 492 2134 551 iissiiii'su‘
2152 498 2202 550 „1¹0⁰-

1251 576 1464 603 exercuerunt
1483 575 1511 603 et
1533 574 1693 609 exercent,
1712 580 1748 602 ex
1768 579 1832 612 quo
1853 579 1918 601 non
1934 579 2001 601 mo-
2015 556 2147 577 ''infimum’'

1250 623 1349 663 dicos,
1367 623 1420 656 sed
1438 623 1593 656 maximos
1607 623 1743 663 fructus,
1761 622 1855 655 etiam
1866 621 1998 655 verbum

1250 677 1303 710 Dei
1314 677 1433 710 eisdem
1444 677 1529 710 Indis
1538 676 1753 721 praedicando
1763 681 1792 709 et
1801 675 1999 720 explicando,

1250 742 1286 763 ac
1301 730 1519 764 consessioiies
1538 730 1708 771 audiendo,
1722 730 1760 762 ad
1777 729 1850 762 fidei
1866 729 2000 762 catholi-

1250 796 1304 818 cae
1317 784 1580 828 propagationem
1592 784 1749 825 fecerunt,
1760 784 1843 817 dicta
1853 783 2002 816 maiestas

1251 844 1302 871 tua
1323 839 1415 871 nobis
1435 838 1602 871 humiliter
1622 837 1796 882 supplicari
1822 837 1896 870 fecit
1920 847 2000 880 qua-

1249 899 1342 926 tenus
1362 893 1439 937 ipsis
1459 892 1628 936 religiosis,
1652 898 1685 925 ut,
1706 892 1750 924 illi
1772 892 1811 924 ad
1831 891 2002 924 uberiores

1249 948 1373 979 fructus
1392 947 1425 979 in
1442 947 1525 979 dicta
1546 946 1753 979 conversione
1773 945 1927 979 Indorum
1948 955 2000 978 re-

1249 1001 1443 1045 portandum
1466 999 1639 1033 incitentur
1657 1026 1664 1040 ,
1695 999 1728 1032 in
1748 999 1828 1032 locis
1857 998 1902 1032 eis
1922 999 2001 1031 assi-

1248 1056 1362 1098 gnatis,
1385 1054 1526 1088 officium
1548 1054 1694 1098 parochi,
1721 1053 1928 1086 matrimonia
1948 1063 2000 1086 ce-

1249 1109 1404 1142 lebrando
1425 1114 1452 1142 et
1475 1098 1677 1141 sacramenta
1697 1106 1915 1140 ecelesiastica
1939 1105 2001 1139 mi-

1249 1162 1427 1201 nistrando,
1450 1167 1547 1206 prout
1569 1162 1726 1194 haetenus
1752 1165 2000 1200 consueverunt,

1249 1217 1431 1257 exercendi,
1455 1222 1496 1257 et,
1519 1216 1557 1249 ab
1578 1226 1692 1249 eorum
1726 1213 1950 1258 superioribus
1969 1213 2002 1247 in

1249 1265 1670 1315 capitulis‘provincialibus
1704 1269 1834 1302 obtenta
1857 1267 2000 1308 licentia,

1247 1324 1380 1357 rcrbuin
1402 1324 1456 1357 Dei
1477 1323 1704 1368 praedicandi,
1732 1327 1763 1356 et
1788 1321 2001 1356 saecularium

1249 1378 1480 1417 confessiones,
1502 1378 1540 1410 de
1575 1387 1709 1410 suorum
1735 1376 1942 1420 superiorum
1962 1375 2001 1408 li-

1249 1432 1365 1471 centia,
1381 1431 1531 1464 aiuliendi
1552 1431 1738 1464 facultatem
1759 1430 1948 1470 concedere,
1967 1439 2005 1468 a-,

1250 1486 1372 1528 liasque
1394 1485 1425 1518 in
1446 1485 1632 1529 praemissis
1641 1489 1823 1528 opportune
1834 1483 2002 1528 providere

1249 1539 1287 1571 dc
1308 1538 1504 1581 benignitate
1525 1538 1701 1581 apostolica
1722 1538 1942 1581 dignaremur.

1293 1594 1308 1635 ξ
1328 1592 1357 1625 2.
1381 1593 1443 1626 Nos
1464 1592 1573 1635 igitur,
1597 1592 1653 1636 qui
1673 1592 1890 1635 singulorum,
1913 1601 2004 1636 prae·
2017 1607 2203 1631 Pontifexconce-

1251 1646 1359 1679 sertim
1381 1646 1616 1679 catholicorum
1633 1657 1759 1689 regum,
1785 1645 1876 1687 votis,
1898 1645 1938 1678 ad
1954 1645 2002 1678 di·
2018 1641 2046 1662 ‘¹³²
2071 1641 2148 1661 ‘¹³⁰¹”m
2170 1640 2191 1660 ³¹¹

2078 1678 2096 1692 ιιι
2113 1671 2151 1692 reli
2169 1671 2201 1691 io-

1250 1700 1313 1732 rini
1336 1700 1441 1733 cultus
1455 1705 1688 1743 augumentum
1705 1704 1735 1732 et
1750 1699 1932 1732 animarum
1953 1709 2003 1732 sa—
2017 1673 2139 1724 ξῑυεηῑαόίοῐπῦ
2155 1677 2202 1721 ΒΜ-

1252 1754 1352 1786 luten]
1386 1752 1608 1793 tendentibus,
1644 1753 1782 1786 libenter
1814 1752 2001 1793 annuimus,
2018 1732 2204 1792 {Ziliiussssi‘ssilli

1253 1808 1438 1841 huiusmodi
1459 1807 1749 1852 supplicationibus
1765 1806 1920 1848 inclinati,
1936 1817 2003 1840 om·
2017 1795 2203 1858 ssffifimffls‘ss

1252 1862 1348 1895 nibus
1372 1866 1403 1895 et
1426 1861 1561 1905 singulis
1580 1860 1738 1903 religiosis
1765 1871 2002 1904 quorumcum-
2018 1866 2103 1901 serm*
2118 1861 2203 1900 ‘wi-¹³³

1252 1926 1340 1958 que,
1368 1915 1464 1948 etiam
1492 1913 1759 1955 Mendicantium,
1787 1913 1946 1947 Ordinum
1971 1913 2004 1947 in
2017 1895 2203 1955 filiqui‘sms'i'iess

1253 1968 1346 2002 dictis
1371 1968 1533 2002 indiarum
1563 1968 1724 2011 partibuS,
1746 1967 1780 2000 in
1814 1968 2003 2001 eorumdem
2019 1958 2130 1983 ”5¹²¹'⁵¹‘¹¹⁵‘

1252 2022 1409 2056 Ordinuin
1442 2021 1644 2055 monasteriis
1663 2022 1711 2055 vel
1737 2022 1775 2054 de
1795 2021 1926 2055 illorum
1953 2032 2005 2055 su-

1254 2076 1419 2120 periorum
1445 2076 1573 2110 licentia
1593 2081 1681 2109 extra
1700 2075 1754 2108 illa
1775 2075 2004 2109 commoranti-

1254 2131 1326 2170 bus,
1349 2131 1431 2163 utin
1452 2130 1532 2163 locis
1558 2129 1702 2173 ipsarum
1723 2129 1876 2173 partium,
1899 2129 1946 2162 eis
1965 2129 2004 2162 de

1254 2184 1350 2216 simili
1379 2183 1508 2217 licentia
1529 2182 1696 2226 assignatis
1728 2188 1759 2216 et
1783 2182 2002 2226 assignandis,

1254 2238 1396 2271 osticium
1424 2237 1571 2282 parochi,
1593 2236 1780 2271 huiusmodi
1799 2235 2005 2270 matrimonia

1254 2292 1467 2333 celebrando,
1495 2298 1525 2325 ot
1554 2291 1771 2325 ecclesiastica
1804 2296 2004 2324 sacramenta

1255 2345 1479 2385 ministrando,
1493 2350 1587 2389 prout
1602 2345 1759 2378 hactenus
1768 2349 2005 2377 consueverunt

1254 2400 1443 2443 (duiiunodo
1465 2399 1523 2443 ipsi
1544 2400 1576 2432 in
1597 2399 1731 2442 reliquis
1747 2397 2004 2432 solemnitatibus

1255 2449 1329 2482 dicti
1347 2449 1475 2482 concilii
1492 2450 1629 2482 sormam
1645 2448 1825 2490 observent)
1839 2457 2002 2488 exercere,

1255 2504 1285 2531 et
1317 2498 1450 2531 verbum
1477 2498 1551 2540 Dei,
1570 2503 1601 2530 ut
1624 2497 1822 2542 praefertur,
1844 2501 2005 2540 quatenus

1255 2547 1313 2591 ipsi
1349 2547 1488 2590 religiosi
1512 2547 1665 2580 Indorum
1700 2547 1828 2579 illarum
1861 2546 2001 2590 partium

1256 2597 1372 2629 iiliouia
1387 2597 1575 2639 intelligant,
1594 2596 1631 2628 de
1648 2606 1779 2629 suorum
1796 2595 2001 2639 superiorum

1256 2647 1396 2687 liventia,
1421 2653 1453 2680 ut
1474 2646 1665 2690 praefertur,
1682 2646 1711 2678 in
1729 2655 1841 2679 eorum
1854 2644 2003 2688 capitulis

2228 2243 2237 2293 .-μ’
2222 2085 2237 2235 razso-:Q
2226 1804 2237 2070 ‹.m.=-·wfflm
2230 1778 2237 1796 n
2228 1691 2237 1768 amau-⁴
2230 1641 2237 1681 «ΛΑ
2232 1616 2235 1622 2
