2237 3100
0 2303 18 2350 ῃῑῃ

912 256 1005 279 inflex
1030 256 1136 280 annun
1310 277 1315 284 ,
1689 247 1748 280 981

343 308 373 339 in
396 308 626 340 cominissariis
646 314 673 339 et
697 308 918 340 ‹tertio-:nortis
943 309 1244 349 contuiiiacialilius,
1278 310 1353 341 ibid.
1389 310 1500 341 Caveat
1528 309 1656 341 auditor
1685 320 1724 342 ne
1749 311 1796 342 sui

343 360 531 393 tabelliones
552 361 613 393 sint
635 367 859 404 provocatores
873 370 1059 393 caussarum
1074 362 1122 394 sui
1145 362 1325 402 tribunalis,
1342 373 1399 395 nce
1414 363 1530 395 saciant
1549 373 1585 394 ex
1599 374 1631 395 sc
1655 363 1794 403 decreta,

342 414 418 446 ibid.
437 418 467 446 ct
486 425 566 457 scis.‚·
587 414 624 445 iis
651 414 793 457 imponat.
826 420 856 446 ut
886 416 1112 447 cmitralicntcs
1143 427 1337 456 cog.:11‹)scei·c
1371 421 1484 448 curent
1515 416 1626 448 saltem
1655 427 1712 459 per
1741 416 1795 448 de-

341 467 535 511 pitisitioncin
549 468 645 500 unius
667 467 753 499 testis
767 494 774 507 ,
796 478 855 500 nec
879 468 985 500 ol‘lieia
1007 469 1193 508 arrendcnt,
1214 469 1277 501 ⁰20⁴.)
1291 480 1325 507 a,
1356 480 1419 512 qua
1443 469 1564 502 ratione
1586 469 1741 501 terminos
1758 469 1797 501 ad

342 520 546 553 referendum
569 532 682 553 curare
696 521 810 553 debeat
829 520 967 559 auditor,
978 532 1042 564 qua
1065 521 1213 554 mandata
1232 522 1270 553 de
1288 522 1528 554 manutenendo
1546 522 1578 554 in
1596 522 1797 565 possessione

341 579 371 606 ct
383 574 420 606 dc
432 573 589 616 capiendo
602 573 725 606 rationu
735 573 929 616 suspicionis
941 575 1045 617 fugae,
1060 585 1118 607 nec
1133 585 1196 607 non
1210 575 1318 618 copias
1330 581 1402 608 ante
1412 581 1609 608 tormentum
1618 575 1797 608 concedere

341 627 436 667 ibid.;
449 633 557 660 caveat
570 638 609 660 ne
624 628 811 660 tabelliones
824 633 964 669 registra
981 628 1126 661 oi‘nittaut
1141 629 1172 661 in
1187 629 1308 661 raussis
1322 630 1461 662 valorem
1476 630 1691 662 ducentorum
1705 629 1797 661 llore-

340 690 456 712 norum
474 691 537 712 non
559 681 798 717 excedentibus,
822 686 852 713 et
873 686 958 713 taxas
979 687 1116 721 servent,
1139 683 1217 714 ibid.
1241 683 1269 714 b.
1293 682 1381 714 Aliae
1392 682 1476 715 circa
1493 682 1650 715 auditoris
1670 681 1799 715 iurisdi-

341 733 481 766 ctionem
502 734 747 775 declarationes,
770 735 845 767 ibid.
869 734 1017 767 Secunda
1041 735 1194 768 Gamerae
1220 736 1422 779 Apostolicae
1444 736 1630 769 reformatio
1651 747 1668 768 a
1688 736 1742 768 Pio
1763 735 1798 768 IV

339 787 538 827 decernitur,
555 787 619 821 att)
635 799 665 820 ιι.
679 788 793 820 Omnia
809 788 877 820 eius
894 788 1060 831 privilegia
1080 789 1154 821 linit·
1176 789 1396 821 1·‹2=1·‹›1·mati0ni
1419 799 1483 821 non
1502 789 1664 822 contraria
1681 788 1797 822 contir-

340 846 482 880 mantur,
510 841 587 873 ibid.
612 842 639 873 b.
664 841 861 874 Clericoruni
883 841 1035 874 Gamerae
1052 842 1221 885 qualitates
1243 842 1466 884 designantur,
1484 842 1543 876 311
1569 843 1598 876 b.
1618 842 1799 877 Camerales

340 895 515 939 participes
537 906 600 927 non
621 895 684 928 sint
705 900 928 928 contractuum
947 895 1112 936 Gamerae,
1133 896 1229 936 ibid.;
1249 906 1319 928 eam
1342 907 1406 929 non
1428 896 1653 939 ingrediantur
1668 898 1799 940 quando

338 948 445 990 agitur
460 948 499 981 de
513 949 732 981 contractibus
750 948 833 981 inter
846 949 1013 982 Cameram
1035 950 1231 993 illorumque
1251 950 1374 990 aflines,
1397 949 1460 982 3110.)
1482 961 1516 987 (ις
1535 950 1795 995 propinquorum

338 1012 467 1034 caussas
487 1012 551 1034 non
573 1008 780 1043 cognoscant,
799 1003 946 1035 necdum
963 1008 1104 1045 aguntur
1119 1003 1234 1043 adsint,
1253 1004 1332 1036 ibid.
1346 1003 1547 1047 Suspicionis
1563 1015 1675 1037 caussa
1687 1011 1797 1040 contra

338 1056 515 1089 camerales
529 1056 559 1089 in
572 1056 706 1089 Camera
722 1057 932 1099 :iplirobanda
943 1062 1000 1096 est,
1011 1056 1089 1089 ibid.
1103 1057 1131 1088 b.
1145 1056 1335 1089 Contractus
1349 1058 1525 1090 camerales
1537 1058 1670 1091 ineundi
1683 1059 1796 1100 forma,

337 1109 414 1141 ibid.
426 1109 603 1142 Proventus
614 1109 755 1142 Camerie
766 1110 824 1142 sub
835 1110 924 1142 basta
934 1110 1109 1149 liciti—ntur,
1118 1109 1183 1142 313
1192 1121 1223 1142 u.
1233 1110 1347 1143 Clerici
1357 1110 1387 1142 in
1398 1110 1532 1143 Camera
1544 1111 1657 1144 diebus
1673 1112 1797 1145 statutis

337 1173 465 1196 summo
482 1174 575 1196 mane
592 1163 797 1203 conveniant,
816 1164 893 1196 ibid.
913 1164 1066 1197 Cursores
1088 1175 1248 1197 camerani
1270 1164 1372 1208 pridie
1394 1165 1557 1205 intiment,
1585 1166 1663 1199 ibid.
1687 1166 1797 1199 Came-

339 1217 421 1249 rales
436 1227 500 1249 non
514 1217 620 1249 absint
633 1217 752 1260 absque
765 1218 933 1249 camerarii
952 1218 997 1250 vel
1020 1218 1132 1250 decani
1147 1218 1287 1258 licentia,
1306 1218 1385 1250 ibid.
1404 1219 1435 1257 b,·
1449 1218 1567 1261 quilius
1580 1218 1640 1262 ipsi
1653 1219 1796 1252 vestibus

336 1269 427 1303 indui
441 1274 625 1309 teneantur,
640 1271 718 1302 ibid.
729 1282 737 1307 ‚·
751 1270 866 1303 missae
886 1270 1045 1303 sacrificio
1059 1271 1164 1304 adsint
1184 1277 1356 1314 antequam
1374 1271 1540 1305 eameram
1558 1271 1794 1315 ingrediantur,

336 1323 432 1361 ibid.;
447 1328 520 1356 ante
535 1334 721 1356 caussarum
734 1323 984 1366 propositiones,
999 1324 1156 1367 imperato
1174 1324 1313 1363 silentio,
1330 1329 1558 1368 procuratores
1574 1325 1719 1367 audiant,
1733 1325 1798 1359 314

336 1389 366 1410 a.
393 1376 514 1410 Notarii
537 1375 680 1409 Camerio
703 1389 717 1408 a
744 1377 965 1419 procuratoris
996 1377 1102 1410 osticio
1125 1378 1317 1418 abstineant,
1345 1378 1423 1409 ibid.
1456 1378 1639 1421 Pauperum
1663 1389 1794 1419 caussze,

334 1430 448 1463 audito
461 1430 627 1469 advocato,
644 1430 682 1462 ab
700 1437 1034 1474 corumprocuratore
1046 1430 1142 1473 gratis
1157 1436 1348 1471 tractentur,
1362 1431 1440 1463 ibid.
1460 1430 1605 1464 Clericus
1619 1431 1797 1464 inensarius

335 1489 544 1517 occurrentes
577 1482 815 1526 propositiones
850 1483 968 1515 scribat
998 1488 1170 1527 antequam
1204 1486 1254 1516 liat
1283 1495 1424 1523 camera,
1455 1484 1534 1517 ibid.
1567 1484 1594 1517 b.
1623 1484 1730 1518 Oratio
1758 1485 1792 1518 B.

335 1537 447 1571 Isidori
482 1548 540 1581 per
570 1536 724 1569 clericum
760 1537 967 1569 novissimum
1000 1538 1124 1579 lrgatur
1155 1543 1227 1570 ante
1259 1537 1456 1570 audientiam
1488 1549 1688 1579 caussarum,
1715 1541 1793 1573 ibid.

333 1593 467 1626 Camera
491 1597 600 1635 postca
627 1591 814 1630 claudatur,
845 1597 875 1623 et
895 1602 990 1624 uenio
1011 1592 1151 1635 amplius
1171 1592 1360 1624 admittatur
1382 1602 1439 1635 per
1460 1602 1610 1625 cursores
1631 1594 1793 1634 custodes,

332 1647 392 1680 nisi
414 1645 544 1690 speciali
566 1645 706 1681 licentia‘,
723 1646 896 1689 nullaeque
918 1657 1017 1678 urnac
1038 1647 1275 1690 propositisnics
1293 1646 1466 1679 audiantur
1481 1653 1536 1680 aut
1557 1647 1793 1689 describantur,

332 1701 392 1734 nisi
415 1712 473 1744 pro
506 1701 583 1733 fisco
611 1701 659 1733 vel
684 1700 836 1733 Cauierac
863 1700 1084 1733 commissario
1114 1702 1159 1733 vel
1182 1712 1360 1744 pauperum
1389 1706 1611 1744 procuratore,
1635 1702 1712 1734 ibid.
1738 1703 1797 1735 Per

333 1755 520 1788 ‹luaslioras
534 1754 573 1786 ad
589 1754 695 1785 miuus
707 1764 832 1785 ramera
852 1754 1019 1791 babo-itur,
1037 1754 1101 1785 atr·
1115 1766 1146 1786 a.
1165 1754 1341 1786 Mensarius
1357 1764 1543 1786 caussarum
1559 1755 1796 1797 propositiones

335 1810 428 1850 legat,
460 1814 490 1841 et.
521 1809 663 1841 decanus
693 1818 744 1839 eas
769 1820 823 1850 por
845 1813 976 1840 turnum
1007 1807 1187 1847 distribuat,
1214 1818 1277 1839 non
1304 1813 1411 1841 tamen
1432 1814 1666 1841 concernentes
1691 1809 1796 1842 officia

333 1863 381 1894 vel
402 1861 561 1904 gubernia
581 1861 788 1900 clericin'uni,
814 1862 890 1893 ibid.
916 1861 950 1893 lli
978 1861 1051 1893 dein
1070 1872 1199 1894 caussas
1219 1867 1413 1904 proponant,
1437 1861 1565 1905 praevia
1584 1862 1735 1895 citatione
1755 1863 1795 1895 ad

333 1915 587 1955 intermanduni,
619 1915 802 1948 transmissa
833 1916 946 1947 redula
969 1915 1209 1959 propositionis,
1241 1915 1421 1958 ceterisque
1455 1916 1587 1949 servatis
1616 1917 1793 1957 servandis,

334 1970 411 2002 ibid.
447 1968 584 2001 Calissae
617 1970 799 2013 propositae
832 1969 1004 2001 ordinatim
1036 1968 1269 2008 disruthuitur,
1304 1974 1335 2002 et
1364 1969 1449 2001 iuxta
1482 1969 1638 2002 maiorem
1670 1976 1793 2014 partem

333 2029 485 2056 votoruni-
499 2022 701 2060 ‹lccidantur,
725 2022 788 2055 :31⁴3
809 2035 839 2055 α.
866 2023 950 2054 Votis
971 2027 1078 2055 autent
1101 2022 1245 2065 paribus,
1269 2034 1305 2056 ca
1322 2033 1395 2066 pars
1415 2023 1598 2066 praevaleat
1619 2023 1669 2056 cui
1692 2034 1796 2057 came-

335 2076 439 2109 rarius
464 2076 642 2108 adhaeserit
670 2076 731 2116 vel,
759 2086 796 2108 eo
822 2076 964 2115 absente,
986 2076 1089 2108 maior
1109 2087 1183 2119 pars
1207 2076 1347 2108 aliorum
1374 2076 1584 2108 cameralium
1606 2077 1795 2110 habentium

335 2135 405 2162 vota
418 2128 608 2169 consultiva,
626 2130 703 2161 ibid.
718 2130 746 2161 b.
760 2130 953 2161 llvcauusad
970 2130 1157 2162 Pontificem
1176 2129 1317 2162 remittat
1331 2141 1460 2162 caussas
1473 2129 1609 2172 gratiani
1621 2130 1793 2174 sapientcs;

332 2183 540 2227 gubernatori
563 2188 682 2221 autem,
705 2183 845 2215 auditori
861 2183 1013 2215 Gamerae
1030 2189 1059 2216 et
1071 2183 1271 2216 thesaurario
1293 2183 1363 2216 illas
1377 2183 1415 2216 ad
1433 2194 1486 2216 eos
1502 2188 1693 2226 spectantes,
1713 2184 1791 2217 ibid.

332 2237 458 2270 Poenae
489 2236 657 2279 impositae
687 2236 825 2268 aliorum
855 2241 924 2268 vota
957 2237 1193 2276 rtwelantibus,
1227 2236 1304 2269 ibid.
1338 2236 1371 2268 ln
1404 2236 1539 2279 reliquis
1568 2236 1794 2280 delinquentes

334 2295 546 2324 coerceantur
582 2289 613 2322 in
646 2290 741 2333 plena
773 2290 905 2322 (lamera
933 2296 963 2322 et
994 2290 1140 2324 Pontifici
1162 2290 1412 2329 dcnuucicntur‚
1433 2289 1497 2323 317
1518 2301 1548 2322 α.
1572 2289 1795 2334 Proponentes

333 2354 473 2384 caussas,
495 2354 605 2376 secum
626 2343 802 2387 scripturas
824 2344 972 2384 babeant,
996 2344 1073 2376 ibid.
1103 2344 1233 2377 Illarum
1261 2343 1442 2376 decisiones
1462 2344 1660 2376 adnotentur
1679 2355 1697 2377 a
1717 2356 1793 2388 pro-

332 2396 528 2442 ponentibus
553 2397 584 2429 in
616 2397 704 2429 libris
725 2397 926 2430 decisionum
948 2397 1112 2437 Gamerae,
1137 2398 1214 2430 ibid.
1249 2397 1384 2430 Litterae
1410 2401 1557 2440 patentes
1576 2397 1794 2442 mandataque

332 2450 516 2490 cainemlia,
543 2461 638 2493 quae,
670 2450 730 2482 nisi
758 2450 847 2493 prius
871 2451 967 2483 verbo
993 2452 1075 2483 sacto
1099 2451 1128 2483 in
1149 2450 1292 2491 Camera,
1324 2450 1468 2494 expediri
1496 2450 1723 2493 prohibentur,
1753 2451 1793 2484 ab

332 2504 483 2537 omnibus
504 2503 630 2536 clericis
651 2504 875 2547 praesentibus
895 2504 1152 2542 subscmibantur,
1175 2503 1315 2547 exceptis
1336 2503 1460 2543 litteris,
1484 2507 1542 2536 etc.
1571 2503 1675 2537 officia
1696 2504 1791 2538 cleri-

332 2568 444 2591 corum
478 2557 746 2590 concernentibus
759 2584 766 2597 ,
803 2558 881 2589 ibid.
916 2559 944 2589 b.
975 2558 1090 2591 Forma
1111 2569 1175 2602 qua
1195 2557 1474 2590 administratores
1495 2556 1635 2590 rationes
1655 2558 1792 2592 reddere

330 2611 461 2653 debent,
496 2611 575 2644 ibid.
607 2610 749 2643 Tabellio
782 2611 910 2644 casdem
944 2612 983 2644 ad
1008 2612 1221 2645 calculatores
1251 2612 1394 2651 deserat,
1416 2610 1481 2644 318
1507 2622 1539 2643 (ι.
1567 2610 1710 2644 Clericus
1739 2622 1791 2645 eas

330 2665 457 2707 solidet,
477 2669 648 2710 praesente
672 2664 906 2706 commissario,
930 2666 1007 2699 ibid.
1030 2666 1208 2706 Quemnam
1230 2665 1349 2699 librum
1365 2669 1477 2699 tenere
1496 2663 1633 2700 debeant
1653 2664 1791 2699 admini-
