2237 3100
239 265 288 294 An.
304 266 336 294 C.
351 265 420 297 18611

261 803 285 824 Et
315 804 419 831 praecipit

234 834 338 855 iudicibus
359 833 419 855 Urbis

235 872 261 886 ne
277 866 376 887 consules
385 866 420 886 tle-

235 902 299 924 super
314 897 390 924 tmped.

261 1563 359 1585 clausula
369 1563 422 1584 sub·

244 1598 285 1621 ata,
301 1598 339 1615 etc.

238 1987 348 2008 clausulae
368 1993 422 2014 prn-

239 2020 369 2040 servativae.

478 257 545 293 270

1029 265 1207 290 BULLARIUM
1230 264 1380 289 ROMANUM

1991 261 2040 288 An.
2059 259 2088 288 C.
2106 260 2175 294 ¹564

437 322 552 355 cedant
570 326 602 356 et
626 326 840 365 cognoscant,
877 319 1050 354 terminent
1079 323 1108 351 et
1128 319 1183 351 de·
1226 317 1447 350 stitutionibus
1462 321 1492 350 et
1504 315 1760 351 ordinationibus
1781 315 1975 362 apostolicis,
2016 325 2127 347 eumne
2137 326 2175 347 ‹10-

435 375 552 416 eidam,
564 381 595 409 et
606 376 780 420 procedere
792 374 957 419 perpetuis
977 372 1093 406 suturis
1107 377 1185 405 tem-

434 430 569 473 poribus
598 430 719 474 possint
739 434 769 463 et
788 430 928 468 valeant,
954 438 1055 470 usque
1076 426 1114 459 ad
1135 432 1184 459 to-

435 483 531 516 talem
565 483 759 526 finalemque
785 488 815 516 et
835 482 1037 515 effectualem
1072 491 1184 513 execu-

435 536 554 569 tionem
576 542 606 569 et
627 536 818 579 paritionem
846 534 992 568 omnium
1022 539 1052 567 et
1078 534 1184 577 singu-

436 590 542 623 lorum
572 601 685 623 eorum
710 589 957 630 mandatorum,
989 588 1118 621 realiter
1136 588 1184 621 vel

435 643 657 686 personaliter,
675 648 771 686 prout
786 643 831 676 eis
844 643 1015 683 videbitur,
1038 643 1183 675 relaxan-

435 696 563 729 dorum.

478 750 493 793 ξ
517 750 548 783 9.
576 750 639 783 Nec
658 761 717 794 per
727 751 887 794 praefatos
898 750 1070 783 modernos
1085 755 1115 782 et
1127 761 1185 794 pro

434 808 579 847 tempore
609 803 778 837 existentes
804 804 896 836 Urbis
920 804 1183 847 gubernatorem,

435 862 628 898 senatorem,
651 857 806 890 vicarium
824 863 971 890 nostrum
989 862 1019 890 et
1033 857 1185 890 Gamerae

434 910 637 954 Apostolicae
667 911 848 944 auditorem
878 911 925 944 vel
955 911 1034 944 alios
1058 910 1186 954 quosvis

435 963 578 997 eiusdem
608 964 702 997 Urbis
728 964 851 997 iudices
878 969 906 997 et
928 965 1093 1004 officiales,
1122 970 1184 997 tam

435 1017 616 1051 ordinarios
658 1028 755 1061 quam
795 1017 1033 1051 commissarios
1047 1047 1054 1058 ,
1090 1018 1185 1052 etiarn

435 1076 600 1115 praetextu
640 1071 871 1113 obligationum
920 1071 952 1104 in
985 1071 1088 1105 forma
1125 1072 1184 1105 Ga-

435 1135 543 1157 merae
555 1124 768 1168 Apostolicae‚
783 1125 869 1157 iuxta
881 1130 1004 1158 motum
1015 1125 1185 1170 proprium

435 1178 558 1222 populo
583 1178 728 1211 Romano
759 1189 968 1219 concessum,
996 1179 1055 1211 sub
1082 1190 1186 1223 poena

435 1231 778 1264 excommunicationis
811 1233 893 1265 latae
927 1232 1101 1265 sententiae
1138 1233 1186 1264 in-

435 1285 606 1321 currenda,
630 1285 791 1328 impediri,
813 1286 861 1318 vel
895 1285 972 1318 alias
1005 1286 1185 1329 quomodo-

435 1348 574 1382 cumque
596 1343 626 1371 et
646 1338 927 1382 qualitercumque
947 1339 1109 1372 molestari
1130 1350 1185 1372 seu

434 1391 589 1424 reassumi
611 1397 665 1424 aut
693 1392 818 1425 avocari
852 1403 908 1425 seu
939 1392 1077 1425 inhiberi
1111 1404 1185 1437 pos-

434 1444 507 1484 sint,
530 1455 589 1478 nec
610 1445 784 1489 respective
804 1445 939 1478 valeant.

479 1499 493 1542 §
513 1498 566 1532 110.
594 1499 630 1531 Et
650 1499 691 1531 ita
712 1509 770 1542 per
790 1509 1015 1543 quoscumque
1049 1499 1184 1540 iudices,

434 1552 544 1596 quavis
564 1552 765 1593 auctoritate,
796 1553 947 1595 dignitate
968 1553 1015 1586 vel
1037 1554 1186 1587 facultate

435 1605 613 1649 fungentes,
634 1605 729 1639 etiam
751 1611 878 1640 sanctae
896 1606 1058 1639 Romanae
1080 1607 1187 1641 Eccle-

435 1660 499 1692 siae
519 1660 707 1700 cardinales,
733 1660 858 1692 sublata
879 1660 924 1692 eis
945 1665 1103 1693 eteorum
1121 1661 1187 1693 cui-

435 1713 524 1753 libet,
547 1713 657 1757 qnavis
674 1713 766 1746 aliter
787 1713 963 1753 iudicandi,
986 1725 1187 1747 reassumen-

436 1766 480 1806 di,
502 1766 668 1800 inhibendi
690 1772 719 1799 et
739 1767 971 1811 interpretandi
992 1768 1142 1800 facultate
1158 1775 1185 1801 ct

436 1820 638 1861 auctoritate,
666 1820 821 1861 iudicari⁷
847 1821 1051 1864 interpretari
1073 1827 1103 1854 et
1132 1822 1187 1854 de-

436 1873 522 1906 finiri
542 1874 659 1906 debere
680 1873 895 1907 decernimus.

450 1918 453 1921 ’
481 1928 495 1970 ξ
515 1927 569 1960 11.
592 1927 629 1960 Et
653 1927 739 1971 quod
760 1927 982 1971 praesentibus
1007 1939 1063 1961 seu
1088 1929 1189 1961 literis

437 1973 577 2024 desuper
601 1980 830 2021 conficiendis,
866 1981 925 2014 sub
954 1981 1066 2024 quovis
1094 1993 1187 2025 prae-

437 2039 542 2074 textu,
569 2045 626 2078 per
655 2045 877 2078 quascumque
898 2035 1070 2075 clausulas,
1094 2035 1189 2068 etiam

437 2087 715 2130 derogatoriarum
726 2087 954 2131 derogatorias,
966 2088 1113 2131 derogari
1124 2099 1189 2121 non

438 2140 557 2185 possit,
580 2141 640 2174 nisi
661 2152 735 2174 curn
762 2146 827 2174 tota
851 2142 1069 2184 praesentium
1094 2153 1188 2186 prae-

438 2194 612 2228 insertione
621 2200 651 2228 et
661 2194 811 2239 specifica
820 2195 988 2227 nominum
1000 2196 1188 2228 eorumdem

439 2249 610 2281 consulum
623 2248 797 2285 mentione;
816 2248 942 2281 irritum
956 2253 985 2281 et
997 2248 1090 2281 inane
1101 2249 1190 2293 quic-

439 2302 516 2345 quid
536 2313 628 2335 secus
640 2313 657 2335 a
675 2313 852 2346 quoquam,
866 2301 976 2345 quavis
986 2302 1187 2339 auctoritate,

439 2360 577 2394 scienter
588 2362 635 2394 vel
646 2361 832 2404 ignoranter
844 2359 1013 2403 contigerit
1028 2362 1185 2394 attentari.

441 2418 485 2451 lta
505 2419 591 2462 quod
616 2419 748 2462 praefati
774 2430 833 2463 pro
852 2424 997 2463 tempore
1023 2419 1191 2452 existentes

442 2477 591 2510 consules
624 2478 800 2522 procedere
839 2478 962 2522 possint
990 2483 1018 2510 et
1044 2477 1188 2514 valeant,

442 2534 503 2568 illis
524 2546 588 2569 non
609 2536 820 2576 obstantibus,
858 2536 978 2579 absque
1006 2536 1114 2579 aliquo
1145 2542 1191 2569 at-

442 2598 639 2627 tentatorum
660 2599 689 2626 et
709 2594 935 2627 innovatorum
955 2594 1042 2627 vitio.

487 2651 503 2694 ἓ
521 2650 574 2684 12.
610 2651 680 2685 Non
713 2651 914 2685 obstantibus
934 2651 1097 2696 quibusvis
1117 2662 1194 2685 con-

1226 382 1262 404 ac
1283 371 1504 414 gubernatori,
1537 370 1686 410 senatori,
1714 371 1832 404 vicario
1866 375 1976 403 nostro

1226 430 1282 458 aut
1302 425 1453 458 Gamerae
1478 424 1679 468 Apostolicae
1700 424 1858 464 auditori,
1890 430 1975 457 cete-

1227 479 1335 522 risque
1356 478 1426 512 aliis
1446 478 1619 519 iudicibus,
1642 478 1749 522 quoad
1769 489 1882 512 causas
1901 476 1976 511 dicti

1228 532 1300 573 fori,
1336 538 1366 565 et
1391 533 1429 565 de
1456 532 1554 565 rebus
1579 532 1617 565 ad
1637 538 1738 565 artem
1759 531 1977 576 spectantibus

1228 592 1257 619 et
1276 586 1522 630 pertinentibus,
1552 596 1679 619 necnon
1700 586 1824 619 statutis
1849 591 1879 619 et
1903 596 1977 619 con-

1228 640 1465 681 suetudinibus,
1489 640 1584 674 etiam
1601 640 1796 680 iuramento,
1810 644 1882 680 etc„
1899 649 1977 672 con-

1228 694 1411 727 firmatione
1428 694 1605 738 apostolica
1624 694 1671 727 vel
1687 693 1797 738 quavis
1826 693 1977 726 firmitate

1227 747 1289 780 alia
1308 747 1480 786 roboratis;
1510 747 1684 791 privilegiis
1704 758 1847 791 quoque,
1871 747 1978 780 indul-

1228 801 1266 833 tis
1300 806 1330 833 et
1354 800 1453 834 literis
1486 801 1670 844 apostolicis
1702 811 1739 834 ac
1774 800 1980 834 facultatibus

1228 854 1347 887 eisdem
1368 854 1589 897 gubernatori,
1612 854 1763 895 senatori,
1785 853 1902 887 vicario
1920 865 1978 888 no-

1229 913 1292 941 stro
1314 914 1341 941 et
1364 907 1514 941 Gamerae
1531 907 1731 951 Apostolicae
1747 908 1898 948 auditori,
1916 908 1980 941 col-

1228 961 1415 994 lateralibus
1436 967 1466 994 et
1498 961 1665 1004 quibusvis
1686 961 1772 1001 aliis,
1801 962 1834 994 in
1863 973 1980 1005 genere

1227 1015 1275 1048 vel
1291 1015 1323 1047 in
1349 1015 1472 1059 specie,
1496 1015 1555 1048 sub
1576 1014 1838 1059 quibuscumque
1858 1016 1980 1049 tenori-

1228 1068 1288 1101 bus
1309 1074 1335 1101 et
1366 1068 1478 1101 formis
1506 1079 1543 1101 ac
1577 1078 1649 1100 cum
1685 1068 1861 1111 quibusvis,
1884 1069 1978 1102 etiam

1228 1121 1507 1164 derogatoriarum
1524 1121 1746 1164 derogatoriis,
1769 1122 1864 1155 etiam
1880 1133 1981 1166 quan-

1228 1175 1344 1208 tumvis
1370 1174 1612 1215 efficacissimis,
1635 1175 1787 1209 clausulis
1799 1181 1829 1209 et
1845 1176 1981 1210 decretis

1228 1229 1473 1272 quomodolibet
1507 1228 1688 1268 concessis,
1730 1229 1917 1273 approbatis
1950 1235 1982 1264 et

1228 1282 1396 1315 innovatis.
1408 1282 1531 1321 Quibus
1540 1282 1691 1315 omnibus
1702 1293 1738 1315 ac
1748 1282 1772 1316 si
1782 1294 1839 1326 pro
1849 1283 1981 1317 illorum

1229 1336 1399 1369 sufficienti
1438 1335 1665 1379 derogatione,
1693 1337 1731 1369 de
1761 1337 1824 1370 illis
1852 1348 1980 1371 eorum-

1228 1399 1290 1431 que
1325 1389 1398 1421 totis
1427 1389 1594 1422 tenoribus
1623 1389 1783 1432 specialis,
1815 1390 1978 1434 specifica,

1229 1453 1378 1486 expressa
1393 1448 1423 1475 et
1439 1442 1613 1483 individua,
1637 1453 1673 1475 ac
1689 1443 1728 1475 de
1743 1443 1840 1476 verbo
1859 1444 1898 1477 ad
1913 1454 1982 1477 ver-

1229 1495 1319 1534 bnm,
1350 1495 1430 1528 nihil
1457 1495 1585 1539 penitus
1605 1495 1736 1536 omisso,
1766 1501 1797 1530 et
1825 1497 1929 1530 forma
1948 1497 1982 1530 in

1230 1548 1291 1581 illis
1310 1549 1425 1581 tradita
1446 1555 1567 1582 servata
1587 1548 1687 1589 soret,
1719 1549 1829 1583 inserti
1859 1550 1979 1592 forent,

1231 1601 1452 1645 praesentibus
1485 1613 1543 1646 pro
1584 1602 1782 1636 sufficienter
1823 1604 1982 1648 expressis

1230 1661 1258 1688 et
1281 1655 1407 1689 insertis
1427 1656 1592 1697 habentes,
1616 1656 1678 1688 illis
1699 1656 1776 1690 alias
1796 1656 1828 1690 in
1853 1668 1911 1691 suo
1932 1668 1982 1691 ro-

1230 1710 1307 1743 bore
1346 1710 1578 1754 permansuris,
1616 1710 1674 1742 hac
1697 1709 1764 1743 vice
1798 1710 1980 1751 dumtaxat,

1230 1765 1346 1796 harum
1371 1763 1451 1797 serie
1473 1763 1869 1808 specialiteretexpresse,
1892 1765 1980 1798 omni

1231 1817 1357 1850 meliori
1388 1817 1496 1857 modo,
1528 1822 1584 1850 etc.
1608 1817 1813 1860 derogamus.
1850 1819 1981 1852 Necnon

1230 1871 1381 1904 omnibus
1397 1871 1469 1911 illis,
1490 1881 1572 1914 qnae
1588 1871 1692 1904 dictus
1710 1872 1893 1906 Bonisacius
1925 1883 1981 1906 seu

1231 1925 1314 1957 idem
1339 1925 1507 1957 Zacharias
1537 1930 1666 1958 senator
1694 1924 1726 1957 in
1748 1936 1861 1958 eorum
1881 1925 1983 1960 literis

1231 1979 1402 2011 voluerunt
1427 1989 1492 2011 non
1521 1978 1666 2018 obstare,
1704 1979 1884 2024 ceterisque
1904 1991 1982 2014 con-

1232 2032 1337 2065 trariis
1352 2032 1626 2076 quibuscumque,

1444 2086 1511 2118 Fiat
1534 2091 1568 2119 ut
1592 2085 1722 2130 petitur.
1745 2087 1768 2119 l.

1275 2139 1362 2182 §ta
1391 2140 1427 2172 Et
1453 2151 1527 2173 cum
1557 2139 1759 2173 absolutione
1784 2137 1981 2183 ascensuris,

1233 2193 1270 2225 ad
1292 2193 1442 2226 effectum
1459 2197 1531 2234 etc„
1550 2193 1645 2226 etiam
1672 2193 1704 2226 in
1730 2193 1857 2227 casibus
1885 2204 1980 2237 regu-

1232 2247 1280 2279 lae
1298 2250 1368 2287 Βία,
1385 2257 1458 2279 eum
1476 2246 1563 2279 illius
1587 2252 1771 2290 opportuna
1800 2247 1982 2291 derogatio—

1233 2310 1284 2339 ne,
1298 2305 1457 2343 quatenus
1468 2311 1551 2344 opus
1562 2300 1612 2341 sit,
1624 2301 1844 2341 extendendis;
1856 2307 1886 2334 et
1897 2301 1982 2344 quod

1233 2359 1361 2387 tenores
1390 2354 1557 2387 literarum
1579 2360 1608 2387 et
1632 2360 1825 2388 statutorum
1855 2354 1983 2398 praedi-

1234 2412 1359 2440 ctorum
1381 2408 1562 2441 habeantur
1581 2419 1640 2451 pro
1660 2408 1829 2452 expressis,
1848 2414 1877 2441 et
1901 2408 1984 2441 latis—

1234 2454 1312 2488 sime
1337 2467 1375 2488 ac
1400 2457 1438 2489 de
1459 2457 1555 2489 verbo
1585 2457 1624 2489 ad
1644 2457 1776 2490 verbum
1797 2457 1934 2501 exprimi
1954 2464 1985 2491 et

1235 2503 1330 2537 inseri
1348 2506 1481 2548 possint;
1509 2511 1537 2538 et
1559 2506 1597 2539 de
1617 2505 1848 2550 approbatione
1861 2533 1868 2547 ,
1894 2506 1984 2540 inno·

1235 2554 1370 2593 vatione,
1394 2555 1652 2595 confirmatione,
1676 2555 1816 2595 indulto,
1838 2555 1984 2597 decreto,

1235 2602 1453 2645 derogatione,
1471 2614 1624 2647 processu
1644 2608 1674 2636 et
1702 2603 1772 2636 aliis
1789 2604 1984 2647 praemissis,

1235 2651 1273 2684 dc
1294 2652 1444 2685 omnibus
1474 2658 1504 2686 et
1524 2652 1657 2696 singulis
1683 2652 1872 2697 praedictis,
1901 2664 1985 2698 quae

1991 358 2120 384 rogatui-iae.

2013 2151 2117 2178 Repetitio
2127 2151 2182 2172 clm-

1997 2183 2096 2204 sulatum.
