2237 3100
74 290 124 316 An.
140 290 169 316 C.
190 287 255 315 ¹567

101 829 138 850 tite
159 829 255 851 Pontifex

74 863 99 882 nd
140 861 256 882 tollendum

75 894 112 914 lias
132 897 258 914 controver-

75 927 124 950 sias,
137 931 172 946 eas
184 930 257 945 omnes

75 960 98 979 ad
116 964 138 978 se
159 959 256 981 advocat:

940 289 1006 313 PIUS
1031 290 1049 311 V
1073 288 1120 312 Pt‘.

358 340 484 384 Aliique
504 340 536 374 in
557 342 718 375 erectione
736 342 798 375 sive
821 341 1020 376 institutione

270 400 301 427 et
315 394 527 437 acquisitione
543 395 871 434 novorumlocorum,
895 397 957 429 sive
966 397 1020 430 do-

271 459 410 488 morum,
434 455 648 483 conventuum
670 456 700 483 et
715 451 924 483 ecclesiarum
945 451 1020 484 dicti

270 502 407 543 Ordinis,
425 509 453 536 et
472 503 560 542 alias,
575 504 824 547 praemissorum
837 505 1019 545 occasione,

269 556 398 589 eosdem
426 558 538 590 fratres
566 563 597 590 et
616 557 770 590 moniales
797 558 962 591 molestant
992 565 1022 592 et

271 611 470 653 perturbant,
493 617 603 644 contra
621 616 802 644 nostrarum
820 617 847 643 et
861 612 1021 645 dictorum

270 663 555 707 praedecessorum
572 670 759 698 nostrornm
771 664 937 698 literarum
959 666 1022 698 sor-

271 727 355 749 mam
382 723 412 750 et
432 723 590 751 tenorem.

315 771 329 813 §
349 770 380 804 6.
403 771 484 811 Nos,
512 772 694 814 praemissis
723 777 754 805 et
773 772 844 805 aliis
865 773 1023 806 similibus

269 825 524 868 gravaminibus,
548 826 845 869 perturbationibus
870 832 898 859 et
921 828 1022 860 mole-

271 879 338 912 stiis
359 879 510 913 fratribus
530 887 559 913 et
574 880 770 913 monialibus
786 881 935 924 praefatis
956 882 1023 914 illa-

272 933 327 970 tis,
351 934 604 978 eorumdemque
626 935 760 967 fratrum
782 941 808 967 et
832 935 1022 968 monialium

270 987 371 1031 quieti
398 994 427 1021 et
457 988 679 1032 tranquillitati
705 990 895 1024 consulere,
930 995 961 1023 et
991 995 1024 1022 ut

272 1041 385 1074 fratres
405 1041 465 1085 ipsi
486 1041 612 1075 facilius
640 1047 667 1074 et
691 1043 872 1086 promptius
892 1054 1023 1076 eorum-

272 1094 344 1128 dem
369 1094 474 1128 officia
503 1101 530 1128 et
560 1096 654 1128 vitam
677 1097 871 1139 regularem,
895 1109 929 1130 ac
952 1108 1024 1130 mu-

273 1159 332 1182 nus
351 1149 598 1193 praedicationis
615 1150 660 1183 eis
676 1150 867 1187 iniunctum,
886 1151 924 1183 ad
941 1162 1025 1184 sum-

273 1204 315 1236 mi
340 1204 395 1237 Dei
422 1203 548 1236 landem
569 1209 598 1236 et
620 1204 694 1236 fidei
715 1204 891 1237 catholicae
912 1216 1026 1249 propa-

271 1257 455 1300 gationem,
487 1258 600 1300 exequi
628 1264 655 1290 et
677 1257 873 1302 adimplere,
900 1258 1025 1302 illisque

273 1311 460 1344 incumbere
479 1311 610 1354 possint,
634 1317 663 1344 et
679 1312 718 1344 ad
739 1312 792 1344 illa
811 1313 1027 1357 promptiores

274 1366 461 1405 reddantur,
484 1371 667 1410 opportune
689 1367 873 1410 providere,
899 1378 935 1400 ac
956 1378 1025 1400 om-

273 1428 346 1452 nem
363 1419 618 1462 ambiguitatem,
637 1420 730 1453 etiam
748 1426 875 1453 nostrae
892 1421 1028 1465 amplio-

274 1473 317 1505 ris
334 1473 560 1507 declarationis
580 1474 771 1513 ministerio,
793 1486 956 1508 removere
973 1486 1026 1508 vo-

274 1528 394 1565 lentes:
428 1527 578 1572 ipsosque
600 1529 710 1562 fratres
740 1534 767 1561 et
790 1530 966 1569 moniales,
999 1535 1029 1562 et

274 1592 387 1615 eorum
408 1582 550 1624 singulos
579 1594 596 1615 a
619 1583 785 1627 quibusvis
804 1583 1026 1617 excommuni-

275 1635 421 1675 cationis,
435 1636 653 1680 suspensionis
663 1637 874 1675 etinterdicti,
892 1637 1028 1681 aliisque

275 1690 501 1723 ecclesiasticis
517 1690 691 1728 sententiis,
703 1691 885 1725 censui-iset
902 1693 1025 1736 poenis,

275 1754 292 1775 a
312 1742 382 1776 iure
410 1745 456 1777 vel
482 1744 521 1777 ab
541 1745 691 1780 homine,
724 1745 834 1788 quavis
859 1746 1029 1779 occasione

276 1797 323 1830 vel
348 1808 442 1831 causa
468 1798 557 1837 latis,
589 1799 613 1831 si
640 1799 758 1841 quibus
786 1800 1027 1843 quomodolibet

277 1851 419 1885 innodati
439 1852 589 1892 existunt,
603 1859 631 1886 et
650 1853 689 1886 ad
710 1854 860 1887 effectum
882 1865 1030 1897 praesen-

277 1905 356 1938 tium
373 1906 535 1939 dumtaxat
554 1908 832 1951 consequendum,
848 1908 962 1941 barum
981 1919 1029 1941 se-

277 1959 324 1992 rie
350 1959 550 1993 absolventes
578 1966 608 1993 et
627 1961 793 1994 absolutos
814 1963 878 1993 t'art·
900 1972 1031 1995 censen-

278 2018 336 2053 tes;
359 2024 501 2046 necnon
529 2014 693 2047 literarum
728 2016 961 2058 praelatarum,
994 2027 1029 2048 ac

279 2066 419 2099 cuiusvis
431 2067 493 2101 litis
506 2073 536 2101 et
551 2080 677 2109 causae,
693 2069 1030 2113 desuperinterquos-

279 2131 435 2165 scumque
446 2122 517 2155 etin
527 2123 637 2166 quavis
647 2123 795 2156 instantia
808 2123 1029 2167 pendentium,

279 2180 379 2208 status
392 2181 423 2209 et
436 2176 559 2215 merita,
576 2178 771 2221 nominaque
788 2183 818 2210 et
839 2178 1032 2221 cognomina

280 2229 423 2263 iudicum
445 2236 472 2263 et
487 2230 744 2274 collitigantium,
759 2243 939 2276 eorumque
962 2232 1032 2265 iura

280 2289 310 2316 et
325 2284 447 2325 titulos3
474 2296 510 2317 ac
532 2285 763 2318 sententiarum
775 2285 915 2329 desuper
926 2286 1031 2319 forsan

279 2337 429 2375 latarum,
451 2350 576 2372 necnon
597 2339 850 2373 transactionum
872 2340 934 2373 sive
954 2351 1031 2374 con-

281 2392 466 2434 ventionum
488 2393 571 2426 inter
597 2404 652 2426 eos
672 2394 824 2426 initarum
845 2405 880 2427 ac
913 2394 1032 2427 instru-

281 2452 465 2480 mentorum
495 2447 697 2490 aliarumque
717 2447 949 2491 scripturarum
977 2449 1032 2482 de-

282 2505 381 2540 super
399 2496 643 2540 quomodolibet
662 2497 882 2530 consectorum
907 2503 937 2531 et
959 2498 1033 2531 inde

282 2551 467 2579 secutorum
489 2557 774 2589 quorumcumque
792 2552 1034 2591 tenores,prae-

282 2594 426 2628 sentibus
454 2606 513 2639 pro
539 2595 696 2639 expressis
729 2595 908 2636 habentes,
945 2602 1033 2630 motu

284 2644 439 2688 proprio,
462 2656 527 2678 non
553 2645 591 2678 ad
620 2645 756 2678 alicuius
785 2657 843 2690 pro
870 2645 916 2679 eis
942 2646 1035 2680 nobis

284 2703 380 2738 super
408 2694 469 2727 hoc
499 2695 624 2728 oblatae
653 2695 816 2739 petitionis
837 2694 1034 2736 instantiam,

1706 279 1770 314 589

1064 343 1119 375 sed
1147 343 1185 375 de
1217 353 1304 376 mera
1336 342 1564 376 deliberatione
1599 347 1628 376 et
1662 354 1697 376 ex
1727 349 1813 377 certa

1062 396 1193 429 scientia
1214 402 1333 437 nostra,
1356 407 1469 430 omnes
1484 397 1567 436 lites,
1591 408 1715 437 causas,
1739 408 1813 431 con-

1063 451 1233 483 troversias
1253 457 1283 484 et
1303 451 1519 495 quaestionum
1532 450 1693 489 materias,
1716 462 1811 495 supet·

1063 504 1246 547 praemissis
1270 511 1427 538 eteorum
1449 505 1630 545 occasione,
1651 505 1733 537 inter
1750 506 1813 537 sra-

1063 562 1127 589 tres
1161 563 1191 591 et,
1221 569 1277 591 seu
1305 560 1400 592 etiam
1422 560 1577 593 moniales
1600 559 1758 602 praefatos
1779 569 1815 591 ex

1065 621 1147 649 una,
1170 622 1296 645 necnon
1317 613 1486 657 episcopos
1506 618 1535 646 et
1561 614 1706 647 locorum
1728 613 1815 646 ordi-

1064 664 1182 705 narios,
1206 676 1242 698 ac
1263 667 1436 700 canonicos
1446 666 1508 700 sive
1529 667 1722 711 capitulares
1742 678 1815 711 per-

1065 728 1170 757 sonas,
1184 720 1418 762 parochialium
1437 721 1647 754 ecclesiarum
1661 726 1814 762 rectoreS,

1065 777 1095 804 et
1121 772 1199 805 alias
1231 784 1455 817 quascumque
1484 785 1637 818 personas
1665 775 1816 809 eeclesia-

1065 825 1158 858 sticas
1179 831 1206 859 et
1226 828 1407 860 saeculares
1426 829 1603 871 praefatas,
1621 829 1766 873 partibus
1781 840 1818 862 ex

1065 879 1176 919 altera,
1195 890 1302 913 coram
1318 892 1527 926 quocumque
1544 881 1650 915 indice
1669 894 1724 915 seu
1745 883 1818 927 qui-

1065 933 1171 966 busvis
1191 933 1353 967 iudicibus
1373 935 1596 968 ecclesiasticis
1617 943 1645 970 et
1674 937 1819 970 saecula-

1067 987 1174 1023 ribus,
1208 987 1303 1020 etiam
1330 988 1420 1021 Sedis
1439 989 1640 1032 Apostolicae
1661 990 1699 1023 de
1721 991 1819 1024 latere

1067 1042 1178 1083 legatis
1193 1053 1229 1074 ac
1249 1040 1460 1083 vice-legatis,
1479 1054 1515 1075 ac
1537 1043 1632 1076 etiam
1651 1044 1690 1077 ab
1708 1045 1819 1077 eadem

1067 1094 1147 1127 Sede
1168 1095 1321 1138 delegatis
1350 1101 1380 1128 et
1409 1096 1647 1136 subdeleeatis,
1686 1108 1723 1130 ac
1753 1097 1821 1131 aliis

1067 1148 1251 1192 quibusvis,
1284 1149 1380 1182 etiam
1402 1150 1433 1183 S.
1457 1150 1492 1182 R.
1517 1151 1551 1183 E.
1580 1151 1819 1193 cardinalibus,

1068 1207 1098 1234 et.
1118 1203 1198 1235 sacri
1219 1203 1328 1236 Palatii
1351 1203 1525 1247 Apostolici
1542 1216 1712 1237 causarum
1734 1206 1823 1238 audi-

1069 1256 1191 1289 toribus
1207 1283 1214 1291 ,
1244 1257 1489 1300 quomodolibet
1508 1257 1539 1290 in
1561 1258 1664 1302 prima
1685 1270 1740 1291 seu
1762 1259 1823 1292 alia

1068 1322 1273 1354 quacumque
1291 1340 1298 1349 ,
1328 1312 1422 1344 etiam
1455 1312 1560 1345 forsan
1582 1313 1750 1351 ulteriori,
1773 1313 1822 1346 in-

1069 1365 1184 1398 stantia
1204 1365 1403 1399 introductas
1432 1372 1461 1399 et
1487 1366 1594 1399 adbuc
1616 1367 1722 1399 forsan
1743 1378 1823 1410 pen-

1070 1419 1192 1455 dentes,
1216 1419 1310 1452 etiam
1334 1421 1439 1453 forsan
1461 1419 1485 1452 si
1507 1431 1605 1464 super
1624 1420 1706 1461 illis,
1730 1420 1823 1454 etiam

1070 1480 1181 1505 contra
1215 1473 1317 1506 dictos
1350 1474 1463 1506 fratres
1493 1480 1519 1506 ct
1550 1474 1731 1513 moniales,
1769 1485 1826 1518 per

1071 1537 1168 1559 unam
1189 1528 1236 1560 vel
1258 1528 1368 1571 plures
1388 1528 1562 1561 sententias
1583 1527 1773 1568 iudicatum,
1797 1533 1827 1561 ct

1071 1581 1152 1613 inter
1167 1581 1249 1624 ipsas
1271 1587 1376 1625 partes
1388 1582 1621 1615 concordatum
1643 1582 1705 1615 sive
1724 1586 1826 1615 trans-

1071 1640 1176 1667 actum
1208 1635 1348 1679 desuper
1369 1636 1483 1675 suerit,
1512 1635 1688 1680 apostolica
1715 1641 1826 1669 aucto—

1071 1689 1175 1727 ritate,
1200 1694 1310 1723 tenore
1327 1690 1558 1733 praesentium,
1577 1691 1616 1723 ad
1636 1701 1695 1724 nos
1716 1701 1828 1724 avoca·

1072 1754 1154 1778 mus.
1179 1754 1279 1787 eaque
1296 1744 1405 1777 onmia
1428 1749 1457 1777 et
1473 1744 1597 1787 singula
1619 1755 1783 1778 cassamus
1798 1750 1827 1778 et

1072 1796 1300 1840 extinguimus,
1329 1809 1363 1831 ac
1386 1809 1444 1842 pro
1466 1798 1563 1831 cassis
1584 1804 1611 1831 et
1631 1797 1758 1842 penitus
1778 1810 1828 1832 ex·

1072 1850 1179 1883 tinctis
1213 1851 1324 1885 haberi
1358 1852 1506 1885 volumus
1540 1856 1570 1885 et
1603 1852 1825 1891 declaramus

1073 1904 1259 1949 eisdemque
1279 1905 1452 1950 episcopis,
1475 1906 1621 1939 locorum
1643 1905 1826 1946 ordinariis,

1072 1958 1208 1999 vicariis,
1221 1959 1397 2000 canonicis,
1418 1959 1651 2004 capitularibus
1685 1958 1830 2003 personis

1074 2023 1198 2045 necnon
1225 2013 1461 2057 parochialium
1488 2013 1697 2047 ecclesiarum
1724 2019 1829 2047 recto-

1074 2065 1163 2099 ribus
1184 2072 1215 2099 et
1235 2067 1360 2101 caeteris
1382 2067 1529 2112 personis
1551 2066 1775 2100 ecclesiasticis
1800 2071 1829 2100 et

1074 2121 1293 2161 saecularibus
1311 2121 1451 2164 desuper
1462 2127 1654 2165 perpetuum
1666 2121 1830 2154 silentium

1074 2174 1284 2219 imponimus.

1118 2229 1133 2272 g
1149 2230 1178 2262 7.
1198 2229 1329 2263 Necnon
1345 2229 1454 2263 omnia
1470 2234 1500 2262 et
1516 2229 1642 2273 singula
1654 2228 1831 2272 privilegia,

1076 2283 1209 2322 indulta,
1233 2284 1479 2324 concessiones,
1502 2283 1759 2328 suppressiones,
1777 2294 1830 2316 ex-

1074 2336 1264 2378 tinctiones,
1287 2338 1436 2378 uniones,
1460 2337 1751 2382 incorporationes,
1774 2349 1830 2382 ap-

1077 2391 1286 2436 plicationes,
1319 2391 1558 2431 immunitates,
1590 2391 1828 2436 exemptiones,

1076 2445 1259 2488 libertates,
1291 2446 1550 2491 praerogativas,
1581 2446 1718 2486 favores,
1742 2457 1830 2480 com-

1076 2497 1328 2536 municationes,
1353 2495 1566 2539 indulgentias
1587 2501 1617 2528 et
1637 2496 1715 2528 alias
1734 2505 1830 2539 quas-

1077 2558 1217 2592 cumque
1230 2546 1357 2590 gratias,
1369 2546 1454 2579 dicto
1467 2545 1577 2578 Ordini
1588 2545 1723 2578 fratrum
1739 2544 1832 2577 Prae-

1077 2596 1257 2630 dicatorum
1286 2602 1314 2629 et
1345 2595 1489 2629 eiusdem
1511 2605 1569 2639 pro
1595 2600 1741 2638 tempore
1766 2594 1832 2627 exi-

1077 2646 1234 2679 stentibus
1259 2645 1410 2689 magistro
1430 2644 1592 2688 generali,
1627 2642 1832 2688 provinciali-

1077 2696 1151 2736 bus,
1170 2695 1404 2740 superioribus,
1423 2694 1575 2728 fratribus
1594 2699 1626 2727 et
1640 2692 1834 2727 monialibus

1830 290 1876 316 An.
1896 289 1925 315 C.
1945 289 2010 316 1567

1873 2246 2027 2272 Conni-maique

1847 2278 1916 2298 omnia
1941 2278 2030 2304 privile-

1846 2310 1879 2335 gia
1895 2309 1974 2329 eisdem
1990 2307 2029 2328 lra-

1846 2340 1913 2361 tribus
1923 2341 2029 2361 etmonia·

1847 2372 1900 2392 libus
1916 2374 1955 2392 etc.
1976 2377 2029 2392 con-

1848 2409 1917 2428 cessn;
