2237 3100
61 257 111 286 An.
129 256 156 285 C.
176 257 241 284 1563

78 1716 177 1738 necteris
192 1718 236 1745 pri-

52 1747 158 1774 vilegium.

928 256 995 279 Plt's
1019 257 1049 279 lv
1073 256 1119 280 PP.

258 308 476 352 sequendum,
510 308 626 342 harum
648 309 730 341 serie
759 309 958 342 absolventes
979 314 1005 341 et

258 363 422 396 absolutos
444 362 511 395 fore
532 368 709 396 censentes.

1691 244 1755 277 ⁶255

1051 309 1223 341 mittendos
1257 307 1324 340 fore
1354 312 1384 339 et,
1419 316 1497 338 esse.
1528 304 1711 337 Mandantes
1740 316 1799 348 pro

1052 368 1195 406 tempore
1224 360 1433 394 existentibus
1460 359 1573 403 legatis
1607 370 1662 391 seu
1691 360 1797 402 prole-

301 417 315 459 ἓ
335 417 366 449 9,.
389 417 473 449 Motu
496 418 641 460 proprio,
664 428 729 450 non
745 418 782 449 ad
794 417 933 449 alicuius
952 427 1008 449 no-
1050 416 1146 459 gatis,
1176 415 1358 458 vicelegatis
1383 414 1430 447 vel
1458 413 1731 456 gubernatoribus
1765 419 1800 446 ut

59 477 240 530 ὶιῇξξοὲξὲῑῑῐῖδῑυόῦ
257 471 305 504 bis
324 482 421 514 super
450 472 511 504 hoc
542 472 666 505 oblatae
693 472 857 515 petitionis
887 472 1006 504 instan-

256 525 350 564 tiam,
381 524 435 558 sed
458 525 497 557 de
527 531 634 558 nostra
656 536 743 558 mera
762 525 953 558 liberalitate
978 531 1004 557 et

256 589 293 612 ex
313 584 398 612 certa
419 579 552 612 scientia
570 590 606 611 ac
631 580 669 611 de
699 579 894 623 apostolicae
920 584 1007 622 pote-

255 632 343 665 statis
366 632 581 676 plenitudine,
607 644 663 675 pro
690 638 834 676 tempore
861 633 1005 665 existenti

256 686 372 718 rectori
394 685 538 719 eiusdem
567 686 787 719 Universitatis
824 687 957 719 liberam
978 692 1005 718 ot

254 739 435 772 absolutam
465 739 648 772 facultatem
675 740 820 773 eamdem
847 740 1007 772 Universi-

255 797 351 825 tatem
381 792 513 835 regendi
532 798 563 826 et
591 793 814 835 gubernandi,
845 804 892 833 ac,
922 793 1006 825 ultra

255 846 333 878 alias
366 846 548 885 facultates,
584 847 741 886 honores,
779 846 945 890 privilegia
977 851 1007 878 et

255 899 476 932 emolumenta
509 910 736 943 quaecumque
765 900 824 932 sibi
855 899 1007 931 attributa

254 965 291 987 ac
311 964 476 995 concessa,
499 965 612 988 omnes
631 960 662 988 et
684 965 908 998 quascumque
928 965 1005 987 cau-

254 1019 303 1041 sas
323 1008 430 1041 civiles
465 1014 588 1042 tantum
616 1010 699 1042 inter
732 1009 818 1052 ipsos
843 1009 1007 1041 scholares

254 1061 398 1095 eiusdem
423 1062 644 1096 Universitatis
670 1068 700 1095 et
725 1063 804 1095 alios
829 1072 1005 1105 quoscum-

253 1126 318 1160 que
343 1116 376 1149 in
406 1116 552 1149 futurum
582 1117 753 1150 movendas
780 1116 924 1154 videndi,
947 1127 1005 1149 au-

253 1168 403 1209 diendit,
425 1169 594 1203 decidendi
615 1181 651 1202 ac
680 1170 744 1202 sine
769 1169 876 1202 debito
896 1170 1006 1202 termi-

253 1222 365 1262 nandi,
392 1223 434 1255 ita
462 1229 497 1256 ut,
517 1223 704 1256 omnimoda
724 1228 755 1256 et
781 1223 883 1255 libera
909 1223 1005 1255 iuris-

254 1275 351 1308 dictio
380 1276 557 1320 respective
577 1276 739 1309 dietarum
761 1286 933 1309 causarum
964 1276 1006 1308 ci-

252 1328 365 1362 vilium
398 1329 437 1362 ad
467 1329 618 1363 eumdem
648 1334 808 1363 rectorem
846 1329 947 1363 libere
976 1335 1007 1363 et

252 1383 350 1425 pleno
365 1383 437 1417 iure
449 1389 571 1428 spectet
588 1389 619 1417 et
635 1384 806 1428 pertineat,
830 1384 925 1417 etiam
941 1384 1006 1427 pri-

251 1436 379 1470 vatione
399 1437 439 1470 ad
458 1437 671 1481 vicelegatum
688 1437 833 1471 eiusdem
856 1438 1003 1477 civitatis,

252 1500 289 1522 ac
317 1501 431 1524 omnes
461 1491 541 1525 alios
561 1497 591 1525 et
614 1502 841 1536 quoscumque
866 1491 1003 1532 iudices,

252 1545 442 1578 auctoritate
477 1546 674 1589 apostolica,
710 1552 822 1579 tenore
852 1556 1004 1589 praesen-

251 1597 346 1639 tium,
374 1599 596 1633 concedimus.

295 1651 310 1695 ἓ
334 1651 366 1686 3.
389 1653 434 1686 Ac
458 1658 495 1686 ut
514 1653 626 1686 eadem
647 1653 842 1686 Universitas
864 1654 933 1686 sine
954 1664 1004 1686 re-

251 1710 340 1739 ctore
368 1716 434 1739 non
455 1712 631 1747 remaneat,
652 1707 835 1750 quinimmo
856 1712 892 1739 ut
914 1707 1006 1740 seho-

250 1759 334 1792 lares
353 1760 392 1792 ad
409 1760 553 1793 officium
574 1766 753 1794 rectoratus
769 1760 914 1793 eiusdem
932 1761 1005 1793 Uni-

249 1814 407 1847 versitatis
426 1815 661 1857 acceptandum
682 1815 867 1855 invitentur,
895 1820 1005 1847 aucto-

250 1868 342 1901 ritate
376 1873 407 1901 et
439 1874 551 1902 tenore
571 1869 756 1913 praedictis,
792 1869 942 1901 volumus
975 1874 1005 1901 et

250 1921 443 1955 mandamus
480 1922 567 1965 quod
602 1923 640 1955 de
676 1928 782 1955 cetero
824 1922 1004 1955 rectoribus

250 1970 340 2014 ipsis,
367 1971 459 2004 finito
480 1971 565 2004 dieto
587 1982 701 2004 eorum
733 1971 840 2004 officio
861 1977 892 2004 et
916 1977 1003 2015 post-

249 2030 348 2064 quam
380 2021 413 2052 in
447 2020 531 2053 dicta
565 2019 776 2053 Universitate
810 2021 1003 2054 Bononiensi

249 2070 381 2114 publice
406 2070 563 2103 doctorati
590 2070 721 2109 fuerint,
758 2070 796 2103 de
818 2071 927 2114 aliquo
947 2081 1005 2113 gu-

249 2119 364 2152 bernio
403 2130 459 2152 seu
494 2119 657 2162 praetoria
690 2124 745 2152 aut
778 2120 841 2152 alio
874 2120 1000 2160 officio,

250 2169 338 2201 iuxta
357 2169 545 2211 qualitatem
572 2174 603 2201 et
635 2169 750 2201 merita
768 2180 936 2213 personae,
970 2171 1003 2203 in

251 2218 426 2261 provinciis
447 2218 606 2250 Marcbiae
625 2219 673 2250 vel
695 2218 925 2251 Romandiolae
946 2230 1004 2263 per

250 2268 372 2310 legatos
392 2278 447 2300 seu
477 2267 710 2309 gubernatores
735 2268 923 2300 earumdem
944 2280 1003 2312 pro

250 2322 416 2360 tempore,
451 2315 510 2349 sub
545 2315 775 2358 indignationis
808 2322 935 2350 nostrae
973 2324 1003 2351 et

250 2366 339 2399 mille
368 2366 561 2399 ducatorum
592 2366 705 2409 poenis
738 2365 890 2399 Gamerae
917 2367 1001 2411 Apo-

250 2415 382 2448 stolicae
404 2415 687 2458 applicandorum,
702 2415 862 2458 provideri
875 2415 1000 2457 debeat;

249 2465 392 2508 ipsisque
415 2464 574 2507 gubernio
604 2469 659 2496 aut
682 2464 736 2496 alii
767 2475 803 2497 ex
830 2465 1001 2508 praedictis

250 2513 364 2547 officiis
389 2514 420 2546 in
450 2513 614 2555 aliquibus
640 2513 820 2546 civitatibus
848 2525 884 2546 ex
908 2515 1001 2548 dietis

252 2563 425 2607 provinciis
446 2563 577 2606 praefici
602 2574 638 2595 ac
663 2563 701 2595 ad
723 2563 918 2605 gubernium
943 2576 999 2597 seu

250 2611 445 2657 praetoriam
471 2617 526 2644 aut
561 2611 704 2645 officium
731 2612 918 2646 huiusmodi
948 2614 1001 2646 ad-

288 2667 297 2695 1
321 2667 494 2698 evanescendi
521 2666 593 2693 addit
609 2665 723 2694 Cherub.
742 2667 780 2701 (ιι.
799 2666 848 2702 τ,).

1050 470 1178 503 eosdem
1211 470 1250 502 ad
1279 469 1474 512 gubernium
1512 478 1567 500 seu
1604 467 1798 511 praetoriam

1051 523 1250 563 huiusmodi,
1273 528 1433 566 utsupra,
1455 522 1635 561 admittant,
1662 521 1798 554 acdeil-

1050 578 1087 609 lis
1128 578 1265 617 eisdem,
1308 582 1342 609 ut
1379 577 1576 620 praefertur,
1612 575 1800 618 provideant

1050 641 1105 663 seu
1126 631 1295 663 :ulmittant
1314 637 1341 663 et
1367 630 1527 674 provideri
1549 629 1682 669 saciant,
1712 629 1798 661 iuxta

1051 690 1155 717 lumen
1177 685 1363 728 qualitatem
1385 690 1412 717 et
1437 684 1551 717 merita
1571 693 1728 727 personae
1749 683 1798 727 ip-

1049 740 1115 771 sius
1136 738 1280 771 rectoris.

1093 792 1107 835 ᾖ
1127 792 1158 824 st.
1182 792 1214 823 Et
1238 792 1372 835 insuper
1391 791 1499 823 onmia
1516 796 1547 823 et.
1562 791 1688 834 singula
1697 790 1799 823 dictae

1051 845 1268 878 Universitatis
1289 850 1318 877 et
1338 845 1493 889 gymnasii
1515 844 1647 887 praefati
1669 849 1797 884 statuta,

1049 899 1286 939 ordinationes,
1313 898 1479 943 privilegia
1499 903 1530 931 et
1550 898 1689 941 capitula
1705 909 1800 941 quae-

1049 963 1207 995 cumque,
1239 963 1276 985 ac
1296 952 1436 995 desuper
1456 952 1563 985 forsan
1588 951 1734 984 confecta
1753 952 1801 984 in-

1049 1011 1226 1039 strumenta
1250 1011 1280 1038 et,
1304 1005 1517 1044 documenta,
1544 1005 1608 1038 sive
1628 1005 1706 1038 alias
1726 1006 1801 1039 scri-

1050 1064 1172 1103 pturaS,
1196 1058 1342 1102 publicas
1378 1063 1408 1091 et
1441 1057 1598 1101 privatas,
1625 1069 1661 1090 ac
1694 1058 1727 1091 in
1756 1058 1801 1092 eis

1049 1117 1210 1151 contenta,
1240 1123 1277 1144 ac
1306 1111 1380 1144 inde
1401 1116 1538 1154 sequuta
1561 1121 1799 1155 quaecumque,

1049 1165 1225 1198 dummodo
1242 1165 1330 1198 licita
1348 1171 1379 1197 et
1393 1165 1527 1198 honesta
1547 1165 1620 1205 sint,
1644 1170 1675 1198 et
1690 1171 1800 1198 contra

1049 1219 1222 1252 canonicas
1250 1218 1431 1252 sanctiones
1454 1224 1484 1251 et
1504 1218 1684 1251 libertatem
1701 1219 1800 1252 eccle-

1049 1272 1208 1305 siasticam
1234 1283 1298 1306 non
1326 1273 1470 1313 tendant,
1506 1272 1626 1305 eisdem
1661 1273 1800 1306 auctori-

1048 1332 1110 1359 tate
1142 1332 1172 1359 et
1202 1332 1312 1360 tenore
1347 1332 1504 1371 perpetuo
1531 1326 1750 1370 approbamus
1770 1332 1801 1360 et

1048 1380 1291 1421 confirmamus,
1312 1380 1423 1424 eisque
1443 1387 1619 1425 perpetuae
1640 1380 1800 1413 firmitatis

1048 1435 1150 1467 robur
1181 1435 1373 1473 adiicimus',
1396 1435 1516 1478 illaque
1541 1434 1666 1475 omnia,
1698 1434 1800 1467 valida

1048 1494 1078 1521 et
1098 1488 1241 1522 efficacia
1262 1489 1408 1530 existere⁶
1435 1500 1472 1522 ac
1493 1499 1568 1522 suos
1587 1489 1750 1532 plenarios
1770 1494 1801 1522 et

1048 1543 1200 1586 integros,
1213 1543 1309 1576 etiam
1325 1543 1515 1583 executivos,
1527 1542 1661 1576 effectus
1681 1543 1798 1583 sortiri,

1047 1607 1084 1630 ac
1105 1597 1271 1641 perpetuis
1295 1597 1413 1630 suturis
1438 1597 1641 1641 temporibus
1669 1597 1708 1630 ab
1733 1607 1799 1630 om-

1047 1650 1142 1683 nibus
1163 1652 1400 1695 cuiuscumque
1412 1651 1530 1694 gradus
1547 1651 1702 1695 personis,
1718 1651 1799 1684 viee-

1047 1706 1158 1748 legatis
1178 1716 1215 1738 ac
1237 1705 1401 1738 iudicibus
1426 1710 1457 1738 et
1476 1705 1671 1738 officialibus
1695 1705 1799 1739 dictae

1047 1759 1198 1799 civitatis,
1224 1765 1288 1792 tam
1310 1759 1483 1792 ordinariis
1503 1770 1600 1802 quam
1621 1759 1797 1793 extraordi-

1047 1814 1145 1846 nariis
1165 1825 1200 1846 ae
1221 1814 1374 1857 delegatis
1394 1820 1420 1847 et
1443 1814 1706 1857 subdelegandis,
1727 1825 1799 1847 nec-

1046 1878 1111 1901 non
1133 1869 1276 1911 collegiis
1298 1874 1328 1901 et
1348 1868 1653 1912 congregationibus
1679 1879 1717 1901 ac
1744 1880 1799 1901 au-

1046 1922 1206 1955 ditoribus
1222 1928 1252 1955 et
1264 1923 1513 1967 magistratibus
1535 1924 1643 1956 aliisve
1663 1924 1797 1966 quibus-

1047 1988 1188 2021 cumque
1220 1979 1316 2011 etiam
1344 1979 1375 2011 in
1404 1979 1482 2012 soris
1512 1989 1625 2012 eorum
1656 1979 1798 2024 propriis

1047 2032 1274 2067 inviolabiliter
1294 2038 1324 2065 et
1344 2033 1536 2066 inconcusse
1561 2032 1734 2073 observari,
1761 2044 1798 2067 ac

1046 2087 1133 2120 iuxta
1153 2098 1267 2120 eorum
1288 2087 1531 2131 dispositionem
1548 2087 1653 2120 debite
1669 2088 1795 2132 exequi,

1046 2151 1105 2174 nec
1126 2152 1183 2184 per
1203 2141 1390 2185 quempiam
1417 2141 1480 2174 illis
1501 2141 1709 2181 contrariari,
1743 2146 1799 2174 aut

1046 2206 1083 2228 ea
1102 2195 1197 2228 etiam
1214 2196 1246 2228 in
1264 2196 1373 2239 aliquo
1391 2195 1520 2228 alterari
1542 2206 1647 2238 posse,
1664 2205 1724 2228 nec
1745 2196 1797 2229 de-

1045 2250 1120 2282 bere
1149 2250 1375 2289 decernimus,
1411 2250 1597 2292 supplentes
1626 2259 1738 2283 omnes
1768 2255 1799 2283 et.

1046 2304 1206 2346 singulos,
1236 2309 1300 2336 tam
1324 2304 1402 2336 iuris
1422 2314 1519 2347 quam
1540 2304 1613 2336 sacti
1638 2304 1794 2341 desectus,

1045 2358 1069 2390 si
1091 2359 1145 2401 qui
1168 2359 1273 2391 forsan
1296 2358 1528 2391 intervenerint
1551 2358 1582 2391 in
1604 2358 1737 2391 eisdem.
1760 2359 1797 2391 Et

1044 2412 1272 2453 nihilominus,
1305 2413 1421 2456 potiori
1443 2423 1501 2456 pro
1532 2412 1672 2451 cautela,
1701 2422 1795 2455 prae-

1044 2461 1140 2494 missa
1165 2462 1290 2502 omnia,
1320 2462 1415 2494 modo
1436 2467 1466 2494 et
1483 2462 1585 2495 forma
1610 2461 1795 2506 praemissis

1043 2522 1080 2543 ae
1115 2512 1145 2544 in
1180 2512 1273 2545 dictis
1318 2512 1521 2544 documentis
1560 2517 1587 2544 et
1625 2511 1795 2556 scripturis

1044 2561 1214 2599 contentis,
1245 2562 1435 2594 auctoritate
1451 2566 1479 2593 et
1501 2567 1612 2594 tenore
1630 2560 1793 2604 praefatis,

1044 2615 1200 2654 perpetuo
1228 2610 1415 2651 statuimus,
1452 2610 1661 2644 concedimus
1690 2615 1721 2643 et
1740 2619 1792 2641 or-

1043 2659 1203 2692 dinamus.

1815 253 1863 280 An.
1885 254 1913 280 C.
1932 254 1996 281 ¹565

1837 805 1996 831 Pttvttegtorum

1815 840 1836 858 et
1844 838 1997 858 ordinationum

1815 869 1908 888 eiusdem
1931 868 1998 888 studit

1815 899 1953 919 confirmatio,
