<?xml version="1.0" encoding="UTF-8"?>
<!DOCTYPE html PUBLIC "-//W3C//DTD XHTML 1.0 Transitional//EN"
    "http://www.w3.org/TR/xhtml1/DTD/xhtml1-transitional.dtd">
<html xmlns="http://www.w3.org/1999/xhtml" xml:lang="en" lang="en">
 <head>
  <title>
</title>
<meta http-equiv="Content-Type" content="text/html;charset=utf-8" />
  <meta name='ocr-system' content='tesseract 3.04.00' />
  <meta name='ocr-capabilities' content='ocr_page ocr_carea ocr_par ocr_line ocrx_word'/>
</head>
<body>
  <div class='ocr_page' id='page_1' title='image "./bullarumdiplomat07cath_0853.png"; bbox 0 0 2237 3100; ppageno 0'>
   <div class='ocr_carea' id='block_1_1' title="bbox 76 246 260 274">
    <p class='ocr_par' dir='ltr' id='par_1_1' title="bbox 76 246 260 274">
     <span class='ocr_line' id='line_1_1' title="bbox 76 246 260 274; baseline -0.005 0"><span class='ocrx_word' id='word_1_1' title='bbox 76 247 126 274; x_wconf 77' lang='lat' dir='ltr'>An.</span> <span class='ocrx_word' id='word_1_2' title='bbox 144 246 175 274; x_wconf 89' lang='lat' dir='ltr'>C.</span> <span class='ocrx_word' id='word_1_3' title='bbox 193 246 260 274; x_wconf 77' lang='lat'><strong>1569</strong></span> 
     </span>
    </p>
   </div>
   <div class='ocr_carea' id='block_1_2' title="bbox 67 1322 253 1506">
    <p class='ocr_par' dir='ltr' id='par_1_2' title="bbox 67 1322 253 1506">
     <span class='ocr_line' id='line_1_2' title="bbox 79 1322 251 1350; baseline 0.012 -8"><span class='ocrx_word' id='word_1_4' title='bbox 79 1322 158 1343; x_wconf 76' lang='lat' dir='ltr'>Omnes</span> <span class='ocrx_word' id='word_1_5' title='bbox 172 1323 251 1350; x_wconf 76' lang='lat' dir='ltr'>priora—</span> 
     </span>
     <span class='ocr_line' id='line_1_3' title="bbox 68 1357 253 1380; baseline 0.005 -6"><span class='ocrx_word' id='word_1_6' title='bbox 68 1357 133 1380; x_wconf 83' lang='lat' dir='ltr'>tuum,</span> <span class='ocrx_word' id='word_1_7' title='bbox 145 1360 253 1375; x_wconf 59' lang='lat' dir='ltr'>commen&lt;</span> 
     </span>
     <span class='ocr_line' id='line_1_4' title="bbox 67 1386 250 1414; baseline 0.011 -8"><span class='ocrx_word' id='word_1_8' title='bbox 67 1386 138 1406; x_wconf 78' lang='lat' dir='ltr'>darum</span> <span class='ocrx_word' id='word_1_9' title='bbox 157 1386 250 1414; x_wconf 80' lang='lat' dir='ltr'>aliasque</span> 
     </span>
     <span class='ocr_line' id='line_1_5' title="bbox 67 1419 251 1444; baseline 0.011 -6"><span class='ocrx_word' id='word_1_10' title='bbox 67 1419 202 1444; x_wconf 74' lang='lat' dir='ltr'><strong>provisiones</strong></span> <span class='ocrx_word' id='word_1_11' title='bbox 217 1425 251 1440; x_wconf 84' lang='lat' dir='ltr'>eo-</span> 
     </span>
     <span class='ocr_line' id='line_1_6' title="bbox 68 1448 251 1470; baseline 0.011 -2"><span class='ocrx_word' id='word_1_12' title='bbox 68 1454 111 1469; x_wconf 87' lang='lat' dir='ltr'>rum</span> <span class='ocrx_word' id='word_1_13' title='bbox 127 1448 199 1470; x_wconf 74' lang='lat' dir='ltr'>favore</span> <span class='ocrx_word' id='word_1_14' title='bbox 218 1449 251 1470; x_wconf 77' lang='lat' dir='ltr'>Ia-</span> 
     </span>
     <span class='ocr_line' id='line_1_7' title="bbox 67 1480 229 1506; baseline 0.012 -7"><span class='ocrx_word' id='word_1_15' title='bbox 67 1483 111 1501; x_wconf 80' lang='lat' dir='ltr'>ctas</span> <span class='ocrx_word' id='word_1_16' title='bbox 127 1480 229 1506; x_wconf 77' lang='lat' dir='ltr'>annullat;</span> 
     </span>
    </p>
   </div>
   <div class='ocr_carea' id='block_1_3' title="bbox 955 244 1136 269">
    <p class='ocr_par' dir='ltr' id='par_1_3' title="bbox 955 244 1136 269">
     <span class='ocr_line' id='line_1_8' title="bbox 955 244 1136 269; baseline -0.006 0"><span class='ocrx_word' id='word_1_17' title='bbox 955 244 1023 269; x_wconf 81' lang='lat' dir='ltr'>PIUS</span> <span class='ocrx_word' id='word_1_18' title='bbox 1046 245 1065 268; x_wconf 87' lang='lat' dir='ltr'>V</span> <span class='ocrx_word' id='word_1_19' title='bbox 1089 245 1136 269; x_wconf 84' lang='lat' dir='ltr'>PP.</span> 
     </span>
    </p>
   </div>
   <div class='ocr_carea' id='block_1_4' title="bbox 1716 235 1781 270">
    <p class='ocr_par' dir='ltr' id='par_1_4' title="bbox 1716 235 1781 270">
     <span class='ocr_line' id='line_1_9' title="bbox 1716 235 1781 270; baseline 0 -1"><span class='ocrx_word' id='word_1_20' title='bbox 1716 235 1781 270; x_wconf 84' lang='lat'>789</span> 
     </span>
    </p>
   </div>
   <div class='ocr_carea' id='block_1_5' title="bbox 275 296 1823 342">
    <p class='ocr_par' dir='ltr' id='par_1_5' title="bbox 275 296 1823 342">
     <span class='ocr_line' id='line_1_10' title="bbox 275 296 1823 342; baseline 0.001 -12"><span class='ocrx_word' id='word_1_21' title='bbox 275 297 401 331; x_wconf 86' lang='lat' dir='ltr'>tudines</span> <span class='ocrx_word' id='word_1_22' title='bbox 421 297 483 330; x_wconf 86' lang='lat' dir='ltr'>hoe</span> <span class='ocrx_word' id='word_1_23' title='bbox 503 297 675 341; x_wconf 74' lang='lat' dir='ltr'>negocium</span> <span class='ocrx_word' id='word_1_24' title='bbox 693 297 843 330; x_wconf 71' lang='lat' dir='ltr'>oblivioni</span> <span class='ocrx_word' id='word_1_25' title='bbox 862 298 1023 330; x_wconf 85' lang='lat' dir='ltr'>daremus.</span> <span class='ocrx_word' id='word_1_26' title='bbox 1069 308 1105 329; x_wconf 88' lang='lat' dir='ltr'>ac</span> <span class='ocrx_word' id='word_1_27' title='bbox 1137 307 1195 330; x_wconf 86' lang='lat' dir='ltr'>nos</span> <span class='ocrx_word' id='word_1_28' title='bbox 1226 302 1257 330; x_wconf 89' lang='lat' dir='ltr'>et</span> <span class='ocrx_word' id='word_1_29' title='bbox 1290 296 1404 329; x_wconf 76' lang='lat' dir='ltr'>Sedent</span> <span class='ocrx_word' id='word_1_30' title='bbox 1438 297 1655 340; x_wconf 78' lang='lat' dir='ltr'>Apostolieam</span> <span class='ocrx_word' id='word_1_31' title='bbox 1689 298 1823 342; x_wconf 72' lang='lat' dir='ltr'>eiusque</span> 
     </span>
    </p>
   </div>
   <div class='ocr_carea' id='block_1_6' title="bbox 259 351 1027 2687">
    <p class='ocr_par' dir='ltr' id='par_1_6' title="bbox 265 351 1027 1255">
     <span class='ocr_line' id='line_1_11' title="bbox 273 351 1025 394; baseline 0 -11"><span class='ocrx_word' id='word_1_32' title='bbox 273 351 345 390; x_wconf 89' lang='lat' dir='ltr'>Sed,</span> <span class='ocrx_word' id='word_1_33' title='bbox 355 356 524 394; x_wconf 78' lang='lat' dir='ltr'>postquam</span> <span class='ocrx_word' id='word_1_34' title='bbox 534 356 640 394; x_wconf 81' lang='lat' dir='ltr'>optata</span> <span class='ocrx_word' id='word_1_35' title='bbox 651 352 806 394; x_wconf 77' lang='lat' dir='ltr'>perlicere</span> <span class='ocrx_word' id='word_1_36' title='bbox 814 351 1025 389; x_wconf 75' lang='lat' dir='ltr'>decrevimus,</span> 
     </span>
     <span class='ocr_line' id='line_1_12' title="bbox 272 403 1027 448; baseline 0.001 -11"><span class='ocrx_word' id='word_1_37' title='bbox 272 415 309 438; x_wconf 81' lang='lat' dir='ltr'>ac</span> <span class='ocrx_word' id='word_1_38' title='bbox 329 404 466 448; x_wconf 78' lang='lat' dir='ltr'>proinde</span> <span class='ocrx_word' id='word_1_39' title='bbox 486 403 563 448; x_wconf 85' lang='lat' dir='ltr'>quid</span> <span class='ocrx_word' id='word_1_40' title='bbox 584 405 705 437; x_wconf 81' lang='lat' dir='ltr'>ferrent</span> <span class='ocrx_word' id='word_1_41' title='bbox 723 405 753 437; x_wconf 89' lang='lat' dir='ltr'>in</span> <span class='ocrx_word' id='word_1_42' title='bbox 776 405 933 437; x_wconf 86' lang='lat' dir='ltr'>mandatis</span> <span class='ocrx_word' id='word_1_43' title='bbox 954 415 1027 447; x_wconf 90' lang='lat' dir='ltr'>pro—</span> 
     </span>
     <span class='ocr_line' id='line_1_13' title="bbox 271 458 1025 502; baseline 0 -11"><span class='ocrx_word' id='word_1_44' title='bbox 271 463 438 492; x_wconf 75' lang='lat' dir='ltr'>curatores</span> <span class='ocrx_word' id='word_1_45' title='bbox 458 458 613 502; x_wconf 76' lang='lat' dir='ltr'>praedicti</span> <span class='ocrx_word' id='word_1_46' title='bbox 640 469 836 501; x_wconf 68' lang='lat' dir='ltr'>cognoseere</span> <span class='ocrx_word' id='word_1_47' title='bbox 858 459 1025 492; x_wconf 63' lang='lat' dir='ltr'>contendi-</span> 
     </span>
     <span class='ocr_line' id='line_1_14' title="bbox 272 512 1025 556; baseline 0 -11"><span class='ocrx_word' id='word_1_48' title='bbox 272 523 354 553; x_wconf 73' lang='lat' dir='ltr'>mus5</span> <span class='ocrx_word' id='word_1_49' title='bbox 379 512 437 556; x_wconf 86' lang='lat' dir='ltr'>ipsi</span> <span class='ocrx_word' id='word_1_50' title='bbox 460 512 502 545; x_wconf 89' lang='lat' dir='ltr'>ita</span> <span class='ocrx_word' id='word_1_51' title='bbox 522 513 653 545; x_wconf 82' lang='lat' dir='ltr'>dennun</span> <span class='ocrx_word' id='word_1_52' title='bbox 670 523 702 545; x_wconf 92' lang='lat' dir='ltr'>se</span> <span class='ocrx_word' id='word_1_53' title='bbox 723 512 878 545; x_wconf 70' lang='lat' dir='ltr'>voluntati</span> <span class='ocrx_word' id='word_1_54' title='bbox 898 518 1025 546; x_wconf 82' lang='lat' dir='ltr'>nostrae</span> 
     </span>
     <span class='ocr_line' id='line_1_15' title="bbox 269 565 1027 610; baseline -0.003 -11"><span class='ocrx_word' id='word_1_55' title='bbox 269 566 523 610; x_wconf 84' lang='lat' dir='ltr'>adstipulaturos</span> <span class='ocrx_word' id='word_1_56' title='bbox 543 566 784 605; x_wconf 73' lang='lat' dir='ltr'>remmtiarrmt,</span> <span class='ocrx_word' id='word_1_57' title='bbox 803 565 828 598; x_wconf 88' lang='lat' dir='ltr'>si</span> <span class='ocrx_word' id='word_1_58' title='bbox 850 576 961 598; x_wconf 88' lang='lat' dir='ltr'>earum</span> <span class='ocrx_word' id='word_1_59' title='bbox 978 576 1027 598; x_wconf 83' lang='lat' dir='ltr'>re—</span> 
     </span>
     <span class='ocr_line' id='line_1_16' title="bbox 270 620 1025 663; baseline 0.001 -11"><span class='ocrx_word' id='word_1_60' title='bbox 270 629 358 661; x_wconf 85' lang='lat' dir='ltr'>rum,</span> <span class='ocrx_word' id='word_1_61' title='bbox 376 630 456 663; x_wconf 87' lang='lat' dir='ltr'>quas</span> <span class='ocrx_word' id='word_1_62' title='bbox 468 630 541 653; x_wconf 87' lang='lat' dir='ltr'>suas</span> <span class='ocrx_word' id='word_1_63' title='bbox 562 620 790 662; x_wconf 85' lang='lat' dir='ltr'>praetendunt,</span> <span class='ocrx_word' id='word_1_64' title='bbox 813 630 906 652; x_wconf 90' lang='lat' dir='ltr'>usum</span> <span class='ocrx_word' id='word_1_65' title='bbox 929 626 1025 662; x_wconf 83' lang='lat' dir='ltr'>atque</span> 
     </span>
     <span class='ocr_line' id='line_1_17' title="bbox 270 673 1023 716; baseline 0.001 -10"><span class='ocrx_word' id='word_1_66' title='bbox 270 673 454 706; x_wconf 88' lang='lat' dir='ltr'>dominium</span> <span class='ocrx_word' id='word_1_67' title='bbox 492 673 690 713; x_wconf 88' lang='lat' dir='ltr'>retinerent,</span> <span class='ocrx_word' id='word_1_68' title='bbox 730 678 758 706; x_wconf 84' lang='lat' dir='ltr'>et</span> <span class='ocrx_word' id='word_1_69' title='bbox 791 673 823 705; x_wconf 90' lang='lat' dir='ltr'>in</span> <span class='ocrx_word' id='word_1_70' title='bbox 859 674 1023 716; x_wconf 83' lang='lat' dir='ltr'>reliquum</span> 
     </span>
     <span class='ocr_line' id='line_1_18' title="bbox 267 726 1024 770; baseline 0.001 -11"><span class='ocrx_word' id='word_1_71' title='bbox 267 731 397 770; x_wconf 88' lang='lat' dir='ltr'>tempus</span> <span class='ocrx_word' id='word_1_72' title='bbox 410 726 493 759; x_wconf 75' lang='lat' dir='ltr'>vitae</span> <span class='ocrx_word' id='word_1_73' title='bbox 508 726 657 759; x_wconf 86' lang='lat' dir='ltr'>libertate</span> <span class='ocrx_word' id='word_1_74' title='bbox 670 731 817 759; x_wconf 86' lang='lat' dir='ltr'>anteacta</span> <span class='ocrx_word' id='word_1_75' title='bbox 828 727 1024 767; x_wconf 84' lang='lat' dir='ltr'>fruerentur,</span> 
     </span>
     <span class='ocr_line' id='line_1_19' title="bbox 269 781 1025 824; baseline 0.001 -10"><span class='ocrx_word' id='word_1_76' title='bbox 269 781 440 815; x_wconf 88' lang='lat' dir='ltr'>diiudicari</span> <span class='ocrx_word' id='word_1_77' title='bbox 457 781 531 814; x_wconf 88' lang='lat' dir='ltr'>licet</span> <span class='ocrx_word' id='word_1_78' title='bbox 546 791 644 824; x_wconf 90' lang='lat' dir='ltr'>quam</span> <span class='ocrx_word' id='word_1_79' title='bbox 666 781 888 824; x_wconf 74' lang='lat' dir='ltr'>periculosum</span> <span class='ocrx_word' id='word_1_80' title='bbox 905 782 943 815; x_wconf 90' lang='lat' dir='ltr'>sit</span> <span class='ocrx_word' id='word_1_81' title='bbox 964 783 1025 815; x_wconf 81' lang='lat' dir='ltr'>hoe</span> 
     </span>
     <span class='ocr_line' id='line_1_20' title="bbox 267 834 1025 877; baseline 0 -9"><span class='ocrx_word' id='word_1_82' title='bbox 267 840 414 868; x_wconf 87' lang='lat' dir='ltr'>nostrum</span> <span class='ocrx_word' id='word_1_83' title='bbox 428 835 609 869; x_wconf 86' lang='lat' dir='ltr'>institutum</span> <span class='ocrx_word' id='word_1_84' title='bbox 620 834 748 877; x_wconf 74' lang='lat' dir='ltr'>longius</span> <span class='ocrx_word' id='word_1_85' title='bbox 759 835 927 868; x_wconf 85' lang='lat' dir='ltr'>remorari.</span> <span class='ocrx_word' id='word_1_86' title='bbox 939 836 1025 869; x_wconf 85' lang='lat' dir='ltr'>Post-</span> 
     </span>
     <span class='ocr_line' id='line_1_21' title="bbox 267 888 1024 932; baseline 0.001 -11"><span class='ocrx_word' id='word_1_87' title='bbox 267 899 366 932; x_wconf 88' lang='lat' dir='ltr'>quam</span> <span class='ocrx_word' id='word_1_88' title='bbox 380 888 480 932; x_wconf 78' lang='lat' dir='ltr'>igitur</span> <span class='ocrx_word' id='word_1_89' title='bbox 495 888 567 922; x_wconf 92' lang='lat' dir='ltr'>illos</span> <span class='ocrx_word' id='word_1_90' title='bbox 580 888 704 922; x_wconf 89' lang='lat' dir='ltr'>tamdiu</span> <span class='ocrx_word' id='word_1_91' title='bbox 718 894 901 932; x_wconf 73' lang='lat' dir='ltr'>expectatos</span> <span class='ocrx_word' id='word_1_92' title='bbox 919 890 1024 923; x_wconf 85' lang='lat' dir='ltr'>alieno</span> 
     </span>
     <span class='ocr_line' id='line_1_22' title="bbox 267 942 1022 986; baseline 0 -11"><span class='ocrx_word' id='word_1_93' title='bbox 267 942 377 975; x_wconf 90' lang='lat' dir='ltr'>animo</span> <span class='ocrx_word' id='word_1_94' title='bbox 389 953 470 983; x_wconf 85' lang='lat' dir='ltr'>esse,</span> <span class='ocrx_word' id='word_1_95' title='bbox 486 952 592 986; x_wconf 86' lang='lat' dir='ltr'>neque</span> <span class='ocrx_word' id='word_1_96' title='bbox 604 943 637 975; x_wconf 91' lang='lat' dir='ltr'>in</span> <span class='ocrx_word' id='word_1_97' title='bbox 652 953 859 976; x_wconf 88' lang='lat' dir='ltr'>communem</span> <span class='ocrx_word' id='word_1_98' title='bbox 872 944 1022 983; x_wconf 79' lang='lat' dir='ltr'>salutem,</span> 
     </span>
     <span class='ocr_line' id='line_1_23' title="bbox 267 995 1025 1038; baseline 0 -10"><span class='ocrx_word' id='word_1_99' title='bbox 267 995 314 1029; x_wconf 90' lang='lat' dir='ltr'>uti</span> <span class='ocrx_word' id='word_1_100' title='bbox 334 1006 475 1038; x_wconf 85' lang='lat' dir='ltr'>aequum</span> <span class='ocrx_word' id='word_1_101' title='bbox 498 996 568 1035; x_wconf 88' lang='lat' dir='ltr'>fuit,</span> <span class='ocrx_word' id='word_1_102' title='bbox 592 1006 650 1038; x_wconf 89' lang='lat' dir='ltr'>per</span> <span class='ocrx_word' id='word_1_103' title='bbox 670 1006 703 1029; x_wconf 86' lang='lat' dir='ltr'>se</span> <span class='ocrx_word' id='word_1_104' title='bbox 717 997 888 1029; x_wconf 82' lang='lat' dir='ltr'>consulere</span> <span class='ocrx_word' id='word_1_105' title='bbox 908 996 1025 1028; x_wconf 85' lang='lat' dir='ltr'>intelli-</span> 
     </span>
     <span class='ocr_line' id='line_1_24' title="bbox 266 1048 1023 1093; baseline 0.001 -12"><span class='ocrx_word' id='word_1_106' title='bbox 266 1048 386 1093; x_wconf 85' lang='lat' dir='ltr'>gimus,</span> <span class='ocrx_word' id='word_1_107' title='bbox 409 1059 474 1082; x_wconf 91' lang='lat' dir='ltr'>non</span> <span class='ocrx_word' id='word_1_108' title='bbox 495 1049 755 1092; x_wconf 75' lang='lat' dir='ltr'>procrastinandi</span> <span class='ocrx_word' id='word_1_109' title='bbox 781 1049 917 1082; x_wconf 86' lang='lat' dir='ltr'>ulterius</span> <span class='ocrx_word' id='word_1_110' title='bbox 938 1050 1023 1082; x_wconf 86' lang='lat' dir='ltr'>arbi-</span> 
     </span>
     <span class='ocr_line' id='line_1_25' title="bbox 268 1103 1023 1147; baseline 0 -12"><span class='ocrx_word' id='word_1_111' title='bbox 268 1108 404 1143; x_wconf 86' lang='lat' dir='ltr'>tramur,</span> <span class='ocrx_word' id='word_1_112' title='bbox 427 1103 520 1147; x_wconf 87' lang='lat' dir='ltr'>quin,</span> <span class='ocrx_word' id='word_1_113' title='bbox 544 1103 633 1146; x_wconf 89' lang='lat' dir='ltr'>quod</span> <span class='ocrx_word' id='word_1_114' title='bbox 648 1103 709 1136; x_wconf 81' lang='lat' dir='ltr'>liae</span> <span class='ocrx_word' id='word_1_115' title='bbox 723 1103 755 1136; x_wconf 88' lang='lat' dir='ltr'>in</span> <span class='ocrx_word' id='word_1_116' title='bbox 772 1114 805 1136; x_wconf 88' lang='lat' dir='ltr'>re</span> <span class='ocrx_word' id='word_1_117' title='bbox 822 1103 860 1136; x_wconf 91' lang='lat' dir='ltr'>ad</span> <span class='ocrx_word' id='word_1_118' title='bbox 879 1103 1023 1136; x_wconf 81' lang='lat' dir='ltr'>osticium</span> 
     </span>
     <span class='ocr_line' id='line_1_26' title="bbox 267 1157 1023 1200; baseline 0 -11"><span class='ocrx_word' id='word_1_119' title='bbox 267 1161 415 1190; x_wconf 87' lang='lat' dir='ltr'>nostrum</span> <span class='ocrx_word' id='word_1_120' title='bbox 442 1157 580 1200; x_wconf 73' lang='lat' dir='ltr'>pertinet</span> <span class='ocrx_word' id='word_1_121' title='bbox 606 1162 703 1200; x_wconf 88' lang='lat' dir='ltr'>atque</span> <span class='ocrx_word' id='word_1_122' title='bbox 724 1157 757 1190; x_wconf 91' lang='lat' dir='ltr'>in</span> <span class='ocrx_word' id='word_1_123' title='bbox 789 1157 899 1190; x_wconf 88' lang='lat' dir='ltr'>animo</span> <span class='ocrx_word' id='word_1_124' title='bbox 931 1157 1023 1190; x_wconf 84' lang='lat' dir='ltr'>insli-</span> 
     </span>
     <span class='ocr_line' id='line_1_27' title="bbox 265 1210 785 1255; baseline 0.002 -12"><span class='ocrx_word' id='word_1_125' title='bbox 265 1210 400 1253; x_wconf 85' lang='lat' dir='ltr'>tuimus,</span> <span class='ocrx_word' id='word_1_126' title='bbox 423 1211 536 1244; x_wconf 85' lang='lat' dir='ltr'>sedulo</span> <span class='ocrx_word' id='word_1_127' title='bbox 557 1216 785 1255; x_wconf 85' lang='lat' dir='ltr'>persequatur.</span> 
     </span>
    </p>

    <p class='ocr_par' dir='ltr' id='par_1_7' title="bbox 259 1264 1024 2687">
     <span class='ocr_line' id='line_1_28' title="bbox 310 1264 1022 1308; baseline 0.001 -12"><span class='ocrx_word' id='word_1_128' title='bbox 310 1265 325 1308; x_wconf 57' lang='grc' dir='ltr'>ᾖ</span> <span class='ocrx_word' id='word_1_129' title='bbox 346 1264 376 1297; x_wconf 70' lang='lat'>⁶2.</span> <span class='ocrx_word' id='word_1_130' title='bbox 400 1265 525 1308; x_wconf 86' lang='lat' dir='ltr'>Itaque,</span> <span class='ocrx_word' id='word_1_131' title='bbox 544 1265 583 1298; x_wconf 89' lang='lat' dir='ltr'>de</span> <span class='ocrx_word' id='word_1_132' title='bbox 612 1265 710 1298; x_wconf 81' lang='lat' dir='ltr'>simili</span> <span class='ocrx_word' id='word_1_133' title='bbox 737 1264 901 1308; x_wconf 88' lang='lat' dir='ltr'>potestatis</span> <span class='ocrx_word' id='word_1_134' title='bbox 918 1265 1022 1308; x_wconf 88' lang='lat' dir='ltr'>pleni-</span> 
     </span>
     <span class='ocr_line' id='line_1_29' title="bbox 265 1318 1024 1360; baseline 0.001 -9"><span class='ocrx_word' id='word_1_135' title='bbox 265 1318 390 1360; x_wconf 88' lang='lat' dir='ltr'>tudine,</span> <span class='ocrx_word' id='word_1_136' title='bbox 416 1329 608 1352; x_wconf 80' lang='lat' dir='ltr'>revocamus</span> <span class='ocrx_word' id='word_1_137' title='bbox 628 1324 659 1352; x_wconf 92' lang='lat' dir='ltr'>et</span> <span class='ocrx_word' id='word_1_138' title='bbox 679 1318 847 1352; x_wconf 77' lang='lat' dir='ltr'>abolemus</span> <span class='ocrx_word' id='word_1_139' title='bbox 866 1329 978 1352; x_wconf 88' lang='lat' dir='ltr'>omnes</span> <span class='ocrx_word' id='word_1_140' title='bbox 994 1324 1024 1352; x_wconf 86' lang='lat' dir='ltr'>et</span> 
     </span>
     <span class='ocr_line' id='line_1_30' title="bbox 266 1373 1022 1417; baseline 0 -12"><span class='ocrx_word' id='word_1_141' title='bbox 266 1383 503 1417; x_wconf 80' lang='lat' dir='ltr'>quascumque,</span> <span class='ocrx_word' id='word_1_142' title='bbox 517 1378 582 1406; x_wconf 84' lang='lat' dir='ltr'>tam</span> <span class='ocrx_word' id='word_1_143' title='bbox 602 1373 796 1417; x_wconf 88' lang='lat' dir='ltr'>apostolicas</span> <span class='ocrx_word' id='word_1_144' title='bbox 816 1384 913 1417; x_wconf 89' lang='lat' dir='ltr'>quam</span> <span class='ocrx_word' id='word_1_145' title='bbox 936 1373 1022 1406; x_wconf 89' lang='lat' dir='ltr'>ordi-</span> 
     </span>
     <span class='ocr_line' id='line_1_31' title="bbox 266 1426 1022 1471; baseline 0 -12"><span class='ocrx_word' id='word_1_146' title='bbox 266 1427 385 1467; x_wconf 88' lang='lat' dir='ltr'>narias,</span> <span class='ocrx_word' id='word_1_147' title='bbox 400 1426 601 1467; x_wconf 80' lang='lat' dir='ltr'>collationes,</span> <span class='ocrx_word' id='word_1_148' title='bbox 619 1426 831 1471; x_wconf 74' lang='lat' dir='ltr'>provisiones,</span> <span class='ocrx_word' id='word_1_149' title='bbox 855 1437 1022 1459; x_wconf 78' lang='lat' dir='ltr'>commen-</span> 
     </span>
     <span class='ocr_line' id='line_1_32' title="bbox 265 1480 1023 1525; baseline 0 -12"><span class='ocrx_word' id='word_1_150' title='bbox 265 1480 322 1514; x_wconf 86' lang='lat' dir='ltr'>das</span> <span class='ocrx_word' id='word_1_151' title='bbox 360 1485 535 1524; x_wconf 85' lang='lat' dir='ltr'>perpetuas</span> <span class='ocrx_word' id='word_1_152' title='bbox 567 1486 598 1513; x_wconf 84' lang='lat' dir='ltr'>et</span> <span class='ocrx_word' id='word_1_153' title='bbox 627 1481 826 1525; x_wconf 73' lang='lat' dir='ltr'>temporales</span> <span class='ocrx_word' id='word_1_154' title='bbox 868 1492 905 1514; x_wconf 87' lang='lat' dir='ltr'>ae</span> <span class='ocrx_word' id='word_1_155' title='bbox 945 1481 1023 1514; x_wconf 84' lang='lat' dir='ltr'>alias</span> 
     </span>
     <span class='ocr_line' id='line_1_33' title="bbox 266 1534 1019 1578; baseline 0 -11"><span class='ocrx_word' id='word_1_156' title='bbox 266 1534 493 1578; x_wconf 84' lang='lat' dir='ltr'>dispositiones</span> <span class='ocrx_word' id='word_1_157' title='bbox 512 1534 551 1568; x_wconf 85' lang='lat' dir='ltr'>de</span> <span class='ocrx_word' id='word_1_158' title='bbox 568 1534 778 1578; x_wconf 80' lang='lat' dir='ltr'>prioratibus,</span> <span class='ocrx_word' id='word_1_159' title='bbox 798 1534 1019 1578; x_wconf 73' lang='lat' dir='ltr'>dignitatibus,</span> 
     </span>
     <span class='ocr_line' id='line_1_34' title="bbox 265 1587 1021 1628; baseline 0 -7"><span class='ocrx_word' id='word_1_160' title='bbox 265 1587 602 1622; x_wconf 80' lang='lat' dir='ltr'>administrationibus</span> <span class='ocrx_word' id='word_1_161' title='bbox 622 1594 653 1621; x_wconf 91' lang='lat' dir='ltr'>et</span> <span class='ocrx_word' id='word_1_162' title='bbox 673 1588 802 1628; x_wconf 83' lang='lat' dir='ltr'>officiis,</span> <span class='ocrx_word' id='word_1_163' title='bbox 825 1589 921 1621; x_wconf 88' lang='lat' dir='ltr'>etiam</span> <span class='ocrx_word' id='word_1_164' title='bbox 943 1600 1021 1622; x_wconf 87' lang='lat' dir='ltr'>con-</span> 
     </span>
     <span class='ocr_line' id='line_1_35' title="bbox 263 1642 1021 1682; baseline 0 -7"><span class='ocrx_word' id='word_1_165' title='bbox 263 1642 468 1676; x_wconf 85' lang='lat' dir='ltr'>ventualibus</span> <span class='ocrx_word' id='word_1_166' title='bbox 498 1647 530 1676; x_wconf 87' lang='lat' dir='ltr'>et</span> <span class='ocrx_word' id='word_1_167' title='bbox 560 1642 799 1682; x_wconf 82' lang='lat' dir='ltr'>claustralibus,</span> <span class='ocrx_word' id='word_1_168' title='bbox 834 1642 1021 1676; x_wconf 84' lang='lat' dir='ltr'>monasterii</span> 
     </span>
     <span class='ocr_line' id='line_1_36' title="bbox 264 1695 1022 1740; baseline 0.001 -11"><span class='ocrx_word' id='word_1_169' title='bbox 264 1701 295 1729; x_wconf 89' lang='lat' dir='ltr'>et</span> <span class='ocrx_word' id='word_1_170' title='bbox 306 1695 568 1740; x_wconf 82' lang='lat' dir='ltr'>congregationis</span> <span class='ocrx_word' id='word_1_171' title='bbox 587 1696 829 1740; x_wconf 87' lang='lat' dir='ltr'>praedictorum</span> <span class='ocrx_word' id='word_1_172' title='bbox 847 1702 875 1729; x_wconf 84' lang='lat' dir='ltr'>et</span> <span class='ocrx_word' id='word_1_173' title='bbox 898 1695 936 1728; x_wconf 91' lang='lat' dir='ltr'>ab</span> <span class='ocrx_word' id='word_1_174' title='bbox 960 1696 1022 1730; x_wconf 88' lang='lat' dir='ltr'>illis</span> 
     </span>
     <span class='ocr_line' id='line_1_37' title="bbox 264 1750 1021 1794; baseline 0 -11"><span class='ocrx_word' id='word_1_175' title='bbox 264 1750 535 1794; x_wconf 81' lang='lat' dir='ltr'>dependentibus,</span> <span class='ocrx_word' id='word_1_176' title='bbox 545 1760 674 1783; x_wconf 82' lang='lat' dir='ltr'>necnon</span> <span class='ocrx_word' id='word_1_177' title='bbox 683 1750 834 1783; x_wconf 89' lang='lat' dir='ltr'>omnibus</span> <span class='ocrx_word' id='word_1_178' title='bbox 848 1756 876 1783; x_wconf 88' lang='lat' dir='ltr'>et</span> <span class='ocrx_word' id='word_1_179' title='bbox 886 1750 1021 1793; x_wconf 71' lang='lat' dir='ltr'>singulis</span> 
     </span>
     <span class='ocr_line' id='line_1_38' title="bbox 263 1803 1018 1845; baseline 0.001 -9"><span class='ocrx_word' id='word_1_180' title='bbox 263 1803 335 1837; x_wconf 84' lang='lat' dir='ltr'>aliis</span> <span class='ocrx_word' id='word_1_181' title='bbox 363 1803 550 1844; x_wconf 81' lang='lat' dir='ltr'>beneficiis,</span> <span class='ocrx_word' id='word_1_182' title='bbox 585 1815 660 1837; x_wconf 86' lang='lat' dir='ltr'>cum</span> <span class='ocrx_word' id='word_1_183' title='bbox 689 1815 767 1838; x_wconf 86' lang='lat' dir='ltr'>eura</span> <span class='ocrx_word' id='word_1_184' title='bbox 788 1809 818 1837; x_wconf 85' lang='lat' dir='ltr'>et</span> <span class='ocrx_word' id='word_1_185' title='bbox 839 1804 907 1837; x_wconf 81' lang='lat' dir='ltr'>sine</span> <span class='ocrx_word' id='word_1_186' title='bbox 928 1815 1018 1845; x_wconf 83' lang='lat' dir='ltr'>eura,</span> 
     </span>
     <span class='ocr_line' id='line_1_39' title="bbox 263 1858 1020 1903; baseline 0 -12"><span class='ocrx_word' id='word_1_187' title='bbox 263 1858 485 1892; x_wconf 85' lang='lat' dir='ltr'>saecularibus</span> <span class='ocrx_word' id='word_1_188' title='bbox 500 1869 536 1892; x_wconf 85' lang='lat' dir='ltr'>ae</span> <span class='ocrx_word' id='word_1_189' title='bbox 550 1858 740 1903; x_wconf 71' lang='lat' dir='ltr'>quorumvis</span> <span class='ocrx_word' id='word_1_190' title='bbox 751 1858 908 1891; x_wconf 86' lang='lat' dir='ltr'>Ordinum</span> <span class='ocrx_word' id='word_1_191' title='bbox 924 1869 1020 1902; x_wconf 73' lang='lat' dir='ltr'>regu-</span> 
     </span>
     <span class='ocr_line' id='line_1_40' title="bbox 263 1911 1018 1956; baseline 0 -12"><span class='ocrx_word' id='word_1_192' title='bbox 263 1911 398 1954; x_wconf 83' lang='lat' dir='ltr'>laribus,</span> <span class='ocrx_word' id='word_1_193' title='bbox 413 1912 509 1945; x_wconf 85' lang='lat' dir='ltr'>etiam</span> <span class='ocrx_word' id='word_1_194' title='bbox 521 1912 560 1946; x_wconf 86' lang='lat' dir='ltr'>de</span> <span class='ocrx_word' id='word_1_195' title='bbox 576 1912 646 1945; x_wconf 89' lang='lat' dir='ltr'>iure</span> <span class='ocrx_word' id='word_1_196' title='bbox 661 1917 850 1956; x_wconf 84' lang='lat' dir='ltr'>patronatus</span> <span class='ocrx_word' id='word_1_197' title='bbox 861 1912 1018 1945; x_wconf 66' lang='lat' dir='ltr'>laieorum</span> 
     </span>
     <span class='ocr_line' id='line_1_41' title="bbox 263 1965 1018 2005; baseline -0.001 -7"><span class='ocrx_word' id='word_1_198' title='bbox 263 1965 328 1999; x_wconf 89' lang='lat' dir='ltr'>sive</span> <span class='ocrx_word' id='word_1_199' title='bbox 340 1965 436 1999; x_wconf 86' lang='lat' dir='ltr'>etiam</span> <span class='ocrx_word' id='word_1_200' title='bbox 450 1966 610 1999; x_wconf 84' lang='lat' dir='ltr'>nobilium</span> <span class='ocrx_word' id='word_1_201' title='bbox 631 1966 853 2005; x_wconf 77' lang='lat' dir='ltr'>existentibus3</span> <span class='ocrx_word' id='word_1_202' title='bbox 868 1977 904 1999; x_wconf 74' lang='lat' dir='ltr'>ac</span> <span class='ocrx_word' id='word_1_203' title='bbox 923 1966 1018 1999; x_wconf 89' lang='lat' dir='ltr'>etiam</span> 
     </span>
     <span class='ocr_line' id='line_1_42' title="bbox 262 2019 1017 2053; baseline -0.001 -1"><span class='ocrx_word' id='word_1_204' title='bbox 262 2020 497 2053; x_wconf 85' lang='lat' dir='ltr'>reservationes</span> <span class='ocrx_word' id='word_1_205' title='bbox 510 2020 676 2053; x_wconf 86' lang='lat' dir='ltr'>fructuum</span> <span class='ocrx_word' id='word_1_206' title='bbox 698 2024 728 2052; x_wconf 88' lang='lat' dir='ltr'>et</span> <span class='ocrx_word' id='word_1_207' title='bbox 749 2019 887 2052; x_wconf 88' lang='lat' dir='ltr'>aliarum</span> <span class='ocrx_word' id='word_1_208' title='bbox 908 2030 1017 2053; x_wconf 88' lang='lat' dir='ltr'>rerum</span> 
     </span>
     <span class='ocr_line' id='line_1_43' title="bbox 263 2073 1020 2116; baseline -0.001 -10"><span class='ocrx_word' id='word_1_209' title='bbox 263 2073 556 2107; x_wconf 85' lang='lat' dir='ltr'>ecclesiasticarum</span> <span class='ocrx_word' id='word_1_210' title='bbox 576 2085 583 2113; x_wconf 86' lang='grc'>;</span> <span class='ocrx_word' id='word_1_211' title='bbox 618 2083 747 2107; x_wconf 83' lang='lat' dir='ltr'>necnon</span> <span class='ocrx_word' id='word_1_212' title='bbox 787 2073 1020 2116; x_wconf 70' lang='lat' dir='ltr'>assignationes</span> 
     </span>
     <span class='ocr_line' id='line_1_44' title="bbox 262 2127 1017 2171; baseline 0.003 -12"><span class='ocrx_word' id='word_1_213' title='bbox 262 2127 459 2170; x_wconf 84' lang='lat' dir='ltr'>pensionum</span> <span class='ocrx_word' id='word_1_214' title='bbox 489 2137 589 2171; x_wconf 88' lang='lat' dir='ltr'>super</span> <span class='ocrx_word' id='word_1_215' title='bbox 623 2127 784 2160; x_wconf 85' lang='lat' dir='ltr'>similibus</span> <span class='ocrx_word' id='word_1_216' title='bbox 809 2127 968 2162; x_wconf 82' lang='lat' dir='ltr'>fructibus</span> <span class='ocrx_word' id='word_1_217' title='bbox 989 2134 1017 2161; x_wconf 90' lang='lat' dir='ltr'>et</span> 
     </span>
     <span class='ocr_line' id='line_1_45' title="bbox 261 2179 1018 2226; baseline 0.005 -14"><span class='ocrx_word' id='word_1_218' title='bbox 261 2179 372 2220; x_wconf 84' lang='lat' dir='ltr'>rebus,</span> <span class='ocrx_word' id='word_1_219' title='bbox 385 2180 560 2224; x_wconf 85' lang='lat' dir='ltr'>praedietis</span> <span class='ocrx_word' id='word_1_220' title='bbox 582 2180 760 2221; x_wconf 85' lang='lat' dir='ltr'>monachis,</span> <span class='ocrx_word' id='word_1_221' title='bbox 781 2180 845 2214; x_wconf 83' lang='lat' dir='ltr'>sive</span> <span class='ocrx_word' id='word_1_222' title='bbox 858 2182 888 2213; x_wconf 91' lang='lat' dir='ltr'>in</span> <span class='ocrx_word' id='word_1_223' title='bbox 901 2193 1018 2226; x_wconf 87' lang='lat' dir='ltr'>perpe-</span> 
     </span>
     <span class='ocr_line' id='line_1_46' title="bbox 262 2233 1018 2279; baseline 0 -13"><span class='ocrx_word' id='word_1_224' title='bbox 262 2238 373 2273; x_wconf 86' lang='lat' dir='ltr'>tuum,</span> <span class='ocrx_word' id='word_1_225' title='bbox 400 2233 464 2266; x_wconf 84' lang='lat' dir='ltr'>sive</span> <span class='ocrx_word' id='word_1_226' title='bbox 492 2233 532 2266; x_wconf 84' lang='lat' dir='ltr'>ad</span> <span class='ocrx_word' id='word_1_227' title='bbox 560 2238 685 2266; x_wconf 84' lang='lat' dir='ltr'>eertum</span> <span class='ocrx_word' id='word_1_228' title='bbox 718 2238 749 2267; x_wconf 85' lang='lat' dir='ltr'>et</span> <span class='ocrx_word' id='word_1_229' title='bbox 778 2235 1018 2279; x_wconf 79' lang='lat' dir='ltr'>qualecumque</span> 
     </span>
     <span class='ocr_line' id='line_1_47' title="bbox 261 2287 1017 2330; baseline 0.003 -10"><span class='ocrx_word' id='word_1_230' title='bbox 261 2292 390 2330; x_wconf 85' lang='lat' dir='ltr'>tempus</span> <span class='ocrx_word' id='word_1_231' title='bbox 402 2287 451 2320; x_wconf 89' lang='lat' dir='ltr'>vel</span> <span class='ocrx_word' id='word_1_232' title='bbox 465 2287 562 2320; x_wconf 84' lang='lat' dir='ltr'>etiam</span> <span class='ocrx_word' id='word_1_233' title='bbox 576 2287 615 2320; x_wconf 89' lang='lat' dir='ltr'>ad</span> <span class='ocrx_word' id='word_1_234' title='bbox 626 2293 754 2327; x_wconf 89' lang='lat' dir='ltr'>nutum,</span> <span class='ocrx_word' id='word_1_235' title='bbox 767 2290 877 2324; x_wconf 77' lang='lat' dir='ltr'>tactas:</span> <span class='ocrx_word' id='word_1_236' title='bbox 890 2300 1017 2323; x_wconf 83' lang='lat' dir='ltr'>necnon</span> 
     </span>
     <span class='ocr_line' id='line_1_48' title="bbox 261 2342 1015 2385; baseline 0.003 -11"><span class='ocrx_word' id='word_1_237' title='bbox 261 2351 374 2374; x_wconf 89' lang='lat' dir='ltr'>omnes</span> <span class='ocrx_word' id='word_1_238' title='bbox 398 2350 591 2384; x_wconf 67' lang='lat' dir='ltr'>regressus,</span> <span class='ocrx_word' id='word_1_239' title='bbox 611 2351 759 2374; x_wconf 80' lang='lat' dir='ltr'>accessus</span> <span class='ocrx_word' id='word_1_240' title='bbox 780 2348 811 2375; x_wconf 87' lang='lat' dir='ltr'>et</span> <span class='ocrx_word' id='word_1_241' title='bbox 839 2342 1015 2385; x_wconf 78' lang='lat' dir='ltr'>ingressus,</span> 
     </span>
     <span class='ocr_line' id='line_1_49' title="bbox 260 2395 1016 2439; baseline 0.001 -10"><span class='ocrx_word' id='word_1_242' title='bbox 260 2406 298 2429; x_wconf 82' lang='lat' dir='ltr'>ac</span> <span class='ocrx_word' id='word_1_243' title='bbox 323 2395 540 2438; x_wconf 78' lang='lat' dir='ltr'>regrediendi,</span> <span class='ocrx_word' id='word_1_244' title='bbox 567 2395 742 2428; x_wconf 87' lang='lat' dir='ltr'>accedendi</span> <span class='ocrx_word' id='word_1_245' title='bbox 763 2401 793 2429; x_wconf 88' lang='lat' dir='ltr'>et</span> <span class='ocrx_word' id='word_1_246' title='bbox 812 2395 1016 2439; x_wconf 64' lang='lat' dir='ltr'>ingretssliendi</span> 
     </span>
     <span class='ocr_line' id='line_1_50' title="bbox 260 2445 1017 2490; baseline 0.003 -12"><span class='ocrx_word' id='word_1_247' title='bbox 260 2445 430 2479; x_wconf 85' lang='lat' dir='ltr'>facultates</span> <span class='ocrx_word' id='word_1_248' title='bbox 445 2450 476 2477; x_wconf 90' lang='lat' dir='ltr'>et</span> <span class='ocrx_word' id='word_1_249' title='bbox 487 2445 626 2485; x_wconf 71' lang='lat' dir='ltr'>indulta,</span> <span class='ocrx_word' id='word_1_250' title='bbox 642 2445 870 2478; x_wconf 85' lang='lat' dir='ltr'>coadiutorum</span> <span class='ocrx_word' id='word_1_251' title='bbox 885 2456 1017 2490; x_wconf 87' lang='lat' dir='ltr'>quoquc</span> 
     </span>
     <span class='ocr_line' id='line_1_51' title="bbox 259 2493 1016 2538; baseline 0.001 -11"><span class='ocrx_word' id='word_1_252' title='bbox 259 2494 487 2538; x_wconf 88' lang='lat' dir='ltr'>deputationes</span> <span class='ocrx_word' id='word_1_253' title='bbox 500 2493 539 2526; x_wconf 88' lang='lat' dir='ltr'>ad</span> <span class='ocrx_word' id='word_1_254' title='bbox 556 2494 639 2535; x_wconf 89' lang='lat' dir='ltr'>illos,</span> <span class='ocrx_word' id='word_1_255' title='bbox 660 2494 730 2527; x_wconf 86' lang='lat' dir='ltr'>illas</span> <span class='ocrx_word' id='word_1_256' title='bbox 743 2495 791 2527; x_wconf 75' lang='lat' dir='ltr'>vel</span> <span class='ocrx_word' id='word_1_257' title='bbox 807 2494 861 2527; x_wconf 88' lang='lat' dir='ltr'>illa</span> <span class='ocrx_word' id='word_1_258' title='bbox 882 2505 919 2527; x_wconf 79' lang='lat' dir='ltr'>ex</span> <span class='ocrx_word' id='word_1_259' title='bbox 935 2506 1016 2538; x_wconf 86' lang='lat' dir='ltr'>qua-</span> 
     </span>
     <span class='ocr_line' id='line_1_52' title="bbox 260 2544 1017 2587; baseline 0 -10"><span class='ocrx_word' id='word_1_260' title='bbox 260 2554 401 2587; x_wconf 82' lang='lat' dir='ltr'>cumque</span> <span class='ocrx_word' id='word_1_261' title='bbox 432 2554 549 2584; x_wconf 82' lang='lat' dir='ltr'>causa,</span> <span class='ocrx_word' id='word_1_262' title='bbox 583 2544 790 2586; x_wconf 81' lang='lat' dir='ltr'>quantumvis</span> <span class='ocrx_word' id='word_1_263' title='bbox 819 2554 954 2577; x_wconf 89' lang='lat' dir='ltr'>onerosa</span> <span class='ocrx_word' id='word_1_264' title='bbox 987 2550 1017 2577; x_wconf 86' lang='lat' dir='ltr'>et</span> 
     </span>
     <span class='ocr_line' id='line_1_53' title="bbox 261 2592 1015 2637; baseline 0 -10"><span class='ocrx_word' id='word_1_265' title='bbox 261 2593 490 2627; x_wconf 85' lang='lat' dir='ltr'>considerabili</span> <span class='ocrx_word' id='word_1_266' title='bbox 504 2620 511 2634; x_wconf 94' lang='lat'>‚</span> <span class='ocrx_word' id='word_1_267' title='bbox 544 2592 666 2626; x_wconf 85' lang='lat' dir='ltr'>eisdem</span> <span class='ocrx_word' id='word_1_268' title='bbox 700 2603 758 2637; x_wconf 86' lang='lat' dir='ltr'>per</span> <span class='ocrx_word' id='word_1_269' title='bbox 791 2604 1015 2637; x_wconf 84' lang='lat' dir='ltr'>quoscumque</span> 
     </span>
     <span class='ocr_line' id='line_1_54' title="bbox 259 2642 1017 2687; baseline -0.003 -9"><span class='ocrx_word' id='word_1_270' title='bbox 259 2642 422 2679; x_wconf 81' lang='lat' dir='ltr'>Romanos</span> <span class='ocrx_word' id='word_1_271' title='bbox 436 2642 609 2677; x_wconf 84' lang='lat' dir='ltr'>Pontifices</span> <span class='ocrx_word' id='word_1_272' title='bbox 620 2643 876 2687; x_wconf 58' lang='lat' dir='ltr'>praedecessores</span> <span class='ocrx_word' id='word_1_273' title='bbox 890 2648 1017 2676; x_wconf 85' lang='lat' dir='ltr'>nostros</span> 
     </span>
    </p>
   </div>
   <div class='ocr_carea' id='block_1_7' title="bbox 1057 352 1823 2688">
    <p class='ocr_par' dir='ltr' id='par_1_8' title="bbox 1069 352 1190 393">
     <span class='ocr_line' id='line_1_55' title="bbox 1069 352 1190 393; baseline 0.017 -12"><span class='ocrx_word' id='word_1_274' title='bbox 1069 352 1190 393; x_wconf 65' lang='lat' dir='ltr'>legatos</span> 
     </span>
    </p>

    <p class='ocr_par' dir='ltr' id='par_1_9' title="bbox 1064 404 1823 1792">
     <span class='ocr_line' id='line_1_56' title="bbox 1113 404 1821 448; baseline 0.001 -11"><span class='ocrx_word' id='word_1_275' title='bbox 1113 406 1128 447; x_wconf 58' lang='grc' dir='ltr'>ξ</span> <span class='ocrx_word' id='word_1_276' title='bbox 1152 404 1184 437; x_wconf 68' lang='lat'>3.</span> <span class='ocrx_word' id='word_1_277' title='bbox 1211 405 1342 437; x_wconf 60' lang='lat' dir='ltr'>Neriton</span> <span class='ocrx_word' id='word_1_278' title='bbox 1367 405 1575 448; x_wconf 79' lang='lat' dir='ltr'>superiores,</span> <span class='ocrx_word' id='word_1_279' title='bbox 1609 405 1706 437; x_wconf 80' lang='lat' dir='ltr'>etiam</span> <span class='ocrx_word' id='word_1_280' title='bbox 1733 411 1821 438; x_wconf 88' lang='lat' dir='ltr'>motu</span> 
     </span>
     <span class='ocr_line' id='line_1_57' title="bbox 1069 458 1821 502; baseline 0.001 -12"><span class='ocrx_word' id='word_1_281' title='bbox 1069 459 1203 502; x_wconf 86' lang='lat' dir='ltr'>proprio</span> <span class='ocrx_word' id='word_1_282' title='bbox 1225 465 1252 491; x_wconf 88' lang='lat' dir='ltr'>et</span> <span class='ocrx_word' id='word_1_283' title='bbox 1275 470 1312 491; x_wconf 77' lang='lat' dir='ltr'>ex</span> <span class='ocrx_word' id='word_1_284' title='bbox 1333 464 1420 491; x_wconf 86' lang='lat' dir='ltr'>certa</span> <span class='ocrx_word' id='word_1_285' title='bbox 1436 458 1581 498; x_wconf 59' lang='lat' dir='ltr'>seientia,</span> <span class='ocrx_word' id='word_1_286' title='bbox 1600 458 1704 501; x_wconf 77' lang='lat' dir='ltr'>deque</span> <span class='ocrx_word' id='word_1_287' title='bbox 1725 458 1821 492; x_wconf 86' lang='lat' dir='ltr'>simili</span> 
     </span>
     <span class='ocr_line' id='line_1_58' title="bbox 1068 512 1823 556; baseline 0 -11"><span class='ocrx_word' id='word_1_288' title='bbox 1068 513 1231 555; x_wconf 77' lang='lat' dir='ltr'>potestatis</span> <span class='ocrx_word' id='word_1_289' title='bbox 1252 512 1454 556; x_wconf 83' lang='lat' dir='ltr'>plenitudine</span> <span class='ocrx_word' id='word_1_290' title='bbox 1480 523 1516 544; x_wconf 79' lang='lat' dir='ltr'>ae</span> <span class='ocrx_word' id='word_1_291' title='bbox 1541 512 1620 545; x_wconf 89' lang='lat' dir='ltr'>alias</span> <span class='ocrx_word' id='word_1_292' title='bbox 1644 513 1823 555; x_wconf 86' lang='lat' dir='ltr'>quomodo-</span> 
     </span>
     <span class='ocr_line' id='line_1_59' title="bbox 1068 565 1820 609; baseline -0.001 -10"><span class='ocrx_word' id='word_1_293' title='bbox 1068 577 1208 609; x_wconf 78' lang='lat' dir='ltr'>cumque</span> <span class='ocrx_word' id='word_1_294' title='bbox 1221 577 1385 606; x_wconf 72' lang='lat' dir='ltr'>coneessa,</span> <span class='ocrx_word' id='word_1_295' title='bbox 1403 565 1547 598; x_wconf 87' lang='lat' dir='ltr'>restituta</span> <span class='ocrx_word' id='word_1_296' title='bbox 1568 570 1599 598; x_wconf 85' lang='lat' dir='ltr'>et</span> <span class='ocrx_word' id='word_1_297' title='bbox 1618 565 1820 607; x_wconf 77' lang='lat' dir='ltr'>confirmata3</span> 
     </span>
     <span class='ocr_line' id='line_1_60' title="bbox 1067 619 1820 663; baseline 0.001 -12"><span class='ocrx_word' id='word_1_298' title='bbox 1067 631 1104 651; x_wconf 81' lang='lat' dir='ltr'>ac</span> <span class='ocrx_word' id='word_1_299' title='bbox 1140 619 1373 652; x_wconf 70' lang='lat' dir='ltr'>lwnetiriorum</span> <span class='ocrx_word' id='word_1_300' title='bbox 1411 620 1554 663; x_wconf 86' lang='lat' dir='ltr'>ipsorum</span> <span class='ocrx_word' id='word_1_301' title='bbox 1593 620 1797 653; x_wconf 73' lang='lat' dir='ltr'>fundationes</span> <span class='ocrx_word' id='word_1_302' title='bbox 1813 647 1820 660; x_wconf 89' lang='lat'>,</span> 
     </span>
     <span class='ocr_line' id='line_1_61' title="bbox 1068 673 1821 717; baseline 0.001 -12"><span class='ocrx_word' id='word_1_303' title='bbox 1068 673 1150 705; x_wconf 88' lang='lat' dir='ltr'>inter</span> <span class='ocrx_word' id='word_1_304' title='bbox 1174 673 1246 713; x_wconf 86' lang='lat' dir='ltr'>alia,</span> <span class='ocrx_word' id='word_1_305' title='bbox 1277 673 1484 717; x_wconf 75' lang='lat' dir='ltr'>disponentes</span> <span class='ocrx_word' id='word_1_306' title='bbox 1509 674 1596 717; x_wconf 90' lang='lat' dir='ltr'>quod</span> <span class='ocrx_word' id='word_1_307' title='bbox 1612 674 1734 714; x_wconf 85' lang='lat' dir='ltr'>nullus,</span> <span class='ocrx_word' id='word_1_308' title='bbox 1761 673 1821 707; x_wconf 90' lang='lat' dir='ltr'>nisi</span> 
     </span>
     <span class='ocr_line' id='line_1_62' title="bbox 1067 726 1820 771; baseline 0.001 -12"><span class='ocrx_word' id='word_1_309' title='bbox 1067 726 1219 759; x_wconf 83' lang='lat' dir='ltr'>Ordinem</span> <span class='ocrx_word' id='word_1_310' title='bbox 1246 727 1449 771; x_wconf 83' lang='lat' dir='ltr'>praedictum</span> <span class='ocrx_word' id='word_1_311' title='bbox 1471 737 1619 771; x_wconf 77' lang='lat' dir='ltr'>expresse</span> <span class='ocrx_word' id='word_1_312' title='bbox 1640 726 1820 771; x_wconf 81' lang='lat' dir='ltr'>professus,</span> 
     </span>
     <span class='ocr_line' id='line_1_63' title="bbox 1067 780 1823 824; baseline 0.003 -12"><span class='ocrx_word' id='word_1_313' title='bbox 1067 780 1104 813; x_wconf 85' lang='lat' dir='ltr'>ad</span> <span class='ocrx_word' id='word_1_314' title='bbox 1118 780 1201 813; x_wconf 83' lang='lat' dir='ltr'>dieta</span> <span class='ocrx_word' id='word_1_315' title='bbox 1215 780 1383 818; x_wconf 78' lang='lat' dir='ltr'>beneficia,</span> <span class='ocrx_word' id='word_1_316' title='bbox 1397 780 1493 813; x_wconf 90' lang='lat' dir='ltr'>etiam</span> <span class='ocrx_word' id='word_1_317' title='bbox 1506 781 1543 814; x_wconf 87' lang='lat' dir='ltr'>de</span> <span class='ocrx_word' id='word_1_318' title='bbox 1557 781 1626 813; x_wconf 87' lang='lat' dir='ltr'>iure</span> <span class='ocrx_word' id='word_1_319' title='bbox 1636 786 1823 824; x_wconf 87' lang='lat' dir='ltr'>patronatus</span> 
     </span>
     <span class='ocr_line' id='line_1_64' title="bbox 1067 834 1822 878; baseline 0.004 -13"><span class='ocrx_word' id='word_1_320' title='bbox 1067 834 1247 873; x_wconf 81' lang='lat' dir='ltr'>existentia,</span> <span class='ocrx_word' id='word_1_321' title='bbox 1262 835 1381 867; x_wconf 79' lang='lat' dir='ltr'>assumi</span> <span class='ocrx_word' id='word_1_322' title='bbox 1394 834 1504 877; x_wconf 83' lang='lat' dir='ltr'>possit,</span> <span class='ocrx_word' id='word_1_323' title='bbox 1521 845 1663 878; x_wconf 87' lang='lat' dir='ltr'>quorum</span> <span class='ocrx_word' id='word_1_324' title='bbox 1675 835 1822 868; x_wconf 88' lang='lat' dir='ltr'>omnium</span> 
     </span>
     <span class='ocr_line' id='line_1_65' title="bbox 1068 888 1821 931; baseline 0.003 -12"><span class='ocrx_word' id='word_1_325' title='bbox 1068 894 1196 920; x_wconf 80' lang='lat' dir='ltr'>tenores</span> <span class='ocrx_word' id='word_1_326' title='bbox 1222 898 1324 930; x_wconf 85' lang='lat' dir='ltr'>aeque</span> <span class='ocrx_word' id='word_1_327' title='bbox 1351 894 1448 931; x_wconf 88' lang='lat' dir='ltr'>atque</span> <span class='ocrx_word' id='word_1_328' title='bbox 1473 888 1513 921; x_wconf 86' lang='lat' dir='ltr'>ad</span> <span class='ocrx_word' id='word_1_329' title='bbox 1537 888 1672 921; x_wconf 78' lang='lat' dir='ltr'>verbum</span> <span class='ocrx_word' id='word_1_330' title='bbox 1698 888 1821 921; x_wconf 87' lang='lat' dir='ltr'>insere-</span> 
     </span>
     <span class='ocr_line' id='line_1_66' title="bbox 1066 941 1821 986; baseline 0.001 -12"><span class='ocrx_word' id='word_1_331' title='bbox 1066 947 1180 974; x_wconf 85' lang='lat' dir='ltr'>rentur</span> <span class='ocrx_word' id='word_1_332' title='bbox 1200 942 1437 985; x_wconf 77' lang='lat' dir='ltr'>praesentibus,</span> <span class='ocrx_word' id='word_1_333' title='bbox 1461 941 1573 975; x_wconf 85' lang='lat' dir='ltr'>haberi</span> <span class='ocrx_word' id='word_1_334' title='bbox 1593 942 1742 975; x_wconf 79' lang='lat' dir='ltr'>volumus</span> <span class='ocrx_word' id='word_1_335' title='bbox 1761 952 1821 986; x_wconf 90' lang='lat' dir='ltr'>pro</span> 
     </span>
     <span class='ocr_line' id='line_1_67' title="bbox 1065 995 1822 1039; baseline 0 -11"><span class='ocrx_word' id='word_1_336' title='bbox 1065 996 1235 1038; x_wconf 82' lang='lat' dir='ltr'>expressis.</span> <span class='ocrx_word' id='word_1_337' title='bbox 1249 995 1417 1028; x_wconf 87' lang='lat' dir='ltr'>Cassamus</span> <span class='ocrx_word' id='word_1_338' title='bbox 1431 1006 1562 1039; x_wconf 87' lang='lat' dir='ltr'>quoque</span> <span class='ocrx_word' id='word_1_339' title='bbox 1574 1000 1603 1028; x_wconf 88' lang='lat' dir='ltr'>et</span> <span class='ocrx_word' id='word_1_340' title='bbox 1615 996 1822 1028; x_wconf 80' lang='lat' dir='ltr'>annullamus</span> 
     </span>
     <span class='ocr_line' id='line_1_68' title="bbox 1065 1049 1822 1092; baseline 0.003 -11"><span class='ocrx_word' id='word_1_341' title='bbox 1065 1049 1259 1091; x_wconf 76' lang='lat' dir='ltr'>apostolicas</span> <span class='ocrx_word' id='word_1_342' title='bbox 1283 1054 1314 1082; x_wconf 85' lang='lat' dir='ltr'>et</span> <span class='ocrx_word' id='word_1_343' title='bbox 1339 1059 1564 1092; x_wconf 72' lang='lat' dir='ltr'>quascumque</span> <span class='ocrx_word' id='word_1_344' title='bbox 1595 1049 1674 1081; x_wconf 88' lang='lat' dir='ltr'>alias</span> <span class='ocrx_word' id='word_1_345' title='bbox 1700 1049 1822 1083; x_wconf 84' lang='lat' dir='ltr'>litteras</span> 
     </span>
     <span class='ocr_line' id='line_1_69' title="bbox 1066 1102 1820 1146; baseline 0 -11"><span class='ocrx_word' id='word_1_346' title='bbox 1066 1103 1206 1146; x_wconf 78' lang='lat' dir='ltr'>desuper</span> <span class='ocrx_word' id='word_1_347' title='bbox 1221 1102 1395 1141; x_wconf 77' lang='lat' dir='ltr'>confectas,</span> <span class='ocrx_word' id='word_1_348' title='bbox 1413 1113 1539 1135; x_wconf 76' lang='lat' dir='ltr'>necnon</span> <span class='ocrx_word' id='word_1_349' title='bbox 1557 1113 1727 1145; x_wconf 71' lang='lat' dir='ltr'>processus</span> <span class='ocrx_word' id='word_1_350' title='bbox 1746 1103 1820 1136; x_wconf 89' lang='lat' dir='ltr'>inde</span> 
     </span>
     <span class='ocr_line' id='line_1_70' title="bbox 1066 1156 1819 1200; baseline 0.001 -12"><span class='ocrx_word' id='word_1_351' title='bbox 1066 1156 1191 1190; x_wconf 84' lang='lat' dir='ltr'>habitos</span> <span class='ocrx_word' id='word_1_352' title='bbox 1205 1162 1475 1200; x_wconf 80' lang='lat' dir='ltr'>etquaeeumque</span> <span class='ocrx_word' id='word_1_353' title='bbox 1496 1162 1605 1190; x_wconf 87' lang='lat' dir='ltr'>secuta</span> <span class='ocrx_word' id='word_1_354' title='bbox 1625 1157 1819 1197; x_wconf 85' lang='lat' dir='ltr'>sunt,etiam</span> 
     </span>
     <span class='ocr_line' id='line_1_71' title="bbox 1066 1210 1819 1254; baseline 0.001 -12"><span class='ocrx_word' id='word_1_355' title='bbox 1066 1221 1101 1243; x_wconf 76' lang='lat' dir='ltr'>ex</span> <span class='ocrx_word' id='word_1_356' title='bbox 1123 1210 1257 1247; x_wconf 77' lang='lat' dir='ltr'>eisdem,</span> <span class='ocrx_word' id='word_1_357' title='bbox 1280 1210 1358 1254; x_wconf 87' lang='lat' dir='ltr'>quin</span> <span class='ocrx_word' id='word_1_358' title='bbox 1376 1210 1471 1243; x_wconf 89' lang='lat' dir='ltr'>etiam</span> <span class='ocrx_word' id='word_1_359' title='bbox 1493 1220 1606 1243; x_wconf 85' lang='lat' dir='ltr'>omnes</span> <span class='ocrx_word' id='word_1_360' title='bbox 1626 1216 1656 1243; x_wconf 85' lang='lat' dir='ltr'>et</span> <span class='ocrx_word' id='word_1_361' title='bbox 1676 1211 1819 1254; x_wconf 80' lang='lat' dir='ltr'>singulos</span> 
     </span>
     <span class='ocr_line' id='line_1_72' title="bbox 1066 1264 1820 1307; baseline 0.001 -11"><span class='ocrx_word' id='word_1_362' title='bbox 1066 1264 1243 1297; x_wconf 83' lang='lat' dir='ltr'>monachos</span> <span class='ocrx_word' id='word_1_363' title='bbox 1264 1264 1449 1307; x_wconf 66' lang='lat' dir='ltr'>przedietOS,</span> <span class='ocrx_word' id='word_1_364' title='bbox 1465 1264 1561 1296; x_wconf 87' lang='lat' dir='ltr'>etiam</span> <span class='ocrx_word' id='word_1_365' title='bbox 1583 1264 1773 1306; x_wconf 74' lang='lat' dir='ltr'>longissimo</span> <span class='ocrx_word' id='word_1_366' title='bbox 1789 1270 1820 1297; x_wconf 87' lang='lat' dir='ltr'>et</span> 
     </span>
     <span class='ocr_line' id='line_1_73' title="bbox 1065 1319 1819 1362; baseline 0 -11"><span class='ocrx_word' id='word_1_367' title='bbox 1065 1324 1332 1362; x_wconf 84' lang='lat' dir='ltr'>quantocumque</span> <span class='ocrx_word' id='word_1_368' title='bbox 1355 1323 1502 1360; x_wconf 88' lang='lat' dir='ltr'>tempore</span> <span class='ocrx_word' id='word_1_369' title='bbox 1527 1328 1738 1361; x_wconf 81' lang='lat' dir='ltr'>possessores,</span> <span class='ocrx_word' id='word_1_370' title='bbox 1759 1319 1819 1351; x_wconf 86' lang='lat' dir='ltr'>eis-</span> 
     </span>
     <span class='ocr_line' id='line_1_74' title="bbox 1065 1372 1818 1416; baseline -0.001 -11"><span class='ocrx_word' id='word_1_371' title='bbox 1065 1373 1137 1405; x_wconf 87' lang='lat' dir='ltr'>dem</span> <span class='ocrx_word' id='word_1_372' title='bbox 1152 1372 1303 1405; x_wconf 84' lang='lat' dir='ltr'>omuibus</span> <span class='ocrx_word' id='word_1_373' title='bbox 1319 1372 1528 1415; x_wconf 65' lang='lat' dir='ltr'>praesentium</span> <span class='ocrx_word' id='word_1_374' title='bbox 1544 1372 1736 1405; x_wconf 87' lang='lat' dir='ltr'>auctoritate</span> <span class='ocrx_word' id='word_1_375' title='bbox 1752 1372 1818 1416; x_wconf 90' lang='lat' dir='ltr'>pri-</span> 
     </span>
     <span class='ocr_line' id='line_1_75' title="bbox 1064 1425 1818 1469; baseline -0.004 -10"><span class='ocrx_word' id='word_1_376' title='bbox 1064 1437 1176 1459; x_wconf 74' lang='lat' dir='ltr'>vamus</span> <span class='ocrx_word' id='word_1_377' title='bbox 1196 1426 1403 1469; x_wconf 83' lang='lat' dir='ltr'>privatosque</span> <span class='ocrx_word' id='word_1_378' title='bbox 1420 1436 1500 1465; x_wconf 85' lang='lat' dir='ltr'>esse,</span> <span class='ocrx_word' id='word_1_379' title='bbox 1515 1436 1551 1458; x_wconf 82' lang='lat' dir='ltr'>ae-</span> <span class='ocrx_word' id='word_1_380' title='bbox 1571 1425 1746 1469; x_wconf 86' lang='lat' dir='ltr'>prioratus,</span> <span class='ocrx_word' id='word_1_381' title='bbox 1769 1425 1818 1458; x_wconf 85' lang='lat' dir='ltr'>di-</span> 
     </span>
     <span class='ocr_line' id='line_1_76' title="bbox 1064 1479 1818 1523; baseline 0.001 -11"><span class='ocrx_word' id='word_1_382' title='bbox 1064 1480 1212 1523; x_wconf 74' lang='lat' dir='ltr'>gnitates,</span> <span class='ocrx_word' id='word_1_383' title='bbox 1226 1479 1534 1519; x_wconf 82' lang='lat' dir='ltr'>administrationes,</span> <span class='ocrx_word' id='word_1_384' title='bbox 1550 1479 1657 1512; x_wconf 80' lang='lat' dir='ltr'>officia</span> <span class='ocrx_word' id='word_1_385' title='bbox 1674 1485 1705 1512; x_wconf 86' lang='lat' dir='ltr'>et</span> <span class='ocrx_word' id='word_1_386' title='bbox 1719 1479 1818 1513; x_wconf 87' lang='lat' dir='ltr'>bene-</span> 
     </span>
     <span class='ocr_line' id='line_1_77' title="bbox 1064 1532 1820 1577; baseline -0.001 -10"><span class='ocrx_word' id='word_1_387' title='bbox 1064 1534 1137 1567; x_wconf 81' lang='lat' dir='ltr'>ficia</span> <span class='ocrx_word' id='word_1_388' title='bbox 1150 1533 1302 1577; x_wconf 60' lang='lat' dir='ltr'>przediuta</span> <span class='ocrx_word' id='word_1_389' title='bbox 1315 1543 1428 1567; x_wconf 73' lang='lat' dir='ltr'>vacare</span> <span class='ocrx_word' id='word_1_390' title='bbox 1444 1532 1650 1566; x_wconf 85' lang='lat' dir='ltr'>decernimus</span> <span class='ocrx_word' id='word_1_391' title='bbox 1665 1538 1695 1565; x_wconf 91' lang='lat' dir='ltr'>et</span> <span class='ocrx_word' id='word_1_392' title='bbox 1715 1533 1820 1566; x_wconf 83' lang='lat' dir='ltr'>decla—</span> 
     </span>
     <span class='ocr_line' id='line_1_78' title="bbox 1065 1585 1818 1631; baseline -0.003 -10"><span class='ocrx_word' id='word_1_393' title='bbox 1065 1599 1192 1627; x_wconf 82' lang='lat' dir='ltr'>ramus;</span> <span class='ocrx_word' id='word_1_394' title='bbox 1219 1587 1370 1631; x_wconf 73' lang='lat' dir='ltr'>ipsosque</span> <span class='ocrx_word' id='word_1_395' title='bbox 1396 1586 1435 1619; x_wconf 88' lang='lat' dir='ltr'>ab</span> <span class='ocrx_word' id='word_1_396' title='bbox 1461 1585 1591 1619; x_wconf 84' lang='lat' dir='ltr'>illorum</span> <span class='ocrx_word' id='word_1_397' title='bbox 1616 1587 1818 1629; x_wconf 82' lang='lat' dir='ltr'>possessione</span> 
     </span>
     <span class='ocr_line' id='line_1_79' title="bbox 1064 1639 1818 1682; baseline -0.003 -8"><span class='ocrx_word' id='word_1_398' title='bbox 1064 1652 1250 1675; x_wconf 74' lang='lat' dir='ltr'>amovemus</span> <span class='ocrx_word' id='word_1_399' title='bbox 1264 1668 1271 1681; x_wconf 92' lang='lat'>,</span> <span class='ocrx_word' id='word_1_400' title='bbox 1299 1652 1334 1673; x_wconf 68' lang='lat' dir='ltr'>ae</span> <span class='ocrx_word' id='word_1_401' title='bbox 1366 1640 1514 1673; x_wconf 89' lang='lat' dir='ltr'>omnium</span> <span class='ocrx_word' id='word_1_402' title='bbox 1548 1645 1577 1672; x_wconf 86' lang='lat' dir='ltr'>et</span> <span class='ocrx_word' id='word_1_403' title='bbox 1612 1639 1818 1682; x_wconf 74' lang='lat' dir='ltr'>singulorum</span> 
     </span>
     <span class='ocr_line' id='line_1_80' title="bbox 1064 1693 1818 1740; baseline -0.001 -13"><span class='ocrx_word' id='word_1_404' title='bbox 1064 1695 1308 1740; x_wconf 85' lang='lat' dir='ltr'>dispositionem</span> <span class='ocrx_word' id='word_1_405' title='bbox 1327 1694 1420 1727; x_wconf 90' lang='lat' dir='ltr'>nobis</span> <span class='ocrx_word' id='word_1_406' title='bbox 1434 1699 1465 1727; x_wconf 93' lang='lat' dir='ltr'>et</span> <span class='ocrx_word' id='word_1_407' title='bbox 1487 1693 1591 1726; x_wconf 87' lang='lat' dir='ltr'>dietae</span> <span class='ocrx_word' id='word_1_408' title='bbox 1604 1693 1677 1726; x_wconf 80' lang='lat' dir='ltr'>Sodi</span> <span class='ocrx_word' id='word_1_409' title='bbox 1697 1693 1818 1738; x_wconf 87' lang='lat' dir='ltr'>specia-</span> 
     </span>
     <span class='ocr_line' id='line_1_81' title="bbox 1064 1751 1592 1792; baseline -0.004 -10"><span class='ocrx_word' id='word_1_410' title='bbox 1064 1751 1137 1783; x_wconf 85' lang='lat' dir='ltr'>liter</span> <span class='ocrx_word' id='word_1_411' title='bbox 1152 1754 1181 1782; x_wconf 88' lang='lat' dir='ltr'>et</span> <span class='ocrx_word' id='word_1_412' title='bbox 1207 1759 1356 1792; x_wconf 71' lang='lat' dir='ltr'>expresse</span> <span class='ocrx_word' id='word_1_413' title='bbox 1378 1758 1592 1780; x_wconf 76' lang='lat' dir='ltr'>reservamus.</span> 
     </span>
    </p>

    <p class='ocr_par' dir='ltr' id='par_1_10' title="bbox 1057 1800 1818 2688">
     <span class='ocr_line' id='line_1_82' title="bbox 1108 1800 1815 1848; baseline -0.004 -12"><span class='ocrx_word' id='word_1_414' title='bbox 1108 1804 1122 1848; x_wconf 67' lang='grc' dir='ltr'>ξ</span> <span class='ocrx_word' id='word_1_415' title='bbox 1142 1803 1173 1836; x_wconf 63' lang='lat' dir='ltr'>li.</span> <span class='ocrx_word' id='word_1_416' title='bbox 1188 1803 1335 1846; x_wconf 88' lang='lat' dir='ltr'>Insuper,</span> <span class='ocrx_word' id='word_1_417' title='bbox 1357 1801 1464 1835; x_wconf 80' lang='lat' dir='ltr'>causis</span> <span class='ocrx_word' id='word_1_418' title='bbox 1485 1800 1657 1844; x_wconf 85' lang='lat' dir='ltr'>praedietis</span> <span class='ocrx_word' id='word_1_419' title='bbox 1674 1800 1815 1841; x_wconf 78' lang='lat' dir='ltr'>adducti,</span> 
     </span>
     <span class='ocr_line' id='line_1_83' title="bbox 1062 1855 1818 1902; baseline -0.005 -11"><span class='ocrx_word' id='word_1_420' title='bbox 1062 1863 1091 1892; x_wconf 88' lang='lat' dir='ltr'>et</span> <span class='ocrx_word' id='word_1_421' title='bbox 1104 1862 1271 1902; x_wconf 75' lang='lat' dir='ltr'>praeterea</span> <span class='ocrx_word' id='word_1_422' title='bbox 1291 1855 1468 1899; x_wconf 73' lang='lat' dir='ltr'>cogitantes</span> <span class='ocrx_word' id='word_1_423' title='bbox 1488 1855 1665 1887; x_wconf 79' lang='lat' dir='ltr'>monachos</span> <span class='ocrx_word' id='word_1_424' title='bbox 1680 1866 1818 1888; x_wconf 87' lang='lat' dir='ltr'>numero</span> 
     </span>
     <span class='ocr_line' id='line_1_84' title="bbox 1062 1907 1817 1954; baseline -0.005 -9"><span class='ocrx_word' id='word_1_425' title='bbox 1062 1912 1141 1945; x_wconf 88' lang='lat' dir='ltr'>adeo</span> <span class='ocrx_word' id='word_1_426' title='bbox 1153 1911 1281 1953; x_wconf 75' lang='lat' dir='ltr'>exiguo,</span> <span class='ocrx_word' id='word_1_427' title='bbox 1297 1915 1393 1954; x_wconf 87' lang='lat' dir='ltr'>atque</span> <span class='ocrx_word' id='word_1_428' title='bbox 1414 1908 1546 1941; x_wconf 90' lang='lat' dir='ltr'>omnino</span> <span class='ocrx_word' id='word_1_429' title='bbox 1559 1907 1660 1952; x_wconf 88' lang='lat' dir='ltr'>ipsam</span> <span class='ocrx_word' id='word_1_430' title='bbox 1682 1918 1817 1951; x_wconf 79' lang='lat' dir='ltr'>congre-</span> 
     </span>
     <span class='ocr_line' id='line_1_85' title="bbox 1061 1962 1816 2009; baseline -0.007 -10"><span class='ocrx_word' id='word_1_431' title='bbox 1061 1966 1224 2009; x_wconf 76' lang='lat' dir='ltr'>gationem</span> <span class='ocrx_word' id='word_1_432' title='bbox 1245 1963 1391 2007; x_wconf 69' lang='lat' dir='ltr'>angustis</span> <span class='ocrx_word' id='word_1_433' title='bbox 1414 1962 1496 1995; x_wconf 86' lang='lat' dir='ltr'>adeo</span> <span class='ocrx_word' id='word_1_434' title='bbox 1525 1963 1645 1996; x_wconf 84' lang='lat' dir='ltr'>finibus</span> <span class='ocrx_word' id='word_1_435' title='bbox 1675 1962 1816 1996; x_wconf 85' lang='lat' dir='ltr'>eircum-</span> 
     </span>
     <span class='ocr_line' id='line_1_86' title="bbox 1061 2017 1818 2064; baseline -0.005 -11"><span class='ocrx_word' id='word_1_436' title='bbox 1061 2020 1227 2064; x_wconf 70' lang='lat' dir='ltr'>scriptam,</span> <span class='ocrx_word' id='word_1_437' title='bbox 1250 2026 1286 2053; x_wconf 90' lang='lat' dir='ltr'>ut</span> <span class='ocrx_word' id='word_1_438' title='bbox 1306 2020 1360 2053; x_wconf 89' lang='lat' dir='ltr'>illa</span> <span class='ocrx_word' id='word_1_439' title='bbox 1381 2031 1438 2064; x_wconf 87' lang='lat' dir='ltr'>per</span> <span class='ocrx_word' id='word_1_440' title='bbox 1458 2030 1503 2060; x_wconf 88' lang='lat' dir='ltr'>se,</span> <span class='ocrx_word' id='word_1_441' title='bbox 1526 2019 1623 2052; x_wconf 85' lang='lat' dir='ltr'>etiam</span> <span class='ocrx_word' id='word_1_442' title='bbox 1644 2017 1818 2049; x_wconf 78' lang='lat' dir='ltr'>reformata</span> 
     </span>
     <span class='ocr_line' id='line_1_87' title="bbox 1061 2071 1817 2118; baseline -0.007 -11"><span class='ocrx_word' id='word_1_443' title='bbox 1061 2080 1091 2106; x_wconf 75' lang='lat' dir='ltr'>et</span> <span class='ocrx_word' id='word_1_444' title='bbox 1124 2080 1292 2118; x_wconf 87' lang='lat' dir='ltr'>correpta,</span> <span class='ocrx_word' id='word_1_445' title='bbox 1331 2085 1454 2118; x_wconf 83' lang='lat' dir='ltr'>paucos</span> <span class='ocrx_word' id='word_1_446' title='bbox 1485 2072 1662 2105; x_wconf 88' lang='lat' dir='ltr'>admodum</span> <span class='ocrx_word' id='word_1_447' title='bbox 1693 2071 1817 2103; x_wconf 84' lang='lat' dir='ltr'>t&#39;ruetus</span> 
     </span>
     <span class='ocr_line' id='line_1_88' title="bbox 1060 2124 1818 2172; baseline -0.005 -12"><span class='ocrx_word' id='word_1_448' title='bbox 1060 2128 1242 2171; x_wconf 86' lang='lat' dir='ltr'>producere</span> <span class='ocrx_word' id='word_1_449' title='bbox 1272 2129 1389 2172; x_wconf 54' lang='lat' dir='ltr'>possin</span> <span class='ocrx_word' id='word_1_450' title='bbox 1417 2127 1553 2172; x_wconf 85' lang='lat' dir='ltr'>proinde</span> <span class='ocrx_word' id='word_1_451' title='bbox 1579 2124 1818 2159; x_wconf 81' lang='lat' dir='ltr'>conducibilius</span> 
     </span>
     <span class='ocr_line' id='line_1_89' title="bbox 1061 2178 1816 2221; baseline -0.004 -8"><span class='ocrx_word' id='word_1_452' title='bbox 1061 2183 1128 2214; x_wconf 86' lang='lat' dir='ltr'>t&#39;ore</span> <span class='ocrx_word' id='word_1_453' title='bbox 1148 2183 1381 2221; x_wconf 79' lang='lat' dir='ltr'>existimamus,</span> <span class='ocrx_word' id='word_1_454' title='bbox 1405 2181 1428 2213; x_wconf 84' lang='lat' dir='ltr'>si</span> <span class='ocrx_word' id='word_1_455' title='bbox 1446 2181 1551 2220; x_wconf 84' lang='lat' dir='ltr'>alteri,</span> <span class='ocrx_word' id='word_1_456' title='bbox 1571 2178 1698 2212; x_wconf 89' lang='lat' dir='ltr'>meliori</span> <span class='ocrx_word' id='word_1_457' title='bbox 1719 2178 1816 2211; x_wconf 88' lang='lat' dir='ltr'>disci-</span> 
     </span>
     <span class='ocr_line' id='line_1_90' title="bbox 1060 2231 1816 2279; baseline -0.005 -12"><span class='ocrx_word' id='word_1_458' title='bbox 1060 2236 1148 2279; x_wconf 89' lang='lat' dir='ltr'>plina</span> <span class='ocrx_word' id='word_1_459' title='bbox 1169 2236 1346 2273; x_wconf 81' lang='lat' dir='ltr'>institutae,</span> <span class='ocrx_word' id='word_1_460' title='bbox 1363 2234 1544 2269; x_wconf 83' lang='lat' dir='ltr'>commodis</span> <span class='ocrx_word' id='word_1_461' title='bbox 1564 2232 1743 2266; x_wconf 86' lang='lat' dir='ltr'>rationibus</span> <span class='ocrx_word' id='word_1_462' title='bbox 1763 2231 1816 2264; x_wconf 90' lang='lat' dir='ltr'>ad-</span> 
     </span>
     <span class='ocr_line' id='line_1_91' title="bbox 1059 2286 1815 2332; baseline -0.004 -11"><span class='ocrx_word' id='word_1_463' title='bbox 1059 2289 1229 2323; x_wconf 74' lang='lat' dir='ltr'>scribatur.</span> <span class='ocrx_word' id='word_1_464' title='bbox 1252 2292 1370 2328; x_wconf 73' lang='lat' dir='ltr'>Quare.</span> <span class='ocrx_word' id='word_1_465' title='bbox 1387 2289 1424 2322; x_wconf 87' lang='lat' dir='ltr'>de</span> <span class='ocrx_word' id='word_1_466' title='bbox 1446 2288 1542 2321; x_wconf 87' lang='lat' dir='ltr'>simili</span> <span class='ocrx_word' id='word_1_467' title='bbox 1563 2286 1728 2332; x_wconf 84' lang='lat' dir='ltr'>potestatis</span> <span class='ocrx_word' id='word_1_468' title='bbox 1748 2287 1815 2331; x_wconf 88' lang='lat' dir='ltr'>ple-</span> 
     </span>
     <span class='ocr_line' id='line_1_92' title="bbox 1060 2339 1813 2386; baseline -0.003 -11"><span class='ocrx_word' id='word_1_469' title='bbox 1060 2343 1219 2384; x_wconf 85' lang='lat' dir='ltr'>nitudine,</span> <span class='ocrx_word' id='word_1_470' title='bbox 1234 2343 1451 2386; x_wconf 74' lang='lat' dir='ltr'>extinguimus</span> <span class='ocrx_word' id='word_1_471' title='bbox 1464 2347 1495 2375; x_wconf 87' lang='lat' dir='ltr'>et</span> <span class='ocrx_word' id='word_1_472' title='bbox 1507 2341 1675 2374; x_wconf 85' lang='lat' dir='ltr'>abolemus</span> <span class='ocrx_word' id='word_1_473' title='bbox 1688 2339 1720 2373; x_wconf 90' lang='lat' dir='ltr'>in</span> <span class='ocrx_word' id='word_1_474' title='bbox 1734 2350 1813 2384; x_wconf 62' lang='lat' dir='ltr'>prte-</span> 
     </span>
     <span class='ocr_line' id='line_1_93' title="bbox 1059 2393 1813 2437; baseline -0.003 -9"><span class='ocrx_word' id='word_1_475' title='bbox 1059 2396 1144 2430; x_wconf 85' lang='lat' dir='ltr'>dieto</span> <span class='ocrx_word' id='word_1_476' title='bbox 1165 2396 1361 2430; x_wconf 82' lang='lat' dir='ltr'>monasterio</span> <span class='ocrx_word' id='word_1_477' title='bbox 1383 2402 1411 2429; x_wconf 89' lang='lat' dir='ltr'>et</span> <span class='ocrx_word' id='word_1_478' title='bbox 1433 2395 1520 2428; x_wconf 85' lang='lat' dir='ltr'>illius</span> <span class='ocrx_word' id='word_1_479' title='bbox 1540 2394 1695 2437; x_wconf 77' lang='lat' dir='ltr'>dignitate</span> <span class='ocrx_word' id='word_1_480' title='bbox 1715 2393 1813 2426; x_wconf 88' lang='lat' dir='ltr'>abba-</span> 
     </span>
     <span class='ocr_line' id='line_1_94' title="bbox 1061 2443 1812 2487; baseline -0.007 -8"><span class='ocrx_word' id='word_1_481' title='bbox 1061 2446 1139 2487; x_wconf 83' lang='lat' dir='ltr'>tiali,</span> <span class='ocrx_word' id='word_1_482' title='bbox 1171 2457 1208 2479; x_wconf 86' lang='lat' dir='ltr'>ae</span> <span class='ocrx_word' id='word_1_483' title='bbox 1239 2447 1334 2478; x_wconf 85' lang='lat' dir='ltr'>etiam</span> <span class='ocrx_word' id='word_1_484' title='bbox 1363 2445 1396 2478; x_wconf 88' lang='lat' dir='ltr'>in</span> <span class='ocrx_word' id='word_1_485' title='bbox 1426 2444 1578 2477; x_wconf 87' lang='lat' dir='ltr'>omnibus</span> <span class='ocrx_word' id='word_1_486' title='bbox 1603 2443 1812 2487; x_wconf 81' lang='lat' dir='ltr'>prioratibus,</span> 
     </span>
     <span class='ocr_line' id='line_1_95' title="bbox 1059 2493 1815 2537; baseline -0.003 -10"><span class='ocrx_word' id='word_1_487' title='bbox 1059 2496 1213 2528; x_wconf 87' lang='lat' dir='ltr'>membris</span> <span class='ocrx_word' id='word_1_488' title='bbox 1229 2501 1257 2528; x_wconf 85' lang='lat' dir='ltr'>et</span> <span class='ocrx_word' id='word_1_489' title='bbox 1280 2495 1358 2528; x_wconf 86' lang='lat' dir='ltr'>loeis</span> <span class='ocrx_word' id='word_1_490' title='bbox 1379 2495 1484 2528; x_wconf 86' lang='lat' dir='ltr'>dietae</span> <span class='ocrx_word' id='word_1_491' title='bbox 1501 2493 1760 2537; x_wconf 73' lang='lat' dir='ltr'>congregationis</span> <span class='ocrx_word' id='word_1_492' title='bbox 1785 2498 1815 2526; x_wconf 85' lang='lat' dir='ltr'>et</span> 
     </span>
     <span class='ocr_line' id='line_1_96' title="bbox 1058 2543 1814 2588; baseline -0.003 -11"><span class='ocrx_word' id='word_1_493' title='bbox 1058 2545 1097 2578; x_wconf 91' lang='lat' dir='ltr'>ab</span> <span class='ocrx_word' id='word_1_494' title='bbox 1111 2556 1147 2578; x_wconf 90' lang='lat' dir='ltr'>ea</span> <span class='ocrx_word' id='word_1_495' title='bbox 1160 2545 1378 2578; x_wconf 87' lang='lat' dir='ltr'>eonnnuniter</span> <span class='ocrx_word' id='word_1_496' title='bbox 1392 2544 1555 2587; x_wconf 84' lang='lat' dir='ltr'>possessis,</span> <span class='ocrx_word' id='word_1_497' title='bbox 1576 2543 1763 2588; x_wconf 87' lang='lat' dir='ltr'>pariterque</span> <span class='ocrx_word' id='word_1_498' title='bbox 1782 2543 1814 2575; x_wconf 94' lang='lat' dir='ltr'>in</span> 
     </span>
     <span class='ocr_line' id='line_1_97' title="bbox 1058 2591 1810 2636; baseline -0.004 -9"><span class='ocrx_word' id='word_1_499' title='bbox 1058 2594 1210 2628; x_wconf 87' lang='lat' dir='ltr'>omnibus</span> <span class='ocrx_word' id='word_1_500' title='bbox 1222 2593 1389 2626; x_wconf 81' lang='lat' dir='ltr'>beneficiis</span> <span class='ocrx_word' id='word_1_501' title='bbox 1403 2603 1477 2625; x_wconf 87' lang='lat' dir='ltr'>eum</span> <span class='ocrx_word' id='word_1_502' title='bbox 1488 2603 1578 2633; x_wconf 88' lang='lat' dir='ltr'>cura,</span> <span class='ocrx_word' id='word_1_503' title='bbox 1596 2591 1810 2636; x_wconf 77' lang='lat' dir='ltr'>regularibus,</span> 
     </span>
     <span class='ocr_line' id='line_1_98' title="bbox 1057 2641 1813 2688; baseline -0.004 -10"><span class='ocrx_word' id='word_1_504' title='bbox 1057 2645 1097 2678; x_wconf 85' lang='lat' dir='ltr'>ad</span> <span class='ocrx_word' id='word_1_505' title='bbox 1118 2644 1364 2688; x_wconf 87' lang='lat' dir='ltr'>dispositionem</span> <span class='ocrx_word' id='word_1_506' title='bbox 1385 2642 1508 2676; x_wconf 85' lang='lat' dir='ltr'>abbatis</span> <span class='ocrx_word' id='word_1_507' title='bbox 1529 2641 1631 2686; x_wconf 89' lang='lat' dir='ltr'>ipsius</span> <span class='ocrx_word' id='word_1_508' title='bbox 1650 2646 1813 2675; x_wconf 86' lang='lat' dir='ltr'>monaste-</span> 
     </span>
    </p>
   </div>
   <div class='ocr_carea' id='block_1_8' title="bbox 1839 245 2024 274">
    <p class='ocr_par' dir='ltr' id='par_1_11' title="bbox 1839 245 2024 274">
     <span class='ocr_line' id='line_1_99' title="bbox 1839 245 2024 274; baseline 0 -2"><span class='ocrx_word' id='word_1_509' title='bbox 1839 245 1888 272; x_wconf 81' lang='grc' dir='ltr'>Αη.</span> <span class='ocrx_word' id='word_1_510' title='bbox 1904 245 1933 272; x_wconf 89' lang='lat' dir='ltr'>C.</span> <span class='ocrx_word' id='word_1_511' title='bbox 1957 245 2024 274; x_wconf 72' lang='lat'>1569</span> 
     </span>
    </p>
   </div>
   <div class='ocr_carea' id='block_1_9' title="bbox 1837 417 2021 661">
    <p class='ocr_par' dir='ltr' id='par_1_12' title="bbox 1837 417 2021 661">
     <span class='ocr_line' id='line_1_100' title="bbox 1872 417 2020 441; baseline 0.007 -5"><span class='ocrx_word' id='word_1_512' title='bbox 1872 417 2020 441; x_wconf 70' lang='lat' dir='ltr'>Fundationes,</span> 
     </span>
     <span class='ocr_line' id='line_1_101' title="bbox 1839 451 2020 473; baseline 0.011 -6"><span class='ocrx_word' id='word_1_513' title='bbox 1839 451 1967 473; x_wconf 59' lang='lat' dir='ltr'>vrvrtioues,</span> <span class='ocrx_word' id='word_1_514' title='bbox 1992 451 2020 469; x_wconf 35' lang='lat' dir='ltr'>iur</span> 
     </span>
     <span class='ocr_line' id='line_1_102' title="bbox 1838 483 2020 506; baseline 0 -7"><span class='ocrx_word' id='word_1_515' title='bbox 1838 486 1860 499; x_wconf 72' lang='lat' dir='ltr'>ia</span> <span class='ocrx_word' id='word_1_516' title='bbox 1888 483 2020 506; x_wconf 64' lang='lat' dir='ltr'>patrt·11at=1‹,</span> 
     </span>
     <span class='ocr_line' id='line_1_103' title="bbox 1837 512 2021 536; baseline 0 -6"><span class='ocrx_word' id='word_1_517' title='bbox 1837 516 1860 530; x_wconf 79' lang='lat' dir='ltr'>ac</span> <span class='ocrx_word' id='word_1_518' title='bbox 1912 512 2021 536; x_wconf 61' lang='lat' dir='ltr'>pi‘irileuia</span> 
     </span>
     <span class='ocr_line' id='line_1_104' title="bbox 1838 542 2009 567; baseline 0 -6"><span class='ocrx_word' id='word_1_519' title='bbox 1838 542 1914 567; x_wconf 69' lang='lat' dir='ltr'>imitat,</span> <span class='ocrx_word' id='word_1_520' title='bbox 1941 549 2009 561; x_wconf 67' lang='lat' dir='ltr'>(innita</span> 
     </span>
     <span class='ocr_line' id='line_1_105' title="bbox 1839 573 2021 599; baseline 0.011 -8"><span class='ocrx_word' id='word_1_521' title='bbox 1839 580 1877 599; x_wconf 78' lang='lat' dir='ltr'>qne</span> <span class='ocrx_word' id='word_1_522' title='bbox 1919 573 2021 593; x_wconf 63' lang='lat' dir='ltr'>tenent-in</span> 
     </span>
     <span class='ocr_line' id='line_1_106' title="bbox 1839 605 2020 624; baseline 0.006 -1"><span class='ocrx_word' id='word_1_523' title='bbox 1839 610 1915 624; x_wconf 69' lang='lat' dir='ltr'>vacare</span> <span class='ocrx_word' id='word_1_524' title='bbox 1943 605 2020 624; x_wconf 70' lang='lat' dir='ltr'>derer-</span> 
     </span>
     <span class='ocr_line' id='line_1_107' title="bbox 1838 637 1877 661; baseline 0 -6"><span class='ocrx_word' id='word_1_525' title='bbox 1838 637 1877 661; x_wconf 83' lang='lat' dir='ltr'>nit;</span> 
     </span>
    </p>
   </div>
   <div class='ocr_carea' id='block_1_10' title="bbox 1832 1809 2018 1961">
    <p class='ocr_par' dir='ltr' id='par_1_13' title="bbox 1832 1809 2018 1961">
     <span class='ocr_line' id='line_1_108' title="bbox 1866 1809 2013 1837; baseline 0.014 -7"><span class='ocrx_word' id='word_1_526' title='bbox 1866 1809 2013 1837; x_wconf 65' lang='lat' dir='ltr'>Crater-egani)—</span> 
     </span>
     <span class='ocr_line' id='line_1_109' title="bbox 1832 1841 2017 1863; baseline 0.011 -2"><span class='ocrx_word' id='word_1_527' title='bbox 1832 1846 1880 1861; x_wconf 85' lang='lat' dir='ltr'>nem</span> <span class='ocrx_word' id='word_1_528' title='bbox 1897 1841 1968 1862; x_wconf 82' lang='lat' dir='ltr'>Fontis</span> <span class='ocrx_word' id='word_1_529' title='bbox 1993 1844 2017 1863; x_wconf 58' lang='lat' dir='ltr'>A&lt;</span> 
     </span>
     <span class='ocr_line' id='line_1_110' title="bbox 1833 1872 2018 1894; baseline 0.005 -2"><span class='ocrx_word' id='word_1_530' title='bbox 1833 1872 1929 1894; x_wconf 66' lang='lat' dir='ltr'>rellan-ae</span> <span class='ocrx_word' id='word_1_531' title='bbox 1959 1875 2018 1894; x_wconf 59' lang='lat' dir='ltr'>eins&lt;</span> 
     </span>
     <span class='ocr_line' id='line_1_111' title="bbox 1833 1905 2017 1930; baseline 0.011 -7"><span class='ocrx_word' id='word_1_532' title='bbox 1833 1910 1872 1930; x_wconf 81' lang='lat' dir='ltr'>qne</span> <span class='ocrx_word' id='word_1_533' title='bbox 1883 1910 1959 1926; x_wconf 76' lang='lat' dir='ltr'>tionien</span> <span class='ocrx_word' id='word_1_534' title='bbox 1970 1905 2017 1926; x_wconf 82' lang='lat' dir='ltr'>abo-</span> 
     </span>
     <span class='ocr_line' id='line_1_112' title="bbox 1833 1935 1870 1961; baseline 0 -6"><span class='ocrx_word' id='word_1_535' title='bbox 1833 1935 1870 1961; x_wconf 84' lang='lat' dir='ltr'>tet;</span> 
     </span>
    </p>
   </div>
  </div>
 </body>
</html>
