2237 3100
225 273 274 301 An.
293 272 320 300 C.
341 274 408 303 ¹565

239 491 364 512 obedientia
379 498 410 512 nr-

227 522 330 550 chiepisc.
346 529 410 551 prae-

226 554 307 575 standa-

238 911 349 939 Derogatio
359 918 408 934 cou-

224 945 343 965 trax-iorum.

253 1968 370 1990 Exordium.

465 263 531 299 254

425 332 456 360 et
471 328 629 370 assignata
644 325 739 359 etiam
755 331 912 370 perpetuo
932 325 1133 369 applicamus
1143 330 1173 358 et

426 381 685 425 appropriamus.

467 435 482 478 ξ
506 435 536 468 5.
558 435 689 468 *Necnon
710 435 838 468 eosdem
856 434 1031 477 praesules,
1048 434 1171 467 clerum

424 494 453 521 et
475 488 759 533 poptiluni,quoad
769 488 879 520 onmia
891 487 1170 531 metropolitanam

423 542 729 586 archiepiscopalem
749 542 1019 586 superioritatem,
1042 541 1171 575 iurisdi-

424 596 561 629 ctionem
596 607 632 629 ac
662 596 743 633 iura,
773 607 832 640 pro
860 601 1007 639 tempore
1028 596 1171 629 existenti

423 649 666 694 archiepiscopo
687 649 890 683 Urbinatensi
911 650 1070 683 subiectos
1090 662 1169 691 esse,

423 709 454 736 et
473 708 637 747 tamquam
659 704 803 736 membra
824 704 919 748 capiti
944 704 1169 748 obsequentes,

422 767 458 789 ac
478 757 516 789 de
537 757 867 801 archiepiscopalibus
892 758 1017 792 iuribus
1037 770 1171 804 respon·
1191 765 1192 782 ³

422 810 490 843 deri
511 811 627 844 debere
647 813 806 845 volumus.

466 864 481 907 ἓ
508 864 539 898 6.
571 865 785 899 Decernentes
813 877 850 900 ex
878 878 965 901 nunc
994 867 1120 900 irritum
1143 873 1172 901 et

422 917 530 959 inane,
543 918 567 951 si
578 930 670 952 secus
679 930 777 963 super
785 920 834 953 his
844 931 861 954 a
872 932 1049 964 quoquam,
1063 921 1172 965 quavis

423 972 629 1013 auctoritate,
655 974 793 1007 scienter
809 975 857 1007 vel
874 975 1070 1018 ignoranter,
1094 986 1172 1008 con-

423 1024 529 1068 tigerit
555 1028 713 1060 attentari.
744 1028 811 1061 Non
834 1028 1034 1061 obstantibus
1058 1029 1173 1062 consti-

422 1079 601 1113 tutionibus
628 1087 657 1114 et
684 1081 940 1116 ordinationibus
969 1082 1170 1126 apostolicis,

423 1133 601 1178 ceterisque
621 1135 790 1169 contrariis
810 1136 1081 1180 quibuscumque,

466 1186 552 1219 Nulli
568 1198 644 1231 ergo
665 1193 722 1222 etc.

465 1240 580 1274 Datum
601 1242 719 1276 Romae
745 1243 831 1287 apud
855 1243 1007 1276 Sanctum
1029 1243 1171 1284 Petrum,

422 1303 506 1327 anno
533 1295 765 1329 lncarnationis
792 1296 971 1330 dominicae
1004 1297 1173 1331 millesimo

422 1346 678 1390 quingentesimo
706 1350 901 1393 sexagesimo
933 1351 1040 1391 tertio,
1073 1351 1195 1399 pridie*

422 1410 524 1434 nonas
544 1401 636 1441 iunii,
661 1403 866 1447 pontificatus
881 1405 981 1437 nostri
1003 1415 1086 1437 anno
1113 1415 1153 1438 lv.

487 1454 545 1484 Dat.
562 1456 608 1485 die
623 1456 641 1485 4
658 1456 732 1486 iunii
750 1457 836 1493 1563,
856 1458 957 1497 pontif.
978 1468 1054 1488 anno
1072 1467 1107 1488 1v.

731 1630 870 1663 LXXXV.

453 1703 563 1739 Stadii
580 1707 740 1749 yeneralis
764 1707 996 1747 Bononiensis,
1019 1709 1144 1751 eiusque

466 1760 598 1792 rectoris
624 1765 717 1803 atquc
736 1761 931 1794 scholarium
952 1762 1080 1795 indulta
1105 1762 1127 1793 ¹.
1163 1806 1165 1808 q

459 1840 520 1869 Pius
534 1841 603 1877 Papa
622 1841 652 1869 lv
672 1842 706 1869 ad
725 1843 888 1878 perpetuam
907 1843 948 1871 rei
967 1844 1137 1871 memoriam.

467 1911 556 1945 Sacri
577 1914 779 1956 Apostolatus
791 1915 980 1955 ministerio,
1005 1915 1125 1949 meritis
1140 1916 1175 1948 li-

422 1970 472 1997 cet
491 1965 680 2010 imparibus,
704 1979 844 2012 superna
863 1969 1072 2013 dispositione
1082 1981 1175 2013 prae-

423 2018 573 2060 sidentes,
595 2021 635 2053 ad
655 2032 691 2053 ca
720 2022 857 2055 libenter
882 2022 1090 2063 intendimus,
1119 2035 1177 2067 per

422 2083 503 2115 quae
520 2073 686 2107 literarum
703 2075 807 2108 studia
822 2075 942 2119 ubique
961 2081 1087 2109 nostrae
1105 2088 1177 2120 pro-

422 2126 550 2160 visionis
585 2139 644 2172 ope
679 2129 832 2162 continua
866 2130 1042 2174 suscipiant.
1071 2130 1175 2164 incre-

424 2186 530 2213 menta
550 2186 581 2213 et
600 2181 638 2214 iis
657 2193 739 2225 quae
769 2188 939 2226 propterea
959 2195 996 2216 ac
1022 2194 1079 2227 pro
1102 2195 1175 2228 per-

425 2244 576 2268 sonarum
596 2236 826 2279 quarumlibet,
854 2237 1042 2281 praesertim
1068 2237 1176 2270 litera-

425 2298 497 2321 rum
510 2288 642 2322 scientia
663 2291 894 2334 praeditarum,
917 2292 1087 2325 commodo
1105 2303 1177 2335 pro-

463 2358 473 2382 1
497 2357 552 2384 Hoc
581 2357 704 2385 Studium
735 2357 1022 2394 antiquissiniuin'est‚
1043 2365 1068 2385 et
1088 2359 1120 2385 cte
1146 2368 1176 2386 co

427 2400 538 2428 habetur
558 2402 684 2429 inconst.
704 2411 732 2435 x,
754 2405 843 2437 Quasi,
873 2404 960 2430 innoc.
985 2404 1028 2435 vt,
1051 2408 1113 2430 tom⁴
1137 2413 1175 2436 iv,

426 2452 484 2479 pag.
504 2447 563 2473 5¹7.
586 2447 617 2473 Et
638 2448 662 2473 in
680 2448 727 2474 hac
747 2448 854 2474 civitate
870 2448 1002 2474 Bononiae
1023 2448 1082 2475 Rot.
1099 2449 1176 2475 insti-

427 2490 475 2515 tuit
497 2489 593 2518 Paulus
613 2492 657 2521 111,
681 2494 750 2519 utin
767 2493 824 2519 eius
853 2493 956 2519 constit.
979 2501 1008 2525 v,
1028 2494 1068 2519 1:11·
1085 2496 1177 2519 ιἰιῑίη-

427 2538 477 2566 cto,
499 2540 562 2561 tom.
582 2544 620 2568 vi,
641 2545 699 2571 pag⁴
721 2538 778 2564 189.
807 2537 841 2563 &d
863 2538 999 2564 materiam
1020 2538 1176 2565 Studiorum

426 2579 599 2613 generalium,
617 2581 679 2607 vide
698 2590 754 2616 cap.
770 2581 826 2613 fini,
840 2583 875 2607 De
886 2583 1020 2614 Mayisnz,
1033 2587 1059 2609 et
1075 2591 1132 2617 cap,
1147 2590 1176 2614 n,

428 2625 465 2651 Dc
481 2625 606 2657 Priviqu.
625 2625 650 2652 in
670 2633 710 2658 *¹13
731 2629 757 2653 et
777 2626 856 2653 etiam
876 2627 956 2654 Cone.
979 2627 1050 2653 Trid.
1070 2635 1134 2655 sess.
1148 2636 1177 2660 v,

428 2677 485 2704 cap.
506 2671 528 2696 1.

1015 270 1193 296 BULLARIUM
1217 270 1367 295 Romnum

1213 323 1281 357 vide
1307 324 1389 357 sacta
1408 323 1504 356 fuisse
1525 322 1689 363 dicuntur,
1711 328 1747 357 ut
1773 317 1867 356 firma
1894 333 1965 366 per-

1215 383 1311 421 petuo
1339 386 1367 411 et
1395 377 1515 410 illibata
1542 377 1728 422 persistant,
1759 384 1886 411 nostrae
1911 388 1966 422 ap-

1215 433 1411 475 probationis
1431 432 1532 465 robur
1556 432 1693 465 libenter
1712 432 1900 472 adiicimus,
1929 443 1965 465 ac

1214 485 1290 518 alias
1306 486 1444 529 desuper
1459 485 1676 529 providemus,
1692 492 1799 530 prout,
1817 487 1964 520 locorum

1214 544 1242 572 et
1268 550 1480 584 personarum
1501 539 1707 582 qualitatibus
1727 539 1831 573 debite
1853 551 1964 584 pensa-

1214 593 1262 633 tis,
1288 593 1319 625 in
1339 593 1475 626 Domino
1496 593 1714 637 conspicimus
1734 594 1896 638 expedire.

1257 647 1271 690 ἓ
1291 647 1322 680 1.
1346 647 1425 680 Cum
1446 647 1565 690 itaque,
1589 647 1671 680 sicut
1698 648 1900 692 accepimus,
1932 649 1965 681 in

1214 700 1336 734 civitate
1368 706 1476 734 nostra
1505 701 1700 734 Bononiensi
1729 701 1877 735 Studium
1908 701 1966 736 Ge-

1213 755 1321 787 nerale
1356 754 1434 787 iuris
1464 754 1563 787 civilis
1597 760 1627 787 et
1650 755 1807 799 pontificii
1839 766 1967 800 semper

1214 808 1292 840 adeo
1309 808 1455 840 floruerit
1466 813 1496 840 et
1507 808 1630 848 floreat,
1652 813 1688 846 ut
1698 809 1737 841 ad
1745 809 1904 850 eamdem,
1917 820 1968 843 ve·

1214 861 1272 894 luti
1292 861 1330 894 ad
1351 861 1539 894 Studiorum
1560 867 1707 902 matrem,
1731 862 1873 906 undique
1893 873 1968 896 con-

1214 916 1315 948 ssuant
1344 915 1448 948 variae
1472 920 1503 948 et
1528 914 1669 949 diversae
1690 926 1858 959 personae,
1881 922 1911 950 et
1930 927 1969 950 ex

1214 981 1277 1013 qua
1298 970 1508 1014 quamplures
1528 969 1732 1002 famosissimi
1744 970 1800 1002 viri
1811 970 1968 1014 prodiisse

1214 1028 1243 1055 et
1264 1022 1295 1055 in
1311 1022 1378 1055 dies
1399 1022 1528 1066 prodire
1557 1022 1799 1066 dignoscantur.
1827 1034 1968 1068 quorum

1214 1076 1364 1114 scientia,
1395 1076 1514 1109 nedum
1544 1075 1612 1120 ipsa
1645 1077 1767 1117 civitas,
1798 1077 1853 1110 sed
1873 1077 1967 1111 etiam

1215 1136 1299 1162 totus
1319 1129 1498 1162 illustratur
1518 1129 1617 1169 orbis3
1642 1135 1669 1163 et
1687 1141 1761 1163 cum
1782 1131 1969 1175 nuperrime

1215 1194 1274 1227 pro
1303 1182 1516 1216 commodiori
1545 1183 1680 1217 utilitate
1709 1184 1907 1217 scholarium
1936 1184 1969 1218 in

1215 1237 1327 1270 eadem
1344 1237 1467 1270 civitate
1489 1242 1519 1270 et
1538 1237 1747 1271 Universitate
1773 1238 1970 1272 studentium

1216 1302 1251 1324 ac
1273 1291 1367 1324 etiam
1388 1291 1506 1324 ibidem
1527 1291 1718 1333 legentium,
1739 1303 1798 1336 per
1817 1291 1968 1326 dilectum

1217 1345 1319 1378 tilium
1340 1351 1487 1378 nostrum
1502 1344 1666 1383 Carolum,
1686 1345 1771 1379 tituli
1790 1345 1822 1379 S.
1845 1346 1970 1379 Martini

1217 1399 1248 1431 in
1268 1398 1426 1432 Montibus
1440 1399 1662 1442 presbyterum
1680 1399 1876 1433 cardinalem
1891 1400 1969 1433 Bor-

1217 1463 1375 1485 romaeum
1393 1458 1632 1496 nuncupatum,
1655 1458 1801 1486 nostrum
1831 1459 1862 1486 et
1881 1453 1970 1487 Sedis

1216 1506 1417 1550 Apostolicae
1457 1507 1489 1538 in
1526 1507 1650 1540 civitate
1686 1507 1828 1551 legatum
1846 1534 1852 1548 ‚
1887 1507 1970 1541 dicta

1218 1559 1408 1593 Universitas
1446 1570 1501 1592 seu
1541 1559 1722 1603 Sapientia,
1758 1561 1791 1593 in
1820 1571 1884 1604 qua
1912 1561 1969 1594 do-

1218 1619 1322 1647 ctores
1346 1614 1466 1656 legunt,
1485 1613 1517 1646 in
1530 1613 1645 1647 melius
1669 1615 1842 1648 reformata
1862 1620 1892 1648 et
1914 1625 1971 1648 seu

1217 1667 1255 1699 de
1275 1678 1356 1700 novo
1377 1673 1561 1701 constructa
1590 1668 1698 1701 fuerit.
1725 1669 1807 1709 Nos,
1838 1669 1970 1702 Univer-

1217 1721 1340 1754 sitatem
1362 1721 1464 1765 ipsam
1490 1733 1526 1755 ac
1561 1722 1715 1755 dilectum
1745 1723 1849 1756 filium
1875 1723 1972 1756 Anto-

1218 1775 1307 1807 nium
1328 1776 1366 1808 de
1388 1776 1478 1820 Ripa,
1501 1776 1670 1820 utriusque
1691 1776 1771 1810 iuris
1791 1777 1968 1816 doctorem,

1218 1828 1403 1872 nuperrime
1437 1830 1580 1863 eiusdem
1616 1830 1832 1864 Universitatis
1865 1836 1970 1864 recto-

1219 1893 1286 1915 rem
1311 1889 1341 1916 et
1365 1883 1404 1916 ab
1424 1895 1461 1917 ea
1480 1884 1519 1916 ad
1544 1884 1575 1917 id
1596 1885 1635 1917 ad
1655 1895 1713 1917 nos
1731 1885 1921 1928 deputatum
1942 1891 1970 1918 et

1219 1937 1380 1971 scholares
1404 1938 1443 1970 ad
1472 1949 1542 1971 eam
1564 1939 1753 1972 accedentes
1777 1939 1971 1982 specialibus

1219 1990 1379 2023 favoribus
1409 1997 1436 2024 et
1463 1991 1572 2033 gratiis
1593 1992 1744 2035 prosequi
1766 1993 1918 2034 volentes,
1942 1998 1972 2025 et

1219 2049 1253 2075 ut
1274 2043 1399 2076 facilius
1418 2044 1457 2077 ad
1482 2055 1551 2077 eam
1573 2045 1793 2078 accedendum
1818 2051 1848 2078 et
1867 2045 1972 2079 studia

1219 2098 1480 2141 prosequendum
1512 2098 1685 2131 invitentur
1713 2110 1749 2132 ac
1777 2099 1970 2145 excitentur,

1220 2155 1425 2191 statutorum,
1453 2152 1706 2193 ordinationum,
1729 2152 1970 2196 privilegiorum

1220 2209 1248 2236 et
1261 2204 1476 2248 capitulorum
1494 2205 1595 2238 dictae
1604 2205 1820 2239 Universitatis
1830 2211 1968 2247 tenores,

1219 2268 1255 2290 ac
1285 2258 1309 2290 si
1327 2258 1365 2291 de
1389 2259 1485 2292 verbo
1515 2259 1554 2292 ad
1575 2259 1709 2292 verbum
1734 2259 1969 2299 insererentur,

1220 2312 1443 2354 praesentibus
1467 2323 1526 2357 pro
1547 2314 1705 2357 expressis
1729 2313 1893 2354 habentes,
1925 2313 1971 2356 ip-

1220 2376 1337 2408 sosque
1357 2367 1533 2400 Antonium
1555 2373 1583 2400 et
1614 2369 1777 2401 scholares
1796 2379 1814 2401 a
1834 2367 1969 2411 quibus-

1220 2419 1264 2451 vis
1298 2421 1661 2461 excommunicationis,
1696 2421 1916 2464 suspensionis
1940 2426 1969 2454 et

1221 2467 1381 2501 interdicti
1413 2470 1548 2512 aliisque
1589 2470 1814 2503 ecclesiasticis
1843 2475 1970 2503 senten-

1220 2516 1283 2556 tiis,
1306 2519 1452 2551 censuris
1472 2525 1500 2552 et
1522 2520 1646 2563 poenis,
1668 2530 1686 2551 a
1706 2519 1775 2552 iure
1795 2519 1843 2552 vel
1858 2519 1898 2551 ab
1913 2519 1969 2552 ho-

1220 2565 1319 2602 mine,
1342 2568 1454 2609 quavis
1478 2569 1648 2600 occasione
1667 2569 1821 2600 xelcausa
1836 2568 1922 2608 latis,
1943 2568 1967 2600 si

1220 2614 1339 2655 quibus
1368 2617 1612 2659 quomodolibet
1640 2617 1783 2649 innodati
1810 2617 1967 2657 existunt,

1220 2663 1258 2696 ad
1280 2664 1430 2698 effectum
1450 2666 1669 2708 praesentium
1693 2666 1857 2700 dumtaxat
1889 2677 1968 2700 con-

1979 270 2029 298 An.
2047 271 2074 299 C.
2094 271 2159 302 ¹565

2005 652 2071 674 studit
2095 653 2160 676 Bono—

1979 689 2060 705 niensi!
2101 690 2159 707 eom·

1980 715 2093 737 mendatio.
