2237 3100
49 259 97 287 An.
112 257 142 283 C.
162 257 228 284 ¹569

926 253 992 277 Plus
1012 254 1030 277 V
1050 253 1099 276 Pr,

244 307 402 352 praelatos
417 306 649 340 ecclesiasticos
664 311 691 338 et
705 305 833 339 illorum
846 306 995 339 ecelesia-

205 377 208 380 ⁴
243 371 315 394 rum
337 361 477 404 capitula
497 372 533 393 ae
545 361 623 393 alias
634 371 788 404 personas
804 360 996 393 ecelesiasti-

43 758 117 778 Caussa
143 760 225 780 consti-

44 791 137 810 tutionis.

107 1454 224 1476 Concordia

41 1487 139 1507 instituta
168 1487 225 1507 inter

41 1518 160 1538 ordinarios
203 1521 224 1539 et

41 1548 140 1575 capitula.

90 2044 159 2066 Tener
174 2049 228 2065 con—

43 2077 138 2098 cordiae.

242 426 295 449 cas
316 415 387 459 paci
408 420 439 447 et
467 414 565 459 quieti
592 420 774 458 opportune
801 414 992 454 consulitur3

241 479 278 501 ae
297 467 347 509 iis,
369 479 452 512 quae
473 473 644 512 propterea
665 468 746 501 saeta
768 467 863 500 fuisse
884 467 996 500 dieun-

241 527 305 562 tur,
318 527 354 556 ut
365 521 457 554 firma
465 526 622 566 perpetuo
632 520 794 554 etillibata
809 520 992 565 persistant,

240 575 468 617 favorabiliter,
491 586 565 608 cum
586 586 603 607 a
622 574 996 619 nobispetitur‚aposto-

241 628 294 662 lici
314 629 484 662 adiicimus
504 628 693 662 muniminis
712 629 908 662 firmitatem.

285 683 300 726 ,ξ
320 684 350 716 Δ1.
364 683 444 716 Cum
457 683 576 727 itaque,
588 683 668 716 sieut
680 684 820 716 exhibita
831 683 924 717 nobis
937 695 995 717 nu-

240 747 310 781 per,
332 747 391 780 pro
410 743 499 780 parte
519 737 752 770 venerabilium
775 738 910 770 sratrum
931 737 996 781 epi-

239 790 328 834 scopi
339 790 566 831 Cordubensis,
585 791 803 835 praesideutis‚
813 796 844 823 et
857 791 995 824 aliorum

240 845 468 888 episcoporum
481 850 512 877 et
521 844 715 878 dilectorum
726 845 998 889 tiliorumcapitu-

240 899 346 932 lorum
367 898 580 932 ecelesiarum
600 898 785 942 provinciae
806 899 993 939 Toletanae,

241 952 352 996 petitio
378 952 580 993 continebat,
608 952 750 996 capitula
783 953 994 985 eeclesiarum

239 1007 473 1041 cathedralium
502 1007 688 1050 provinciae
706 1007 878 1040 Toletanae
901 1019 995 1051 prae-

239 1061 409 1095 tenderent
431 1060 555 1104 gravari
589 1072 626 1094 ex
659 1061 825 1094 nonnullis
859 1062 997 1094 decretis

240 1115 331 1148 sactis
347 1115 380 1148 in
401 1114 541 1148 concilio
559 1115 750 1159 provinciali
768 1115 934 1155 Toletano,
959 1126 996 1148 ae

240 1180 338 1213 super
357 1169 419 1202 hoc
435 1168 598 1202 contentio
615 1174 645 1202 et
660 1168 820 1202 discordia
836 1168 919 1201 inter
930 1169 995 1212 ipsa

239 1223 381 1267 capitula
400 1228 431 1256 et
446 1234 559 1256 eorum
577 1223 813 1266 praesidentem
830 1228 859 1255 et
876 1223 997 1266 episco-

239 1287 298 1321 pos
317 1281 405 1309 ortae
418 1281 535 1317 essent,
552 1275 744 1309 venerabilis
767 1276 866 1309 frater
894 1276 997 1310 arehi-

239 1330 413 1375 episcopus
432 1330 654 1371 Rossammsis,
678 1336 788 1363 noster
804 1335 835 1363 et
852 1330 996 1363 eiusdem

239 1384 330 1418 Sedis
350 1384 382 1417 in
403 1384 510 1428 regnis
528 1385 757 1429 Hispaniarum
783 1385 934 1426 nuncius,
957 1385 996 1417 ad

238 1438 416 1472 discordias
440 1437 628 1471 huiusmodi
659 1438 826 1479 sedandas,
852 1445 887 1472 nt
914 1438 998 1472 inter

239 1493 400 1537 praelatos
420 1491 632 1525 ecelesiarum
658 1497 689 1526 et
717 1492 859 1536 capitula
883 1493 997 1525 huius-

238 1545 326 1579 modi
351 1557 411 1590 pax
436 1551 467 1579 et
497 1546 575 1579 unio
602 1546 743 1590 vigeret,
774 1546 944 1591 episcopos
967 1553 995 1579 et

239 1599 435 1643 capitulares
454 1610 610 1644 personas
634 1611 733 1644 super
758 1600 895 1634 decretis
919 1612 997 1634 con-

238 1653 304 1688 cilii
325 1653 531 1698 provincialis¹
543 1654 698 1695 Toletani,
713 1654 800 1687 iuxta
815 1655 950 1688 sormam
969 1662 997 1689 et

239 1713 385 1742 tenorem
397 1707 615 1752 capitulorum
633 1708 926 1753 infrascriptormn‚
939 1709 998 1742 sul)

239 1767 350 1796 nostro
371 1762 516 1796 etdictae
533 1763 622 1796 Sedis
635 1763 854 1807 beneplacito,
869 1764 907 1796 ad
923 1774 999 1797 con-

240 1816 384 1850 cordiam
414 1817 590 1857 reduxerit,
622 1828 705 1860 quae
727 1818 943 1851 amicabiliter
968 1824 995 1851 et

239 1871 362 1915 absque
382 1872 492 1916 aliquo
512 1871 699 1905 discrimine
720 1873 793 1906 sacti
821 1883 879 1916 per
904 1883 998 1915 prae-

241 1926 321 1959 latos
342 1931 373 1959 et
388 1925 530 1970 capitula
546 1925 735 1959 huiusmodi
750 1931 914 1970 acceptata
926 1926 995 1958 suit.

285 1980 300 2023 ᾖ
329 1979 360 2012 ⁶2.
391 1980 415 2013 I.
456 1980 629 2020 Videlicet,
668 1979 755 2023 quod
788 1979 820 2012 in
855 1980 997 2023 quolibet

241 2033 384 2071 decreto,
419 2033 451 2066 in
480 2044 546 2077 quo
575 2034 614 2066 de
644 2033 813 2077 punitione
843 2038 871 2066 et
897 2044 1000 2076 poena

242 2093 354 2121 contra
373 2087 515 2130 aliquem
532 2098 569 2120 ex
581 2086 813 2131 capitularibus
828 2087 944 2129 agitur,
968 2088 999 2120 in

241 2140 398 2181 ecelesiis,
420 2141 453 2174 in
470 2141 589 2184 quibus
604 2140 744 2185 capitula
763 2140 999 2185 exemptionem

241 2195 361 2228 habere
371 2200 446 2228 sunt.
466 2194 570 2235 solita,
585 2194 820 2238 intelligeretur
835 2195 921 2228 iuxta
940 2195 1000 2228 dis-

242 2249 435 2293 positionem
455 2254 484 2282 et
506 2248 639 2282 modum
661 2248 789 2282 concilii
811 2249 1000 2291 Tridentini,

242 2303 347 2348 eapite
367 2313 399 2337 vi
419 2302 570 2337 sessionis
588 2313 658 2336 xxv.

286 2358 323 2392 ΙΙ.
346 2358 437 2399 Item,
459 2357 546 2401 quod
562 2357 595 2390 in
606 2357 757 2390 omnibns
777 2357 871 2390 etiam
893 2358 1002 2391 decre-

243 2412 294 2453 tis,
309 2412 341 2445 in
357 2412 476 2456 quibus
487 2411 668 2455 imponitur
684 2421 788 2455 poena
805 2411 864 2444 sub
880 2412 1000 2445 iudicio

244 2462 367 2506 peccati
383 2467 414 2496 et
426 2461 636 2495 restitutionis
646 2461 679 2493 in
692 2462 762 2493 foro
774 2460 1000 2502 conscientiae,

243 2511 328 2545 dieta
348 2522 454 2556 poena
472 2510 619 2543 videatur
638 2510 728 2543 valde
753 2510 947 2553 pericolosa,
971 2517 1001 2544 et

244 2560 485 2604 quodammodo
498 2571 616 2593 novum
626 2560 779 2603 laqueum
791 2559 923 2593 iniicere
935 2559 1001 2593 ani-

245 2609 370 2650 mabus,
389 2614 420 2643 et
441 2608 613 2654 propterea
629 2608 835 2642 remittantur
853 2609 934 2642 haec
961 2609 1001 2642 ad

246 2657 484 2693 sanctissimum
501 2658 671 2692 dominum
695 2663 856 2700 nostrum,
877 2658 933 2703 qui
953 2660 1001 2693 vel

1678 242 1736 276 781

1037 306 1148 338 tollere
1175 306 1220 338 vel
1243 305 1439 350 suspendere
1467 304 1652 348 dignabitur
1672 304 1788 338 dictam

1038 370 1173 402 poenam
1200 360 1304 403 quoad
1326 359 1483 392 iudicium
1504 359 1642 391 animae.

1081 413 1129 445 III.
1154 414 1243 454 Item,
1267 413 1358 447 tertia
1389 412 1515 446 actione
1541 412 1616 445 dieti
1647 412 1789 449 concilii.

1037 466 1140 510 eapite
1157 477 1178 504 ι,
1190 468 1236 500 De
1247 468 1404 509 archivio,
1417 467 1601 500 declaretur
1611 466 1699 510 quod
1711 467 1743 499 in
1757 466 1793 498 iis

1037 521 1193 561 ecelesiis,
1213 522 1267 554 ubi
1288 523 1400 565 plures
1424 522 1527 554 claves
1546 520 1657 553 haberi
1675 521 1790 559 solent,

1036 574 1083 606 vel
1104 574 1167 606 alia
1187 575 1388 608 consuetudo
1413 575 1507 618 viget,
1525 585 1608 618 quae
1629 574 1791 607 securitati

1038 633 1067 660 et
1087 628 1252 662 custodiae
1273 629 1509 672 scripturarum
1530 633 1715 672 opportuna
1739 627 1790 668 sit,

1038 687 1130 725 prout
1155 682 1274 715 (licitur
1294 694 1362 716 esse
1379 683 1411 716 in
1428 682 1563 716 eeclesia
1583 682 1793 721 Cordubensi,

1037 741 1181 769 servetur
1201 737 1284 769 (licta
1304 737 1516 771 consuetudo.

1082 789 1128 821 IV.
1150 790 1240 831 Item,
1264 791 1294 822 in
1314 791 1440 830 eodem,
1464 790 1539 835 quia
1555 791 1620 824 duo
1640 801 1791 835 praesup-

1038 848 1206 887 ponuntur
1225 844 1377 885 arehivia,
1399 845 1537 878 alterum
1558 844 1791 889 seripturarum

1038 898 1180 941 episcopi
1203 898 1234 930 in
1255 898 1365 942 aliquo
1382 899 1578 932 monasterio
1595 899 1793 939 situandum,

1038 951 1175 984 alterum
1196 952 1430 996 seripturarum
1453 952 1585 996 capituli
1606 952 1638 986 in
1659 952 1793 987 ecclesia

1039 1005 1214 1038 cathedrali
1227 1005 1376 1046 existens,
1398 1006 1581 1040 declaretur
1597 1012 1642 1048 ut,
1664 1007 1794 1051 quando

1039 1059 1199 1103 scriptura
1223 1059 1406 1095 eommunis
1431 1066 1496 1101 est,
1526 1060 1607 1093 idest
1630 1061 1796 1105 pertinens

1038 1119 1102 1146 tam
1123 1114 1162 1146 ad
1192 1113 1381 1157 episcopum
1409 1125 1507 1156 quam
1533 1114 1571 1147 ad
1597 1115 1794 1159 capitulum,

1038 1167 1197 1200 habeatur
1216 1167 1248 1199 in
1273 1168 1375 1200 altero
1398 1178 1434 1200 ex
1459 1168 1610 1202 archiviis
1629 1169 1795 1213 originale,

1039 1221 1071 1253 in
1091 1221 1194 1254 altero
1215 1221 1308 1265 copia
1329 1221 1528 1263 authentica,
1550 1233 1634 1266 quae
1649 1222 1689 1256 sit
1709 1223 1795 1258 eius-

1039 1276 1112 1308 dem
1134 1275 1207 1308 fidei
1229 1280 1260 1308 et
1280 1275 1496 1308 auctoritatis.

1083 1329 1117 1361 V.
1140 1329 1231 1370 Item,
1255 1329 1421 1362 decretum
1447 1335 1572 1363 sextum
1593 1330 1631 1363 de
1652 1341 1797 1365 commu-

1039 1383 1136 1417 nione
1143 1383 1392 1428 approbandum
1401 1388 1458 1425 est,
1470 1383 1684 1427 utoptimum,
1694 1396 1797 1429 poena

1039 1443 1147 1470 autem
1170 1443 1200 1470 et
1220 1437 1353 1482 publiea
1372 1437 1555 1481 obiurgatio
1572 1439 1798 1483 suspendenda

1040 1497 1087 1525 cst.
1106 1503 1277 1537 usquequo
1298 1503 1357 1537 per
1371 1492 1609 1526 sanctissimum
1630 1493 1796 1526 dominum

1040 1552 1188 1580 nostrum
1204 1547 1363 1580 maturius
1379 1558 1477 1590 super
1487 1546 1550 1580 hoc
1566 1547 1799 1581 deliberabitur

1041 1606 1069 1634 et
1091 1601 1297 1645 disponetur.

1083 1655 1132 1688 VI.
1156 1656 1244 1697 Item,
1267 1655 1415 1699 septimo,
1432 1655 1520 1699 quod
1541 1666 1646 1701 poena
1658 1657 1798 1691 sitamis-

1041 1709 1140 1743 sionis
1160 1709 1247 1743 illius
1261 1709 1372 1750 horae,
1388 1709 1420 1742 in
1437 1720 1502 1754 qua
1516 1716 1682 1754 peccatur,
1701 1716 1736 1744 ut
1751 1711 1797 1744 in-

1041 1764 1088 1796 sra
1108 1763 1140 1796 in
1161 1763 1299 1804 decimo,
1323 1768 1353 1797 et
1372 1763 1428 1797 ubi
1438 1763 1797 1799 dieiturutabstineant

1040 1829 1060 1850 a
1073 1818 1368 1857 mmsitationibus,
1386 1816 1461 1860 quia
1476 1817 1610 1851 verbum
1622 1818 1703 1852 illud
1716 1819 1798 1853 vide—

1041 1872 1094 1899 tur
1107 1867 1295 1910 ambiguum
1310 1872 1341 1901 et
1358 1867 1533 1907 incertum,
1549 1862 1746 1911 intelligatur
1759 1869 1797 1902 de

1042 1916 1213 1959 colloquiis
1229 1922 1256 1950 et
1278 1916 1591 1958 ratiocinationibus,
1604 1924 1702 1961 prout
1716 1918 1798 1953 infra

1042 1965 1074 1998 in
1094 1965 1235 1999 decimo.

1085 2015 1146 2048 VII.
1169 2016 1260 2056 Item,
1291 2015 1325 2049 in
1354 2025 1453 2057 nono,
1475 2016 1562 2060 quod
1582 2018 1798 2062 suspendatur

1042 2064 1121 2097 illud
1133 2065 1230 2107 quod,
1242 2065 1374 2108 quinon
1388 2071 1494 2109 potest
1504 2066 1554 2100 die
1567 2067 1626 2100 sibi
1639 2068 1798 2112 assignato

1043 2114 1217 2155 celebrare,
1234 2119 1383 2148 teneatur
1397 2115 1536 2158 allegare
1556 2127 1699 2158 causam,
1715 2129 1798 2161 quae

1042 2164 1176 2198 sortasse
1196 2165 1257 2198 erit
1277 2165 1404 2198 occulta
1420 2170 1451 2198 et
1470 2175 1535 2198 non
1547 2166 1755 2209 publicanda,
1768 2174 1799 2201 et.

1043 2219 1129 2248 tanto
1150 2215 1258 2248 minus
1278 2215 1365 2248 illam
1396 2215 1547 2259 probare,
1579 2216 1633 2249 sed
1661 2217 1795 2251 sufficiat

1043 2264 1075 2297 in
1095 2275 1213 2309 genere
1233 2276 1266 2298 se
1279 2268 1446 2306 excusare,
1460 2264 1600 2298 etalium
1615 2265 1664 2298 sui
1680 2267 1799 2310 gradus

1043 2324 1079 2347 ae
1092 2314 1214 2347 ordinis
1227 2324 1284 2346 suo
1300 2314 1372 2347 loeo
1389 2314 1595 2356 substituer&
1611 2316 1676 2357 sed,
1688 2316 1713 2350 si
1726 2317 1798 2360 quis

1043 2362 1076 2395 in
1092 2363 1155 2396 hoc
1175 2362 1271 2397 nimis
1300 2368 1473 2396 contumax
1498 2363 1657 2406 existeret,
1691 2365 1735 2399 ita
1763 2372 1796 2399 ut

1044 2413 1145 2445 multo
1162 2417 1308 2456 tempore
1320 2423 1385 2446 non
1398 2413 1588 2454 celebraret,
1602 2414 1798 2450 animadver-

1042 2467 1087 2495 tat
1103 2462 1286 2506 episeopus.

1085 2511 1161 2544 VIII.
1173 2512 1261 2552 Item,
1275 2511 1307 2544 in
1319 2511 1446 2545 decimo
1455 2512 1560 2556 capite
1567 2512 1797 2547 declarandum

1043 2568 1089 2595 est
1108 2562 1196 2605 quod
1217 2563 1439 2605 colloquentes
1464 2562 1496 2596 in
1525 2563 1626 2597 choro
1651 2564 1800 2598 amittant

1042 2610 1304 2644 distributionem
1329 2610 1415 2643 illius
1435 2611 1547 2652 horae,
1575 2612 1608 2646 in
1632 2623 1696 2657 qua
1725 2624 1799 2658 pec-

1043 2665 1170 2702 carunt,
1189 2666 1224 2694 ut
1244 2670 1341 2704 supra
1361 2660 1394 2694 in
1414 2660 1562 2705 septimo.

1806 254 1853 280 An.
1871 254 1899 279 C.
1921 253 1988 281 ¹569
