2237 3100
47 257 97 284 An.
113 256 142 283 C.
161 255 228 282 ¹56ss

71 632 166 653 clausula
177 633 224 653 sub-

46 663 93 683 lata.

69 1162 178 1183 clausulae
190 1163 226 1184 de-

43 1194 169 1220 rogatoriae.

69 1327 154 1349 Sanctio
174 1333 226 1355 poe-

42 1357 103 1379 nnlis.

70 2034 196 2056 Publicntio.

913 247 980 271 PIUS
1003 245 1034 269 IV
1058 243 1104 270 FP.

243 304 308 338 cilii
328 302 466 337 decretis
485 302 710 339 adversantur,
731 301 835 339 nulla,
859 299 995 333 invalida

243 363 274 391 et
293 357 381 390 irrita
403 367 470 389 esse
491 362 522 389 et
542 355 678 391 censeri,
701 365 737 388 ac
753 354 886 393 nemini,
900 353 994 386 etiam

243 410 491 455 quantumlibet,
520 415 550 441 nt
579 410 770 452 praefertur,
796 407 993 451 qualificatfo,

243 470 306 498 tam
328 464 359 496 in
379 465 461 504 soro,
484 463 569 507 quod
592 463 693 499 aiunt,
713 461 790 498 fori,
808 472 905 504 quam
922 472 994 494 con-

244 517 408 557 scientiae,
436 517 605 560 suffragari
626 526 718 560 posse
734 515 903 548 etdebere.

287 572 301 615 ἓ
320 571 351 604 4.
389 571 425 603 Et
445 571 500 611 ita,
522 581 580 614 per
604 579 827 612 quoscumque
849 568 994 601 locorum

243 624 424 659 ordinarios
439 624 584 667 aliosque
607 622 728 655 iudices
752 628 783 655 et
812 622 995 654 commissa-

243 679 325 719 rios,
350 677 459 722 quavis
479 677 669 710 auctoritate
691 676 876 718 fungentes,
899 675 993 708 etiam

242 737 370 766 sanctae
404 732 568 764 Romanae
601 729 762 762 Ecclesiae
797 728 992 767 cardinales,

242 786 365 819 sublata
386 785 431 819 eis
451 790 481 817 et
501 794 615 817 eorum
642 783 774 816 cuilibet
802 782 912 825 quavis
937 782 994 814 ali-

243 845 290 873 tcr
324 838 487 872 iudicandi
522 838 690 877 facultate,
714 836 745 869 in
767 842 905 880 utroque
926 837 994 868 soro

242 893 377 927 iudicari
410 899 441 925 et
469 891 595 924 definiri
625 890 760 929 debere;
783 900 819 923 ac
839 889 994 933 quicquid

241 957 334 980 secus
367 957 384 979 a
417 956 603 989 quoquam,
639 943 750 987 quavis
782 943 992 983 auctoritate,

242 1000 379 1033 scienter
398 1000 445 1031 vel
468 999 664 1041 ignoranter,
688 996 835 1029 attentari
856 996 994 1039 contige-

242 1053 293 1093 rit,
314 1053 441 1085 irritum
462 1057 493 1084 et
513 1051 606 1084 inane
627 1049 845 1083 decernimus.

285 1108 300 1151 ἓ
317 1107 347 1141 5.
370 1106 439 1139 Non
454 1105 653 1138 obstantibus
668 1102 852 1147 praemissis
867 1113 903 1135 ac
919 1114 994 1136 con-

241 1160 460 1194 stitutionibus
478 1163 505 1191 et
523 1156 780 1191 ordinationibus
797 1157 991 1200 apostolicis,

242 1213 420 1258 ceterisque
442 1211 611 1246 contrariis
630 1210 903 1254 quibuscumque.

286 1268 301 1311 ἓ
321 1268 351 1301 6.
376 1267 460 1300 Nulli
477 1276 554 1309 ergo
569 1264 701 1298 omnino
718 1263 889 1297 hominum
901 1263 995 1297 liceat

241 1321 325 1354 hanc
354 1320 503 1365 paginam
528 1324 655 1352 nostrae
675 1317 912 1357 declarationis,
935 1322 996 1351 sta-

242 1374 314 1416 tuti,
337 1373 548 1407 ordinationis
559 1377 590 1406 et
600 1371 720 1405 decreti
742 1371 928 1414 infringere,
946 1372 995 1404 vel

242 1428 271 1462 ei
291 1439 371 1462 ausu
396 1426 569 1461 temerario
595 1425 767 1459 contraire.
796 1425 827 1458 Si
852 1425 924 1468 quis
940 1436 995 1458 au-

241 1487 305 1516 tem
338 1482 400 1515 hoc
434 1485 589 1514 attentare
615 1479 888 1524 praesumpserit,
911 1479 994 1513 indi-

240 1535 425 1581 gnationem
446 1533 675 1579 omnipotentis
693 1533 748 1566 Dei
768 1544 805 1566 ac
825 1534 993 1567 beatorum

241 1590 325 1623 Petri
345 1595 376 1623 et
394 1588 484 1622 Pauli
510 1588 729 1632 apostolorum
756 1586 825 1620 eius
845 1598 877 1620 se
897 1598 994 1621 nove-

240 1644 282 1678 rit
306 1644 527 1677 incursurum.

284 1698 400 1731 Datum
420 1697 541 1730 Romae
561 1695 647 1739 apud
668 1695 821 1729 Sanctum
843 1696 971 1729 Petrum
984 1723 992 1736 ,

241 1762 326 1785 anno
350 1750 582 1784 Incarnationis
611 1748 791 1783 dominicae
823 1749 994 1782 millesimo

242 1805 499 1850 quingentesimo
516 1804 840 1847 sexagesimoquarto,
855 1802 995 1836 decimo-

240 1859 336 1893 tertio
355 1859 507 1892 kalendas
532 1858 650 1899 martii⁷
669 1858 874 1902 pontificatus
894 1857 994 1890 nostri

241 1924 325 1947 anno
350 1923 379 1946 v.

284 1968 376 2001 Anno
414 1979 431 2001 a
465 1967 625 2001 nativitate
658 1967 784 2000 Domini
824 1967 995 2001 millesimo

240 2022 500 2067 quingentesimo
544 2021 855 2065 sexagesimoquinto
870 2048 877 2061 ‚
911 2021 995 2054 indi-

241 2075 345 2110 ctione
355 2082 475 2115 octava,
485 2075 535 2109 die
547 2086 621 2108 vero
629 2075 894 2118 vigesimaquarta
907 2086 995 2108 men—

242 2129 284 2164 sis
316 2130 486 2170 februarii,
521 2129 727 2173 pontificatus
752 2129 942 2162 sanctissimi
963 2129 995 2162 in

241 2184 367 2218 Christo
388 2183 488 2227 patris
507 2189 535 2216 et
557 2183 678 2216 domini
700 2183 799 2216 nostri
826 2183 870 2215 Pii
891 2183 996 2216 divina

242 2238 441 2284 providentia
473 2238 578 2281 Papae
607 2238 642 2270 lV
680 2248 765 2270 anno
786 2237 854 2270 eius
874 2248 925 2277 Vl,
948 2249 996 2271 re—

243 2292 433 2337 troscriptae
465 2292 576 2325 literae
610 2292 805 2334 apostolieae
830 2291 940 2325 affixae
967 2297 996 2325 et

242 2347 424 2392 publicatae
446 2346 577 2379 suerunt
601 2346 632 2377 in
657 2345 725 2378 acie
754 2345 865 2389 Campi
883 2346 995 2379 Florae

242 2406 273 2434 et
292 2400 388 2433 valvis
407 2399 623 2433 Cancellariae
639 2398 840 2443 Apostolicae
862 2410 919 2442 per
938 2410 996 2432 nos

242 2449 409 2483 Nicolaum
420 2448 459 2481 de
474 2448 639 2481 Mattliaeis
650 2453 677 2480 et
691 2447 860 2481 Camillum
876 2448 996 2482 Cheru-

241 2498 367 2539 binum,
397 2497 588 2531 sanctissimi
613 2497 734 2530 domini
760 2497 859 2530 nostri
893 2497 995 2541 Papae

244 2558 404 2581 cursores.

257 2597 452 2630 philibertus
468 2596 621 2640 Chapuis,
644 2595 795 2639 magister
812 2606 993 2631 cursorum.

260 2650 321 2682 Dat.
344 2651 391 2682 die
411 2651 446 2681 18
471 2650 612 2681 februarii
637 2650 722 2688 1564,
739 2649 842 2690 pontis.
864 2660 941 2681 anno
953 2660 980 2682 v.

1679 233 1743 269 279

1362 296 1464 329 XClIl.

1038 375 1205 408 Rezaocaev'o
1240 374 1444 406 licentiarmn
1480 372 1626 404 «mimium
1664 372 1792 414 quihus-

1081 439 1213 471 vmnque
1228 427 1380 470 (crceplis
1400 425 1631 458 conmzixsariis
1643 429 1671 457 et
1684 424 1792 467 inqui-

1080 483 1232 514 m'torilms·
1254 481 1433 513 haereticae
1464 478 1653 522 pravitatis)
1673 489 1793 511 conces-

1080 547 1200 575 sarum,
1237 535 1367 567 [ruendi
1398 534 1446 565 vel
1463 533 1587 576 Iegycmli
1607 532 1704 564 libros
1733 531 1794 564 Lu·

1083 590 1234 622 ela-ranas
1250 593 1306 621 aul
1328 589 1364 620 [lc
1393 587 1518 620 haeresi
1546 590 1714 629 suspectos.
1750 586 1794 618 Et

1081 643 1258 685 prohibitio
1278 643 1350 675 illos
1379 642 1416 674 dc
1440 645 1539 674 cetero
1575 639 1715 672 habendi?
1747 640 1795 672 vel

1081 697 1216 739 lcgyemlt'.

1067 772 1130 800 Pius
1148 772 1219 806 Papa
1238 772 1279 804 lv,
1300 773 1333 800 ad
1350 773 1513 807 perpetuam
1527 770 1569 799 rei
1588 769 1758 798 memoriam.

1081 839 1158 871 Cum
1182 849 1240 882 pro
1262 848 1397 871 munere
1427 837 1514 881 quod
1536 837 1742 876 sustinemus,
1764 837 1794 869 id

1039 893 1213 935 praecipue
1234 892 1326 925 nobis
1347 892 1549 935 propositum
1571 890 1747 923 habeamus
1766 895 1798 923 et

1037 946 1124 978 omni
1160 945 1266 978 studio
1306 944 1538 988 diligentiaque
1562 953 1735 985 curemuS‚
1763 949 1798 976 ut

1037 1009 1149 1032 omncs
1185 998 1411 1031 christifideles
1440 1003 1503 1030 tam
1533 997 1683 1039 gravibus
1711 997 1796 1030 cala-

1038 1053 1226 1095 mitosisque
1247 1052 1449 1095 temporibus
1475 1052 1506 1083 in
1533 1056 1620 1084 recta
1640 1056 1671 1084 et.
1690 1052 1797 1085 catho-

1037 1106 1097 1139 lica
1120 1107 1181 1139 fide
1203 1107 1440 1146 contineamus,
1468 1106 1499 1138 id
1524 1115 1618 1148 agere
1639 1110 1670 1137 et
1689 1105 1795 1148 provi-

1037 1161 1113 1193 dere
1136 1171 1266 1193 neccsse
1288 1165 1346 1199 est,
1370 1164 1405 1191 ut
1431 1169 1561 1192 omnem
1590 1158 1742 1191 omnibus
1766 1169 1798 1191 a-

1037 1214 1188 1247 berrandi
1209 1214 1248 1246 ab
1274 1225 1310 1246 ea
1331 1213 1534 1246 occasionem
1555 1212 1794 1245 subtrahamus.

1037 1267 1162 1301 Nemini
1184 1273 1291 1300 autem
1314 1267 1433 1299 mirum
1451 1266 1550 1299 videri
1571 1266 1677 1306 debet,
1700 1265 1725 1298 si
1736 1265 1797 1299 Ro-

1037 1331 1153 1354 manus
1181 1321 1326 1354 Pontifex
1360 1329 1594 1363 nonnunquam
1629 1319 1797 1352 facultates

1037 1374 1174 1417 aliquas,
1197 1385 1277 1418 quas
1299 1374 1366 1417 ipse
1376 1374 1425 1406 vel
1438 1373 1703 1417 praedecessores
1713 1373 1794 1413 eius,

1037 1428 1197 1471 probabili
1225 1428 1355 1461 adducti
1377 1427 1514 1467 ratione,
1550 1427 1794 1467 concesserint,

1038 1487 1148 1525 postea
1168 1487 1307 1523 revocet,
1331 1493 1418 1522 cum,
1432 1481 1502 1525 ipso
1518 1492 1629 1515 rerum
1649 1492 1710 1514 usu
1722 1481 1795 1514 edo-

1038 1541 1120 1574 ctus,
1143 1536 1406 1569 animadverterit
1426 1547 1479 1569 eas
1498 1535 1624 1569 iustiori
1645 1536 1684 1569 de
1700 1546 1795 1569 causa

1037 1600 1105 1622 esse
1125 1591 1332 1623 revocandas.

1081 1644 1096 1687 ἓ
1115 1643 1147 1676 1.
1170 1644 1216 1676 Ad
1236 1644 1383 1677 notitiam
1405 1649 1547 1677 nostram
1575 1644 1732 1688 pervenit,
1759 1655 1796 1678 ex

1037 1697 1109 1730 data
1130 1698 1294 1730 nonnullis
1314 1698 1444 1731 licentia
1459 1697 1599 1731 habendi
1620 1702 1650 1730 et
1669 1697 1795 1741 legendi

1037 1751 1137 1784 libros
1157 1752 1337 1784 haereticos
1352 1757 1408 1785 aut
1423 1753 1461 1785 de
1481 1752 1606 1785 haeresi
1619 1757 1794 1796 suspectos,

1038 1805 1076 1838 ad
1096 1805 1246 1838 haereses
1280 1811 1309 1839 et
1339 1817 1478 1846 errores,
1506 1806 1562 1849 qui
1582 1806 1615 1839 in
1640 1805 1685 1839 eis
1704 1806 1794 1839 libris

1037 1859 1297 1899 continebantur,
1318 1860 1524 1900 refellendos,
1547 1870 1611 1893 non
1631 1869 1705 1893 raro
1721 1871 1793 1893 eve-

1037 1912 1106 1945 nire
1127 1914 1229 1947 solere
1250 1919 1284 1946 ut
1309 1914 1372 1947 illis
1393 1914 1469 1958 ipsis
1499 1925 1613 1947 eorum
1634 1914 1792 1947 librorum

1037 1966 1132 2000 lectio
1167 1974 1307 2007 noceat,
1337 1967 1456 2011 quibus
1490 1967 1530 2000 oh
1565 1977 1635 2000 eam
1663 1978 1792 2001 causam

1038 2032 1190 2054 concessa
1210 2021 1317 2062 fuerit,
1341 2027 1376 2054 ut.
1396 2021 1466 2054 aliis
1486 2021 1639 2065 prodesse
1650 2027 1791 2064 possent,

1037 2075 1100 2108 illis
1116 2075 1193 2119 ipsis
1202 2076 1392 2109 haeresibus
1412 2080 1443 2108 et
1462 2075 1641 2115 erroribus,
1661 2081 1795 2120 propter

1038 2129 1199 2162 humanae
1220 2130 1336 2163 mentis
1357 2129 1610 2163 imbecillitatem
1625 2157 1632 2170 ,
1663 2139 1717 2162 eos
1736 2129 1794 2162 im-

1037 2183 1172 2226 plicans,
1191 2195 1209 2216 a
1229 2184 1347 2227 quibus
1363 2195 1395 2217 se
1407 2183 1486 2216 alios
1506 2189 1715 2217 revocaturos
1726 2194 1794 2217 esse

1038 2237 1151 2270 confisi
1172 2238 1311 2271 fuerant,

1082 2291 1096 2333 ,ξ
1117 2291 1146 2323 2.
1172 2291 1253 2324 Huic
1279 2291 1324 2324 rei
1351 2291 1519 2335 providere
1547 2296 1577 2323 et
1610 2290 1793 2324 animarum

1039 2345 1198 2388 periculo,
1221 2350 1378 2389 quantum
1401 2345 1469 2378 sieri
1490 2350 1615 2388 potest,
1651 2356 1709 2388 pro
1737 2356 1793 2389 pa-

1038 2400 1146 2432 storali
1181 2399 1385 2433 solicitudine
1419 2409 1591 2432 occurrere
1613 2399 1791 2442 cupientes,

1039 2449 1279 2492 cogitantesque
1314 2448 1481 2482 nobiscum
1509 2458 1614 2491 nuper
1637 2448 1669 2480 in
1701 2459 1793 2482 sacro

1038 2499 1179 2541 generali
1200 2498 1338 2531 concilio
1359 2499 1509 2531 haereses
1527 2497 1644 2530 horum
1666 2503 1791 2541 tempo-

1039 2559 1111 2580 rum
1128 2548 1170 2579 ita
1190 2548 1369 2581 confutatas
1385 2553 1480 2590 atque
1496 2547 1662 2579 damnatas
1682 2546 1789 2587 fuisse,

1039 2602 1074 2629 ut
1089 2602 1193 2630 tantae
1209 2597 1320 2641 synodi
1342 2596 1527 2637 auctoritas,
1552 2596 1645 2629 cuius
1664 2596 1790 2628 decreta

1038 2646 1136 2679 huius
1156 2651 1284 2680 sanctae
1304 2646 1394 2680 Sedis
1418 2645 1622 2688 auctoritate,
1643 2655 1718 2678 cum
1738 2644 1791 2678 de·

1806 242 1854 268 An.
1868 242 1897 268 C.
1917 239 1986 267 utcu

1837 846 1955 867 Exordium.

1837 1655 1917 1676 Causae
1935 1661 1996 1677 revo-

1810 1694 1822 1710 e
1830 1689 1908 1709 aionis.

1836 2305 1952 2327 Revocatio
1970 2306 1993 2326 li-

1810 2337 1926 2357 centiarum
1958 2336 1995 2357 ha-

1809 2367 1995 2394 bendietlegendi

1810 2399 1874 2419 libros
1894 2398 1994 2420 Luthera-

1809 2436 1847 2450 uns
1869 2430 1900 2450 vel
1917 2432 1941 2451 de
1954 2431 1993 2451 tm-

1809 2461 1850 2481 rusi
1871 2465 1989 2487 suspectos.
