2237 3100
31 318 82 346 An.
99 318 128 346 C.
148 318 214 346 {562

44 852 111 879 Super
127 856 213 879 sportu-

29 883 54 904 lis
77 884 168 904 iudicum
192 884 211 904 iu

28 915 99 935 causis
114 915 211 936 civilibus

27 946 148 972 ordinariis,

53 1165 85 1191 Es
99 1171 120 1191 in
139 1170 212 1191 crimi-

26 1201 109 1222 nalibus
124 1202 212 1222 ordina-

26 1233 63 1253 riis
79 1235 100 1253 et
115 1233 211 1254 commis-

25 1264 95 1290 sai-iis,

893 315 961 339 PIUS
985 317 1015 340 Vt
1039 315 1087 339 Pt‘.

227 368 459 403 venerabilium
485 369 619 402 fratrum
645 374 829 402 nostrorum
856 374 982 401 sanctae

228 423 390 456 Romanae
411 422 572 456 Ecclesiae
598 423 828 462 cardinalium,
852 423 892 455 ob
921 423 982 455 lior

228 488 245 510 a
265 476 358 509 nobis
382 475 564 520 specialiter
587 477 764 509 electorum
790 476 923 513 auditis,
946 488 982 509 ac

228 529 380 562 omnibus
414 535 540 562 mature
575 529 804 567 consideratis,
827 530 923 563 etiam
944 531 982 563 dc

228 588 412 616 ceterorum
446 582 593 615 omnium
628 584 762 616 fratrum
797 589 981 616 nostrornm

228 635 376 675 consilio,
399 636 459 668 hac
479 635 511 667 in
532 642 726 679 perpetuum
749 637 884 669 valitura
909 647 982 669 con-

229 688 393 722 stitutione
413 689 587 729 sancimus,
610 689 780 723 statuimus
801 695 831 722 et
851 689 981 722 ordina-

229 752 312 775 mus.
722 748 725 752 “

272 795 286 838 ἓ
307 794 338 828 3.
360 795 451 834 Quod
463 796 573 829 nullus
584 795 727 829 iudicum
741 796 981 830 ordinariorum

227 848 331 880 almae
351 848 445 881 Urbis
479 854 510 881 et
533 849 697 881 Romanae
717 849 847 887 Curiae,
872 850 981 882 cuius-

227 912 367 945 cumque
393 902 429 934 sit
452 902 634 944 dignitatis,
658 903 689 935 in
712 902 817 935 causis
837 902 982 936 civilibus

226 954 397 988 ordinariis
435 955 559 989 ratione
598 956 817 999 sportularum
859 956 979 999 aliquid

225 1018 360 1052 prorsus
380 1008 529 1052 accipiat,
548 1008 644 1042 ctiam
665 1020 683 1041 a
704 1014 816 1052 sponte
838 1009 914 1042 dare
929 1020 983 1042 vo-

225 1061 379 1095 lentibus.

269 1115 284 1158 §
304 1115 335 1148 4.
359 1116 393 1148 In
415 1115 637 1149 criminalibus
655 1126 743 1155 vero,
757 1126 816 1159 pro
829 1116 982 1160 sportulis

226 1169 401 1202 sententiae
422 1169 601 1203 definitivae
622 1169 839 1202 absolutoriae
860 1180 877 1202 a
897 1181 981 1213 prae-

224 1222 323 1255 tensis
344 1223 548 1262 criminibus,
567 1223 599 1255 in
620 1222 739 1266 quibus
766 1223 844 1256 alias
877 1234 982 1267 poena

224 1286 243 1308 a
262 1275 487 1320 deportatione
508 1287 605 1320 supra
628 1277 749 1309 veniret
771 1276 979 1320 imponenda,

224 1339 289 1362 non
310 1330 395 1362 ultra
415 1330 539 1371 decem,
562 1341 579 1362 a
600 1330 824 1373 deportatione
843 1341 918 1363 vero
935 1331 982 1363 in-

224 1381 283 1422 fra,
305 1393 371 1416 non
401 1384 486 1416 ultra
518 1383 664 1427 quinque
697 1394 813 1417 aureos
833 1384 981 1428 accipere

224 1436 358 1480 possint.
381 1436 419 1469 Et
438 1437 498 1469 sibi
519 1436 596 1481 ipsis
616 1442 747 1470 caveant
767 1447 828 1479 ne,
851 1449 911 1482 pro
931 1449 983 1471 ex-

223 1489 415 1532 torquendis
434 1490 622 1524 huiusmodi
643 1491 816 1535 sportulis,
839 1491 980 1535 aliquem

224 1542 388 1576 nolentem
413 1543 526 1587 quovis
550 1544 646 1577 modo
662 1544 794 1586 absolvi,
817 1544 854 1577 ad
872 1550 982 1589 peten-

225 1595 302 1629 dum
323 1597 514 1630 senteutiam
535 1598 722 1634 huiusmodi
738 1609 797 1641 per
808 1609 980 1632 causarum

225 1649 437 1694 expeditionis
453 1650 639 1684 dilationem
655 1652 703 1684 vel
723 1651 770 1684 rei
790 1652 823 1684 in
844 1653 981 1685 carceri-

224 1702 285 1736 bus
304 1703 535 1745 detentionem,
557 1705 605 1737 vel
627 1715 684 1749 per
705 1705 871 1738 cautiones
891 1706 930 1739 de
949 1717 981 1739 se

224 1757 498 1801 repraesentando
522 1758 570 1790 vel
596 1768 660 1790 non
691 1758 903 1799 discedendo,
926 1759 981 1792 ubi

225 1809 303 1843 alias
322 1810 385 1843 illis
404 1811 443 1845 de
464 1811 534 1845 iure
551 1812 642 1845 locus
660 1823 726 1845 non
743 1812 781 1845 sit
796 1813 981 1856 praestandi

226 1864 425 1905 cautionem,
447 1870 503 1898 aut
526 1866 605 1899 alias
634 1867 867 1909 quoquomodo
889 1867 982 1900 indu-

226 1923 309 1950 cant.
332 1917 393 1951 Pro
415 1918 572 1952 sententia
592 1924 699 1952 autem
721 1919 752 1952 in
775 1920 880 1953 causis
897 1920 983 1964 capi-

224 1970 344 2004 talibus
359 1976 389 2004 et
408 1971 513 2004 ultimi
530 1971 694 2016 supplicii,
712 1972 759 2005 rel
776 1972 807 2004 in
829 1983 893 2016 qua
904 1973 982 2005 alias

226 2035 329 2069 poena
357 2026 535 2070 corporalis
569 2026 759 2070 imponitur,
787 2027 882 2059 etiam
904 2028 980 2062 siin

225 2079 281 2113 illa
300 2079 502 2113 indemnitati
522 2080 622 2124 partis
642 2081 783 2114 offensae
803 2081 850 2113 vel
872 2093 982 2125 prose-

225 2133 354 2178 quentis
373 2134 543 2184 proprium
568 2134 723 2168 interesse
737 2161 744 2175 ‚
768 2135 863 2168 etiam
885 2147 982 2179 pecu-

225 2187 368 2227 niarum,
391 2187 599 2231 provideatur
618 2193 647 2221 et
670 2187 702 2220 in
732 2188 819 2221 illius
840 2189 981 2223 savorem

225 2241 474 2286 pronuncietur‚
501 2241 581 2273 nihil
617 2252 749 2285 prorsus
774 2242 922 2285 accipiat.
945 2243 982 2276 Et

225 2306 285 2339 pro
306 2306 355 2336 ea,
378 2295 412 2328 in
432 2306 496 2338 qua
516 2305 621 2338 poena
645 2295 833 2338 pecuniaria
852 2296 900 2329 vel
933 2308 982 2330 re-

225 2348 396 2392 legationis
415 2349 595 2392 imponitur
612 2354 640 2381 et
662 2348 842 2382 incidenter
856 2349 981 2383 indem-

226 2402 317 2436 nitati
334 2402 516 2435 consulitur
527 2407 558 2435 et
573 2401 605 2435 in
621 2402 707 2435 illius
727 2403 868 2436 savorem
885 2404 980 2437 etiam

227 2456 477 2500 pronunciatur,
499 2466 564 2488 non
592 2456 676 2489 ultra
701 2457 845 2501 quinque
866 2470 982 2493 aureos

226 2505 347 2538 habere
377 2505 510 2548 possint.
550 2505 584 2537 In
619 2506 848 2540 commissariis
877 2509 982 2542 causis

229 2554 461 2595 criminalibus,
482 2565 565 2597 quae
587 2554 708 2587 scilicet
737 2555 769 2587 in
797 2556 859 2589 vim
895 2568 982 2590 com-

228 2603 389 2637 missionis
412 2615 430 2637 a
455 2604 617 2648 principio
638 2614 747 2636 coram
769 2604 814 2637 eis
833 2605 981 2640 introdu-

229 2658 358 2693 cuntur,
378 2663 443 2686 non
473 2654 558 2686 ultra
587 2653 723 2697 duplum
754 2653 822 2688 eius
842 2655 929 2699 quod
948 2656 981 2689 in

229 2701 400 2736 ordinariis
420 2702 568 2747 accipere
587 2703 723 2736 valeant.

1669 304 1733 337 215

1070 368 1084 408 ,ἓ
1105 367 1135 401 5.
1165 367 1198 399 In
1224 366 1369 399 civilibus
1394 365 1488 398 simili
1510 366 1606 398 modo
1627 365 1778 398 commis-

1026 421 1128 460 sariis,
1151 420 1205 453 nbi
1227 420 1265 452 de
1286 429 1411 452 summa
1426 430 1442 451 a
1459 418 1715 462 vigintiquinque
1734 419 1780 451 in-

1025 475 1071 507 fra
1094 474 1211 517 agitur,
1232 473 1311 506 nihil
1334 484 1480 517 prorsus:
1494 473 1779 518 avigintiquinque

1026 539 1129 572 usque
1158 528 1196 560 ad
1227 532 1374 568 centum,
1399 531 1488 559 scuta
1509 526 1588 567 tria,
1611 538 1626 560 a
1649 533 1779 561 centum

1026 592 1128 624 usque
1149 581 1188 613 ad
1208 581 1366 621 ducenta,
1390 585 1480 613 scuta
1504 591 1573 620 sex3
1596 591 1613 613 a
1634 581 1781 614 ducentis

1026 646 1127 677 usque
1162 635 1199 666 ad
1230 645 1470 678 quamcumque
1491 645 1667 673 summam,
1692 642 1780 669 scuta

1025 688 1135 720 decem
1158 694 1185 721 et
1208 699 1272 721 non
1292 689 1387 720 ultra.
1412 688 1472 720 Pro
1488 699 1694 733 quacumque
1712 701 1781 724 sen-

1024 742 1123 774 tentia
1157 741 1389 781 declaratoria,
1413 742 1453 774 ob
1488 753 1551 775 non
1586 743 1779 786 paritionem

1026 795 1188 827 mouitorii
1211 795 1242 827 in
1263 795 1513 835 contumaciam,
1537 807 1602 829 non
1619 799 1702 831 ultra
1724 799 1779 833 de-

1025 858 1094 880 cem
1117 849 1275 881 carlenos.
1303 849 1364 881 Pro
1386 849 1598 883 declaratoria
1618 852 1650 883 in
1666 852 1728 884 vim
1744 853 1780 885 li-

1025 907 1168 934 terarum
1189 907 1242 934 aut
1264 902 1342 934 alias
1358 902 1494 936 habente
1513 903 1576 936 vim
1595 904 1777 946 definitivae,

1025 956 1049 988 si
1071 966 1195 987 summa
1224 956 1262 987 sit
1293 961 1396 995 certa,
1420 956 1579 1001 accipiant
1608 965 1705 1002 prout
1729 972 1780 994 su-

1025 1013 1235 1053 prataxatum
1249 1009 1325 1048 suitss,
1350 1009 1602 1043 ubiautemnon
1623 1011 1663 1044 sit
1679 1019 1778 1055 certa,

1025 1062 1079 1095 sed
1102 1067 1216 1104 agatur
1240 1062 1278 1094 ad
1305 1061 1448 1105 ipsarum
1474 1062 1642 1096 literarum
1668 1076 1781 1100 execu-

1024 1116 1162 1155 tionem,
1194 1115 1354 1158 accipiant
1388 1117 1567 1149 secundum
1603 1129 1717 1152 causae
1751 1126 1781 1153 et

1025 1179 1181 1212 personae
1202 1169 1402 1212 qualitatem,
1416 1170 1594 1203 dummodo
1615 1182 1679 1204 non
1698 1173 1781 1207 ultra

1024 1221 1168 1266 quinque
1189 1233 1315 1255 aureos.
1341 1222 1401 1255 Pro
1421 1233 1631 1266 quocumque
1652 1224 1781 1259 interlo-

1025 1276 1151 1309 cutorio
1173 1287 1229 1309 seu
1250 1276 1381 1309 decreto
1402 1282 1474 1309 ante
1495 1277 1690 1311 definitivam
1708 1290 1779 1313 sen-

1024 1329 1168 1369 tentiam,
1190 1328 1269 1362 nihil
1291 1329 1435 1362 omnino.

1068 1382 1082 1425 ἓ
1103 1382 1133 1415 6.
1171 1383 1207 1415 Et
1237 1383 1384 1415 similiter
1409 1393 1468 1426 pro
1489 1383 1627 1417 decretis
1647 1384 1679 1418 in
1701 1397 1778 1419 con-

1023 1435 1179 1468 tractibus
1199 1441 1229 1468 et
1248 1436 1498 1479 obligationibus
1513 1437 1656 1471 virorum
1668 1444 1699 1472 et
1711 1450 1780 1472 mu-

1024 1489 1140 1522 lierum
1175 1495 1230 1522 aut
1258 1501 1367 1523 rerum
1402 1491 1557 1524 ecclesiae
1591 1498 1621 1525 et.
1650 1493 1779 1537 piorum

1024 1544 1184 1584 locorum,
1209 1544 1240 1576 in
1261 1544 1357 1577 domo
1383 1544 1527 1589 ipsorum
1554 1546 1700 1580 iudicum
1734 1549 1781 1581 in-

1023 1597 1246 1641 terponendis,
1269 1609 1305 1632 ac
1327 1599 1422 1632 etiam
1443 1611 1502 1643 pro
1528 1601 1705 1635 cassatione
1727 1614 1782 1636 cu—

1024 1651 1216 1695 iuscumque
1237 1654 1390 1695 querelae
1412 1654 1473 1687 sive
1490 1665 1673 1699 processuS,
1687 1657 1780 1698 nihil;

1024 1716 1083 1749 pro
1108 1706 1246 1739 decretis
1270 1717 1345 1739 vero
1366 1713 1454 1740 extra
1478 1708 1611 1742 domum
1636 1709 1781 1754 interpo-

1023 1760 1150 1799 nendis,
1173 1760 1343 1793 dimidium
1366 1761 1464 1794 unius
1485 1762 1566 1795 scuti
1586 1767 1711 1797 tantum
1731 1775 1783 1797 ac-

1024 1813 1156 1857 cipiant..
1188 1814 1274 1853 Quae
1304 1815 1435 1858 quidem
1462 1816 1591 1849 decreta
1616 1819 1745 1852 nonnisi
1765 1831 1782 1853 a

1023 1862 1260 1905 gubernatore,
1283 1863 1432 1897 auditore
1466 1864 1640 1907 Gamerae,
1662 1869 1783 1905 vicario

1025 1917 1053 1945 et
1075 1918 1223 1945 senatore
1243 1923 1279 1944 ac
1300 1923 1413 1946 eorum
1427 1913 1588 1947 iudicibus
1609 1917 1640 1949 in
1658 1925 1784 1954 contra-

1025 1961 1129 1995 ctibus
1150 1967 1181 1994 et
1200 1961 1451 2005 obligationibus
1471 1964 1623 2007 praefatis
1642 1966 1784 2013 interpo—

1024 2017 1155 2045 nantur.

1068 2062 1082 2105 ξ
1103 2061 1134 2094 7.
1157 2060 1352 2104 Capitaneus
1384 2067 1493 2095 tamen
1523 2064 1781 2107 appellationum

1024 2109 1138 2143 Curiae
1173 2110 1320 2154 Capitolii
1354 2111 1490 2155 recipiat.
1530 2114 1692 2156 sportulas
1733 2126 1782 2149 se-

1024 2160 1168 2192 cundum
1197 2165 1302 2193 taxam
1332 2172 1391 2205 per
1416 2166 1533 2194 statuta
1553 2162 1647 2195 Urbis
1666 2164 1693 2197 ei
1716 2170 1782 2199 tra-

1024 2208 1122 2242 ditam
1155 2209 1180 2242 1.

1068 2259 1082 2302 ἓ
1103 2258 1133 2292 8.
1156 2258 1241 2297 Quas
1261 2259 1357 2292 etiam
1378 2260 1539 2303 sportulas
1563 2261 1714 2305 superius
1733 2268 1780 2296 ta-

1023 2313 1122 2348 xatas,
1144 2308 1273 2341 nonnisi
1295 2319 1311 2340 e
1332 2308 1482 2341 manibus
1502 2310 1617 2342 notarii
1653 2322 1780 2353 causae,

1025 2362 1055 2389 et
1075 2358 1233 2390 sententia
1253 2357 1343 2401 prius
1363 2357 1402 2389 ab
1423 2358 1500 2401 ipsis
1515 2359 1707 2405 subscripta,
1727 2372 1781 2395 ac-

1025 2407 1133 2451 cipere
1154 2407 1199 2440 eis
1219 2408 1286 2440 ullo
1307 2407 1403 2440 modo
1424 2407 1530 2440 liceat.

1070 2457 1083 2500 §
1103 2456 1135 2489 9.
1157 2457 1218 2489 Pro
1240 2456 1356 2499 sigillo,
1376 2458 1565 2500 praesertim
1578 2458 1611 2491 in
1624 2460 1782 2493 mandatis

1025 2506 1063 2538 de
1084 2506 1256 2539 relaxando
1281 2511 1474 2547 carceratos,
1497 2518 1556 2551 pro
1585 2509 1697 2551 quovis
1718 2511 1781 2543 cri-

1025 2554 1129 2594 mine,
1152 2555 1247 2588 etiam
1269 2555 1418 2599 capitali,
1442 2561 1472 2589 et
1505 2556 1536 2589 in
1571 2557 1684 2600 quovis
1718 2558 1781 2591 alio

1024 2614 1141 2647 genere
1163 2604 1404 2648 expeditionum
1426 2605 1457 2638 in
1479 2606 1584 2638 causis
1604 2606 1781 2640 criminali-

1024 2655 1085 2687 bus
1104 2653 1309 2697 apponendo,
1332 2664 1397 2687 non
1418 2655 1545 2698 exigant
1559 2655 1644 2688 ultra
1664 2655 1780 2688 iulium

1064 2713 1073 2738 t
1096 2711 1152 2739 Lib.
1172 2721 1191 2745 ι,
1208 2720 1265 2747 cap.
1284 2713 1327 2740 [ιθ.

1796 312 1847 339 An.
1867 312 1895 338 C.
1913 311 1978 339 ¹562

1832 367 1854 388 lu
1884 369 1980 390 civilibus

1797 406 1955 424 commissurus.

1827 1395 1926 1416 Mercede
1947 1396 1982 1415 iu-

1796 1428 1863 1448 dicum
1887 1433 1924 1453 pro
1943 1427 1981 1446 de-

1797 1458 1861 1478 cretis
1886 1459 1905 1477 iu
1928 1462 1983 1478 con-

1797 1488 1907 1513 tractibus,

1825 2082 1930 2109 §portulis
1946 2087 1983 2102 ea-

1798 2114 1877 2140 pitauei
1907 2114 1983 2140 appet-

1798 2144 1908 2170 latronum,

1824 2273 1927 2300 Tempore
1948 2278 1983 2293 re-

1797 2305 1902 2330 captionis
1918 2310 1981 2330 spor-

1797 2334 1895 2360 telarum,

1823 2472 1877 2492 Taxa
1897 2477 1934 2497 pro
1951 2473 1982 2493 si-

1797 2504 1845 2529 gillo
1856 2504 1954 2528 iudicum,
