2237 3100
247 218 297 245 An.
317 220 346 246 C.
368 219 429 247 ¹571

282 1724 375 1750 illudque
397 1722 437 1742 Ro-

255 1761 298 1775 inae
317 1757 394 1773 tantuin
405 1759 439 1772 ttu-

254 1787 313 1812 1=1lmt
325 1790 387 1811 posse
401 1785 438 1804 tle-

253 1817 329 1836 stau-nt.

492 209 556 244 900

447 276 620 316 superante
641 272 727 314 (non
749 276 855 303 tamen
886 268 971 312 quod
999 267 1038 300 ad
1064 266 1204 309 vulgaris

448 325 607 358 sermonis
627 324 755 359 officia)
775 333 903 366 semper
923 321 1019 353 salva.

492 379 506 421 ξ
527 378 579 411 10.
595 375 884 411 Concionatoribus
900 385 1031 418 quoque
1047 374 1133 406 verbi
1150 373 1204 405 Dei

248 431 433 482 ''bu‘53⁰¹¹g[⁰'¹c'j]'xssj
449 437 544 474 atque
553 429 805 466 consessoribus,
823 434 854 460 ut
868 428 901 460 in
913 428 1025 460 eo'rum
1039 427 1206 471 praediea-

249 493 366 513 tessoribus
376 494 431 513 idem
448 484 589 517 tionibus
597 490 691 525 atque
701 481 957 514 confessionibus
966 480 1118 513 omnibus
1128 480 1202 512 utri·

249 525 360 550 praecisum

449 547 550 579 usque
562 547 654 569 sexus
669 535 933 568 christifidelibus
950 534 1204 577 prohibitionem

448 595 478 621 et
498 588 708 621 abolitionem
740 588 902 620 dictorum
924 587 1107 620 officiorum
1135 587 1204 619 vul-

447 642 515 685 gari
536 641 689 674 idiomate
711 648 739 674 et
757 652 907 674 sermone
929 640 1202 684 compositorum;

448 695 600 738 quodque
621 694 868 738 inquisitoribus
894 694 1077 727 haereticae
1103 693 1205 737 pravi-

449 748 520 781 tatis
536 748 779 792 quamprimum
798 747 980 791 consignari
994 747 1143 787 debeant:
1157 747 1205 780 in-

449 812 547 845 super
571 801 702 834 alterius
735 812 833 844 quam
859 800 957 834 huius
982 801 1082 833 nostri
1108 801 1205 834 officii

451 866 544 887 usum
565 860 596 888 et
625 855 800 887 lectionem
827 854 972 898 periculo
1001 854 1206 898 superstitio·

450 919 528 940 num
543 919 607 941 non
625 919 747 949 earerc;
766 919 800 940 ae
815 908 895 941 illud
911 913 939 940 et
953 908 1015 940 alia
1028 908 1205 950 eoinscrta,

451 967 481 994 ut
500 963 695 1005 praefertur,
710 961 920 995 recitantibus
934 961 1152 1004 supradictam
1169 962 1207 995 de

450 1015 602 1048 iniunctis
619 1015 677 1048 sibi
690 1015 896 1059 poenitentiis
910 1015 1139 1048 relaxationem
1152 1026 1208 1048 no-

450 1075 547 1101 stram
560 1069 754 1112 significare,
771 1075 802 1102 et
818 1079 872 1102 eos
883 1069 923 1101 ad
936 1069 1207 1102 consorinandum

450 1133 482 1155 se
503 1122 536 1154 in
556 1122 617 1155 hoc
638 1128 787 1166 prompta
821 1122 987 1155 devotione
1008 1121 1083 1154 ritui
1109 1128 1136 1154 et
1159 1133 1209 1155 01²

450 1175 607 1208 ‹linationi
632 1187 649 1208 a
670 1175 763 1208 nobis
795 1175 949 1208 institutis
982 1175 1138 1211 excitare,
1170 1176 1208 1208 ad

452 1239 612 1272 usumque
624 1235 651 1261 et
666 1228 887 1262 recitationem
901 1228 1087 1262 huiusmodi
1107 1229 1208 1262 nostri

451 1282 547 1315 officii
568 1283 694 1326 pietatis
715 1283 782 1315 zelo
803 1282 926 1315 hortari
942 1283 1104 1315 studeant.
1118 1283 1209 1316 Cete-

451 1346 524 1368 rum
554 1336 736 1368 haereticae
768 1336 930 1380 pravitatis
961 1336 1207 1379 inquisitorum,

451 1389 569 1432 quibus
590 1389 697 1422 officia
717 1389 797 1422 haec
819 1394 849 1422 et
870 1390 969 1422 libros
990 1389 1071 1422 tradi
1088 1395 1116 1421 et
1134 1401 1209 1423 con-

451 1442 571 1485 signari
593 1443 768 1486 continget,
783 1453 903 1475 munus
915 1448 945 1475 et
957 1442 1102 1475 osticium
1119 1454 1211 1487 prae-

452 1496 587 1540 cipuum
611 1497 671 1529 erit
700 1496 809 1529 omnia
835 1496 1080 1541 superstitiones
1103 1503 1131 1529 et
1159 1508 1210 1530 er-

452 1560 541 1588 rores
562 1550 594 1583 in
615 1551 677 1584 tide
699 1550 858 1583 catholiea
880 1550 1057 1583 redolentia
1078 1551 1211 1584 omnino

452 1603 572 1637 delere.

497 1657 582 1701 §ll
606 1658 696 1697 Quod
717 1663 864 1691 nostrum
886 1659 920 1691 B.
939 1658 1055 1691 Mariae
1076 1658 1213 1701 Virginis

453 1710 616 1749 osticium,
656 1717 689 1744 ut
721 1711 841 1754 ubique
871 1717 1031 1744 terrarum
1067 1711 1213 1745 incorru-

454 1770 547 1808 ptum
568 1776 605 1798 ae
637 1765 761 1797 mendis
791 1770 820 1797 ct
847 1765 1013 1798 erroribus
1040 1771 1213 1808 purgatum

454 1824 690 1861 praeservetur,
705 1818 857 1852 omnibus
869 1819 900 1850 in
912 1824 1023 1851 nostro
1040 1825 1066 1851 ct
1086 1825 1213 1852 sanctae

455 1872 617 1905 Romanae
647 1872 807 1905 Ecclesiae
833 1872 978 1905 dominio
1007 1872 1145 1906 mediate
1166 1874 1214 1905 vel

455 1925 641 1958 immediate
655 1926 800 1959 subiecto
809 1926 1102 1967 commorantibus,
1115 1928 1163 1960 vel
1175 1927 1214 1959 ad

455 1979 535 2012 illud
556 1980 669 2022 quovis
690 1986 857 2023 praetextu
882 1980 1126 2013 advenientibus
1154 1981 1215 2013 im-

456 2032 660 2077 pressoribus
686 2038 716 2066 et
745 2033 816 2066 aliis
846 2034 1124 2078 quibuscumque,
1155 2034 1215 2068 sub

457 2086 639 2119 amissionis
660 2086 818 2119 librorum
837 2097 873 2120 ac
887 2087 1139 2131 quingentorum
1158 2088 1217 2121 du-

459 2144 605 2172 catorum
621 2140 692 2172 auri
713 2140 751 2173 de
770 2140 904 2173 Camera
926 2141 994 2183 ipso
1012 2141 1106 2179 sacto,
1134 2152 1216 2185 qno-

459 2193 518 2226 ties
543 2194 814 2234 contraveneriim
846 2194 959 2227 Officio
991 2195 1217 2228 Sanctissimae

459 2246 679 2289 Inquisitionis
695 2247 978 2291 applicandorum,
988 2248 1123 2291 reliquis
1131 2259 1216 2289 vere,

460 2299 491 2331 in
511 2311 718 2343 quacumque
740 2301 826 2333 orbis
847 2305 936 2344 parte
954 2301 1215 2343 consistentibus,

460 2353 519 2386 sub
541 2354 886 2387 excommunicationis
898 2355 981 2387 latae
997 2355 1175 2388 sententiae
1190 2361 1219 2388 et

461 2401 531 2434 aliis
550 2402 673 2435 arbitrii
695 2403 794 2436 nostri
817 2403 941 2447 poenis,
965 2403 1149 2437 inhibemus
1179 2415 1219 2437 ne

462 2451 541 2483 illud
564 2452 646 2484 infra
672 2463 724 2485 sex
745 2463 846 2485 annos
866 2453 1031 2496 proximos
1048 2454 1218 2496 separatim

463 2500 510 2531 vel
544 2500 613 2532 aliis
643 2500 733 2533 libris
762 2501 921 2541 insertim,
955 2502 1014 2534 sub
1046 2502 1220 2545 praedictis

464 2548 590 2581 Hortuli
612 2549 749 2589 animae,
768 2550 922 2583 Thesauri
940 2549 1117 2593 spiritualis
1134 2561 1220 2583 com-

466 2597 572 2640 pendii
593 2598 640 2630 vel
661 2598 731 2630 aliis
747 2599 913 2641 quibusvis
933 2599 1119 2632 nominibus
1135 2605 1163 2632 et
1181 2599 1219 2632 ti-

1048 213 1228 237 BULLARIUM
1248 213 1399 237 ROMANUM

1246 265 1333 305 tulis,
1357 265 1545 309 imprimere
1565 272 1620 298 aut
1649 265 1724 298 alibi
1744 276 1842 309 quam
1865 266 1897 300 in
1918 266 2002 300 alma

1248 319 1331 352 Urbe
1346 324 1454 351 nostra
1468 324 1498 351 et
1514 319 1673 352 antedicta
1689 319 1853 352 Pontificis
1865 320 2001 353 Romani

1247 372 1377 405 offic-ina
1399 372 1591 415 impressum
1613 377 1735 412 tenere,
1762 372 1924 416 recipere,
1946 373 2002 406 do-

1248 436 1324 458 nare
1334 431 1388 458 aut
1404 426 1588 458 venundare
1604 425 1734 469 publice
1747 425 1794 457 vel
1807 426 1935 459 occulte
1948 437 2003 459 au-

1248 479 1343 512 deant.
1354 480 1400 512 vel
1416 484 1635 522 praesumant.
1651 478 1748 512 Dictis
1759 489 1833 511 vero
1846 489 1899 511 sex
1912 479 2005 512 annis

1248 532 1375 576 elapsis,
1403 532 1433 565 id
1459 532 1554 565 etiam
1582 532 1676 564 aliter
1707 542 1771 565 non
1802 531 1910 573 liceat,
1944 532 2004 565 nisi

1248 596 1323 618 cum
1344 590 1452 619 nostra
1470 591 1499 618 et
1519 585 1657 618 Romani
1672 584 1838 618 Pontifieis
1849 596 1908 629 pro
1923 590 2005 618 tem-

1248 651 1327 683 pore
1344 640 1393 673 vel
1415 639 1565 683 specialis
1584 639 1622 672 ad
1644 639 1675 672 id
1696 639 1908 672 commissarii
1928 649 2006 684 apo-

1248 694 1352 727 stolici
1372 694 1405 726 in
1431 693 1566 737 singulis
1595 692 1762 727 christiani
1790 693 1877 726 orbis
1900 694 2007 737 regnis

1249 753 1278 780 et
1301 747 1474 791 provinciis
1495 747 1672 791 deputandi
1693 757 1842 791 expressa
1862 746 2005 781 licentia.

1294 801 1308 844 ξ
1329 801 1383 833 19..
1406 801 1490 840 Quas
1506 801 1636 844 quidem
1653 806 1763 833 nostra
1779 805 1937 844 perpetua
1952 811 2006 834 ro—

1248 854 1336 887 boris
1349 854 1500 888 firmitate
1512 854 1698 895 subsistere,
1709 859 1740 887 et
1750 855 1840 887 nullo
1851 864 2006 897 umquam

1248 913 1395 951 tempore
1408 908 1561 948 revocari,
1578 907 1719 948 alterari,
1739 907 1903 951 suspendi,
1921 907 2007 942 limi-

1250 962 1310 994 tari
1331 967 1385 994 aut
1406 962 1569 995 moderari
1588 972 1693 1006 posse.

1295 1015 1309 1058 ξ
1330 1015 1382 1048 13.
1408 1016 1441 1048 ln
1466 1015 1629 1059 valvisque
1659 1015 1821 1060 Principis
1845 1017 2008 1060 apostolo-

1250 1080 1323 1101 rum
1344 1069 1382 1101 de
1392 1069 1477 1102 Urbe
1497 1079 1625 1102 necnon
1641 1069 1858 1103 Cancellariae
1873 1070 2009 1114 Aposto-

1251 1121 1331 1154 lieae
1352 1127 1381 1155 et
1399 1121 1431 1154 in
1447 1122 1515 1155 acie
1530 1122 1643 1166 Campi
1656 1122 1770 1155 Florae
1786 1123 1824 1156 de
1843 1133 1933 1156 more
1953 1134 2010 1167 pu-

1251 1174 1364 1207 blicari
1387 1180 1417 1207 et,
1438 1175 1535 1218 affigi,
1560 1186 1617 1218 per
1633 1175 1887 1219 huiusmodique
1904 1176 2011 1221 publi—

1252 1229 1410 1262 cationem
1432 1234 1463 1262 et
1484 1229 1666 1263 affixionem
1688 1240 1800 1262 omnes
1820 1235 1851 1263 et
1867 1229 2011 1273 singulos

1252 1282 1284 1314 in
1305 1282 1350 1314 eis
1367 1282 1635 1325 comprehensos,
1654 1282 1803 1316 videlieet
1822 1283 1879 1326 qui
1899 1283 1933 1316 in
1946 1283 2010 1317 Ro-

1252 1346 1347 1368 mana
1363 1336 1456 1369 Curia
1474 1336 1601 1377 adsunt,
1618 1337 1708 1381 lapso
1724 1348 1852 1378 mense3
1869 1338 2011 1381 quivero

1253 1389 1314 1422 alia
1331 1390 1411 1431 loca,
1430 1390 1510 1422 intra
1526 1396 1663 1431 montes,
1682 1396 1754 1435 post
1770 1396 1845 1433 tres;
1858 1391 1914 1435 qui
1927 1392 2011 1425 ultra

1253 1443 1409 1484 incolunt,
1431 1449 1502 1488 post
1522 1455 1575 1477 sex
1596 1454 1740 1485 menses,
1763 1450 1819 1478 ant
1844 1455 1918 1478 cum
1943 1445 2011 1490 pri-

1253 1508 1343 1529 mum
1357 1496 1415 1529 sibi
1426 1497 1570 1530 officium
1586 1498 1648 1531 hoe
1660 1503 1806 1532 nostrum
1819 1499 1930 1532 venale
1938 1509 2012 1543 pro-

1253 1550 1394 1594 positum
1416 1551 1523 1591 fuerit,
1541 1551 1584 1584 ita
1599 1552 1749 1585 volumus
1766 1552 1923 1595 obligatos
1944 1563 2012 1586 esse

1255 1603 1459 1637 etadstrictos
1468 1615 1504 1637 ac
1514 1604 1538 1637 si
1550 1605 1696 1649 ipsismet
1707 1605 1780 1639 illae
1793 1607 2011 1641 coramleetae

1255 1658 1456 1691 etintimatae
1468 1664 1590 1699 essent3
1604 1659 1748 1703 ipsarum
1761 1670 1891 1704 quoque
1903 1671 2011 1694 exem-

1254 1712 1319 1755 pla,
1343 1723 1440 1745 manu
1462 1712 1579 1745 notarii
1595 1712 1718 1757 publici
1739 1718 1770 1746 et
1790 1713 1894 1757 sigillo
1916 1725 2010 1758 prae-

1256 1766 1310 1798 lati
1325 1765 1534 1799 ecclesiastici
1544 1771 1599 1799 aut
1612 1766 1699 1799 illius
1712 1766 1820 1800 curiae
1832 1767 2012 1811 obsignata,

1255 1820 1303 1852 vel
1325 1819 1420 1852 etiam
1438 1819 1515 1853 dieti
1536 1820 1635 1854 officii
1648 1820 1750 1853 nostri
1767 1821 1801 1854 B.
1816 1820 1934 1854 Mariae
1946 1821 2014 1855 Vir-

1256 1873 1339 1916 ginis
1363 1873 1593 1915 voluminibus,
1627 1874 1749 1917 absque
1774 1875 1942 1918 praedicto
1965 1876 2013 1909 vel

1257 1926 1319 1960 alio
1331 1927 1486 1970 quopiam
1498 1927 1709 1968 adminiculo,
1723 1928 1844 1961 Romae
1862 1933 1968 1961 tamen
1984 1935 2015 1963 et,

1257 1981 1289 2013 in
1319 1981 1448 2013 officina
1477 1981 1638 2014 antedicta
1662 1980 1831 2024 impressa,
1868 1982 2014 2016 eamdem

1258 2044 1391 2078 prorsus
1411 2034 1532 2078 ubique
1554 2035 1650 2067 sidem
1672 2035 1789 2075 facere,
1812 2046 1895 2078 quae
1919 2046 2014 2080 prae«

1259 2087 1402 2120 sentibus
1427 2087 1649 2128 adhiberetur,
1681 2087 1705 2120 si
1737 2093 1842 2121 essent
1869 2094 2016 2123 ostensae

1258 2140 1305 2173 rel
1327 2140 1496 2173 exhibitae.

1300 2194 1314 2237 ἓ
1334 2194 1387 2226 14.
1411 2194 1448 2226 Et.
1468 2194 1512 2227 sic
1537 2194 1570 2226 in
1595 2195 1781 2238 praemissis
1799 2193 1958 2229 ‘omnibus
1986 2202 2017 2229 et

1260 2247 1393 2290 singulis
1413 2258 1472 2290 per
1492 2258 1716 2291 quoscumque
1733 2248 1856 2282 iudices
1877 2254 1907 2282 et
1927 2260 2016 2282 eom-

1261 2300 1436 2341 missarios,
1460 2302 1555 2333 etiam
1577 2301 1608 2335 S.
1637 2302 1673 2334 R.
1708 2302 1741 2334 E.
1774 2303 1954 2336 cardinales
1986 2308 2017 2336 et

1261 2365 1433 2387 causarum
1453 2355 1564 2387 Palatii
1586 2355 1760 2399 Apostolici
1781 2356 1956 2397 auditores,
1984 2357 2015 2390 in

1261 2403 1372 2446 quavis
1392 2414 1488 2436 eausa
1510 2409 1537 2436 et
1560 2404 1707 2437 instantia
1722 2431 1729 2444 ,
1757 2405 1883 2438 sublata
1912 2406 1957 2438 eis
1986 2411 2017 2439 et.

1262 2463 1374 2486 eorum
1392 2452 1524 2485 cuilibet
1550 2454 1660 2497 quavis
1689 2454 1783 2487 aliter
1803 2454 1966 2488 iudicandi
1987 2462 2017 2490 et

1262 2502 1495 2545 interpretandi
1516 2503 1666 2536 facultate
1688 2508 1718 2536 et
1738 2503 1940 2543 auctoritate,
1965 2504 2016 2538 iu-

1263 2551 1362 2585 dicari
1383 2557 1411 2584 et
1428 2551 1635 2595 interpretari
1651 2552 1785 2592 debere;
1802 2562 1929 2585 necnon
1945 2552 2016 2586 irri-

1262 2607 1330 2634 tum
1352 2606 1382 2634 et
1407 2601 1502 2635 inane
1522 2601 1727 2635 decernimus
1741 2601 1900 2645 quidquid
1922 2612 2016 2644 secus

2018 215 2065 241 Ᾱιι.
2080 215 2109 241 C.
2130 213 2196 242 157¹

2035 811 2145 832 etan-utn-
2154 817 2204 838 prn-

2022 842 2151 863 seruulus.

2050 1028 2124 1049 Forma
2139 1028 2206 1055 publi-

2023 1060 2084 1081 ean-ii
2094 1060 2148 1080 hunc
2158 1065 2207 1080 con—

2023 1090 2166 1112 stitutionem.

2057 2202 2202 2224 Decretumtr-

2031 2234 2107 2255 filans.
