<?xml version="1.0" encoding="UTF-8"?>
<!DOCTYPE html PUBLIC "-//W3C//DTD XHTML 1.0 Transitional//EN"
    "http://www.w3.org/TR/xhtml1/DTD/xhtml1-transitional.dtd">
<html xmlns="http://www.w3.org/1999/xhtml" xml:lang="en" lang="en">
 <head>
  <title>
</title>
<meta http-equiv="Content-Type" content="text/html;charset=utf-8" />
  <meta name='ocr-system' content='tesseract 3.04.00' />
  <meta name='ocr-capabilities' content='ocr_page ocr_carea ocr_par ocr_line ocrx_word'/>
</head>
<body>
  <div class='ocr_page' id='page_1' title='image "./bullarumdiplomat07cath_0427.png"; bbox 0 0 2237 3100; ppageno 0'>
   <div class='ocr_carea' id='block_1_1' title="bbox 73 261 258 290">
    <p class='ocr_par' dir='ltr' id='par_1_1' title="bbox 73 261 258 290">
     <span class='ocr_line' id='line_1_1' title="bbox 73 261 258 290; baseline -0.011 0"><span class='ocrx_word' id='word_1_1' title='bbox 73 264 124 290; x_wconf 73' lang='lat' dir='ltr'>An.</span> <span class='ocrx_word' id='word_1_2' title='bbox 141 262 171 290; x_wconf 76' lang='lat' dir='ltr'>C.</span> <span class='ocrx_word' id='word_1_3' title='bbox 191 261 258 289; x_wconf 73' lang='lat'>¹565</span> 
     </span>
    </p>
   </div>
   <div class='ocr_carea' id='block_1_2' title="bbox 271 315 1025 1221">
    <p class='ocr_par' dir='ltr' id='par_1_2' title="bbox 271 315 1025 1168">
     <span class='ocr_line' id='line_1_2' title="bbox 273 315 1022 367; baseline 0.003 -19"><span class='ocrx_word' id='word_1_4' title='bbox 273 315 405 349; x_wconf 89' lang='lat' dir='ltr'>dictioni</span> <span class='ocrx_word' id='word_1_5' title='bbox 431 316 755 367; x_wconf 51' lang='lat' dir='ltr'>nostrae-temporali</span> <span class='ocrx_word' id='word_1_6' title='bbox 775 316 935 350; x_wconf 83' lang='lat' dir='ltr'>subiectos</span> <span class='ocrx_word' id='word_1_7' title='bbox 955 327 1022 350; x_wconf 85' lang='lat' dir='ltr'>esse</span> 
     </span>
     <span class='ocr_line' id='line_1_3' title="bbox 273 368 1021 414; baseline 0.001 -12"><span class='ocrx_word' id='word_1_8' title='bbox 273 369 449 410; x_wconf 86' lang='lat' dir='ltr'>cernimus,</span> <span class='ocrx_word' id='word_1_9' title='bbox 472 368 568 402; x_wconf 87' lang='lat' dir='ltr'>etiam</span> <span class='ocrx_word' id='word_1_10' title='bbox 584 369 617 402; x_wconf 92' lang='lat' dir='ltr'>in</span> <span class='ocrx_word' id='word_1_11' title='bbox 632 369 693 410; x_wconf 90' lang='lat' dir='ltr'>his,</span> <span class='ocrx_word' id='word_1_12' title='bbox 712 381 795 414; x_wconf 86' lang='lat' dir='ltr'>quae</span> <span class='ocrx_word' id='word_1_13' title='bbox 816 381 1021 404; x_wconf 87' lang='lat' dir='ltr'>communem</span> 
     </span>
     <span class='ocr_line' id='line_1_4' title="bbox 272 423 1023 458; baseline 0.003 -3"><span class='ocrx_word' id='word_1_14' title='bbox 272 423 353 456; x_wconf 88' lang='lat' dir='ltr'>vitae</span> <span class='ocrx_word' id='word_1_15' title='bbox 386 433 481 456; x_wconf 90' lang='lat' dir='ltr'>usum</span> <span class='ocrx_word' id='word_1_16' title='bbox 515 428 545 456; x_wconf 91' lang='lat' dir='ltr'>et</span> <span class='ocrx_word' id='word_1_17' title='bbox 577 424 862 458; x_wconf 87' lang='lat' dir='ltr'>substentationem</span> <span class='ocrx_word' id='word_1_18' title='bbox 889 435 1023 458; x_wconf 83' lang='lat' dir='ltr'>concer-</span> 
     </span>
     <span class='ocr_line' id='line_1_5' title="bbox 272 478 1023 523; baseline 0.003 -14"><span class='ocrx_word' id='word_1_19' title='bbox 272 482 364 517; x_wconf 91' lang='lat' dir='ltr'>nunt,</span> <span class='ocrx_word' id='word_1_20' title='bbox 396 483 579 521; x_wconf 81' lang='lat' dir='ltr'>opportune</span> <span class='ocrx_word' id='word_1_21' title='bbox 606 478 802 521; x_wconf 52' lang='lat' dir='ltr'>providetiut</span> <span class='ocrx_word' id='word_1_22' title='bbox 835 490 871 512; x_wconf 91' lang='lat' dir='ltr'>ac</span> <span class='ocrx_word' id='word_1_23' title='bbox 888 479 1023 523; x_wconf 82' lang='lat' dir='ltr'>proinde</span> 
     </span>
     <span class='ocr_line' id='line_1_6' title="bbox 272 531 1023 573; baseline 0.003 -10"><span class='ocrx_word' id='word_1_24' title='bbox 272 531 445 564; x_wconf 84' lang='lat' dir='ltr'>nonnullas</span> <span class='ocrx_word' id='word_1_25' title='bbox 465 531 649 573; x_wconf 75' lang='lat' dir='ltr'>facultates,</span> <span class='ocrx_word' id='word_1_26' title='bbox 676 531 821 565; x_wconf 73' lang='lat' dir='ltr'>licentias</span> <span class='ocrx_word' id='word_1_27' title='bbox 841 538 872 566; x_wconf 87' lang='lat' dir='ltr'>et</span> <span class='ocrx_word' id='word_1_28' title='bbox 900 533 1023 565; x_wconf 90' lang='lat' dir='ltr'>indulta</span> 
     </span>
     <span class='ocr_line' id='line_1_7' title="bbox 271 585 1024 629; baseline 0.001 -12"><span class='ocrx_word' id='word_1_29' title='bbox 271 585 440 626; x_wconf 86' lang='lat' dir='ltr'>hactenus,</span> <span class='ocrx_word' id='word_1_30' title='bbox 472 590 537 618; x_wconf 87' lang='lat' dir='ltr'>tam</span> <span class='ocrx_word' id='word_1_31' title='bbox 565 596 583 618; x_wconf 87' lang='lat' dir='ltr'>a</span> <span class='ocrx_word' id='word_1_32' title='bbox 609 585 700 619; x_wconf 90' lang='lat' dir='ltr'>nobis</span> <span class='ocrx_word' id='word_1_33' title='bbox 729 596 825 629; x_wconf 84' lang='lat' dir='ltr'>quarn</span> <span class='ocrx_word' id='word_1_34' title='bbox 854 597 872 619; x_wconf 90' lang='lat' dir='ltr'>a</span> <span class='ocrx_word' id='word_1_35' title='bbox 891 586 1024 629; x_wconf 89' lang='lat' dir='ltr'>praede-</span> 
     </span>
     <span class='ocr_line' id='line_1_8' title="bbox 272 638 1021 680; baseline 0.001 -9"><span class='ocrx_word' id='word_1_36' title='bbox 272 638 453 672; x_wconf 84' lang='lat' dir='ltr'>cessoribus</span> <span class='ocrx_word' id='word_1_37' title='bbox 478 639 594 671; x_wconf 91' lang='lat' dir='ltr'>nostris</span> <span class='ocrx_word' id='word_1_38' title='bbox 619 639 773 672; x_wconf 86' lang='lat' dir='ltr'>Romanis</span> <span class='ocrx_word' id='word_1_39' title='bbox 800 639 1021 680; x_wconf 83' lang='lat' dir='ltr'>Pontificibus,</span> 
     </span>
     <span class='ocr_line' id='line_1_9' title="bbox 271 691 1020 735; baseline 0.003 -11"><span class='ocrx_word' id='word_1_40' title='bbox 271 691 465 735; x_wconf 87' lang='lat' dir='ltr'>quibusdam</span> <span class='ocrx_word' id='word_1_41' title='bbox 481 692 576 726; x_wconf 87' lang='lat' dir='ltr'>certis</span> <span class='ocrx_word' id='word_1_42' title='bbox 591 697 667 726; x_wconf 88' lang='lat' dir='ltr'>tunc</span> <span class='ocrx_word' id='word_1_43' title='bbox 679 693 888 726; x_wconf 71' lang='lat' dir='ltr'>suadentibus</span> <span class='ocrx_word' id='word_1_44' title='bbox 904 693 1020 733; x_wconf 88' lang='lat' dir='ltr'>causis,</span> 
     </span>
     <span class='ocr_line' id='line_1_10' title="bbox 272 747 1023 791; baseline 0 -12"><span class='ocrx_word' id='word_1_45' title='bbox 272 756 444 788; x_wconf 85' lang='lat' dir='ltr'>concessa,</span> <span class='ocrx_word' id='word_1_46' title='bbox 481 757 564 791; x_wconf 88' lang='lat' dir='ltr'>quae</span> <span class='ocrx_word' id='word_1_47' title='bbox 594 747 777 790; x_wconf 76' lang='lat' dir='ltr'>praemissis</span> <span class='ocrx_word' id='word_1_48' title='bbox 804 747 916 780; x_wconf 88' lang='lat' dir='ltr'>obesse</span> <span class='ocrx_word' id='word_1_49' title='bbox 945 757 1023 780; x_wconf 88' lang='lat' dir='ltr'>eon-</span> 
     </span>
     <span class='ocr_line' id='line_1_11' title="bbox 271 799 1025 844; baseline 0.001 -12"><span class='ocrx_word' id='word_1_50' title='bbox 271 805 414 841; x_wconf 77' lang='lat' dir='ltr'>tuemur,</span> <span class='ocrx_word' id='word_1_51' title='bbox 451 800 521 834; x_wconf 86' lang='lat' dir='ltr'>aliis</span> <span class='ocrx_word' id='word_1_52' title='bbox 556 799 747 843; x_wconf 83' lang='lat' dir='ltr'>urgentibus</span> <span class='ocrx_word' id='word_1_53' title='bbox 774 800 939 844; x_wconf 76' lang='lat' dir='ltr'>magisque</span> <span class='ocrx_word' id='word_1_54' title='bbox 970 811 1025 833; x_wconf 91' lang='lat' dir='ltr'>ne-</span> 
     </span>
     <span class='ocr_line' id='line_1_12' title="bbox 271 854 1025 899; baseline 0 -12"><span class='ocrx_word' id='word_1_55' title='bbox 271 854 417 888; x_wconf 87' lang='lat' dir='ltr'>cessariis</span> <span class='ocrx_word' id='word_1_56' title='bbox 432 854 731 899; x_wconf 86' lang='lat' dir='ltr'>supervenientibus</span> <span class='ocrx_word' id='word_1_57' title='bbox 751 854 867 893; x_wconf 82' lang='lat' dir='ltr'>causis,</span> <span class='ocrx_word' id='word_1_58' title='bbox 890 865 948 898; x_wconf 91' lang='lat' dir='ltr'>pro</span> <span class='ocrx_word' id='word_1_59' title='bbox 969 865 1025 887; x_wconf 93' lang='lat' dir='ltr'>no—</span> 
     </span>
     <span class='ocr_line' id='line_1_13' title="bbox 271 907 1023 952; baseline -0.003 -11"><span class='ocrx_word' id='word_1_60' title='bbox 271 913 336 941; x_wconf 85' lang='lat' dir='ltr'>stra</span> <span class='ocrx_word' id='word_1_61' title='bbox 360 907 392 940; x_wconf 91' lang='lat' dir='ltr'>in</span> <span class='ocrx_word' id='word_1_62' title='bbox 422 908 545 942; x_wconf 89' lang='lat' dir='ltr'>cunctis</span> <span class='ocrx_word' id='word_1_63' title='bbox 566 908 657 941; x_wconf 87' lang='lat' dir='ltr'>solita</span> <span class='ocrx_word' id='word_1_64' title='bbox 687 907 897 952; x_wconf 86' lang='lat' dir='ltr'>providentia,</span> <span class='ocrx_word' id='word_1_65' title='bbox 924 907 1023 940; x_wconf 91' lang='lat' dir='ltr'>inter-</span> 
     </span>
     <span class='ocr_line' id='line_1_14' title="bbox 271 961 1024 1005; baseline 0.001 -11"><span class='ocrx_word' id='word_1_66' title='bbox 271 962 349 995; x_wconf 91' lang='lat' dir='ltr'>dum</span> <span class='ocrx_word' id='word_1_67' title='bbox 370 973 557 996; x_wconf 78' lang='lat' dir='ltr'>revocamus</span> <span class='ocrx_word' id='word_1_68' title='bbox 581 967 611 995; x_wconf 91' lang='lat' dir='ltr'>et</span> <span class='ocrx_word' id='word_1_69' title='bbox 636 963 854 1002; x_wconf 87' lang='lat' dir='ltr'>annullamus,</span> <span class='ocrx_word' id='word_1_70' title='bbox 881 961 1024 1005; x_wconf 87' lang='lat' dir='ltr'>aliasque</span> 
     </span>
     <span class='ocr_line' id='line_1_15' title="bbox 272 1015 1025 1060; baseline -0.003 -11"><span class='ocrx_word' id='word_1_71' title='bbox 272 1015 411 1060; x_wconf 81' lang='lat' dir='ltr'>desuper</span> <span class='ocrx_word' id='word_1_72' title='bbox 431 1016 645 1060; x_wconf 82' lang='lat' dir='ltr'>disponimus,</span> <span class='ocrx_word' id='word_1_73' title='bbox 662 1021 760 1059; x_wconf 88' lang='lat' dir='ltr'>prout</span> <span class='ocrx_word' id='word_1_74' title='bbox 776 1015 921 1048; x_wconf 89' lang='lat' dir='ltr'>omnium</span> <span class='ocrx_word' id='word_1_75' title='bbox 938 1025 1025 1048; x_wconf 90' lang='lat' dir='ltr'>com-</span> 
     </span>
     <span class='ocr_line' id='line_1_16' title="bbox 272 1068 1024 1113; baseline 0 -11"><span class='ocrx_word' id='word_1_76' title='bbox 272 1070 363 1102; x_wconf 91' lang='lat' dir='ltr'>muni</span> <span class='ocrx_word' id='word_1_77' title='bbox 383 1070 512 1103; x_wconf 79' lang='lat' dir='ltr'>utilitati</span> <span class='ocrx_word' id='word_1_78' title='bbox 532 1075 563 1104; x_wconf 85' lang='lat' dir='ltr'>et</span> <span class='ocrx_word' id='word_1_79' title='bbox 583 1069 803 1103; x_wconf 77' lang='lat' dir='ltr'>commoditati</span> <span class='ocrx_word' id='word_1_80' title='bbox 825 1068 1024 1113; x_wconf 74' lang='lat' dir='ltr'>percipimus</span> 
     </span>
     <span class='ocr_line' id='line_1_17' title="bbox 273 1123 628 1168; baseline 0 -12"><span class='ocrx_word' id='word_1_81' title='bbox 273 1123 446 1157; x_wconf 79' lang='lat' dir='ltr'>salubriter</span> <span class='ocrx_word' id='word_1_82' title='bbox 466 1123 628 1168; x_wconf 83' lang='lat' dir='ltr'>expedire.</span> 
     </span>
    </p>

    <p class='ocr_par' dir='ltr' id='par_1_3' title="bbox 316 1176 1024 1221">
     <span class='ocr_line' id='line_1_18' title="bbox 316 1176 1024 1221; baseline -0.001 -11"><span class='ocrx_word' id='word_1_83' title='bbox 316 1178 382 1221; x_wconf 58' lang='lat'>51.</span> <span class='ocrx_word' id='word_1_84' title='bbox 413 1177 495 1211; x_wconf 91' lang='lat' dir='ltr'>Sane</span> <span class='ocrx_word' id='word_1_85' title='bbox 524 1178 724 1211; x_wconf 87' lang='lat' dir='ltr'>attendentes</span> <span class='ocrx_word' id='word_1_86' title='bbox 749 1176 847 1220; x_wconf 83' lang='lat' dir='ltr'>quod,</span> <span class='ocrx_word' id='word_1_87' title='bbox 868 1177 943 1209; x_wconf 86' lang='lat' dir='ltr'>licet</span> <span class='ocrx_word' id='word_1_88' title='bbox 969 1176 1024 1209; x_wconf 91' lang='lat' dir='ltr'>Dei</span> 
     </span>
    </p>
   </div>
   <div class='ocr_carea' id='block_1_3' title="bbox 99 1229 1046 1274">
    <p class='ocr_par' dir='ltr' id='par_1_4' title="bbox 99 1229 1046 1274">
     <span class='ocr_line' id='line_1_19' title="bbox 99 1229 1046 1274; baseline 0 -10"><span class='ocrx_word' id='word_1_89' title='bbox 99 1236 178 1257; x_wconf 60' lang='lat' dir='ltr'>Cau-*¹⁶</span> <span class='ocrx_word' id='word_1_90' title='bbox 196 1236 258 1258; x_wconf 74' lang='lat' dir='ltr'>huiu-</span> <span class='ocrx_word' id='word_1_91' title='bbox 272 1231 500 1274; x_wconf 89' lang='lat' dir='ltr'>omnipotentis</span> <span class='ocrx_word' id='word_1_92' title='bbox 515 1231 617 1274; x_wconf 78' lang='lat' dir='ltr'>gratia</span> <span class='ocrx_word' id='word_1_93' title='bbox 632 1236 662 1264; x_wconf 88' lang='lat' dir='ltr'>et</span> <span class='ocrx_word' id='word_1_94' title='bbox 675 1229 868 1273; x_wconf 74' lang='lat' dir='ltr'>benignitate</span> <span class='ocrx_word' id='word_1_95' title='bbox 884 1229 917 1262; x_wconf 91' lang='lat' dir='ltr'>in</span> <span class='ocrx_word' id='word_1_96' title='bbox 934 1229 1024 1263; x_wconf 84' lang='lat' dir='ltr'>Statu</span> <span class='ocrx_word' id='word_1_97' title='bbox 1045 1261 1046 1264; x_wconf 75' lang='grc'>,</span> 
     </span>
    </p>
   </div>
   <div class='ocr_carea' id='block_1_4' title="bbox 73 1268 242 1288">
    <p class='ocr_par' dir='ltr' id='par_1_5' title="bbox 73 1268 242 1288">
     <span class='ocr_line' id='line_1_20' title="bbox 73 1268 242 1288; baseline 0 0"><span class='ocrx_word' id='word_1_98' title='bbox 73 1268 242 1288; x_wconf 68' lang='lat' dir='ltr'>constitutionis.</span> 
     </span>
    </p>
   </div>
   <div class='ocr_carea' id='block_1_5' title="bbox 272 1283 1025 1543">
    <p class='ocr_par' dir='ltr' id='par_1_6' title="bbox 272 1283 1025 1543">
     <span class='ocr_line' id='line_1_21' title="bbox 272 1283 1025 1318; baseline 0 -1"><span class='ocrx_word' id='word_1_99' title='bbox 272 1289 383 1318; x_wconf 90' lang='lat' dir='ltr'>nostro</span> <span class='ocrx_word' id='word_1_100' title='bbox 411 1284 637 1318; x_wconf 77' lang='lat' dir='ltr'>Ecclesiastico</span> <span class='ocrx_word' id='word_1_101' title='bbox 679 1295 716 1317; x_wconf 88' lang='lat' dir='ltr'>ea</span> <span class='ocrx_word' id='word_1_102' title='bbox 762 1283 833 1317; x_wconf 88' lang='lat' dir='ltr'>talis</span> <span class='ocrx_word' id='word_1_103' title='bbox 866 1283 1025 1317; x_wconf 87' lang='lat' dir='ltr'>hactenus</span> 
     </span>
     <span class='ocr_line' id='line_1_22' title="bbox 272 1337 1025 1382; baseline -0.001 -12"><span class='ocrx_word' id='word_1_104' title='bbox 272 1337 369 1371; x_wconf 84' lang='lat' dir='ltr'>suerit</span> <span class='ocrx_word' id='word_1_105' title='bbox 399 1348 435 1370; x_wconf 90' lang='lat' dir='ltr'>ac</span> <span class='ocrx_word' id='word_1_106' title='bbox 464 1337 503 1370; x_wconf 88' lang='lat' dir='ltr'>sit</span> <span class='ocrx_word' id='word_1_107' title='bbox 530 1338 563 1370; x_wconf 90' lang='lat' dir='ltr'>in</span> <span class='ocrx_word' id='word_1_108' title='bbox 592 1337 847 1382; x_wconf 77' lang='lat' dir='ltr'>praesentiarum</span> <span class='ocrx_word' id='word_1_109' title='bbox 878 1347 1025 1370; x_wconf 89' lang='lat' dir='ltr'>annonae</span> 
     </span>
     <span class='ocr_line' id='line_1_23' title="bbox 273 1391 1024 1436; baseline -0.003 -11"><span class='ocrx_word' id='word_1_110' title='bbox 273 1391 377 1436; x_wconf 86' lang='lat' dir='ltr'>eopia,</span> <span class='ocrx_word' id='word_1_111' title='bbox 399 1392 487 1435; x_wconf 91' lang='lat' dir='ltr'>quod</span> <span class='ocrx_word' id='word_1_112' title='bbox 507 1402 544 1425; x_wconf 82' lang='lat' dir='ltr'>ex</span> <span class='ocrx_word' id='word_1_113' title='bbox 563 1402 600 1425; x_wconf 88' lang='lat' dir='ltr'>ea</span> <span class='ocrx_word' id='word_1_114' title='bbox 620 1391 727 1425; x_wconf 86' lang='lat' dir='ltr'>Status</span> <span class='ocrx_word' id='word_1_115' title='bbox 747 1391 891 1424; x_wconf 85' lang='lat' dir='ltr'>eiusdem</span> <span class='ocrx_word' id='word_1_116' title='bbox 913 1391 1024 1434; x_wconf 85' lang='lat' dir='ltr'>populi</span> 
     </span>
     <span class='ocr_line' id='line_1_24' title="bbox 273 1444 1025 1488; baseline -0.003 -9"><span class='ocrx_word' id='word_1_117' title='bbox 273 1450 304 1479; x_wconf 88' lang='lat' dir='ltr'>et</span> <span class='ocrx_word' id='word_1_118' title='bbox 332 1444 449 1478; x_wconf 87' lang='lat' dir='ltr'>subditi</span> <span class='ocrx_word' id='word_1_119' title='bbox 473 1444 575 1478; x_wconf 83' lang='lat' dir='ltr'>nostri</span> <span class='ocrx_word' id='word_1_120' title='bbox 607 1445 700 1479; x_wconf 83' lang='lat' dir='ltr'>facile</span> <span class='ocrx_word' id='word_1_121' title='bbox 734 1444 969 1488; x_wconf 80' lang='lat' dir='ltr'>commodeque</span> <span class='ocrx_word' id='word_1_122' title='bbox 989 1455 1025 1477; x_wconf 88' lang='lat' dir='ltr'>ac</span> 
     </span>
     <span class='ocr_line' id='line_1_25' title="bbox 272 1498 1025 1543; baseline 0 -12"><span class='ocrx_word' id='word_1_123' title='bbox 272 1499 325 1532; x_wconf 90' lang='lat' dir='ltr'>vili</span> <span class='ocrx_word' id='word_1_124' title='bbox 345 1499 448 1543; x_wconf 88' lang='lat' dir='ltr'>pretio</span> <span class='ocrx_word' id='word_1_125' title='bbox 475 1509 506 1532; x_wconf 90' lang='lat' dir='ltr'>se</span> <span class='ocrx_word' id='word_1_126' title='bbox 541 1509 679 1542; x_wconf 87' lang='lat' dir='ltr'>suasque</span> <span class='ocrx_word' id='word_1_127' title='bbox 714 1499 852 1531; x_wconf 79' lang='lat' dir='ltr'>familias</span> <span class='ocrx_word' id='word_1_128' title='bbox 877 1498 1025 1531; x_wconf 84' lang='lat' dir='ltr'>substen-</span> 
     </span>
    </p>
   </div>
   <div class='ocr_carea' id='block_1_6' title="bbox 273 1552 1048 1597">
    <p class='ocr_par' dir='ltr' id='par_1_7' title="bbox 273 1552 1048 1597">
     <span class='ocr_line' id='line_1_26' title="bbox 273 1552 1048 1597; baseline -0.001 -11"><span class='ocrx_word' id='word_1_129' title='bbox 273 1558 340 1586; x_wconf 88' lang='lat' dir='ltr'>tare</span> <span class='ocrx_word' id='word_1_130' title='bbox 361 1557 501 1597; x_wconf 81' lang='lat' dir='ltr'>possent;</span> <span class='ocrx_word' id='word_1_131' title='bbox 515 1552 737 1594; x_wconf 78' lang='lat' dir='ltr'>nihilominus,</span> <span class='ocrx_word' id='word_1_132' title='bbox 758 1552 857 1585; x_wconf 88' lang='lat' dir='ltr'>nimia</span> <span class='ocrx_word' id='word_1_133' title='bbox 872 1553 955 1585; x_wconf 84' lang='lat' dir='ltr'>lucri</span> <span class='ocrx_word' id='word_1_134' title='bbox 972 1563 1027 1585; x_wconf 86' lang='lat' dir='ltr'>cu-</span> <span class='ocrx_word' id='word_1_135' title='bbox 1046 1569 1048 1572; x_wconf 96' lang='lat'>·</span> 
     </span>
    </p>
   </div>
   <div class='ocr_carea' id='block_1_7' title="bbox 274 1606 1027 1755">
    <p class='ocr_par' dir='ltr' id='par_1_8' title="bbox 274 1606 1027 1755">
     <span class='ocr_line' id='line_1_27' title="bbox 275 1606 1027 1650; baseline 0 -11"><span class='ocrx_word' id='word_1_136' title='bbox 275 1606 404 1650; x_wconf 87' lang='lat' dir='ltr'>piditate</span> <span class='ocrx_word' id='word_1_137' title='bbox 430 1607 620 1647; x_wconf 87' lang='lat' dir='ltr'>multorum,</span> <span class='ocrx_word' id='word_1_138' title='bbox 647 1606 755 1639; x_wconf 81' lang='lat' dir='ltr'>forsan</span> <span class='ocrx_word' id='word_1_139' title='bbox 772 1612 938 1650; x_wconf 77' lang='lat' dir='ltr'>praetextu</span> <span class='ocrx_word' id='word_1_140' title='bbox 960 1617 1027 1639; x_wconf 84' lang='lat' dir='ltr'>cer—</span> 
     </span>
     <span class='ocr_line' id='line_1_28' title="bbox 275 1660 1027 1700; baseline -0.001 -7"><span class='ocrx_word' id='word_1_141' title='bbox 275 1665 380 1693; x_wconf 91' lang='lat' dir='ltr'>tarum</span> <span class='ocrx_word' id='word_1_142' title='bbox 407 1660 610 1694; x_wconf 86' lang='lat' dir='ltr'>licentiarum</span> <span class='ocrx_word' id='word_1_143' title='bbox 632 1665 663 1693; x_wconf 87' lang='lat' dir='ltr'>et</span> <span class='ocrx_word' id='word_1_144' title='bbox 682 1660 872 1693; x_wconf 77' lang='lat' dir='ltr'>facultatum</span> <span class='ocrx_word' id='word_1_145' title='bbox 898 1660 961 1700; x_wconf 87' lang='lat' dir='ltr'>cis,</span> <span class='ocrx_word' id='word_1_146' title='bbox 992 1665 1027 1693; x_wconf 89' lang='lat' dir='ltr'>ut</span> 
     </span>
     <span class='ocr_line' id='line_1_29' title="bbox 274 1714 1025 1755; baseline -0.001 -8"><span class='ocrx_word' id='word_1_147' title='bbox 274 1720 432 1755; x_wconf 83' lang='lat' dir='ltr'>asserunt,</span> <span class='ocrx_word' id='word_1_148' title='bbox 455 1725 703 1752; x_wconf 79' lang='lat' dir='ltr'>concessarum,</span> <span class='ocrx_word' id='word_1_149' title='bbox 736 1726 772 1747; x_wconf 79' lang='lat' dir='ltr'>cx</span> <span class='ocrx_word' id='word_1_150' title='bbox 792 1714 922 1747; x_wconf 88' lang='lat' dir='ltr'>diversis</span> <span class='ocrx_word' id='word_1_151' title='bbox 951 1714 1025 1747; x_wconf 80' lang='lat' dir='ltr'>dieti</span> 
     </span>
    </p>
   </div>
   <div class='ocr_carea' id='block_1_8' title="bbox 275 1760 1049 1812">
    <p class='ocr_par' dir='ltr' id='par_1_9' title="bbox 275 1760 1049 1812">
     <span class='ocr_line' id='line_1_30' title="bbox 275 1760 1049 1812; baseline -0.001 -10"><span class='ocrx_word' id='word_1_152' title='bbox 275 1769 381 1803; x_wconf 83' lang='lat' dir='ltr'>Status</span> <span class='ocrx_word' id='word_1_153' title='bbox 405 1768 550 1812; x_wconf 84' lang='lat' dir='ltr'>partibus</span> <span class='ocrx_word' id='word_1_154' title='bbox 571 1775 601 1802; x_wconf 83' lang='lat' dir='ltr'>et</span> <span class='ocrx_word' id='word_1_155' title='bbox 628 1769 707 1802; x_wconf 80' lang='lat' dir='ltr'>locis</span> <span class='ocrx_word' id='word_1_156' title='bbox 726 1769 888 1801; x_wconf 77' lang='lat' dir='ltr'>frumenta</span> <span class='ocrx_word' id='word_1_157' title='bbox 916 1774 943 1801; x_wconf 77' lang='lat' dir='ltr'>et</span> <span class='ocrx_word' id='word_1_158' title='bbox 966 1767 1027 1801; x_wconf 86' lang='lat' dir='ltr'>alia</span> <span class='ocrx_word' id='word_1_159' title='bbox 1047 1760 1049 1771; x_wconf 64' lang='lat'><em>&#39;</em></span> 
     </span>
    </p>
   </div>
   <div class='ocr_carea' id='block_1_9' title="bbox 80 1822 1032 2606">
    <p class='ocr_par' dir='ltr' id='par_1_10' title="bbox 273 1822 1029 2352">
     <span class='ocr_line' id='line_1_31' title="bbox 273 1822 1026 1866; baseline -0.004 -10"><span class='ocrx_word' id='word_1_160' title='bbox 273 1824 368 1856; x_wconf 87' lang='lat' dir='ltr'>blada</span> <span class='ocrx_word' id='word_1_161' title='bbox 395 1834 432 1856; x_wconf 85' lang='lat' dir='ltr'>ac</span> <span class='ocrx_word' id='word_1_162' title='bbox 452 1823 626 1866; x_wconf 77' lang='lat' dir='ltr'>legumina,</span> <span class='ocrx_word' id='word_1_163' title='bbox 657 1822 689 1855; x_wconf 93' lang='lat' dir='ltr'>in</span> <span class='ocrx_word' id='word_1_164' title='bbox 711 1823 898 1862; x_wconf 87' lang='lat' dir='ltr'>multarum,</span> <span class='ocrx_word' id='word_1_165' title='bbox 931 1822 1026 1853; x_wconf 87' lang='lat' dir='ltr'>etiam</span> 
     </span>
     <span class='ocr_line' id='line_1_32' title="bbox 274 1876 1029 1922; baseline -0.003 -12"><span class='ocrx_word' id='word_1_166' title='bbox 274 1888 469 1922; x_wconf 86' lang='lat' dir='ltr'>pauperum,</span> <span class='ocrx_word' id='word_1_167' title='bbox 500 1877 641 1920; x_wconf 89' lang='lat' dir='ltr'>partium</span> <span class='ocrx_word' id='word_1_168' title='bbox 663 1876 850 1909; x_wconf 83' lang='lat' dir='ltr'>earumdem</span> <span class='ocrx_word' id='word_1_169' title='bbox 876 1886 1029 1919; x_wconf 81' lang='lat' dir='ltr'>persona-</span> 
     </span>
     <span class='ocr_line' id='line_1_33' title="bbox 274 1930 1027 1974; baseline -0.003 -10"><span class='ocrx_word' id='word_1_170' title='bbox 274 1942 347 1964; x_wconf 88' lang='lat' dir='ltr'>rum</span> <span class='ocrx_word' id='word_1_171' title='bbox 379 1930 616 1974; x_wconf 85' lang='lat' dir='ltr'>praeiudicium</span> <span class='ocrx_word' id='word_1_172' title='bbox 646 1935 675 1963; x_wconf 83' lang='lat' dir='ltr'>et</span> <span class='ocrx_word' id='word_1_173' title='bbox 701 1940 888 1972; x_wconf 73' lang='lat' dir='ltr'>gravamen,</span> <span class='ocrx_word' id='word_1_174' title='bbox 923 1935 1027 1962; x_wconf 80' lang='lat' dir='ltr'>extra-</span> 
     </span>
     <span class='ocr_line' id='line_1_34' title="bbox 274 1983 1027 2027; baseline -0.004 -9"><span class='ocrx_word' id='word_1_175' title='bbox 274 1985 420 2018; x_wconf 87' lang='lat' dir='ltr'>hentium</span> <span class='ocrx_word' id='word_1_176' title='bbox 449 1990 475 2017; x_wconf 88' lang='lat' dir='ltr'>et</span> <span class='ocrx_word' id='word_1_177' title='bbox 507 1984 569 2017; x_wconf 86' lang='lat' dir='ltr'>alio</span> <span class='ocrx_word' id='word_1_178' title='bbox 599 1985 853 2027; x_wconf 85' lang='lat' dir='ltr'>asportantium,</span> <span class='ocrx_word' id='word_1_179' title='bbox 889 1983 1027 2016; x_wconf 71' lang='lat' dir='ltr'>eflicitur</span> 
     </span>
     <span class='ocr_line' id='line_1_35' title="bbox 274 2037 1028 2083; baseline -0.004 -11"><span class='ocrx_word' id='word_1_180' title='bbox 274 2046 307 2072; x_wconf 90' lang='lat' dir='ltr'>ut</span> <span class='ocrx_word' id='word_1_181' title='bbox 330 2039 394 2072; x_wconf 85' lang='lat' dir='ltr'>fere</span> <span class='ocrx_word' id='word_1_182' title='bbox 416 2049 544 2082; x_wconf 86' lang='lat' dir='ltr'>semper</span> <span class='ocrx_word' id='word_1_183' title='bbox 558 2038 672 2083; x_wconf 87' lang='lat' dir='ltr'>populi</span> <span class='ocrx_word' id='word_1_184' title='bbox 692 2049 729 2071; x_wconf 91' lang='lat' dir='ltr'>ac</span> <span class='ocrx_word' id='word_1_185' title='bbox 748 2038 865 2071; x_wconf 89' lang='lat' dir='ltr'>subditi</span> <span class='ocrx_word' id='word_1_186' title='bbox 886 2037 957 2082; x_wconf 85' lang='lat' dir='ltr'>ipsi,</span> <span class='ocrx_word' id='word_1_187' title='bbox 979 2037 1028 2069; x_wconf 92' lang='lat' dir='ltr'>ni-</span> 
     </span>
     <span class='ocr_line' id='line_1_36' title="bbox 275 2092 1029 2126; baseline -0.003 0"><span class='ocrx_word' id='word_1_188' title='bbox 275 2093 339 2126; x_wconf 87' lang='lat' dir='ltr'>mia</span> <span class='ocrx_word' id='word_1_189' title='bbox 368 2104 514 2126; x_wconf 88' lang='lat' dir='ltr'>annonae</span> <span class='ocrx_word' id='word_1_190' title='bbox 537 2092 725 2125; x_wconf 85' lang='lat' dir='ltr'>huiusmodi</span> <span class='ocrx_word' id='word_1_191' title='bbox 746 2092 877 2125; x_wconf 86' lang='lat' dir='ltr'>caritate</span> <span class='ocrx_word' id='word_1_192' title='bbox 905 2102 1029 2124; x_wconf 85' lang='lat' dir='ltr'>rerum-</span> 
     </span>
     <span class='ocr_line' id='line_1_37' title="bbox 275 2145 1029 2191; baseline -0.003 -11"><span class='ocrx_word' id='word_1_193' title='bbox 275 2158 338 2191; x_wconf 92' lang='lat' dir='ltr'>que</span> <span class='ocrx_word' id='word_1_194' title='bbox 356 2146 492 2190; x_wconf 86' lang='lat' dir='ltr'>penuria</span> <span class='ocrx_word' id='word_1_195' title='bbox 512 2145 670 2189; x_wconf 81' lang='lat' dir='ltr'>oppressi,</span> <span class='ocrx_word' id='word_1_196' title='bbox 693 2146 800 2188; x_wconf 90' lang='lat' dir='ltr'>quoad</span> <span class='ocrx_word' id='word_1_197' title='bbox 821 2156 933 2178; x_wconf 83' lang='lat' dir='ltr'>corum</span> <span class='ocrx_word' id='word_1_198' title='bbox 952 2157 1029 2188; x_wconf 85' lang='lat' dir='ltr'>qua-</span> 
     </span>
     <span class='ocr_line' id='line_1_38' title="bbox 274 2199 1029 2244; baseline -0.003 -11"><span class='ocrx_word' id='word_1_199' title='bbox 274 2201 482 2244; x_wconf 70' lang='lat' dir='ltr'>lcmtjzumquc</span> <span class='ocrx_word' id='word_1_200' title='bbox 520 2199 807 2232; x_wconf 71' lang='lat' dir='ltr'>substentationem</span> <span class='ocrx_word' id='word_1_201' title='bbox 843 2205 869 2231; x_wconf 78' lang='lat' dir='ltr'>et</span> <span class='ocrx_word' id='word_1_202' title='bbox 910 2199 1029 2232; x_wconf 77' lang='lat' dir='ltr'>victum</span> 
     </span>
     <span class='ocr_line' id='line_1_39' title="bbox 276 2252 1028 2299; baseline -0.003 -12"><span class='ocrx_word' id='word_1_203' title='bbox 276 2254 501 2299; x_wconf 83' lang='lat' dir='ltr'>quotidianum</span> <span class='ocrx_word' id='word_1_204' title='bbox 526 2264 592 2286; x_wconf 89' lang='lat' dir='ltr'>non</span> <span class='ocrx_word' id='word_1_205' title='bbox 612 2252 835 2293; x_wconf 68' lang='lat' dir='ltr'>nwdiocriter,</span> <span class='ocrx_word' id='word_1_206' title='bbox 864 2253 917 2285; x_wconf 84' lang='lat' dir='ltr'>sed</span> <span class='ocrx_word' id='word_1_207' title='bbox 940 2253 1028 2297; x_wconf 84' lang='lat' dir='ltr'>plus-</span> 
     </span>
     <span class='ocr_line' id='line_1_40' title="bbox 276 2303 1029 2352; baseline -0.001 -12"><span class='ocrx_word' id='word_1_208' title='bbox 276 2320 372 2352; x_wconf 90' lang='lat' dir='ltr'>quam</span> <span class='ocrx_word' id='word_1_209' title='bbox 394 2303 452 2352; x_wconf 83' lang='lat' dir='ltr'>par</span> <span class='ocrx_word' id='word_1_210' title='bbox 478 2308 517 2341; x_wconf 86' lang='lat' dir='ltr'>sit</span> <span class='ocrx_word' id='word_1_211' title='bbox 547 2314 756 2350; x_wconf 85' lang='lat' dir='ltr'>nostramque</span> <span class='ocrx_word' id='word_1_212' title='bbox 783 2306 894 2340; x_wconf 86' lang='lat' dir='ltr'>deccat</span> <span class='ocrx_word' id='word_1_213' title='bbox 924 2307 1029 2351; x_wconf 84' lang='lat' dir='ltr'>provi-</span> 
     </span>
    </p>

    <p class='ocr_par' dir='ltr' id='par_1_11' title="bbox 80 2362 1032 2606">
     <span class='ocr_line' id='line_1_41' title="bbox 276 2362 630 2406; baseline -0.003 -12"><span class='ocrx_word' id='word_1_214' title='bbox 276 2362 435 2403; x_wconf 84' lang='lat' dir='ltr'>dentiam,</span> <span class='ocrx_word' id='word_1_215' title='bbox 456 2362 630 2406; x_wconf 88' lang='lat' dir='ltr'>patiantur.</span> 
     </span>
     <span class='ocr_line' id='line_1_42' title="bbox 321 2411 1032 2459; baseline -0.004 -11"><span class='ocrx_word' id='word_1_216' title='bbox 321 2416 386 2459; x_wconf 47' lang='lat'>§2</span> <span class='ocrx_word' id='word_1_217' title='bbox 415 2416 477 2448; x_wconf 84' lang='lat' dir='ltr'>Nos</span> <span class='ocrx_word' id='word_1_218' title='bbox 503 2415 617 2457; x_wconf 68' lang='lat' dir='ltr'>igilur,</span> <span class='ocrx_word' id='word_1_219' title='bbox 649 2426 788 2457; x_wconf 84' lang='lat' dir='ltr'>quorum</span> <span class='ocrx_word' id='word_1_220' title='bbox 817 2420 863 2446; x_wconf 83' lang='lat' dir='ltr'>est.</span> <span class='ocrx_word' id='word_1_221' title='bbox 884 2411 963 2457; x_wconf 61' lang='lat' dir='ltr'>prae*</span> <span class='ocrx_word' id='word_1_222' title='bbox 980 2425 1032 2447; x_wconf 81' lang='lat' dir='ltr'>ce-</span> 
     </span>
     <span class='ocr_line' id='line_1_43' title="bbox 147 2464 1031 2510; baseline -0.005 -10"><span class='ocrx_word' id='word_1_223' title='bbox 147 2473 261 2494; x_wconf 65' lang='lat' dir='ltr'>Revomtio</span> <span class='ocrx_word' id='word_1_224' title='bbox 278 2466 354 2499; x_wconf 79' lang='lat' dir='ltr'>teris</span> <span class='ocrx_word' id='word_1_225' title='bbox 387 2476 444 2510; x_wconf 83' lang='lat' dir='ltr'>per</span> <span class='ocrx_word' id='word_1_226' title='bbox 464 2465 589 2497; x_wconf 78' lang='lat' dir='ltr'>debitae</span> <span class='ocrx_word' id='word_1_227' title='bbox 615 2464 806 2507; x_wconf 74' lang='lat' dir='ltr'>provisionis</span> <span class='ocrx_word' id='word_1_228' title='bbox 826 2470 953 2497; x_wconf 86' lang='lat' dir='ltr'>nostrae</span> <span class='ocrx_word' id='word_1_229' title='bbox 976 2465 1031 2496; x_wconf 93' lang='lat' dir='ltr'>mi-</span> 
     </span>
     <span class='ocr_line' id='line_1_44' title="bbox 80 2510 1030 2557; baseline -0.002 -9"><span class='ocrx_word' id='word_1_230' title='bbox 80 2510 264 2557; x_wconf 50' lang='grc' dir='ltr'>,ῗέζζζὶᾜᾚηῖἳ</span> <span class='ocrx_word' id='word_1_231' title='bbox 278 2515 447 2548; x_wconf 82' lang='lat' dir='ltr'>nisterium</span> <span class='ocrx_word' id='word_1_232' title='bbox 469 2514 653 2557; x_wconf 83' lang='lat' dir='ltr'>praemissis</span> <span class='ocrx_word' id='word_1_233' title='bbox 680 2513 826 2553; x_wconf 84' lang='lat' dir='ltr'>obviare,</span> <span class='ocrx_word' id='word_1_234' title='bbox 859 2524 895 2545; x_wconf 88' lang='lat' dir='ltr'>ac</span> <span class='ocrx_word' id='word_1_235' title='bbox 926 2524 1030 2557; x_wconf 87' lang='lat' dir='ltr'>popu-</span> 
     </span>
     <span class='ocr_line' id='line_1_45' title="bbox 80 2563 1030 2606; baseline -0.002 -9"><span class='ocrx_word' id='word_1_236' title='bbox 80 2567 182 2592; x_wconf 64' lang='lat' dir='ltr'>s÷¹⁰⁸¹¹¹³²-v</span> <span class='ocrx_word' id='word_1_237' title='bbox 201 2572 265 2594; x_wconf 61' lang='lat' dir='ltr'>vm-</span> <span class='ocrx_word' id='word_1_238' title='bbox 279 2565 385 2597; x_wconf 88' lang='lat' dir='ltr'>lorum</span> <span class='ocrx_word' id='word_1_239' title='bbox 412 2569 442 2596; x_wconf 90' lang='lat' dir='ltr'>et</span> <span class='ocrx_word' id='word_1_240' title='bbox 467 2563 670 2597; x_wconf 67' lang='lat' dir='ltr'>sululitortun</span> <span class='ocrx_word' id='word_1_241' title='bbox 700 2563 917 2606; x_wconf 73' lang='lat' dir='ltr'>praefatorum</span> <span class='ocrx_word' id='word_1_242' title='bbox 942 2574 1030 2596; x_wconf 88' lang='lat' dir='ltr'>com-</span> 
     </span>
    </p>
   </div>
   <div class='ocr_carea' id='block_1_10' title="bbox 81 2600 1030 2656">
    <p class='ocr_par' dir='ltr' id='par_1_12' title="bbox 81 2600 1030 2656">
     <span class='ocr_line' id='line_1_46' title="bbox 81 2600 1011 2625; baseline 0.001 -7"><span class='ocrx_word' id='word_1_243' title='bbox 81 2600 207 2625; x_wconf 74' lang='lat' dir='ltr'>terquamex</span> <span class='ocrx_word' id='word_1_244' title='bbox 218 2603 266 2617; x_wconf 75' lang='lat' dir='ltr'>cau-</span> <span class='ocrx_word' id='word_1_245' title='bbox 359 2614 364 2618; x_wconf 92' lang='lat'>.</span> <span class='ocrx_word' id='word_1_246' title='bbox 417 2613 422 2618; x_wconf 84' lang='lat'><strong><em>.</em></strong></span> <span class='ocrx_word' id='word_1_247' title='bbox 436 2624 441 2625; x_wconf 25' lang='lat' dir='ltr'><em>V</em></span> <span class='ocrx_word' id='word_1_248' title='bbox 570 2624 575 2625; x_wconf 25' lang='lat' dir='ltr'><em>V</em></span> <span class='ocrx_word' id='word_1_249' title='bbox 920 2612 923 2620; x_wconf 68' lang='grc'>,</span> <span class='ocrx_word' id='word_1_250' title='bbox 1006 2613 1011 2617; x_wconf 94' lang='grc'>-</span> 
     </span>
     <span class='ocr_line' id='line_1_47' title="bbox 82 2613 1030 2656; baseline -0.005 -6"><span class='ocrx_word' id='word_1_251' title='bbox 82 2634 162 2649; x_wconf 67' lang='lat' dir='ltr'>savem</span> <span class='ocrx_word' id='word_1_252' title='bbox 174 2634 266 2649; x_wconf 59' lang='lat' dir='ltr'>onero„</span> <span class='ocrx_word' id='word_1_253' title='bbox 280 2614 487 2647; x_wconf 84' lang='lat' dir='ltr'>moditatibus</span> <span class='ocrx_word' id='word_1_254' title='bbox 497 2618 678 2656; x_wconf 82' lang='lat' dir='ltr'>opportune</span> <span class='ocrx_word' id='word_1_255' title='bbox 692 2613 874 2652; x_wconf 81' lang='lat' dir='ltr'>consulere,</span> <span class='ocrx_word' id='word_1_256' title='bbox 887 2618 917 2645; x_wconf 79' lang='lat' dir='ltr'>et</span> <span class='ocrx_word' id='word_1_257' title='bbox 934 2623 982 2653; x_wconf 89' lang='lat' dir='ltr'>nc,</span> <span class='ocrx_word' id='word_1_258' title='bbox 992 2613 1030 2645; x_wconf 86' lang='lat' dir='ltr'>li-</span> 
     </span>
    </p>
   </div>
   <div class='ocr_carea' id='block_1_11' title="bbox 82 2661 1029 2747">
    <p class='ocr_par' dir='ltr' id='par_1_13' title="bbox 82 2661 1029 2747">
     <span class='ocr_line' id='line_1_48' title="bbox 82 2661 1029 2702; baseline -0.003 -5"><span class='ocrx_word' id='word_1_259' title='bbox 82 2666 213 2686; x_wconf 69' lang='lat'>‘⁰¹¹⁰⁹¹⁵³‘·¹</span> <span class='ocrx_word' id='word_1_260' title='bbox 229 2666 267 2682; x_wconf 71' lang='lat'>⁸¹·</span> <span class='ocrx_word' id='word_1_261' title='bbox 282 2662 460 2697; x_wconf 84' lang='lat' dir='ltr'>centiarum</span> <span class='ocrx_word' id='word_1_262' title='bbox 473 2668 503 2695; x_wconf 86' lang='lat' dir='ltr'>et</span> <span class='ocrx_word' id='word_1_263' title='bbox 514 2662 703 2695; x_wconf 75' lang='lat' dir='ltr'>facultatum</span> <span class='ocrx_word' id='word_1_264' title='bbox 718 2661 904 2694; x_wconf 89' lang='lat' dir='ltr'>huiusmodi</span> <span class='ocrx_word' id='word_1_265' title='bbox 921 2672 1029 2702; x_wconf 84' lang='lat' dir='ltr'>causa,</span> 
     </span>
     <span class='ocr_line' id='line_1_49' title="bbox 361 2715 891 2747; baseline -0.004 0"><span class='ocrx_word' id='word_1_266' title='bbox 361 2717 435 2747; x_wconf 74' lang='lat' dir='ltr'>Ball.</span> <span class='ocrx_word' id='word_1_267' title='bbox 457 2716 535 2747; x_wconf 81' lang='lat' dir='ltr'>Rom.</span> <span class='ocrx_word' id='word_1_268' title='bbox 563 2715 617 2746; x_wconf 77' lang='lat' dir='ltr'>Vol.</span> <span class='ocrx_word' id='word_1_269' title='bbox 642 2715 700 2746; x_wconf 85' lang='lat' dir='ltr'><em>VII.</em></span> <span class='ocrx_word' id='word_1_270' title='bbox 853 2715 891 2745; x_wconf 66' lang='lat'>48</span> 
     </span>
    </p>
   </div>
   <div class='ocr_carea' id='block_1_12' title="bbox 949 263 1134 288">
    <p class='ocr_par' dir='ltr' id='par_1_14' title="bbox 949 263 1134 288">
     <span class='ocr_line' id='line_1_50' title="bbox 949 263 1134 288; baseline -0.011 0"><span class='ocrx_word' id='word_1_271' title='bbox 949 264 1016 288; x_wconf 72' lang='lat' dir='ltr'>Ptvs</span> <span class='ocrx_word' id='word_1_272' title='bbox 1036 263 1067 287; x_wconf 87' lang='lat' dir='ltr'>IV</span> <span class='ocrx_word' id='word_1_273' title='bbox 1086 263 1134 286; x_wconf 76' lang='lat' dir='ltr'>Pr.</span> 
     </span>
    </p>
   </div>
   <div class='ocr_carea' id='block_1_13' title="bbox 1045 930 1052 2252">
    <p class='ocr_par' dir='ltr' id='par_1_15' title="bbox 1045 930 1052 2252">
     <span class='ocr_line' id='line_1_51' title="bbox 1045 930 1052 2252; baseline 0 0"><span class='ocrx_word' id='word_1_274' title='bbox 1045 930 1052 2252; x_wconf 95' lang='lat' dir='ltr'> </span> 
     </span>
    </p>
   </div>
   <div class='ocr_carea' id='block_1_14' title="bbox 1708 250 2017 290">
    <p class='ocr_par' dir='ltr' id='par_1_16' title="bbox 1708 250 2017 290">
     <span class='ocr_line' id='line_1_52' title="bbox 1708 250 2017 290; baseline 0.016 -5"><span class='ocrx_word' id='word_1_275' title='bbox 1708 250 1772 285; x_wconf 72' lang='lat'>377</span> <span class='ocrx_word' id='word_1_276' title='bbox 1832 261 1883 288; x_wconf 71' lang='lat' dir='ltr'>An.</span> <span class='ocrx_word' id='word_1_277' title='bbox 1902 262 1930 288; x_wconf 85' lang='lat' dir='ltr'>c.</span> <span class='ocrx_word' id='word_1_278' title='bbox 1950 264 2017 290; x_wconf 79' lang='lat'><strong>1565</strong></span> 
     </span>
    </p>
   </div>
   <div class='ocr_carea' id='block_1_15' title="bbox 1065 313 2018 413">
    <p class='ocr_par' dir='ltr' id='par_1_17' title="bbox 1065 313 2018 413">
     <span class='ocr_line' id='line_1_53' title="bbox 1065 313 2018 359; baseline 0 -10"><span class='ocrx_word' id='word_1_279' title='bbox 1065 315 1134 349; x_wconf 90' lang='lat' dir='ltr'>aliis</span> <span class='ocrx_word' id='word_1_280' title='bbox 1144 314 1295 359; x_wconf 84' lang='lat' dir='ltr'>prodesse</span> <span class='ocrx_word' id='word_1_281' title='bbox 1310 313 1442 358; x_wconf 87' lang='lat' dir='ltr'>quidam</span> <span class='ocrx_word' id='word_1_282' title='bbox 1452 323 1526 346; x_wconf 89' lang='lat' dir='ltr'>cum</span> <span class='ocrx_word' id='word_1_283' title='bbox 1533 313 1641 354; x_wconf 89' lang='lat' dir='ltr'>velint,</span> <span class='ocrx_word' id='word_1_284' title='bbox 1657 315 1756 347; x_wconf 86' lang='lat' dir='ltr'>nostri</span> <span class='ocrx_word' id='word_1_285' title='bbox 1769 326 1818 348; x_wconf 89' lang='lat' dir='ltr'>re-</span> <span class='ocrx_word' id='word_1_286' title='bbox 1833 328 1928 348; x_wconf 56' lang='lat' dir='ltr'>naama</span> <span class='ocrx_word' id='word_1_287' title='bbox 1977 329 2018 349; x_wconf 72' lang='lat' dir='ltr'>n..-</span> 
     </span>
     <span class='ocr_line' id='line_1_54' title="bbox 1065 360 2016 413; baseline 0.001 -12"><span class='ocrx_word' id='word_1_288' title='bbox 1065 380 1138 402; x_wconf 90' lang='lat' dir='ltr'>rum</span> <span class='ocrx_word' id='word_1_289' title='bbox 1149 367 1285 413; x_wconf 83' lang='lat' dir='ltr'>penuria</span> <span class='ocrx_word' id='word_1_290' title='bbox 1305 366 1491 400; x_wconf 91' lang='lat' dir='ltr'>huiusmodi</span> <span class='ocrx_word' id='word_1_291' title='bbox 1508 373 1751 411; x_wconf 79' lang='lat' dir='ltr'>pergraventur,</span> <span class='ocrx_word' id='word_1_292' title='bbox 1770 380 1817 402; x_wconf 87' lang='lat' dir='ltr'>sa·</span> <span class='ocrx_word' id='word_1_293' title='bbox 1832 362 1917 385; x_wconf 50' lang='lat' dir='ltr'>‘mm&#39;</span> <span class='ocrx_word' id='word_1_294' title='bbox 1943 360 2016 386; x_wconf 55' lang='lat'>&#39;&#39;¹³¹³&#39;&#39;</span> 
     </span>
    </p>
   </div>
   <div class='ocr_carea' id='block_1_16' title="bbox 1832 391 2017 414">
    <p class='ocr_par' dir='ltr' id='par_1_18' title="bbox 1832 391 2017 414">
     <span class='ocr_line' id='line_1_55' title="bbox 1832 391 2017 414; baseline 0 -3"><span class='ocrx_word' id='word_1_295' title='bbox 1832 395 1852 411; x_wconf 80' lang='lat' dir='ltr'>et</span> <span class='ocrx_word' id='word_1_296' title='bbox 1869 391 1974 414; x_wconf 62' lang='lat' dir='ltr'>liminium</span> <span class='ocrx_word' id='word_1_297' title='bbox 1992 398 2017 411; x_wconf 69' lang='grc' dir='ltr'>ο(</span> 
     </span>
    </p>
   </div>
   <div class='ocr_carea' id='block_1_17' title="bbox 1065 420 2017 1647">
    <p class='ocr_par' dir='ltr' id='par_1_19' title="bbox 1065 420 2017 897">
     <span class='ocr_line' id='line_1_56' title="bbox 1066 420 2017 473; baseline 0 -17"><span class='ocrx_word' id='word_1_298' title='bbox 1066 428 1172 467; x_wconf 75' lang='lat' dir='ltr'>tagere</span> <span class='ocrx_word' id='word_1_299' title='bbox 1203 423 1357 462; x_wconf 76' lang='lat' dir='ltr'>volenteS,</span> <span class='ocrx_word' id='word_1_300' title='bbox 1382 420 1570 454; x_wconf 86' lang='lat' dir='ltr'>auctoritate</span> <span class='ocrx_word' id='word_1_301' title='bbox 1590 422 1769 466; x_wconf 87' lang='lat' dir='ltr'>apostolica</span> <span class='ocrx_word' id='word_1_302' title='bbox 1789 428 1816 456; x_wconf 87' lang='lat' dir='ltr'>et</span> <span class='ocrx_word' id='word_1_303' title='bbox 1833 423 2017 473; x_wconf 41' lang='grc' dir='ltr'>ξζῇιζζζῗᾞῖιηζζζ</span> 
     </span>
     <span class='ocr_line' id='line_1_57' title="bbox 1066 474 2017 519; baseline 0 -10"><span class='ocrx_word' id='word_1_304' title='bbox 1066 487 1103 509; x_wconf 79' lang='lat' dir='ltr'>ex</span> <span class='ocrx_word' id='word_1_305' title='bbox 1123 481 1210 509; x_wconf 88' lang='lat' dir='ltr'>certa</span> <span class='ocrx_word' id='word_1_306' title='bbox 1221 480 1330 509; x_wconf 86' lang='lat' dir='ltr'>nostra</span> <span class='ocrx_word' id='word_1_307' title='bbox 1354 474 1502 516; x_wconf 86' lang='lat' dir='ltr'>scientia,</span> <span class='ocrx_word' id='word_1_308' title='bbox 1515 485 1551 507; x_wconf 89' lang='lat' dir='ltr'>ac</span> <span class='ocrx_word' id='word_1_309' title='bbox 1567 474 1606 507; x_wconf 90' lang='lat' dir='ltr'>dc</span> <span class='ocrx_word' id='word_1_310' title='bbox 1623 476 1818 518; x_wconf 86' lang='lat' dir='ltr'>apostolicae</span> <span class='ocrx_word' id='word_1_311' title='bbox 1833 485 1919 519; x_wconf 51' lang='lat' dir='ltr'>amonis</span> <span class='ocrx_word' id='word_1_312' title='bbox 1949 485 2017 506; x_wconf 80' lang='lat' dir='ltr'>ecete-</span> 
     </span>
     <span class='ocr_line' id='line_1_58' title="bbox 1066 519 1938 574; baseline 0 -11"><span class='ocrx_word' id='word_1_313' title='bbox 1066 530 1229 574; x_wconf 87' lang='lat' dir='ltr'>potestatis</span> <span class='ocrx_word' id='word_1_314' title='bbox 1258 529 1470 573; x_wconf 86' lang='lat' dir='ltr'>plenitudine,</span> <span class='ocrx_word' id='word_1_315' title='bbox 1506 529 1728 573; x_wconf 85' lang='lat' dir='ltr'>praesentibus</span> <span class='ocrx_word' id='word_1_316' title='bbox 1748 541 1820 574; x_wconf 88' lang='lat' dir='ltr'>per·</span> <span class='ocrx_word' id='word_1_317' title='bbox 1833 519 1938 536; x_wconf 50' lang='lat' dir='ltr'>‘mmm</span> 
     </span>
     <span class='ocr_line' id='line_1_59' title="bbox 1066 583 1816 628; baseline 0.001 -12"><span class='ocrx_word' id='word_1_318' title='bbox 1066 589 1163 628; x_wconf 87' lang='lat' dir='ltr'>pctuo</span> <span class='ocrx_word' id='word_1_319' title='bbox 1192 584 1354 624; x_wconf 87' lang='lat' dir='ltr'>valituris,</span> <span class='ocrx_word' id='word_1_320' title='bbox 1384 594 1437 616; x_wconf 85' lang='lat' dir='ltr'>eas</span> <span class='ocrx_word' id='word_1_321' title='bbox 1466 593 1577 616; x_wconf 86' lang='lat' dir='ltr'>omnes</span> <span class='ocrx_word' id='word_1_322' title='bbox 1602 587 1632 615; x_wconf 86' lang='lat' dir='ltr'>et</span> <span class='ocrx_word' id='word_1_323' title='bbox 1662 583 1816 627; x_wconf 80' lang='lat' dir='ltr'>singulas,</span> 
     </span>
     <span class='ocr_line' id='line_1_60' title="bbox 1066 625 1819 682; baseline 0.003 -13"><span class='ocrx_word' id='word_1_324' title='bbox 1066 625 1351 682; x_wconf 50' lang='lat' dir='ltr'>praeterquamffaex</span> <span class='ocrx_word' id='word_1_325' title='bbox 1375 648 1472 670; x_wconf 86' lang='lat' dir='ltr'>causa</span> <span class='ocrx_word' id='word_1_326' title='bbox 1498 647 1571 670; x_wconf 87' lang='lat' dir='ltr'>vere</span> <span class='ocrx_word' id='word_1_327' title='bbox 1594 647 1741 678; x_wconf 89' lang='lat' dir='ltr'>onerosa,</span> <span class='ocrx_word' id='word_1_328' title='bbox 1770 648 1819 671; x_wconf 88' lang='lat' dir='ltr'>so-</span> 
     </span>
     <span class='ocr_line' id='line_1_61' title="bbox 1067 691 1819 736; baseline 0.001 -13"><span class='ocrx_word' id='word_1_329' title='bbox 1067 691 1196 724; x_wconf 89' lang='lat' dir='ltr'>lutionis</span> <span class='ocrx_word' id='word_1_330' title='bbox 1221 691 1369 725; x_wconf 88' lang='lat' dir='ltr'>videlicet</span> <span class='ocrx_word' id='word_1_331' title='bbox 1396 696 1427 724; x_wconf 86' lang='lat' dir='ltr'>et</span> <span class='ocrx_word' id='word_1_332' title='bbox 1450 691 1684 724; x_wconf 78' lang='lat' dir='ltr'>exbursationis</span> <span class='ocrx_word' id='word_1_333' title='bbox 1717 702 1819 736; x_wconf 84' lang='lat' dir='ltr'>pecu-</span> 
     </span>
     <span class='ocr_line' id='line_1_62' title="bbox 1067 745 1819 786; baseline 0.001 -8"><span class='ocrx_word' id='word_1_334' title='bbox 1067 745 1207 786; x_wconf 86' lang='lat' dir='ltr'>niarum,</span> <span class='ocrx_word' id='word_1_335' title='bbox 1234 745 1419 778; x_wconf 80' lang='lat' dir='ltr'>extrahendi</span> <span class='ocrx_word' id='word_1_336' title='bbox 1450 746 1611 778; x_wconf 83' lang='lat' dir='ltr'>frumenta</span> <span class='ocrx_word' id='word_1_337' title='bbox 1631 750 1661 779; x_wconf 88' lang='lat' dir='ltr'>et</span> <span class='ocrx_word' id='word_1_338' title='bbox 1680 745 1819 780; x_wconf 82' lang='lat' dir='ltr'>cuiusvis</span> 
     </span>
     <span class='ocr_line' id='line_1_63' title="bbox 1066 798 1819 844; baseline 0 -12"><span class='ocrx_word' id='word_1_339' title='bbox 1066 799 1197 832; x_wconf 82' lang='lat' dir='ltr'>alterius</span> <span class='ocrx_word' id='word_1_340' title='bbox 1216 798 1342 842; x_wconf 75' lang='lat' dir='ltr'>generis</span> <span class='ocrx_word' id='word_1_341' title='bbox 1352 798 1446 831; x_wconf 86' lang='lat' dir='ltr'>blada</span> <span class='ocrx_word' id='word_1_342' title='bbox 1463 803 1493 831; x_wconf 90' lang='lat' dir='ltr'>ct</span> <span class='ocrx_word' id='word_1_343' title='bbox 1508 798 1681 842; x_wconf 75' lang='lat' dir='ltr'>legumina,</span> <span class='ocrx_word' id='word_1_344' title='bbox 1698 809 1735 832; x_wconf 83' lang='lat' dir='ltr'>ex</span> <span class='ocrx_word' id='word_1_345' title='bbox 1750 800 1819 844; x_wconf 85' lang='lat' dir='ltr'>qui-</span> 
     </span>
     <span class='ocr_line' id='line_1_64' title="bbox 1065 852 1818 897; baseline 0.001 -11"><span class='ocrx_word' id='word_1_346' title='bbox 1065 853 1172 886; x_wconf 89' lang='lat' dir='ltr'>busvis</span> <span class='ocrx_word' id='word_1_347' title='bbox 1193 852 1376 897; x_wconf 87' lang='lat' dir='ltr'>provinciis,</span> <span class='ocrx_word' id='word_1_348' title='bbox 1400 852 1592 893; x_wconf 83' lang='lat' dir='ltr'>civitatibus,</span> <span class='ocrx_word' id='word_1_349' title='bbox 1615 853 1708 887; x_wconf 87' lang='lat' dir='ltr'>terris</span> <span class='ocrx_word' id='word_1_350' title='bbox 1719 859 1749 886; x_wconf 84' lang='lat' dir='ltr'>ct</span> <span class='ocrx_word' id='word_1_351' title='bbox 1769 855 1818 887; x_wconf 89' lang='lat'>10-</span> 
     </span>
    </p>

    <p class='ocr_par' dir='ltr' id='par_1_20' title="bbox 1066 906 1819 1057">
     <span class='ocr_line' id='line_1_65' title="bbox 1066 906 1818 950; baseline 0.003 -11"><span class='ocrx_word' id='word_1_352' title='bbox 1066 907 1123 947; x_wconf 79' lang='lat' dir='ltr'>eis,</span> <span class='ocrx_word' id='word_1_353' title='bbox 1162 907 1254 939; x_wconf 90' lang='lat' dir='ltr'>nobis</span> <span class='ocrx_word' id='word_1_354' title='bbox 1288 906 1467 950; x_wconf 84' lang='lat' dir='ltr'>ditionique</span> <span class='ocrx_word' id='word_1_355' title='bbox 1499 912 1627 939; x_wconf 86' lang='lat' dir='ltr'>nostrae</span> <span class='ocrx_word' id='word_1_356' title='bbox 1665 908 1818 941; x_wconf 88' lang='lat' dir='ltr'>ecclesia-</span> 
     </span>
     <span class='ocr_line' id='line_1_66' title="bbox 1066 960 1817 1003; baseline 0 -10"><span class='ocrx_word' id='word_1_357' title='bbox 1066 961 1163 993; x_wconf 85' lang='lat' dir='ltr'>sticae</span> <span class='ocrx_word' id='word_1_358' title='bbox 1199 960 1337 993; x_wconf 86' lang='lat' dir='ltr'>mediate</span> <span class='ocrx_word' id='word_1_359' title='bbox 1364 961 1411 993; x_wconf 91' lang='lat' dir='ltr'>vel</span> <span class='ocrx_word' id='word_1_360' title='bbox 1438 960 1622 993; x_wconf 84' lang='lat' dir='ltr'>immediate</span> <span class='ocrx_word' id='word_1_361' title='bbox 1654 961 1817 1003; x_wconf 83' lang='lat' dir='ltr'>subiectis,</span> 
     </span>
     <span class='ocr_line' id='line_1_67' title="bbox 1066 1013 1819 1057; baseline 0.004 -12"><span class='ocrx_word' id='word_1_362' title='bbox 1066 1013 1231 1057; x_wconf 79' lang='lat' dir='ltr'>quibusvis</span> <span class='ocrx_word' id='word_1_363' title='bbox 1261 1013 1569 1054; x_wconf 78' lang='lat' dir='ltr'>communitatibus,</span> <span class='ocrx_word' id='word_1_364' title='bbox 1604 1014 1819 1048; x_wconf 79' lang='lat' dir='ltr'>universitati-</span> 
     </span>
    </p>

    <p class='ocr_par' dir='ltr' id='par_1_21' title="bbox 1066 1067 1820 1218">
     <span class='ocr_line' id='line_1_68' title="bbox 1066 1067 1819 1112; baseline 0.003 -12"><span class='ocrx_word' id='word_1_365' title='bbox 1066 1068 1126 1100; x_wconf 89' lang='lat' dir='ltr'>bus</span> <span class='ocrx_word' id='word_1_366' title='bbox 1146 1073 1177 1101; x_wconf 88' lang='lat' dir='ltr'>et</span> <span class='ocrx_word' id='word_1_367' title='bbox 1197 1068 1353 1112; x_wconf 88' lang='lat' dir='ltr'>personis,</span> <span class='ocrx_word' id='word_1_368' title='bbox 1376 1072 1440 1100; x_wconf 81' lang='lat' dir='ltr'>tam</span> <span class='ocrx_word' id='word_1_369' title='bbox 1469 1067 1700 1108; x_wconf 87' lang='lat' dir='ltr'>saecularibus,</span> <span class='ocrx_word' id='word_1_370' title='bbox 1723 1080 1819 1112; x_wconf 92' lang='lat' dir='ltr'>quam</span> 
     </span>
     <span class='ocr_line' id='line_1_69' title="bbox 1066 1120 1819 1165; baseline 0.001 -11"><span class='ocrx_word' id='word_1_371' title='bbox 1066 1122 1254 1165; x_wconf 82' lang='lat' dir='ltr'>quorumvis</span> <span class='ocrx_word' id='word_1_372' title='bbox 1273 1121 1430 1154; x_wconf 89' lang='lat' dir='ltr'>Ordinum</span> <span class='ocrx_word' id='word_1_373' title='bbox 1450 1120 1673 1163; x_wconf 69' lang='lat' dir='ltr'>regularibus,</span> <span class='ocrx_word' id='word_1_374' title='bbox 1710 1122 1819 1155; x_wconf 85' lang='lat' dir='ltr'>cuius-</span> 
     </span>
     <span class='ocr_line' id='line_1_70' title="bbox 1068 1175 1820 1218; baseline 0 -10"><span class='ocrx_word' id='word_1_375' title='bbox 1068 1186 1208 1218; x_wconf 87' lang='lat' dir='ltr'>cumque</span> <span class='ocrx_word' id='word_1_376' title='bbox 1233 1175 1406 1218; x_wconf 70' lang='lat' dir='ltr'>dignitatis,</span> <span class='ocrx_word' id='word_1_377' title='bbox 1436 1179 1548 1215; x_wconf 86' lang='lat' dir='ltr'>status,</span> <span class='ocrx_word' id='word_1_378' title='bbox 1575 1175 1712 1217; x_wconf 67' lang='lat' dir='ltr'>gradus,</span> <span class='ocrx_word' id='word_1_379' title='bbox 1735 1176 1820 1209; x_wconf 85' lang='lat' dir='ltr'>ordi-</span> 
     </span>
    </p>

    <p class='ocr_par' dir='ltr' id='par_1_22' title="bbox 1067 1228 1820 1434">
     <span class='ocr_line' id='line_1_71' title="bbox 1068 1228 1820 1266; baseline 0.001 -5"><span class='ocrx_word' id='word_1_380' title='bbox 1068 1229 1116 1262; x_wconf 85' lang='lat' dir='ltr'>nis</span> <span class='ocrx_word' id='word_1_381' title='bbox 1139 1231 1187 1263; x_wconf 90' lang='lat' dir='ltr'>vel</span> <span class='ocrx_word' id='word_1_382' title='bbox 1208 1228 1402 1262; x_wconf 89' lang='lat' dir='ltr'>conditionis</span> <span class='ocrx_word' id='word_1_383' title='bbox 1422 1228 1645 1266; x_wconf 80' lang='lat' dir='ltr'>existentibus,</span> <span class='ocrx_word' id='word_1_384' title='bbox 1667 1240 1704 1262; x_wconf 88' lang='lat' dir='ltr'>ac</span> <span class='ocrx_word' id='word_1_385' title='bbox 1724 1229 1820 1262; x_wconf 86' lang='lat' dir='ltr'>etiam</span> 
     </span>
     <span class='ocr_line' id='line_1_72' title="bbox 1067 1282 1820 1325; baseline 0 -9"><span class='ocrx_word' id='word_1_386' title='bbox 1067 1283 1192 1325; x_wconf 87' lang='lat' dir='ltr'>ducali,</span> <span class='ocrx_word' id='word_1_387' title='bbox 1227 1282 1461 1322; x_wconf 75' lang='lat' dir='ltr'>marchimiali,</span> <span class='ocrx_word' id='word_1_388' title='bbox 1497 1282 1639 1315; x_wconf 86' lang='lat' dir='ltr'>comitali</span> <span class='ocrx_word' id='word_1_389' title='bbox 1677 1288 1729 1315; x_wconf 91' lang='lat' dir='ltr'>aut</span> <span class='ocrx_word' id='word_1_390' title='bbox 1759 1284 1820 1316; x_wconf 88' lang='lat' dir='ltr'>alia</span> 
     </span>
     <span class='ocr_line' id='line_1_73' title="bbox 1068 1336 1820 1380; baseline 0.001 -11"><span class='ocrx_word' id='word_1_391' title='bbox 1068 1337 1225 1370; x_wconf 86' lang='lat' dir='ltr'>saeculari</span> <span class='ocrx_word' id='word_1_392' title='bbox 1245 1337 1398 1380; x_wconf 74' lang='lat' dir='ltr'>dignitate</span> <span class='ocrx_word' id='word_1_393' title='bbox 1419 1341 1447 1369; x_wconf 84' lang='lat' dir='ltr'>et</span> <span class='ocrx_word' id='word_1_394' title='bbox 1465 1336 1664 1377; x_wconf 76' lang='lat' dir='ltr'>excellentia,</span> <span class='ocrx_word' id='word_1_395' title='bbox 1691 1348 1820 1370; x_wconf 82' lang='lat' dir='ltr'>necnon</span> 
     </span>
     <span class='ocr_line' id='line_1_74' title="bbox 1068 1389 1819 1434; baseline 0.001 -11"><span class='ocrx_word' id='word_1_396' title='bbox 1068 1390 1283 1424; x_wconf 86' lang='lat' dir='ltr'>cardinalatus</span> <span class='ocrx_word' id='word_1_397' title='bbox 1312 1392 1436 1424; x_wconf 88' lang='lat' dir='ltr'>bonore</span> <span class='ocrx_word' id='word_1_398' title='bbox 1457 1389 1665 1433; x_wconf 67' lang='lat' dir='ltr'>fulgentibus,</span> <span class='ocrx_word' id='word_1_399' title='bbox 1690 1402 1746 1434; x_wconf 85' lang='lat' dir='ltr'>per</span> <span class='ocrx_word' id='word_1_400' title='bbox 1762 1402 1819 1424; x_wconf 91' lang='lat' dir='ltr'>nos</span> 
     </span>
    </p>

    <p class='ocr_par' dir='ltr' id='par_1_23' title="bbox 1068 1445 1820 1490">
     <span class='ocr_line' id='line_1_75' title="bbox 1068 1445 1820 1490; baseline 0.001 -13"><span class='ocrx_word' id='word_1_401' title='bbox 1068 1450 1098 1478; x_wconf 90' lang='lat' dir='ltr'>et</span> <span class='ocrx_word' id='word_1_402' title='bbox 1131 1445 1395 1490; x_wconf 76' lang='lat' dir='ltr'>praedecessores</span> <span class='ocrx_word' id='word_1_403' title='bbox 1420 1449 1546 1477; x_wconf 83' lang='lat' dir='ltr'>nostros</span> <span class='ocrx_word' id='word_1_404' title='bbox 1571 1445 1731 1488; x_wconf 81' lang='lat' dir='ltr'>praefatos</span> <span class='ocrx_word' id='word_1_405' title='bbox 1765 1450 1820 1478; x_wconf 86' lang='lat' dir='ltr'>aut</span> 
     </span>
    </p>

    <p class='ocr_par' dir='ltr' id='par_1_24' title="bbox 1068 1498 1821 1647">
     <span class='ocr_line' id='line_1_76' title="bbox 1068 1498 1821 1543; baseline 0.001 -12"><span class='ocrx_word' id='word_1_406' title='bbox 1068 1499 1146 1532; x_wconf 88' lang='lat' dir='ltr'>alios</span> <span class='ocrx_word' id='word_1_407' title='bbox 1166 1509 1401 1543; x_wconf 87' lang='lat' dir='ltr'>quoscumque,</span> <span class='ocrx_word' id='word_1_408' title='bbox 1415 1498 1473 1530; x_wconf 90' lang='lat' dir='ltr'>sub</span> <span class='ocrx_word' id='word_1_409' title='bbox 1495 1498 1756 1542; x_wconf 80' lang='lat' dir='ltr'>quilmscumque</span> <span class='ocrx_word' id='word_1_410' title='bbox 1778 1505 1821 1533; x_wconf 89' lang='lat' dir='ltr'>tc-</span> 
     </span>
     <span class='ocr_line' id='line_1_77' title="bbox 1068 1552 1821 1596; baseline 0 -10"><span class='ocrx_word' id='word_1_411' title='bbox 1068 1553 1201 1587; x_wconf 86' lang='lat' dir='ltr'>noribus</span> <span class='ocrx_word' id='word_1_412' title='bbox 1243 1557 1273 1586; x_wconf 84' lang='lat' dir='ltr'>et</span> <span class='ocrx_word' id='word_1_413' title='bbox 1308 1552 1440 1592; x_wconf 80' lang='lat' dir='ltr'>formis,</span> <span class='ocrx_word' id='word_1_414' title='bbox 1477 1562 1513 1584; x_wconf 81' lang='lat' dir='ltr'>ac</span> <span class='ocrx_word' id='word_1_415' title='bbox 1547 1563 1621 1584; x_wconf 75' lang='lat' dir='ltr'>(¹ttttl</span> <span class='ocrx_word' id='word_1_416' title='bbox 1656 1552 1821 1596; x_wconf 78' lang='lat' dir='ltr'>quibusvis</span> 
     </span>
     <span class='ocr_line' id='line_1_78' title="bbox 1069 1605 1821 1647; baseline 0 -8"><span class='ocrx_word' id='word_1_417' title='bbox 1069 1607 1221 1640; x_wconf 76' lang='lat' dir='ltr'>clausulis</span> <span class='ocrx_word' id='word_1_418' title='bbox 1248 1612 1275 1640; x_wconf 92' lang='lat' dir='ltr'>et</span> <span class='ocrx_word' id='word_1_419' title='bbox 1301 1606 1437 1639; x_wconf 84' lang='lat' dir='ltr'>decretis</span> <span class='ocrx_word' id='word_1_420' title='bbox 1457 1611 1487 1639; x_wconf 88' lang='lat' dir='ltr'>et</span> <span class='ocrx_word' id='word_1_421' title='bbox 1513 1605 1696 1647; x_wconf 88' lang='lat' dir='ltr'>irritandis,</span> <span class='ocrx_word' id='word_1_422' title='bbox 1727 1607 1821 1639; x_wconf 88' lang='lat' dir='ltr'>etiam</span> 
     </span>
    </p>
   </div>
   <div class='ocr_carea' id='block_1_18' title="bbox 1047 1659 1819 1703">
    <p class='ocr_par' dir='ltr' id='par_1_25' title="bbox 1047 1659 1819 1703">
     <span class='ocr_line' id='line_1_79' title="bbox 1047 1659 1819 1703; baseline -0.004 -7"><span class='ocrx_word' id='word_1_423' title='bbox 1047 1688 1048 1696; x_wconf 39' lang='lat'>1</span> <span class='ocrx_word' id='word_1_424' title='bbox 1069 1662 1107 1694; x_wconf 84' lang='lat' dir='ltr'>dc</span> <span class='ocrx_word' id='word_1_425' title='bbox 1128 1659 1315 1694; x_wconf 85' lang='lat' dir='ltr'>necessitate</span> <span class='ocrx_word' id='word_1_426' title='bbox 1337 1659 1564 1703; x_wconf 78' lang='lat' dir='ltr'>exprimendis,</span> <span class='ocrx_word' id='word_1_427' title='bbox 1594 1659 1689 1692; x_wconf 87' lang='lat' dir='ltr'>etiam</span> <span class='ocrx_word' id='word_1_428' title='bbox 1710 1666 1819 1701; x_wconf 89' lang='lat' dir='ltr'>motu,</span> 
     </span>
    </p>
   </div>
   <div class='ocr_carea' id='block_1_19' title="bbox 1068 1713 1824 1916">
    <p class='ocr_par' dir='ltr' id='par_1_26' title="bbox 1068 1713 1824 1916">
     <span class='ocr_line' id='line_1_80' title="bbox 1069 1713 1822 1759; baseline -0.001 -11"><span class='ocrx_word' id='word_1_429' title='bbox 1069 1715 1203 1748; x_wconf 71' lang='lat' dir='ltr'>scientia</span> <span class='ocrx_word' id='word_1_430' title='bbox 1233 1720 1263 1748; x_wconf 89' lang='lat' dir='ltr'>et</span> <span class='ocrx_word' id='word_1_431' title='bbox 1294 1713 1459 1759; x_wconf 81' lang='lat' dir='ltr'>potestatis</span> <span class='ocrx_word' id='word_1_432' title='bbox 1484 1713 1686 1757; x_wconf 84' lang='lat' dir='ltr'>plenitudine</span> <span class='ocrx_word' id='word_1_433' title='bbox 1708 1715 1822 1747; x_wconf 85' lang='lat' dir='ltr'>simili-</span> 
     </span>
     <span class='ocr_line' id='line_1_81' title="bbox 1068 1767 1821 1810; baseline 0.001 -10"><span class='ocrx_word' id='word_1_434' title='bbox 1068 1770 1145 1810; x_wconf 82' lang='lat' dir='ltr'>bus,</span> <span class='ocrx_word' id='word_1_435' title='bbox 1181 1780 1218 1802; x_wconf 88' lang='lat' dir='ltr'>ac</span> <span class='ocrx_word' id='word_1_436' title='bbox 1251 1769 1328 1801; x_wconf 87' lang='lat' dir='ltr'>alias</span> <span class='ocrx_word' id='word_1_437' title='bbox 1356 1767 1601 1810; x_wconf 82' lang='lat' dir='ltr'>quomodolibet</span> <span class='ocrx_word' id='word_1_438' title='bbox 1634 1778 1821 1807; x_wconf 79' lang='lat' dir='ltr'>concessas,</span> 
     </span>
     <span class='ocr_line' id='line_1_82' title="bbox 1069 1822 1824 1867; baseline 0 -12"><span class='ocrx_word' id='word_1_439' title='bbox 1069 1823 1264 1867; x_wconf 86' lang='lat' dir='ltr'>approbatas</span> <span class='ocrx_word' id='word_1_440' title='bbox 1288 1827 1318 1855; x_wconf 88' lang='lat' dir='ltr'>et</span> <span class='ocrx_word' id='word_1_441' title='bbox 1346 1822 1525 1862; x_wconf 86' lang='lat' dir='ltr'>innovatas,</span> <span class='ocrx_word' id='word_1_442' title='bbox 1560 1822 1689 1854; x_wconf 88' lang='lat' dir='ltr'>illarum</span> <span class='ocrx_word' id='word_1_443' title='bbox 1716 1822 1824 1865; x_wconf 73' lang='lat' dir='ltr'>singu-</span> 
     </span>
     <span class='ocr_line' id='line_1_83' title="bbox 1070 1875 1823 1916; baseline 0 -7"><span class='ocrx_word' id='word_1_444' title='bbox 1070 1878 1175 1909; x_wconf 87' lang='lat' dir='ltr'>larmn</span> <span class='ocrx_word' id='word_1_445' title='bbox 1194 1887 1286 1910; x_wconf 86' lang='lat' dir='ltr'>veros</span> <span class='ocrx_word' id='word_1_446' title='bbox 1314 1881 1458 1916; x_wconf 87' lang='lat' dir='ltr'>tenores,</span> <span class='ocrx_word' id='word_1_447' title='bbox 1490 1886 1527 1907; x_wconf 87' lang='lat' dir='ltr'>ac</span> <span class='ocrx_word' id='word_1_448' title='bbox 1559 1875 1583 1907; x_wconf 79' lang='lat' dir='ltr'>si</span> <span class='ocrx_word' id='word_1_449' title='bbox 1609 1875 1647 1907; x_wconf 77' lang='lat' dir='ltr'>de</span> <span class='ocrx_word' id='word_1_450' title='bbox 1668 1876 1764 1909; x_wconf 85' lang='lat' dir='ltr'>verbo</span> <span class='ocrx_word' id='word_1_451' title='bbox 1784 1878 1823 1909; x_wconf 87' lang='lat' dir='ltr'>ad</span> 
     </span>
    </p>
   </div>
   <div class='ocr_carea' id='block_1_20' title="bbox 1048 1928 1822 1975">
    <p class='ocr_par' dir='ltr' id='par_1_27' title="bbox 1048 1928 1822 1975">
     <span class='ocr_line' id='line_1_84' title="bbox 1048 1928 1822 1975; baseline 0 -12"><span class='ocrx_word' id='word_1_452' title='bbox 1048 1931 1203 1971; x_wconf 62' lang='lat' dir='ltr'>⁴verbum</span> <span class='ocrx_word' id='word_1_453' title='bbox 1236 1929 1458 1975; x_wconf 85' lang='lat' dir='ltr'>praesentibus</span> <span class='ocrx_word' id='word_1_454' title='bbox 1494 1928 1728 1969; x_wconf 61' lang='lat' dir='ltr'>itlserersutlttr,</span> <span class='ocrx_word' id='word_1_455' title='bbox 1764 1941 1822 1973; x_wconf 86' lang='lat' dir='ltr'>pro</span> 
     </span>
    </p>
   </div>
   <div class='ocr_carea' id='block_1_21' title="bbox 1070 1983 2025 2708">
    <p class='ocr_par' dir='ltr' id='par_1_28' title="bbox 1070 1983 1824 2288">
     <span class='ocr_line' id='line_1_85' title="bbox 1071 1983 1822 2028; baseline 0.001 -12"><span class='ocrx_word' id='word_1_456' title='bbox 1071 1984 1267 2017; x_wconf 75' lang='lat' dir='ltr'>sullicienter</span> <span class='ocrx_word' id='word_1_457' title='bbox 1300 1984 1457 2028; x_wconf 74' lang='lat' dir='ltr'>expressis</span> <span class='ocrx_word' id='word_1_458' title='bbox 1485 1983 1651 2024; x_wconf 71' lang='lat' dir='ltr'>habentes,</span> <span class='ocrx_word' id='word_1_459' title='bbox 1694 1994 1822 2018; x_wconf 72' lang='lat' dir='ltr'>revoca-</span> 
     </span>
     <span class='ocr_line' id='line_1_86' title="bbox 1071 2038 1823 2077; baseline 0 -6"><span class='ocrx_word' id='word_1_460' title='bbox 1071 2049 1155 2075; x_wconf 74' lang='lat' dir='ltr'>mus,</span> <span class='ocrx_word' id='word_1_461' title='bbox 1178 2048 1341 2071; x_wconf 80' lang='lat' dir='ltr'>cassamus</span> <span class='ocrx_word' id='word_1_462' title='bbox 1361 2044 1392 2071; x_wconf 89' lang='lat' dir='ltr'>et</span> <span class='ocrx_word' id='word_1_463' title='bbox 1411 2038 1628 2077; x_wconf 77' lang='lat' dir='ltr'>annullamus,</span> <span class='ocrx_word' id='word_1_464' title='bbox 1652 2048 1688 2070; x_wconf 88' lang='lat' dir='ltr'>ac</span> <span class='ocrx_word' id='word_1_465' title='bbox 1703 2038 1823 2071; x_wconf 87' lang='lat' dir='ltr'>viribus</span> 
     </span>
     <span class='ocr_line' id='line_1_87' title="bbox 1070 2092 1824 2136; baseline 0 -11"><span class='ocrx_word' id='word_1_466' title='bbox 1070 2103 1255 2133; x_wconf 77' lang='lat' dir='ltr'>vacuamus,</span> <span class='ocrx_word' id='word_1_467' title='bbox 1283 2092 1417 2136; x_wconf 86' lang='lat' dir='ltr'>illasque</span> <span class='ocrx_word' id='word_1_468' title='bbox 1438 2097 1615 2128; x_wconf 80' lang='lat' dir='ltr'>revocatas,</span> <span class='ocrx_word' id='word_1_469' title='bbox 1638 2098 1774 2125; x_wconf 70' lang='lat' dir='ltr'>cassatas</span> <span class='ocrx_word' id='word_1_470' title='bbox 1794 2098 1824 2125; x_wconf 84' lang='lat' dir='ltr'>ct</span> 
     </span>
     <span class='ocr_line' id='line_1_88' title="bbox 1071 2146 1822 2187; baseline 0 -8"><span class='ocrx_word' id='word_1_471' title='bbox 1071 2147 1253 2180; x_wconf 84' lang='lat' dir='ltr'>annullatas</span> <span class='ocrx_word' id='word_1_472' title='bbox 1273 2157 1309 2180; x_wconf 90' lang='lat' dir='ltr'>ac</span> <span class='ocrx_word' id='word_1_473' title='bbox 1334 2146 1487 2179; x_wconf 84' lang='lat' dir='ltr'>invalidas</span> <span class='ocrx_word' id='word_1_474' title='bbox 1507 2151 1537 2179; x_wconf 87' lang='lat' dir='ltr'>et</span> <span class='ocrx_word' id='word_1_475' title='bbox 1556 2146 1676 2179; x_wconf 81' lang='lat' dir='ltr'>viribus</span> <span class='ocrx_word' id='word_1_476' title='bbox 1696 2158 1822 2187; x_wconf 69' lang='lat' dir='ltr'>vat-uas,</span> 
     </span>
     <span class='ocr_line' id='line_1_89' title="bbox 1071 2200 1824 2245; baseline 0.001 -12"><span class='ocrx_word' id='word_1_477' title='bbox 1071 2200 1257 2245; x_wconf 86' lang='lat' dir='ltr'>neminique</span> <span class='ocrx_word' id='word_1_478' title='bbox 1277 2201 1430 2245; x_wconf 86' lang='lat' dir='ltr'>prodesse</span> <span class='ocrx_word' id='word_1_479' title='bbox 1459 2206 1514 2233; x_wconf 87' lang='lat' dir='ltr'>aut.</span> <span class='ocrx_word' id='word_1_480' title='bbox 1542 2200 1709 2243; x_wconf 70' lang='lat' dir='ltr'>suffragari</span> <span class='ocrx_word' id='word_1_481' title='bbox 1730 2212 1824 2244; x_wconf 86' lang='lat' dir='ltr'>posse</span> 
     </span>
     <span class='ocr_line' id='line_1_90' title="bbox 1072 2254 1776 2288; baseline -0.003 0"><span class='ocrx_word' id='word_1_482' title='bbox 1072 2267 1129 2288; x_wconf 81' lang='lat' dir='ltr'>seu</span> <span class='ocrx_word' id='word_1_483' title='bbox 1148 2255 1267 2288; x_wconf 83' lang='lat' dir='ltr'>debere</span> <span class='ocrx_word' id='word_1_484' title='bbox 1286 2255 1492 2288; x_wconf 77' lang='lat' dir='ltr'>decernimus</span> <span class='ocrx_word' id='word_1_485' title='bbox 1513 2260 1543 2287; x_wconf 70' lang='lat' dir='ltr'>et</span> <span class='ocrx_word' id='word_1_486' title='bbox 1563 2254 1776 2287; x_wconf 75' lang='lat' dir='ltr'>declaramus.</span> 
     </span>
    </p>

    <p class='ocr_par' dir='ltr' id='par_1_29' title="bbox 1071 2308 2025 2708">
     <span class='ocr_line' id='line_1_91' title="bbox 1116 2308 1825 2350; baseline -0.001 -8"><span class='ocrx_word' id='word_1_487' title='bbox 1116 2309 1181 2350; x_wconf 57' lang='lat' dir='ltr'>§a</span> <span class='ocrx_word' id='word_1_488' title='bbox 1212 2309 1344 2342; x_wconf 81' lang='lat' dir='ltr'>Necnon</span> <span class='ocrx_word' id='word_1_489' title='bbox 1378 2310 1533 2342; x_wconf 82' lang='lat' dir='ltr'>hactenus</span> <span class='ocrx_word' id='word_1_490' title='bbox 1562 2308 1600 2341; x_wconf 86' lang='lat' dir='ltr'>de</span> <span class='ocrx_word' id='word_1_491' title='bbox 1630 2320 1694 2342; x_wconf 87' lang='lat' dir='ltr'>non</span> <span class='ocrx_word' id='word_1_492' title='bbox 1723 2315 1825 2341; x_wconf 74' lang='lat' dir='ltr'>extra-</span> 
     </span>
     <span class='ocr_line' id='line_1_92' title="bbox 1071 2355 2025 2406; baseline 0 -11"><span class='ocrx_word' id='word_1_493' title='bbox 1071 2363 1178 2396; x_wconf 84' lang='lat' dir='ltr'>hendo</span> <span class='ocrx_word' id='word_1_494' title='bbox 1199 2364 1376 2403; x_wconf 79' lang='lat' dir='ltr'>frumenta,</span> <span class='ocrx_word' id='word_1_495' title='bbox 1410 2363 1503 2395; x_wconf 84' lang='lat' dir='ltr'>blada</span> <span class='ocrx_word' id='word_1_496' title='bbox 1523 2368 1550 2395; x_wconf 90' lang='lat' dir='ltr'>et</span> <span class='ocrx_word' id='word_1_497' title='bbox 1574 2362 1736 2405; x_wconf 69' lang='lat' dir='ltr'>legumina</span> <span class='ocrx_word' id='word_1_498' title='bbox 1762 2364 1823 2395; x_wconf 88' lang='lat' dir='ltr'>bu-</span> <span class='ocrx_word' id='word_1_499' title='bbox 1841 2355 2025 2406; x_wconf 41' lang='lat' dir='ltr'>:lfss&#39;ss&#39;ss&#39;g&#39;lfsl&#39;fssmffss</span> 
     </span>
     <span class='ocr_line' id='line_1_93' title="bbox 1074 2416 2022 2461; baseline -0.002 -12"><span class='ocrx_word' id='word_1_500' title='bbox 1074 2417 1211 2450; x_wconf 86' lang='lat' dir='ltr'>iusmodi</span> <span class='ocrx_word' id='word_1_501' title='bbox 1247 2417 1278 2449; x_wconf 90' lang='lat' dir='ltr'>in</span> <span class='ocrx_word' id='word_1_502' title='bbox 1299 2416 1488 2461; x_wconf 78' lang='lat' dir='ltr'>provinciis,</span> <span class='ocrx_word' id='word_1_503' title='bbox 1517 2416 1707 2452; x_wconf 63' lang='lat' dir='ltr'>vivitatibus,</span> <span class='ocrx_word' id='word_1_504' title='bbox 1733 2416 1825 2449; x_wconf 86' lang='lat' dir='ltr'>terris</span> <span class='ocrx_word' id='word_1_505' title='bbox 1841 2417 2022 2438; x_wconf 53' lang='lat' dir='ltr'>mmmmm·-</span> 
     </span>
     <span class='ocr_line' id='line_1_94' title="bbox 1073 2465 1827 2510; baseline -0.003 -11"><span class='ocrx_word' id='word_1_506' title='bbox 1073 2473 1101 2499; x_wconf 80' lang='lat' dir='ltr'>et</span> <span class='ocrx_word' id='word_1_507' title='bbox 1125 2466 1375 2510; x_wconf 76' lang='lat' dir='ltr'>loeispraesatis,</span> <span class='ocrx_word' id='word_1_508' title='bbox 1400 2471 1462 2498; x_wconf 85' lang='lat' dir='ltr'>tam</span> <span class='ocrx_word' id='word_1_509' title='bbox 1479 2465 1610 2504; x_wconf 85' lang='lat' dir='ltr'>anobis,</span> <span class='ocrx_word' id='word_1_510' title='bbox 1627 2477 1724 2508; x_wconf 88' lang='lat' dir='ltr'>quam</span> <span class='ocrx_word' id='word_1_511' title='bbox 1737 2476 1827 2509; x_wconf 79' lang='lat' dir='ltr'>prac-</span> 
     </span>
     <span class='ocr_line' id='line_1_95' title="bbox 1073 2514 1825 2550; baseline -0.005 0"><span class='ocrx_word' id='word_1_512' title='bbox 1073 2516 1296 2550; x_wconf 79' lang='lat' dir='ltr'>dccessoribns</span> <span class='ocrx_word' id='word_1_513' title='bbox 1324 2515 1440 2548; x_wconf 84' lang='lat' dir='ltr'>nostris</span> <span class='ocrx_word' id='word_1_514' title='bbox 1474 2514 1717 2548; x_wconf 83' lang='lat' dir='ltr'>constitutiones</span> <span class='ocrx_word' id='word_1_515' title='bbox 1734 2514 1825 2547; x_wconf 83' lang='lat' dir='ltr'>etin-</span> 
     </span>
     <span class='ocr_line' id='line_1_96' title="bbox 1073 2563 1825 2607; baseline -0.005 -8"><span class='ocrx_word' id='word_1_516' title='bbox 1073 2566 1246 2599; x_wconf 86' lang='lat' dir='ltr'>bibitioncs</span> <span class='ocrx_word' id='word_1_517' title='bbox 1275 2570 1458 2605; x_wconf 83' lang='lat' dir='ltr'>emanatas,</span> <span class='ocrx_word' id='word_1_518' title='bbox 1496 2574 1533 2596; x_wconf 85' lang='lat' dir='ltr'>ac</span> <span class='ocrx_word' id='word_1_519' title='bbox 1568 2563 1637 2597; x_wconf 86' lang='lat' dir='ltr'>aliis</span> <span class='ocrx_word' id='word_1_520' title='bbox 1662 2563 1825 2607; x_wconf 77' lang='lat' dir='ltr'>quibusvis</span> 
     </span>
     <span class='ocr_line' id='line_1_97' title="bbox 1074 2613 1823 2656; baseline -0.004 -8"><span class='ocrx_word' id='word_1_521' title='bbox 1074 2616 1170 2648; x_wconf 66' lang='lat' dir='ltr'>tactas</span> <span class='ocrx_word' id='word_1_522' title='bbox 1196 2614 1415 2651; x_wconf 78' lang='lat' dir='ltr'>inhibitiones,</span> <span class='ocrx_word' id='word_1_523' title='bbox 1438 2614 1658 2653; x_wconf 69' lang='lat' dir='ltr'>bannin‘ienta,</span> <span class='ocrx_word' id='word_1_524' title='bbox 1678 2613 1823 2656; x_wconf 83' lang='lat' dir='ltr'>probibi—</span> 
     </span>
     <span class='ocr_line' id='line_1_98' title="bbox 1073 2661 1822 2708; baseline -0.007 -10"><span class='ocrx_word' id='word_1_525' title='bbox 1073 2665 1176 2698; x_wconf 84' lang='lat' dir='ltr'>tioncs</span> <span class='ocrx_word' id='word_1_526' title='bbox 1196 2670 1225 2697; x_wconf 87' lang='lat' dir='ltr'>et</span> <span class='ocrx_word' id='word_1_527' title='bbox 1246 2664 1444 2708; x_wconf 87' lang='lat' dir='ltr'>proclamata</span> <span class='ocrx_word' id='word_1_528' title='bbox 1473 2664 1675 2704; x_wconf 87' lang='lat' dir='ltr'>innovamus,</span> <span class='ocrx_word' id='word_1_529' title='bbox 1707 2673 1743 2695; x_wconf 87' lang='lat' dir='ltr'>ac</span> <span class='ocrx_word' id='word_1_530' title='bbox 1764 2661 1822 2694; x_wconf 88' lang='lat' dir='ltr'>sub</span> 
     </span>
    </p>
   </div>
   <div class='ocr_carea' id='block_1_22' title="bbox 1855 2322 2023 2349">
    <p class='ocr_par' dir='ltr' id='par_1_30' title="bbox 1855 2322 2023 2349">
     <span class='ocr_line' id='line_1_99' title="bbox 1855 2322 2023 2349; baseline -0.006 -7"><span class='ocrx_word' id='word_1_531' title='bbox 1855 2322 1963 2343; x_wconf 68' lang='lat' dir='ltr'>innovatio</span> <span class='ocrx_word' id='word_1_532' title='bbox 1975 2329 2023 2349; x_wconf 81' lang='lat' dir='ltr'>pin-</span> 
     </span>
    </p>
   </div>
  </div>
 </body>
</html>
