2237 3100
86 253 136 281 An.
153 254 183 281 C.
202 251 269 280 ¹565

86 310 184 337 Apostot-
200 314 273 345 porre—
289 302 427 336 cendum
449 301 534 335 solae
556 300 741 345 principum
766 300 911 345 ipsorum
932 301 1043 334 literae

86 341 272 394 ss21²⁰00nffffifn¹32f
289 357 336 390 vet
356 366 468 400 preces
481 383 488 396 ‚
519 355 614 389 etiam
646 366 704 398 per
727 366 802 388 suos
821 355 906 399 apud
928 355 1043 388 Sedem

87 402 272 455 31¹3.'1³.2¹.3.⁸⁵”⁰¹'⁸‘
289 409 485 454 praedictam
495 415 638 443 oratores
650 409 746 442 verbo
757 415 850 442 tenus
862 415 1042 453 porrectae,

290 463 429 506 plenam,
451 462 617 495 indubiam
642 467 673 495 et
693 462 918 503 sufficientem,
941 462 973 495 in
994 462 1044 494 iu-

289 516 373 550 dicio
393 522 424 550 et
443 516 648 556 ext1·a‚fide1n
671 516 797 556 faciant,
817 526 878 549 nee
897 516 935 549 ad
957 515 988 548 id
1004 516 1046 548 al-

291 570 391 602 terius
423 569 624 614 probationis
663 569 897 603 adminiculum
935 569 1045 613 requi—

290 628 390 656 ratur.

335 677 350 720 g
364 676 395 709 4.
411 678 454 709 Ac
470 677 680 710 decernentes
696 678 738 710 ita
751 688 809 721 per
823 687 1047 720 quoscumque

292 729 414 763 iudices
430 735 460 763 et
476 730 725 770 commissarios,
737 730 832 763 etiam
845 735 972 763 sanetae
988 730 1048 762 Ro-

292 793 404 815 manae
435 783 596 816 Ecclesiae
627 782 823 819 cardinales,
849 783 973 816 sublata
1004 783 1048 815 eis

291 835 401 878 quavis
431 835 523 869 aliter
559 836 722 869 iudicandi
757 842 786 869 et
817 836 1048 880 interpretandi

292 890 451 929 facultate,
467 889 604 922 iudicari
621 895 650 922 et
671 889 797 922 definiri
817 889 955 929 deber03
977 900 1052 922 nec-

292 953 356 975 non
377 953 414 976 ex
444 953 531 976 nune
556 943 684 976 irritum
710 949 739 975 et
774 943 868 976 inane
896 943 1051 986 quicquid

293 1007 385 1029 secus
405 1007 504 1040 super
523 997 573 1029 liis
589 1007 606 1029 a
621 1007 796 1040 quoquam,
809 996 919 1039 quavis
938 1002 1050 1030 aucto-

294 1049 395 1090 ritate,
404 1050 599 1084 scientervel
614 1050 810 1093 ignoranter,
823 1050 991 1092 contigerit
1008 1055 1051 1082 at-

295 1103 420 1136 tentari.

339 1157 400 1199 35.
414 1156 458 1190 Ne
471 1157 543 1200 quis
554 1163 660 1189 autem
678 1156 879 1189 inhibitionis
899 1162 927 1189 et
945 1156 1051 1189 statuti

296 1210 537 1253 praedictorum
549 1210 762 1253 ignorantiam
776 1209 987 1254 praetendere
1003 1220 1053 1242 va-

297 1263 384 1303 leat,
413 1263 563 1296 volumus
590 1268 777 1306 praesentes
806 1262 914 1295 literas
939 1263 971 1295 111
996 1262 1052 1294 ba—

296 1315 403 1348 silicae
424 1316 568 1349 eiusdem
589 1315 747 1359 Principis
766 1316 993 1358 Apostolorum
1014 1316 1053 1348 de

297 1369 380 1402 l'rbe
396 1374 425 1402 et
436 1369 653 1402 Cancellariae
670 1369 870 1413 Apostolieae
887 1369 981 1401 valvis
998 1380 1054 1411 per

296 1422 436 1465 aliquem
451 1434 485 1455 ex
497 1422 685 1455 cursoribus
694 1422 936 1459 nosti'is,eai‘uni
950 1433 1054 1455 exem-

297 1476 385 1520 plum
403 1476 445 1508 ibi
461 1476 620 1519 affigendo
629 1482 657 1508 et
668 1476 870 1510 dimittendo.
881 1475 1052 1519 publicari:

299 1528 617 1572 publicationemque
649 1534 680 1562 et
715 1529 896 1561 affixionem
940 1529 1053 1571 liuius-

299 1582 384 1615 modi
397 1582 551 1625 singulos,
563 1588 592 1615 et
613 1588 681 1625 post
699 1583 779 1615 duos
796 1594 922 1615 menses
942 1583 1053 1615 imme-

298 1635 380 1668 diate
397 1641 576 1679 sequentes,
598 1646 662 1669 non
683 1647 776 1669 secus
800 1636 939 1673 afficere,
957 1636 1054 1678 ligare

291 1695 329 1723 ct
368 1690 501 1733 perinde
531 1695 674 1729 arctare,
710 1701 747 1722 ae
772 1690 796 1722 si
827 1690 938 1723 literae
969 1689 1054 1733 ipsae

301 1743 514 1786 personaliter
534 1743 596 1776 illis
617 1743 780 1776 intimatae
802 1743 944 1776 fuissent.

342 1797 356 1840 ξ
377 1796 408 1829 Ο.
431 1797 500 1829 Non
521 1797 723 1830 obstantibus
749 1796 914 1839 quibusvis
935 1797 1054 1829 eonsti-

298 1850 478 1883 tutionibus
492 1855 521 1883 et
542 1850 801 1883 ordinationibus
821 1850 1004 1893 apostolicis
1020 1861 1055 1882 ae

297 1903 473 1947 quibusvis,
486 1903 581 1936 etiam
593 1903 788 1939 iuramento,
811 1903 1056 1936 confirmatione

299 1956 474 2000 apostolica
494 1957 541 1988 vel
567 1957 677 2000 quavis
699 1956 847 1989 firmitate
873 1956 934 1988 alia
959 1956 1056 1988 robo-

300 2009 388 2050 ratis,
403 2010 528 2042 statutis
553 2015 583 2042 et
604 2010 906 2045 consuetmlinilms.
925 2009 1057 2041 ceteris-

300 2074 363 2105 que
389 2063 558 2095 contrariis
577 2063 849 2106 quilmsenmspie.

346 2116 361 2158 ξ
386 2115 416 2148 7.
446 2115 531 2148 Nulli
560 2126 635 2159 ergo
661 2115 793 2148 omnino
821 2115 988 2148 hominum
1020 2114 1057 2147 li-

304 2173 374 2201 ceat
394 2173 450 2201 etc.

348 2222 460 2254 Datum
481 2222 600 2255 Romae
620 2223 706 2266 apud
726 2222 879 2255 Sanctum
906 2222 1056 2261 Petrum,

303 2287 388 2309 anno
413 2276 645 2309 incarnationis
674 2276 854 2309 dominicae
890 2275 1059 2308 millesimo

305 2328 563 2372 quingentesimo
586 2329 781 2371 sexagesimo
806 2328 931 2372 quinto,
949 2339 987 2361 xv
1009 2329 1061 2360 1111-

306 2383 415 2415 tendas
436 2383 528 2420 iunii,
551 2383 757 2427 pontificatus
774 2382 874 2415 nostri
894 2393 978 2415 anno
999 2393 1039 2415 vr.

348 2435 377 2475 ἢ·
402 2433 467 2475 Ego
497 2433 570 2465 Pu‘s
597 2432 774 2465 catholicae
802 2431 962 2464 Ecclesiae
992 2431 1060 2474 epi-

269 2497 274 2504 ·
306 2493 434 2525 scopus.

348 2530 534 2574 Sequuntur
567 2530 796 2564 cardinalium
815 2531 1062 2573 subscriptiones

306 2584 334 2612 et
352 2579 540 2622 publicatio.

362 2631 423 2662 Dat.
438 2633 484 2663 die
504 2632 537 2662 18
556 2632 625 2663 maii
646 2633 732 2671 1555,
749 2632 850 2672 pontif.
874 2641 950 2663 anno
967 2641 1003 2662 vr.

117 735 228 756 Decretum
244 735 273 755 ir-

91 767 165 787 nitens.

120 1215 194 1236 Forma
209 1217 230 1235 et
245 1214 276 1234 ef-

93 1247 162 1269 fectus
186 1248 279 1274 publica-

94 1281 165 1300 tionis.

110 1855 221 1876 clausulae
243 1856 277 1875 do-

97 1888 225 1913 rogatoriam

126 2130 211 2151 sant-tio
232 2134 285 2156 poe-

101 2163 161 2183 natis.

964 248 1032 273 PIUS
1055 248 1085 272 IV
1110 247 1158 272 1³1³.

1733 233 1792 268 371
1856 242 1907 269 An.
1928 240 2041 268 01565

1408 297 1497 332 CXII.

1086 376 1132 408 De
1147 379 1367 418 computorum
1387 374 1588 408 exhibitione
1606 383 1644 405 ac
1664 373 1844 406 redditione

1134 428 1274 461 rationis
1314 438 1423 460 coram«
1459 426 1647 470 officialibus
1689 425 1845 458 Gamerae

1132 482 1332 525 Aposzottcae
1351 482 1388 514 de
1404 481 1456 521 iis,
1479 490 1559 523 quae
1578 479 1844 521 reformationem

1129 539 1372 578 praecesserunt
1393 534 1420 566 ¹.

1214 606 1276 635 Pius
1290 608 1360 642 Papa
1374 606 1415 639 tv,
1431 606 1508 634 motu
1519 605 1640 641 proprio,
1661 605 1716 634 etc.

1134 668 1148 711 ξ
1169 668 1198 701 ’1.
1222 669 1370 702 Volentes
1389 673 1573 712 opportune
1599 667 1765 711 providere
1790 679 1843 708 ne,
1866 688 2043 709 Cffldehffluw

1090 733 1125 755 ex
1156 732 1194 755 eo
1222 722 1321 765 quod,
1341 722 1373 754 in
1403 721 1632 754 reformatione
1666 720 1762 754 oflicii
1787 720 2043 773 Ca-ffiffijss'Jde‘l*

1092 786 1198 807 merae
1214 781 1341 807 nostrae
1351 774 1551 818 Apostolicae
1569 774 1739 807 novissime
1755 786 1772 807 a
1787 785 1846 808 no-

1091 828 1139 861 bis
1149 828 1243 869 edita,
1258 828 1477 861 rationibusin
1489 828 1556 872 ipsa
1568 828 1847 861 Cameraredden-

1092 881 1140 913 dis
1160 881 1299 913 formula
1310 881 1467 924 quaedam
1487 881 1720 913 nonnullorum
1741 881 1848 914 forsan

1093 933 1188 966 nimis
1209 934 1474 977 scrupolosorum
1509 933 1628 966 iudicio
1649 933 1850 966 subdifficilis

1093 987 1267 1027 sittradita,
1290 987 1433 1030 ipsarum
1450 986 1611 1019 rationum
1628 986 1775 1025 redditio,
1795 997 1851 1030 po-

1094 1040 1254 1073 tissimum
1283 1040 1389 1083 quoad
1412 1040 1622 1084 praeteritum
1643 1045 1779 1084 tempus,
1810 1041 1849 1073 de

1094 1105 1158 1137 quo
1175 1093 1315 1126 rationes
1332 1094 1425 1137 ipsas,
1443 1104 1532 1126 more
1549 1099 1621 1126 ante
1637 1093 1739 1137 ipsam
1751 1094 1851 1127 refor-

1095 1146 1269 1179 mationem
1291 1146 1409 1178 servari
1430 1146 1533 1185 solito,
1555 1146 1756 1190 conscriptas
1781 1158 1849 1179 esse

1095 1200 1301 1243 accepimus,
1331 1199 1532 1232 retardetur:
1566 1199 1653 1242 quod
1682 1199 1707 1231 si
1739 1199 1849 1240 tieret,

1094 1253 1181 1296 gravi
1202 1253 1295 1286 nobis
1315 1258 1345 1285 et
1365 1253 1469 1286 eidem
1490 1252 1642 1286 Gamerae
1663 1253 1780 1286 damno
1799 1263 1851 1286 ce-

1095 1307 1195 1340 deret.

1140 1361 1154 1403 ξ
1174 1360 1204 1392 2.
1229 1360 1365 1397 Idcirco,
1388 1365 1477 1392 motu
1498 1360 1632 1404 proprio
1661 1364 1691 1393 et
1711 1370 1748 1392 ex
1765 1365 1852 1392 certa
1891 1376 1986 1396 Deam
2002 1381 2051 1401 vm.

1096 1419 1204 1446 nostra
1224 1413 1368 1452 scientia,
1392 1424 1428 1446 ae
1443 1413 1482 1446 de
1503 1412 1697 1457 apostolicae
1715 1418 1851 1456 potesta-
1867 1409 1927 1427 ’ΨΜ
1954 1409 1981 1448 5¹²
2017 1408 2049 1429 ᾖς’

1881 1443 1919 1458 uae
1949 1438 2052 1457 uxr-‚inme

1097 1468 1135 1500 tis
1150 1467 1362 1511 plenitudine,
1385 1467 1592 1500 decernimus
1612 1466 1720 1499 omnia
1737 1472 1767 1499 et
1787 1445 1945 1500 5111-ἷιίοιιεω
1998 1474 2052 1487 Μ

1096 1522 1171 1563 gula
1191 1521 1331 1554 rationes
1347 1526 1373 1553 et
1388 1525 1553 1564 computa⁷
1567 1520 1605 1553 de
1623 1520 1788 1563 quibusvis
1801 1532 1852 1553 re-
1867 1501 2050 1558 {irssiil'miif‘hn

1098 1575 1156 1607 bus
1168 1580 1197 1607 et
1213 1574 1353 1616 negociis
1363 1574 1400 1606 ad
1413 1574 1559 1606 eamdem
1572 1574 1738 1607 Cameram
1755 1573 1853 1618 perti-

1098 1628 1258 1667 nentibus,
1282 1639 1337 1660 seu
1355 1628 1441 1660 illius
1461 1628 1615 1660 interesse
1629 1627 1742 1671 quovis
1758 1627 1854 1660 modo

1098 1681 1384 1721 concernentilmS,
1407 1681 1438 1713 in
1458 1680 1578 1723 quibus
1602 1680 1723 1714 scilicet
1742 1686 1856 1723 agatur

1098 1734 1136 1767 de
1163 1739 1307 1778 tempore
1328 1739 1401 1767 ante
1431 1734 1586 1767 kalendas
1611 1734 1710 1767 huius
1737 1734 1856 1767 mensis

1098 1787 1220 1830 elapso,
1238 1798 1333 1831 posse
1353 1793 1382 1820 et
1403 1787 1522 1820 debere
1543 1788 1677 1832 impune
1697 1787 1853 1827 exhiberi,
1886 1796 1889 1799 ·

1098 1846 1128 1873 et
1149 1841 1504 1885 praesentariaerecipi
1526 1846 1555 1874 et
1573 1840 1707 1880 admitti,
1728 1851 1855 1874 necnon

1098 1893 1210 1934 videri,
1233 1894 1302 1927 dari
1322 1900 1351 1927 et
1373 1894 1525 1934 solidari,
1549 1894 1644 1927 citato
1672 1899 1777 1927 tamen
1807 1894 1854 1926 di-

1099 1951 1167 1979 ctae
1175 1946 1328 1979 Gamerae
1340 1957 1426 1979 nunc
1438 1952 1465 1980 et
1478 1958 1536 1990 pro
1548 1952 1694 1991 tempore
1704 1947 1856 1979 existente

1100 1999 1321 2033 commissario
1341 2000 1495 2042 generali,
1514 2005 1544 2033 et
1565 2011 1637 2033 cum
1659 2000 1745 2033 illius
1762 2000 1858 2033 inter-

1100 2057 1205 2092 ventu,
1218 2052 1255 2085 iis
1276 2053 1372 2086 modo
1389 2058 1419 2085 et
1439 2054 1553 2094 forma,
1576 2052 1631 2097 qui
1648 2058 1720 2085 ante
1741 2052 1856 2086 editam

1101 2106 1305 2139 novissimam
1347 2106 1611 2139 reformationem
1659 2105 1856 2150 praedictam

1101 2158 1186 2191 circa
1206 2159 1283 2191 haec
1306 2159 1425 2192 serrari
1446 2164 1691 2192 consueverant.

1146 2212 1202 2255 §3
1226 2212 1345 2256 Sicque
1361 2224 1420 2257 per
1439 2224 1664 2256 quoscumque
1690 2212 1813 2246 iudices
1828 2218 1857 2246 et

1102 2265 1352 2307 commissarios,
1367 2266 1398 2297 in
1410 2264 1519 2308 quavis
1540 2276 1636 2298 cansa
1648 2270 1678 2298 et
1698 2265 1858 2305 instantia,

1103 2319 1227 2352 sublata
1247 2319 1292 2352 eis
1321 2325 1349 2353 et
1378 2330 1491 2353 eorum
1518 2319 1651 2352 cuilibet
1670 2320 1781 2363 quavis
1801 2320 1858 2352 ali-

1103 2377 1151 2405 ter
1171 2372 1334 2405 iudicandi
1355 2378 1383 2405 et
1406 2373 1638 2416 interpretandi
1660 2373 1809 2406 facultate
1831 2379 1862 2406 et

1103 2426 1305 2467 auctoritate,
1327 2426 1463 2459 iudicari
1485 2432 1512 2459 et
1534 2426 1661 2459 deliniri
1682 2427 1811 2467 debere;
1825 2438 1861 2460 ac

1104 2479 1230 2512 irritum
1252 2486 1281 2513 et
1297 2480 1404 2520 inane,
1419 2480 1443 2512 si
1460 2491 1552 2513 secus
1570 2491 1668 2523 super
1685 2480 1734 2512 his
1745 2491 1762 2513 a
1778 2491 1860 2523 quo-

1900 2227 1933 2247 Sie
1950 2227 2005 2247 hibet
2024 2232 2057 2246 :u-

1874 2258 1947 2278 dhar.

1141 2545 1151 2570 1
1181 2546 1219 2571 Ex
1246 2546 1352 2581 Regest.
1375 2548 1400 2572 in
1421 2546 1530 2572 Archiv.
1550 2546 1632 2572 Vatic.
1656 2562 1685 2566 —-
1703 2546 1860 2572 Huiusmodi

1105 2590 1320 2617 reformationem
1342 2591 1402 2617 vide
1426 2599 1507 2626 supra
1528 2591 1552 2618 111
1566 2591 1758 2618 constitutione
1779 2597 1859 2623 xxxi,

1105 2636 1252 2662 Romanum
1271 2638 1352 2669 decet,
1369 2644 1429 2671 pag.
1452 2636 1498 2663 97.
