2237 3100
87 264 137 290 Αη.
153 263 184 290 C.
207 263 274 291 ¹⁸66

114 1108 150 1130 Hic
165 1108 270 1135 Pontitex,

86 1141 108 1162 in
123 1141 240 1163 minorihus
251 1147 272 1163 e-

86 1173 177 1199 xistens,
201 1174 271 1201 inqui-

87 1205 140 1226 sitor
154 1204 202 1230 tun,
219 1207 241 1226 et
252 1211 273 1225 a·

86 1235 151 1257 husus
177 1236 212 1257 hle
236 1236 273 1257 de-

87 1267 178 1294 scriptos
199 1268 272 1288 eveni-

87 1303 110 1320 re
125 1300 234 1326 cognovit.

975 263 1042 287 PIUS
1066 264 1084 286 V
1109 264 1146 287 PP

600 314 733 347 xxxlll.

288 399 472 432 Declaratio
510 400 592 442 quod
620 400 800 432 sententiae
835 401 866 431 1'11
898 401 1043 441 sororem

333 462 460 485 reorum
479 453 516 485 dc
537 452 662 485 haeresi
683 453 912 496 inquisitorimt
930 464 950 485 (ι
970 455 1042 496 qui-

333 506 523 548 buscumque
549 506 707 539 iudicibus
733 510 847 538 contra
866 507 978 539 stilum
998 507 1043 539 rel

331 559 577 602 dispositionem
593 559 829 592 iurisdictionis
845 559 950 602 Officii
963 570 1041 592 san-

331 612 493 645 ctissimae
516 612 748 656 Inquisitiom's
768 613 852 646 latae
882 617 911 645 et
934 614 1042 654 fcren-

331 665 408 705 dae,
438 675 506 698 non
527 666 721 698 transierint
741 676 798 698 nec
820 670 990 699 transeant
1007 667 1043 699 ίη

333 729 401 751 rem
415 719 608 758 indicantum
634 723 664 752 et
686 719 871 751 iurisdictio
887 720 1041 752 cardina-

331 772 413 805 lium
438 772 672 815 inquisitorum
699 773 786 814 ipsas
819 783 931 804 causas
958 773 1042 805 revi-

331 825 449 864 dendt'3
487 829 515 858 et
560 825 766 868 confirmatio
799 826 1043 859 constitutionis

329 878 431 911 Pauli
450 879 560 921 quarti
575 879 681 912 editae
695 883 810 912 contra
826 879 1001 912 haereticos
1012 879 1039 912 «l,

413 967 474 996 Pius
488 968 560 1003 Papa
578 968 608 1001 V,
629 970 707 997 motu
724 969 847 1005 proprio.
864 970 918 997 etc.

332 1050 417 1083 Inter
437 1049 634 1093 multiplices
654 1060 762 1089 curas,
793 1061 876 1093 quae
896 1051 1041 1084 animum

287 1108 435 1136 nostrum
455 1103 583 1136 assidue
611 1104 758 1146 1mlsant,
793 1103 847 1136 illa
877 1103 1043 1147 inprimis

287 1161 346 1197 est,
364 1162 461 1200 prout
481 1167 549 1190 esse
569 1156 675 1196 debet,
690 1162 722 1189 ut
740 1156 882 1190 Ecclesia
902 1157 970 1197 Dei,
988 1169 1044 1191 no-

287 1210 336 1244 his
361 1221 398 1244 ex
426 1212 490 1245 alto
522 1211 706 1251 commissa,
744 1211 905 1254 purgatis,
929 1212 1041 1249 immo,

288 1270 448 1308 quantum
469 1265 540 1298 fieri
557 1270 673 1308 potest,
691 1265 807 1308 procul
826 1265 1044 1298 exterminatis

288 1317 440 1352 omnibus
459 1318 648 1351 haeresibus
664 1324 693 1351 et
711 1318 816 1362 pravis
831 1329 1043 1352 erronearum

288 1370 479 1415 opinionum
500 1372 717 1415 dogmatibus.
746 1377 816 1405 tuto
842 1372 992 1412 militare,
1015 1379 1042 1405 et

287 1431 452 1469 tamquam
473 1425 561 1458 navis
577 1425 607 1458 in
622 1426 796 1469 tranquillo
811 1426 905 1465 mari,
928 1427 1044 1459 sedatis

287 1479 439 1513 omnibus
460 1484 686 1523 tempestatum
705 1480 857 1512 fluctibus
874 1486 902 1513 et
919 1481 1045 1523 procel-

288 1533 339 1573 lis,
356 1543 470 1566 secure
491 1533 639 1576 navigare
657 1539 685 1566 et
706 1533 746 1566 ad
767 1539 913 1577 optatum
935 1535 1046 1567 salutis

288 1592 418 1632 portum
440 1587 608 1631 pervenire
629 1587 738 1631 possit.
767 1587 847 1620 Cum
864 1587 971 1631 itaque
988 1598 1046 1621 nos

288 1642 365 1675 dum
392 1641 425 1674 in
451 1641 633 1674 minoribus
664 1640 828 1674 constituti
854 1641 1044 1674 sanctissimi

288 1691 390 1725 Officii
405 1692 569 1725 Romanae
586 1696 617 1724 et
633 1690 823 1724 universalis
852 1696 962 1723 contra
978 1691 1045 1723 ha}-

289 1741 420 1775 reticam
451 1741 638 1785 pravitatem
669 1739 887 1784 Inquisitionis
912 1739 1046 1782 negocia

290 1795 574 1833 pertractaremuS,
593 1790 723 1823 tandem
739 1800 774 1822 ex
801 1790 898 1831 longo
921 1800 981 1822 usu
1002 1794 1047 1821 at.-

287 1851 351 1883 que
377 1840 577 1884 experientia
602 1850 711 1872 rerum
743 1838 895 1881 magistra
924 1849 1045 1881 cogno-

286 1889 430 1923 verimus
446 1889 533 1934 quod
556 1889 649 1921 multi
666 1889 712 1922 rei
732 1888 840 1925 delati,
864 1893 893 1920 et
910 1888 941 1920 iu
963 1898 1045 1931 pra*-

288 1938 375 1972 dicto
395 1938 598 1972 sanctissimo
619 1937 730 1971 Officio
751 1948 807 1969 seu
833 1936 907 1969 alibi
937 1947 1046 1970 coram

289 1988 436 2021 locorum
457 1986 629 2020 ordinariis
639 1992 669 2019 et
687 1986 868 2019 haereticae
886 1985 1047 2029 pravitatis

289 2036 538 2080 inquisitoribus
554 2035 742 2079 processati,
771 2046 806 2067 ac
825 2035 862 2067 dc
884 2035 1046 2068 haeretica

288 2085 443 2130 pravitate
469 2085 613 2128 inquisiti
636 2083 848 2117 falsos‘testes
873 2084 911 2116 acl
933 2095 1045 2116 eorum

288 2135 451 2167 defensam
474 2133 648 2167 examinari
665 2133 824 2168 faciendo,
839 2144 875 2165 ac
892 2143 1046 2176 compur-

289 2190 450 2227 gatorum,
465 2184 504 2216 de
522 2194 635 2215 eorum
657 2183 717 2215 vita
735 2189 761 2215 et
783 2182 929 2215 doctrina
952 2182 1046 2214 mini-

289 2244 341 2266 me
362 2233 608 2266 informatorum
629 2243 729 2275 opera
753 2237 780 2263 et
805 2231 986 2264 testimonio
1015 2244 1046 2265 se

290 2282 482 2321 iuvantibus,
504 2294 539 2315 ac
557 2281 689 2314 diversis·
714 2280 784 2313 aliis·
806 2281 923 2313 illicitis·
945 2281 1048 2314 modis

290 2331 539 2374 excogitatisque
575 2331 695 2363 dolosis
728 2330 990 2363 excusationibus
1018 2336 1048 2362 et

292 2381 432 2421 malitiis,
448 2380 650 2424 praedictum
668 2390 795 2411 sacrum
809 2379 956 2411 Olliciuui
974 2390 1047 2412 san-

291 2428 451 2462 ctissimae
485 2428 705 2473 Inquisitionis
738 2433 926 2470 ceterosque
964 2428 1048 2460 iudi-

291 2489 344 2512 ces
355 2477 383 2519 ‘23
397 2478 506 2522 plures
522 2477 737 2514 eti:un,veluti
758 2477 1048 2513 innocentes,dissi-

331 2552 338 2576 l
362 2550 432 2577 Haec
449 2549 517 2576 bulla
535 2549 606 2576 Pauli
626 2549 669 2580 tv,
688 2551 753 2574 Cam
771 2556 812 2580 (nr,
829 2552 868 2575 est
888 2548 912 2574 iu
931 2552 996 2575 tom.
1011 2556 1047 2581 vi,

291 2598 351 2625 pag.
373 2591 435 2617 55¹.

327 2653 344 2679 2
361 2653 439 2680 Deest
449 2654 698 2685 fortedeceperunl2
711 2656 755 2678 aut
765 2651 828 2686 quid
840 2652 923 2678 siuule
948 2652 986 2687 (κ.
1000 2655 1048 2687 r).

1730 257 1799 291 499

1085 316 1197 349 nitivas
1220 328 1236 349 a
1258 316 1431 360 praedictis
1457 318 1663 361 processibus
1684 324 1712 351 et
1735 319 1842 362 inqui-

1085 369 1256 403 sitionibus
1267 370 1495 409 absolutorias,
1508 376 1548 409 ct,
1564 372 1777 414 praecedente
1794 383 1843 405 ca-

1084 423 1202 455 nonica
1222 423 1428 467 purgatione,
1452 434 1566 456 eorum
1577 431 1717 458 assertae
1737 425 1842 458 bonae

1085 481 1115 508 ct
1135 476 1313 509 catholicae
1335 476 1408 509 fidei
1429 477 1510 509 vitae
1538 483 1568 510 et.
1595 478 1762 512 doctrinae
1786 480 1842 512 de-

1085 529 1271 561 claratorias
1297 530 1470 563 sententias
1490 541 1547 563 seu
1578 530 1706 564 decreta
1727 531 1766 564 ab
1787 543 1841 565 eo-

1084 582 1156 614 dem
1184 582 1385 616 sanctissimo
1408 583 1520 617 Officio
1541 584 1677 628 aliisque
1692 585 1841 619 locorum

1084 635 1255 669 ordinariis
1276 637 1338 670 sive
1359 638 1512 680 delegatis
1530 643 1561 671 et
1581 638 1839 682 inquisitoribus,

1084 699 1121 721 ac
1141 688 1236 721 etiam
1253 689 1407 723 Romanis
1422 691 1635 724 Pontificibus
1651 692 1841 735 praedeces-

1085 741 1212 774 soribus
1242 743 1359 776 nostris
1380 744 1591 778 obtinuerunt
1613 755 1669 778 seu
1700 751 1841 779 extorse-

1085 799 1172 832 runt,
1185 806 1266 837 quas
1277 796 1450 829 sententias
1464 797 1630 830 etdecreta
1639 799 1773 841 praefati
1783 799 1844 832 Ro-

1085 847 1171 878 mani
1183 847 1365 889 Pontifices,
1385 848 1479 881 ctiam
1497 860 1571 882 cum
1590 851 1738 895 perpetui
1748 852 1843 885 silen-

1084 898 1118 931 tii
1139 899 1365 943 impositione,
1395 912 1432 935 ac
1448 903 1640 937 inhibitione
1661 915 1701 937 ne
1718 905 1840 938 dictum

1085 953 1324 986 sanctissimum
1350 954 1499 989 Officium
1533 962 1589 989 aut
1616 957 1669 990 alii
1704 958 1841 1002 inquisi-

1085 1012 1170 1039 tores
1191 1007 1231 1039 ad
1252 1008 1407 1042 ulteriora
1428 1011 1605 1052 procedere
1626 1017 1755 1054 possent
1785 1023 1841 1045 seu

1084 1060 1251 1101 deberent,
1280 1073 1406 1095 necnon
1436 1063 1533 1096 etiam
1564 1075 1637 1097 cuni
1668 1076 1840 1099 causarum

1084 1114 1269 1147 avocatione
1282 1116 1320 1148 ad
1334 1117 1437 1149 solum
1449 1117 1630 1150 Romanum
1640 1118 1840 1157 Pontificem,

1086 1167 1144 1199 sul]
1182 1168 1275 1201 cuius
1310 1170 1511 1213 protectione
1548 1171 1838 1212 submittebantur‚

1085 1220 1221 1264 aliisque
1259 1223 1537 1266 tlcrogatoriaitun
1571 1224 1783 1267 tlerogatoriis
1813 1232 1840 1259 ct

1086 1274 1316 1308 efficacissimis
1337 1276 1507 1312 clausulis,
1531 1288 1567 1310 ac
1588 1278 1683 1310 ctiam
1713 1279 1842 1312 irritan-

1086 1327 1171 1360 tibus
1192 1334 1221 1361 et
1237 1329 1307 1361 aliis
1328 1330 1477 1366 dcci-etis,
1497 1330 1591 1363 etiam
1610 1331 1641 1363 in
1659 1332 1845 1376 formagra-

1087 1381 1179 1421 tiosa,
1202 1382 1398 1425 ampliando,
1416 1394 1473 1427 per
1493 1384 1596 1416 varios
1617 1391 1647 1417 et
1667 1385 1769 1418 varias
1788 1397 1843 1419 eo-

1064 1472 1067 1484 ἶ
1087 1445 1159 1467 rum
1177 1441 1283 1468 motus
1299 1437 1460 1479 proprios,
1477 1448 1513 1470 ac
1530 1437 1625 1470 etiam
1638 1439 1697 1471 sub
1710 1440 1844 1482 plumbo

1086 1489 1132 1521 vel
1169 1489 1290 1521 annulo
1316 1490 1487 1523 piscatoris
1520 1491 1683 1534 expeditas
1716 1493 1842 1533 literas,

1087 1542 1183 1574 etiam
1211 1543 1241 1574 in
1273 1543 1464 1576 consistorio
1492 1554 1548 1576 seu
1579 1545 1846 1580 consistorialiter

1088 1602 1268 1636 emanatas,
1292 1597 1539 1631 confirmarunt.
1564 1598 1652 1631 Unde
1680 1600 1844 1634 eveniebat

1087 1650 1173 1692 quod
1197 1650 1353 1693 praedicti
1376 1650 1421 1683 rei
1444 1651 1598 1694 inquisiti,
1629 1653 1688 1686 sub
1713 1654 1844 1687 velami-

1089 1714 1127 1736 ne
1159 1709 1187 1735 et
1219 1704 1374 1737 tutamine
1397 1704 1638 1748 praedictarum
1672 1708 1846 1742 sententia-

1089 1768 1174 1797 rum,
1195 1756 1451 1790 declarationum
1472 1763 1503 1791 et
1520 1758 1689 1792 literarum
1715 1767 1844 1804 aposto-

1088 1810 1238 1849 licarum,
1271 1816 1302 1844 et
1330 1811 1521 1855 praesertim
1549 1812 1658 1855 vigore
1681 1814 1846 1848 clausulae

1090 1864 1297 1898 inhibitoriae
1309 1870 1422 1898 contra
1434 1864 1642 1909 inquisitores
1651 1867 1763 1907 factae,
1772 1879 1847 1902 con-

1089 1918 1236 1957 fidentes,
1264 1919 1360 1956 clam,
1379 1924 1407 1951 et
1421 1918 1516 1951 etiam
1538 1919 1713 1962 aliquando
1725 1922 1844 1964 palam,

1089 1971 1121 2003 in
1141 1972 1282 2015 antiquis
1303 1982 1418 2005 eorum
1435 1972 1601 2005 erroribus
1621 1979 1731 2006 contra
1750 1975 1845 2008 fidem

1089 2025 1281 2057 catholicam
1322 2025 1569 2069 perseverando,
1605 2036 1772 2069 nunquam
1808 2029 1845 2061 ad

1088 2078 1247 2120 gremium
1269 2078 1431 2112 Ecclesiae
1451 2089 1523 2111 vere
1549 2079 1713 2114 redibant,
1746 2080 1847 2114 immo

1089 2141 1163 2164 cum
1198 2131 1269 2164 aliis
1303 2143 1416 2165 secure
1451 2138 1479 2164 et
1509 2137 1660 2176 tanquam
1697 2134 1846 2168 catholici

1090 2185 1323 2223 conversando,
1347 2186 1536 2219 eoi-[undem
1564 2186 1703 2219 aliorum
1723 2187 1847 2221 animos

1090 2248 1300 2281 eorrumpere
1317 2244 1346 2271 et
1363 2238 1508 2277 inficere,
1531 2250 1567 2271 ac
1590 2239 1622 2272 in
1642 2251 1715 2272 suas
1736 2241 1847 2274 haere—

1091 2291 1168 2324 ticas
1180 2292 1351 2335 opiniones
1368 2293 1496 2325 trahere
1512 2292 1549 2325 de
1563 2293 1645 2325 t'acili
1661 2300 1847 2336 potueruut,

1092 2345 1121 2377 in
1143 2345 1239 2377 totius
1261 2346 1458 2389 reipublicae
1480 2346 1674 2379 christianae
1696 2358 1760 2380 non
1781 2359 1848 2381 nio-

1091 2398 1199 2430 dictun
1218 2399 1405 2432 scandalum
1428 2405 1454 2432 et
1479 2399 1728 2443 praeiudicium,
1754 2412 1846 2444 prae-

1091 2451 1319 2496 dictorumque
1349 2453 1530 2486 delatorum
1561 2453 1742 2487 animarum
1775 2466 1847 2497 per-

1092 2501 1209 2534 niciem
1232 2508 1262 2535 et
1283 2503 1452 2535 iacturam.

1136 2550 1151 2593 ξ
1172 2550 1198 2583 l.
1216 2551 1291 2591 Nos,
1310 2551 1385 2585 huic
1403 2551 1554 2584 scandalo
1570 2552 1651 2585 adeo
1663 2552 1847 2596 periculoso

1093 2603 1121 2631 et
1147 2601 1334 2643 contagioso
1359 2600 1504 2641 obviare,
1533 2600 1757 2644 dictaruinque
1778 2601 1847 2634 ani-

1093 2660 1220 2684 marum
1236 2650 1331 2684 saluti
1347 2651 1519 2684 consulere
1531 2656 1559 2684 et
1581 2650 1762 2694 proxidere,
1781 2660 1849 2683 om-

1860 266 1911 294 An.
1932 267 2045 295 01566

1885 2576 1908 2596 Et
1924 2577 1972 2597 ideo
1990 2576 2039 2597 ·e·lu

1864 2608 1890 2627 cit
1904 2608 1928 2627 ad
1947 2610 2047 2627 {erronum

1864 2639 1915 2658 iuris
1940 2644 2048 2665 quascunv

1864 2674 1904 2697 que
1916 2669 1990 2690 literas
2000 2675 2047 2696 apo-
