2237 3100
195 294 243 319 An.
262 293 290 319 C.
312 292 379 320 1566

255 2473 393 2494 servantibus

207 2507 241 2524 aut
262 2510 298 2524 rec
302 2510 366 2531 upera
369 2510 394 2523 n-

209 2535 262 2555 tibus
284 2535 318 2554 ill·
342 2541 394 2561 pra*—

208 2566 258 2592 cipit
283 2570 309 2586 ue
323 2565 353 2585 dis
345 2571 394 2592 po-

208 2599 259 2615 nant
283 2597 315 2616 ins
318 2597 350 2616 cio

209 2627 353 2647 commissario
373 2628 394 2647 et

209 2662 261 2694 cons
253 2657 305 2682 <‚ulev

439 281 503 315 4402

395 342 474 386 priis
501 341 645 386 patronis
674 340 861 373 restituendi
895 344 924 372 et
950 337 1074 371 restitui
1102 338 1147 369 fa—

396 396 500 429 ciendi
521 396 560 428 ab
584 394 646 427 illis
661 393 806 438 personis
826 393 879 424 illa
899 390 1146 434 occupantibus,

396 455 565 492 propterea
577 446 787 491 approbando
803 451 834 477 et
845 443 1069 477 confirmando
1085 443 1150 475 die-

396 508 463 534 tum
483 502 577 534 breve.
598 505 626 533 ct
649 505 755 532 motus
784 498 934 541 proprios
972 507 1148 539 omnesque

395 555 473 587 alias
494 559 637 597 patentes
653 551 926 590 etconcessioues,
942 555 1007 583 tani
1024 556 1149 593 aposto-

396 608 474 640 licas
485 617 581 649 quam
599 605 712 648 regias,
728 603 971 647 quomodolibet
988 609 1150 637 emanatas

396 666 424 693 et
447 669 626 696 concessas,
656 668 692 690 ac
713 657 745 689 in
765 656 830 689 illis
857 661 1006 689 contenta
1026 662 1053 689 et
1077 656 1150 689 inde

396 718 504 745 secuta
531 721 770 754 quaecumque,
793 708 855 741 illis
877 709 908 742 in
938 719 995 741 suo
1034 709 1150 742 robore

396 764 671 808 permanentibus,
695 770 725 797 et
744 774 826 807 quae
848 763 907 795 sub
927 762 1019 795 dictis
1039 762 1151 806 poenis

396 817 620 851 inviolabiliter
640 817 801 850 observari
818 816 1021 857 mandamus,
1044 816 1151 860 ipsum

395 872 565 904 Martinuin
582 871 613 903 in
626 870 801 913 naufragiis
817 869 1075 903 commissarium
1096 880 1151 911 ge-

395 925 537 958 neralem
555 924 762 968 deputamus,
777 934 842 956 non
858 922 1058 956 obstantibus
1076 933 1152 965 qua-

396 989 536 1021 cumque
553 977 774 1017 concessione,
793 976 1008 1017 ordinatione,
1022 976 1152 1009 decreto

396 1032 427 1064 in
448 1031 647 1064 eontrarium
668 1031 774 1064 forsan
801 1036 966 1070 emanato,
993 1040 1151 1073 quacum-

396 1096 458 1129 que
475 1085 522 1117 via
549 1090 575 1117 et
607 1084 715 1124 modo,
744 1084 833 1117 etad
853 1083 1037 1116 instantiam
1072 1094 1152 1127 qua-

397 1138 516 1171 rumvis
537 1148 693 1181 personae.
714 1143 767 1170 aut
790 1147 1015 1181 personarum,
1043 1137 1152 1170 cuius-

397 1202 537 1235 cumque
559 1197 670 1231 status,
688 1191 808 1233 gradus
828 1196 858 1223 et
878 1190 1072 1223 conditionis
1088 1190 1153 1223 exi--

397 1244 564 1284 stentibus,
587 1255 726 1288 quarum
761 1250 888 1277 tenores
922 1254 981 1286 pro
1005 1244 1099 1286 plene
1124 1249 1153 1276 et

397 1298 594 1331 sufficienter
614 1297 771 1341 expressis
791 1297 903 1329 baberi
929 1297 1090 1337 volumus,
1117 1308 1154 1329 ac

397 1352 422 1383 si
443 1352 481 1384 de
501 1351 597 1384 verbo
618 1351 805 1384 adverbum
824 1350 934 1382 inserti
952 1355 1068 1385 essent.
1082 1349 1153 1393 qui-

397 1404 457 1437 bus
486 1415 633 1447 expresse
663 1404 856 1446 derogamus
877 1414 935 1447 per
955 1408 1152 1446 praesentes,

399 1457 608 1490 concedimus
630 1463 656 1489 et
681 1456 889 1500 impartimur
914 1456 1101 1489 facultatem
1126 1462 1156 1489 et

399 1510 620 1543 auctoritatem
633 1510 717 1543 dicto
729 1510 863 1543 Martino
876 1508 1013 1549 consuli,
1027 1514 1061 1542 ut
1078 1510 1155 1554 ipse,

400 1569 563 1607 tamquam
585 1564 655 1596 talis
676 1564 788 1596 consul
810 1569 840 1596 et
860 1567 1025 1607 protector
1045 1573 1081 1595 ae
1101 1573 1156 1606 ge-

400 1617 517 1650 neralis
542 1621 736 1660 procurator
764 1622 794 1649 et.
819 1617 969 1649 defensor
988 1616 1156 1649 nationum

400 1670 627 1713 praefatarum,
648 1670 920 1714 repraesentando
942 1680 1096 1713 personas
1112 1670 1158 1702 in-

399 1728 519 1756 teresse
540 1724 694 1756 habentes
715 1723 747 1756 in
768 1723 885 1756 talibus
912 1722 1047 1763 naviliis,
1070 1723 1157 1757 navi-

400 1777 461 1809 bus
481 1782 509 1809 et
532 1776 707 1817 mercibus,
726 1782 756 1809 et
771 1782 935 1820 tamquam
954 1786 1091 1820 persona
1112 1778 1158 1810 le-

400 1830 510 1873 gitima
527 1830 637 1873 possit,
654 1840 711 1874 per
728 1841 760 1862 se
781 1840 921 1873 suosque
948 1829 1111 1863 ministros
1127 1830 1158 1863 in

402 1883 551 1916 societate
568 1884 729 1916 dictorum
746 1888 971 1927 patronorum,
985 1884 1160 1925 praesenti-

402 1937 474 1975 bus,
497 1942 552 1969 aut
572 1936 604 1969 in
622 1937 683 1969 illis
699 1936 898 1975 absentibus,
917 1936 1012 1968 eliani
1030 1936 1089 1980 ipsi
1107 1948 1160 1980 pa—

403 1990 504 2027 troni,
536 1990 568 2022 in
593 1990 737 2022 absentia
763 1989 839 2022 dicti
866 1989 990 2022 Martini
1018 1991 1160 2023 consulis

404 2053 575 2075 suorumve
610 2043 831 2076 ministrorum
859 2049 887 2075 et
917 2042 1157 2085 deputatorum,

404 2094 602 2129 coniunctim
628 2097 676 2129 vel
704 2096 839 2135 divisim,
872 2095 994 2140 possint
1014 2096 1158 2139 exigere,

403 2160 597 2192 recuperare
619 2150 746 2190 navilia,
769 2160 863 2182 naves
883 2160 920 2181 ae
940 2159 1065 2183 merces
1081 2161 1162 2194 prte-

403 2203 481 2235 fatas
510 2204 715 2247 naufragium
744 2213 852 2247 passas
884 2203 947 2235 sive
977 2203 1158 2246 derelictas,

404 2256 435 2288 in
457 2266 544 2290 mare
572 2263 624 2290 aut
660 2262 746 2290 extra
775 2268 883 2297 mare,
910 2262 963 2289 aut
996 2256 1028 2289 in
1055 2257 1162 2301 aliqua

404 2309 465 2341 alia
486 2316 587 2353 parte,
621 2311 833 2354 portibusque
862 2316 891 2343 et
918 2309 1031 2354 plagiis
1065 2317 1162 2355 atque

406 2363 496 2406 ripis,
511 2364 639 2408 alioque
655 2364 768 2407 quovis
778 2365 863 2404 loco,
876 2363 932 2396 ubi
943 2364 1159 2407 reperientur.

452 2417 517 2459 §3
543 2418 582 2450 Et
602 2418 678 2461 quia
702 2417 829 2450 evenire
860 2417 940 2450 solet
969 2418 1056 2461 quod
1084 2419 1163 2451 tales

408 2475 502 2498 naves
523 2471 554 2498 et.
573 2466 689 2499 navilia
718 2477 755 2499 ae
776 2476 901 2499 meices
920 2465 953 2498 in
973 2466 1018 2498 eis
1038 2466 1162 2499 condu-

409 2518 477 2546 ctae
498 2524 562 2546 non
592 2519 664 2546 sunt
691 2515 842 2558 propriae
871 2519 927 2547 aut
947 2520 1161 2558 pationoium

409 2561 484 2594 talia
501 2562 616 2595 navilia
634 2562 885 2596 conducentium
914 2573 971 2596 seu
991 2568 1165 2606 patronali-

409 2610 504 2651 tium,
521 2616 627 2644 autea
647 2611 1061 2646 asseculantesinteressati
1078 2617 1162 2653 sunt,

409 2637 559 2694 voluiiius
578 2660 673 2694 etiam
695 2661 794 2704 quod,
827 2660 852 2693 si
867 2660 996 2705 pattoni
1027 2665 1059 2694 et
1080 2671 1161 2694 nau-

992 285 1171 309 BULLARIUM
1195 284 1345 308 ROMANUM

1189 341 1239 368 tae
1266 346 1323 368 seu
1347 335 1428 368 aliae
1458 345 1614 378 personae
1647 336 1746 368 salvas
1777 334 1946 368 effecerint

1191 394 1245 421 aut
1274 388 1536 432 recuperaverint
1555 388 1655 421 dictas
1674 399 1799 421 merces
1822 388 1872 421 vel
1896 398 1947 422 ea-

1191 452 1263 474 rum
1295 447 1418 485 partem
1453 451 1509 474 seu
1536 441 1651 474 navilia
1684 441 1843 484 praefata,
1880 451 1945 474 non

1192 495 1315 538 possint
1353 494 1448 527 niodo
1482 494 1591 537 aliquo
1623 494 1662 527 de
1695 494 1741 527 eis
1773 494 1946 538 disponere

1191 549 1313 592 absque
1338 553 1420 581 nutu
1459 553 1490 580 et
1526 548 1687 580 voluntate
1716 547 1792 580 dicti
1820 547 1946 581 Martini

1193 602 1347 642 consulis,
1383 601 1437 644 qui
1467 601 1602 633 solerter
1634 600 1800 644 inquirere
1833 600 1947 634 debeat

1193 655 1231 687 de
1253 654 1415 688 mercibus
1435 653 1527 686 salvis
1548 658 1578 686 et
1603 653 1754 696 perditis,
1776 664 1946 697 usquequo

1193 709 1358 741 veritatem
1383 707 1517 740 omnino
1538 707 1729 750 comperiat,
1752 707 1791 740 ad
1811 707 1874 741 hoc
1889 717 1943 747 ne,

1194 762 1253 794 sub
1288 765 1453 805 praetextu
1488 759 1647 803 naufragii
1681 764 1737 792 aut
1773 760 1948 804 proiectio-

1194 814 1243 848 nis
1268 814 1425 848 mercium
1445 814 1477 846 in
1495 824 1595 855 mare,
1617 814 1771 846 interesse
1794 814 1950 847 habentes

1195 868 1291 901 modo
1325 867 1433 911 aliquo
1459 866 1656 900 damnificati
1685 872 1741 899 aut
1768 867 1949 901 defraudati

1195 932 1251 954 seu
1267 921 1334 955 suis
1353 920 1466 965 privati
1486 920 1631 953 existant.
1660 920 1698 952 Et
1712 919 1846 964 insuper
1861 920 1948 965 quod

1195 985 1308 1009 omnes
1319 980 1349 1008 et
1364 974 1481 1018 singuli
1502 984 1787 1017 quarumcumque
1802 974 1947 1016 navium,

1195 1028 1432 1071 cuiuscumque
1454 1027 1593 1071 generis,
1616 1026 1743 1071 patroni
1764 1027 1902 1061 debeant
1920 1034 1951 1062 et

1197 1087 1366 1115 teneantur
1387 1092 1461 1114 cum
1486 1081 1575 1114 omni
1594 1080 1759 1124 diligentia
1779 1081 1900 1115 salvare
1920 1087 1952 1116 et

1196 1135 1358 1168 custodire
1380 1136 1463 1168 bona
1484 1145 1711 1178 quaecumque
1731 1144 1788 1178 per
1803 1145 1859 1168 eos
1874 1146 1951 1169 con-

1196 1191 1292 1223 ducta
1322 1195 1349 1221 et
1386 1187 1620 1230 naufragantia,
1651 1198 1758 1231 neque
1782 1186 1836 1221 illa
1868 1192 1951 1222 tam-

1197 1253 1293 1287 quam
1316 1242 1440 1286 perdita
1460 1241 1633 1281 dimittere,
1660 1241 1716 1275 sed
1744 1241 1851 1285 ipsum
1872 1252 1951 1276 con-

1198 1297 1300 1329 sulem
1322 1306 1381 1340 pro
1399 1300 1584 1339 opportuno
1609 1294 1753 1328 remedio
1777 1294 1952 1330 certiorare

1198 1350 1229 1382 in
1250 1348 1444 1382 beneficium
1462 1354 1492 1381 et
1512 1348 1719 1381 salvationem
1737 1347 1883 1391 ipsorum
1899 1348 1954 1382 bo-

1199 1413 1315 1435 norum
1337 1402 1609 1444 naufragantium,
1629 1401 1672 1434 ita
1692 1401 1791 1444 quod,
1801 1401 1880 1446 ipsis
1895 1412 1952 1447 pa—

1198 1456 1300 1489 tronis
1320 1455 1383 1488 sive
1409 1455 1516 1487 nautis
1536 1454 1762 1488 deficientibus
1787 1454 1820 1487 in
1844 1454 1953 1498 aliquo

1199 1509 1473 1553 praemissorum,
1507 1508 1674 1551 naufragia
1707 1507 1895 1545 huiusmodi
1923 1514 1955 1542 et

1199 1563 1316 1595 damna
1331 1571 1558 1605 quaecumque
1570 1566 1601 1594 et
1610 1560 1723 1594 exinde
1732 1561 1954 1604 provenientia

1200 1615 1344 1660 ipsorum
1365 1620 1577 1660 patronorum
1599 1614 1715 1659 culpae
1730 1614 1934 1659 imputentur
1945 1643 1953 1658 ,

1201 1674 1230 1702 et
1250 1669 1289 1702 ad
1305 1669 1458 1702 interesse
1474 1679 1511 1701 ac
1531 1668 1649 1701 damna
1664 1672 1846 1701 teneantur.
1868 1668 1914 1702 Ac
1929 1668 1955 1702 si

1202 1722 1365 1765 contingat
1385 1722 1424 1754 ab
1445 1721 1553 1765 aliqua
1574 1731 1712 1765 persona
1728 1731 1785 1754 seu
1796 1722 1954 1765 personis,

1202 1775 1438 1819 cuiuscumque
1471 1779 1583 1815 status,
1614 1774 1745 1817 gradus,
1775 1774 1898 1808 ordinis
1926 1780 1957 1808 et

1203 1829 1395 1862 conditionis
1407 1827 1627 1868 existentibus,
1650 1833 1681 1860 et
1693 1833 1837 1860 nostram
1853 1828 1958 1862 moni-

1202 1882 1322 1915 tionem
1338 1881 1525 1915 huiusmodi
1538 1880 1771 1924 ignorantibus,
1783 1880 1815 1913 in
1830 1885 1897 1915 toto
1908 1882 1957 1915 vel

1203 1936 1235 1968 in
1260 1941 1350 1979 parte
1365 1935 1510 1968 detinere
1527 1945 1660 1974 merces,
1679 1944 1731 1967 res
1750 1939 1781 1967 et
1800 1933 1886 1968 hona
1900 1934 1958 1968 ali-

1203 2000 1267 2033 qua
1287 1989 1319 2022 in
1337 1989 1382 2022 eis
1397 1989 1569 2029 conducta,
1588 1988 1703 2021 furtive
1724 1993 1755 2020 et
1769 1992 1892 2030 coacte,
1909 1989 1958 2022 vel

1204 2048 1370 2088 praetextu
1386 2042 1621 2087 praetensionis
1637 2040 1809 2084 naufragii,
1830 2042 1880 2074 vel
1895 2042 1958 2076 alio

1204 2106 1412 2139 quocumque
1450 2096 1566 2136 modo,
1601 2095 1714 2128 eadem
1745 2094 1959 2129 nihilominus

1204 2149 1309 2182 dictus
1328 2149 1482 2182 Martinus
1502 2149 1616 2183 consul
1640 2148 1804 2192 recipere,
1832 2147 1958 2191 exigere

1205 2208 1235 2236 et
1254 2213 1450 2247 recuperare
1470 2208 1501 2236 et
1525 2214 1542 2235 a
1571 2201 1790 2236 detinentibus
1806 2201 1960 2248 *personis

1205 2257 1259 2289 illa
1279 2256 1372 2290 dictis
1401 2257 1557 2300 patronis,
1584 2257 1624 2290 ad
1643 2266 1725 2299 quas
1753 2265 1791 2289 ea
1818 2255 1858 2289 de
1886 2254 1958 2289 iure

1205 2315 1350 2354 spectant
1369 2315 1400 2343 et
1420 2309 1594 2353 pertinent,
1608 2309 1733 2343 restitui
1753 2309 1871 2350 facere,
1888 2308 1959 2343 abs-

1205 2374 1268 2408 que
1301 2363 1409 2407 aliqua
1442 2363 1607 2397 exactione
1640 2373 1696 2396 seu
1731 2361 1929 2395 detractione
1948 2388 1957 2403 ,

1206 2421 1373 2461 praetextu
1393 2417 1497 2450 dictae
1516 2415 1763 2461 praetensionis
1790 2419 1847 2448 aut
1861 2425 1960 2459 quae-

1206 2465 1265 2499 sito
1290 2466 1399 2499 colore
1424 2476 1480 2498 seu
1510 2465 1670 2499 solutione
1697 2463 1859 2508 aliquibus
1887 2474 1960 2508 per-

1206 2514 1292 2547 sonis
1321 2513 1545 2548 ecclesiasticis
1563 2514 1612 2547 vel
1641 2512 1873 2553 saecularibus,
1901 2513 1959 2546 ba-

1206 2563 1352 2603 renibus,
1380 2563 1554 2596 comitibus
1575 2567 1631 2596 aut
1655 2561 1838 2595 triremium
1866 2561 1956 2606 capi-

1206 2612 1320 2653 taneis,
1343 2612 1545 2653 castellanis,
1566 2610 1849 2655 gubernatoribus,
1872 2621 1962 2645 com-

1206 2661 1360 2695 missariis
1388 2672 1444 2695 seu
1478 2661 1672 2704 cuicumque
1704 2659 1817 2703 alteri,
1848 2660 1958 2695 cuius-

1959 282 2010 309 An.
2026 282 2054 310 C.
2075 281 2144 309 1³6⁶

2235 2287 2237 2291 i
2225 2251 2237 2276 D
2230 2231 2234 2234 Δ
2224 2182 2237 2209 Q«
2223 1819 2237 2170 v«.1mfflsm.kr..n*.;.
2227 1775 2237 1800 „uA
2223 1735 2237 1765 Νι.
2230 1695 2237 1722 ιι.

2222 3027 2227 3037 >
2216 2699 2237 3002 »m‘f-ftthwaeffi‘rv*
2223 2534 2237 2691 '‘s'i„sc.*·-'‘—7
2226 2506 2237 2517 3
2223 2472 2233 2483 a
