2237 3100
122 235 171 263 An.
189 234 218 263 C.
236 236 306 265 1560

120 299 251 318 ειῑιιιιῡοιιυηι
268 304 305 319 ra·-
319 288 587 322 eonstitutionum
605 287 792 321 reducimus
803 293 830 319 et
846 288 977 320 reducta
994 287 1072 323 sore,

120 329 184 353 duci13

319 342 428 385 ¹sieque
454 343 493 374 ab
521 341 734 385 infrascriptis
762 345 790 372 et
822 340 986 384 quibusvis
1006 340 1075 373 aliis

319 394 479 428 iudicibus
499 405 534 427 ac
552 395 725 437 praedictis
740 394 942 427 auditoribus
958 400 984 427 et
1003 405 1074 426 car-

317 448 499 484 dinalibus.
522 448 647 481 sublata
677 448 721 481 eis
747 454 775 481 et
802 458 915 480 eorum
943 448 1073 480 cuilibet

316 503 425 546 quavis
442 502 707 535 aliterimlicandi
731 508 758 535 et
782 501 1014 545 interpretamli
1032 502 1076 534 fa-

316 557 434 590 cultate
450 561 481 589 et
496 556 700 593 auctoritate,
716 555 850 588 iudicari
868 561 897 588 et
914 555 1073 598 interpre-

315 610 374 643 tari
391 610 518 649 debere,
535 620 570 641 ae
588 609 744 651 quicquid
761 618 1071 651 secusaquommm,

315 663 425 707 quavis
445 662 648 703 auctoritato,
663 662 802 695 scienter
810 662 858 694 vel
874 661 1071 703 ignoranter,

316 717 487 760 contigerit
513 715 682 756 attentari,
704 715 833 748 irritum
853 719 884 747 et
904 714 1000 747 inane
1021 715 1075 748 de-

316 770 493 803 cernimus.

361 825 375 867 ξ
395 824 424 858 6.
449 825 486 857 Et
503 824 714 857 nihilominus
740 832 854 856 omnes
881 827 911 855 et
931 821 1074 865 singulas

130 884 225 904 Advocat
239 884 302 904 etiam
319 877 388 911 lites
408 884 439 911 et
463 889 576 911 causas
596 879 753 911 hactenus
777 887 887 910 eoram
908 877 1074 919 quibusvis

114 916 306 971 ἶὲεῗθεῖῐιῗῗιῗὲἓζῗ
318 932 490 965 ordinariis
523 933 570 965 vel
597 931 750 975 delegatis
780 930 954 970 iudicibus,
977 930 1071 963 etiam

116 978 161 998 dein
177 984 247 998 corani
260 978 303 1004 qui·
320 985 324 990 ’

115 1009 244 1036 misc-umque
267 1010 302 1029 iu-

318 996 349 1017 1n
372 986 514 1019 Romana
535 985 642 1025 Curia,
661 985 872 1024 introductas,
893 989 924 1017 et
942 984 975 1017 in
996 996 1074 1027 qua-

115 1040 196 1061 ⁶⁶⁰³¹³¹³⁵
232 1042 301 1061 ΝΜ·
317 1050 457 1082 cunique
479 1039 628 1072 instantia
649 1044 761 1071 contra
785 1038 888 1071 dictos
912 1043 1072 1081 apostatas

115 1072 200 1095 ductas,
222 1077 300 1098 easque

115 1103 227 1122 summarie

116 1134 172 1153 iuxta

118 1166 196 1184 ti‘·n‹·¹u

280 1106 299 1122 ei
317 1093 361 1125 vel
382 1095 549 1126 translatos
568 1093 616 1125 vel
646 1092 723 1125 alias
747 1092 830 1125 inter
852 1092 980 1136 quasvis
1000 1104 1073 1136 per-

212 1134 301 1159 disposi-

212 1165 264 1185 §.n-as
280 1167 299 1184 ς.
316 1157 410 1179 sonas
426 1147 675 1191 praemissorum
692 1145 862 1179 occasione
879 1146 1069 1190 pendentes,

115 1203 157 1215 >1¹¹7
165 1201 221 1215 ΛΙῚΙΙΙΙ
246 1201 284 1215 0011

116 1229 158 1246 ‘t·t.
169 1231 299 1251 eognoscen-

288 1207 299 1209 ”
313 1201 407 1233 etiam
419 1201 443 1233 si
454 1201 628 1233 instructae
645 1201 719 1239 sint,
734 1201 773 1233 ad
789 1211 847 1233 nos
863 1201 1069 1241 advocainus;

115 1258 297 1308 ἷξιξπίξῖᾞὲξῑεῑᾞ
313 1265 349 1286 ac
371 1266 482 1287 causas
508 1261 570 1287 tatu
597 1255 635 1288 ad
656 1265 714 1287 nos
734 1255 914 1293 advocatas,
939 1254 970 1286 in
987 1260 1069 1287 statu

114 1320 235 1343 respective
263 1325 299 1338 or-
312 1313 340 1339 et
374 1308 521 1341 terminis
549 1308 666 1351 quibus
701 1307 921 1351 reperiuntur,
946 1318 1071 1341 reassu-

113 1350 298 1407 '„³.'.¹.',‡''2'{⁵⁵„p¹ss³„⁶222
314 1362 456 1398 mendas,
475 1372 600 1394 necnon
622 1372 719 1405 quam
741 1367 768 1394 et
791 1372 871 1405 quas
892 1371 1069 1404 quaecum-

113 1412 171 1431 ’ΜΞ
188 1414 298 1453 ’“”““ῗ“““
312 1426 374 1457 que
391 1425 546 1458 personae
564 1415 798 1448 ecclesiasticae
815 1415 1020 1458 etregulares
1033 1426 1070 1448 ac.

112 1442 188 1463 riorum
206 1445 234 1461 »tr
255 1458 260 1462 .

312 1468 406 1500 etiam
428 1469 622 1509 saeculares,
646 1479 773 1501 necnon
795 1474 981 1507 conventus,
1006 1470 1071 1502 col-

312 1522 393 1564 legia
410 1528 437 1555 et
463 1522 697 1562 universitates,
711 1521 795 1555 dicta
811 1522 993 1563 occasione,
1013 1535 1069 1556 sua

313 1576 342 1608 iu
366 1577 561 1620 praemissis,
576 1577 794 1609 communiter
810 1577 856 1608 vel
873 1576 1009 1617 divisim,
1021 1578 1070 1610 in-

312 1636 430 1664 teresse
454 1636 616 1675 putantes,
644 1637 755 1664 contra
781 1630 884 1663 dictos
908 1636 1070 1674 apostatas

310 1685 359 1717 vel
378 1685 548 1718 translatos
569 1691 622 1718 aut
644 1685 724 1717 alios
745 1694 983 1727 quoscumque,
1014 1696 1068 1717 ac-

311 1737 371 1771 tive
390 1739 439 1771 vel
460 1738 593 1782 passive,
617 1737 750 1771 civiliter
776 1738 823 1770 vel
844 1736 1066 1777 criminaliter,

312 1802 347 1823 ac
386 1793 516 1826 realiter
551 1798 579 1825 ct
614 1792 828 1835 personaliter
863 1791 910 1823 vel
944 1791 1068 1824 mixtim

312 1845 429 1878 liabent
450 1851 479 1879 et
502 1851 642 1887 movent,
661 1850 712 1878 aut
730 1845 851 1877 habere
871 1844 919 1877 vel
941 1854 1069 1879 movere

311 1899 413 1932 valent
435 1905 466 1933 et
484 1899 666 1939 intendunt,
690 1910 765 1932 cum
786 1898 936 1931 omnibus
956 1904 985 1931 et
1007 1899 1070 1931 sin-

311 1953 395 1996 gulis
419 1953 653 1994 incidentibus,
677 1952 946 1997 dependentibus,
967 1963 1070 1986 erner-

311 2007 471 2050 gentibus,
490 2008 621 2041 annexis
637 2013 665 2040 et
684 2006 848 2047 connexis,
866 2012 998 2050 totoque
1014 2017 1070 2040 ne-

312 2061 398 2103 gotio
420 2061 601 2105 principali,
616 2061 722 2105 quoad
742 2060 904 2105 professos
924 2060 1067 2093 videlicet

314 2114 348 2147 in
367 2115 450 2147 alma
470 2115 555 2147 Urbe
576 2120 607 2147 et
627 2115 695 2147 eius
715 2114 864 2147 districtu
885 2120 914 2147 et
936 2114 1017 2147 alios
1036 2114 1068 2146 in

313 2178 350 2200 ea
366 2174 561 2212 praesentes,
580 2169 696 2201 dilecto
718 2168 784 2201 filio
809 2172 918 2201 nostro
939 2167 1066 2207 Iacobo,

314 2222 398 2254 tituli
411 2222 544 2255 Sanctae
559 2223 675 2255 Mariae
692 2223 723 2254 in
739 2222 921 2263 Cosmedin‚
940 2223 1070 2267 presby-

314 2281 382 2308 tero
404 2275 570 2315 cardinali,
589 2276 715 2308 Sabello
735 2280 936 2320 nuncupato,
959 2282 1069 2309 nostro

314 2324 346 2357 in
368 2324 460 2357 dietis
480 2325 564 2357 [rbe
581 2330 610 2357 et
626 2325 772 2358 districtu
788 2325 906 2358 vicario
927 2327 1069 2369 generali

315 2386 370 2407 seu
389 2374 458 2407 eius
474 2374 719 2413 locumtenenti3
738 2380 824 2407 extra
839 2374 968 2408 Curiam
980 2387 1067 2417 vero,

315 2423 479 2457 ordinario
504 2423 567 2455 loci
598 2434 634 2456 ac
669 2423 828 2467 superiori
862 2425 1067 2462 monasterii,

317 2473 347 2505 in
375 2473 494 2516 quibus
520 2472 624 2515 prima
650 2477 679 2505 et
713 2472 886 2516 originaria
914 2473 1069 2517 professio

315 2532 373 2566 per
397 2521 574 2565 quemlibet
606 2532 642 2554 ex
670 2521 821 2565 apostatis
854 2528 885 2555 et
909 2523 1071 2556 translatis

313 2570 487 2615 praedictis
508 2570 623 2603 emissa
651 2570 822 2611 asseritur,
842 2581 970 2605 necnon
991 2572 1071 2605 obti-

315 2619 404 2654 nenti
424 2619 561 2664 primam
582 2619 769 2663 dignitatem
796 2619 830 2652 in
855 2620 991 2654 ecclesia
1020 2631 1071 2654 ca-

394 2673 470 2704 Bull.
494 2673 572 2703 Rom.
593 2673 646 2703 Vel.
670 2672 726 2703 ΠΙ.
933 2674 950 2703 3

1000 234 1069 258 Ptrs
1092 234 1125 257 IV
1146 235 1194 257 PP.

1119 286 1253 318 thedrali
1283 296 1338 318 seu
1367 284 1626 328 metropolitana,
1658 287 1704 319 vel
1739 285 1791 318 alii
1828 298 1877 317 su—

1117 340 1237 383 periori
1255 339 1317 372 loci
1334 339 1522 372 huiusmodi
1545 350 1601 372 seu
1626 339 1800 382 antiquiori
1822 352 1875 373 ca-

1118 393 1235 426 nonico
1254 392 1642 436 protemporeresidenti,
1662 403 1718 434 per
1734 403 1789 425 cos
1801 404 1877 426 con-

1118 446 1273 485 iunctim,
1306 445 1378 478 visis
1399 444 1431 477 in
1452 445 1565 488 primis
1586 451 1617 477 et
1637 445 1809 488 diligenter
1829 446 1876 478 in-

1118 499 1235 544 spectis
1251 506 1280 533 et
1302 499 1489 531 examinatis
1510 499 1814 541 dispensationibus,
1833 501 1877 532 sa-

1118 553 1302 592 cultatibus,
1322 552 1459 585 licentiis
1475 558 1505 585 et
1525 551 1656 584 indultis
1673 563 1730 595 per
1745 552 1875 585 eosdem

1118 612 1276 650 apostatas
1297 612 1327 639 ct
1353 606 1522 638 translatos
1551 605 1794 648 quomodolibet
1821 606 1878 639 ob-

1118 660 1227 701 tentis,
1251 672 1286 693 ac
1307 660 1513 704 processibus
1543 660 1684 703 desuper
1709 659 1826 692 habitis
1847 665 1877 693 et,

1117 714 1223 745 causis
1243 714 1274 745 in
1309 713 1354 745 eis
1387 713 1532 756 allegatis
1557 717 1683 745 mature
1709 711 1873 750 discussis,

1116 778 1152 799 ac
1174 773 1270 810 prout
1291 767 1412 800 iustum
1434 772 1464 799 ct
1485 777 1626 810 aequum
1647 766 1744 799 suerit
1769 766 1876 800 verili-

1117 821 1194 853 catis
1215 827 1240 853 et
1266 821 1419 864 probatis,
1433 821 1621 860 summarie,
1638 820 1828 864 simpliciter
1844 826 1875 854 et

1116 875 1155 907 dc
1181 875 1290 918 plano,
1322 886 1359 907 ac
1385 874 1451 907 sine
1483 874 1618 918 strepitu
1644 880 1673 907 et
1698 874 1801 917 figura
1826 874 1875 907 iu-

1116 927 1201 967 dicii,
1232 937 1267 960 ac
1295 928 1361 960 sola
1387 927 1516 960 veritate
1543 927 1706 971 inspecta,
1729 927 1873 970 appella-

1116 981 1201 1014 tione
1217 981 1406 1025 postposita,
1425 981 1618 1021 audiendas,
1634 981 1873 1023 cognoscendas

1115 1039 1145 1067 et
1165 1034 1251 1067 iuxta
1272 1034 1351 1067 iuris
1372 1039 1399 1067 et
1417 1045 1583 1067 sacrarum
1605 1033 1871 1067 constitutionum

1114 1087 1357 1131 dispositionem
1369 1087 1431 1120 tine
1440 1087 1547 1120 debito
1557 1087 1776 1120 terminandas
1784 1099 1871 1121 com-

1115 1141 1271 1174 mittimus
1293 1146 1320 1174 et
1344 1141 1547 1173 mandamus.

1158 1194 1172 1237 g
1194 1195 1223 1227 7.
1247 1196 1291 1227 Ac.
1312 1193 1433 1227 eisdem
1454 1193 1617 1226 iudicibus
1633 1204 1745 1227 omnes
1762 1200 1791 1227 et
1808 1194 1871 1226 sin-

1113 1248 1206 1291 gulos
1226 1248 1390 1292 praedicta
1410 1247 1579 1280 occasione
1596 1247 1751 1288 citandos,
1774 1247 1868 1280 etiam

1113 1313 1171 1345 per
1204 1301 1346 1335 edictum
1383 1301 1570 1344 publicum,
1602 1301 1751 1341 constito,
1774 1301 1868 1335 etiam

1113 1355 1288 1388 summarie
1301 1361 1331 1388 et
1347 1354 1641 1395 extraiudicialiter,
1659 1354 1697 1387 de
1718 1365 1785 1387 non
1800 1360 1869 1388 tuto

1113 1420 1256 1449 accessu,
1285 1409 1420 1447 citandi3
1438 1418 1565 1441 necnon
1583 1408 1646 1440 illis
1661 1413 1691 1440 et
1708 1407 1778 1441 aliis
1799 1409 1871 1452 qui-

1112 1463 1184 1503 bus,
1207 1463 1274 1503 ubi,
1298 1462 1428 1506 quando
1449 1468 1479 1495 et
1503 1462 1628 1505 quoties
1653 1473 1735 1506 opus
1760 1462 1867 1501 fuerit,

1112 1517 1207 1549 etiam
1229 1517 1288 1549 sub
1313 1517 1496 1556 sententiis,
1528 1516 1673 1549 censuris
1702 1522 1732 1549 et
1758 1517 1871 1560 poenis

1112 1570 1338 1603 ecelesiasticis
1357 1581 1393 1603 ac.
1415 1569 1510 1603 etiam
1537 1569 1731 1613 pecuniariis
1756 1581 1869 1603 eorum

1112 1623 1244 1656 arbitrio
1277 1623 1493 1668 imponendis,
1526 1623 1731 1656 moderandis
1759 1629 1787 1656 et
1817 1634 1871 1667 ap-

1113 1677 1280 1720 plicandis,
1310 1677 1404 1710 etiam
1427 1688 1484 1721 per
1505 1677 1647 1710 edictum
1668 1677 1837 1720 publicum
1857 1677 1867 1699 ¹

1112 1731 1216 1764 simile
1262 1731 1450 1770 inliiheudi3
1488 1741 1614 1763 necnon
1644 1742 1870 1774 quoscumque

1112 1786 1271 1823 apostatas
1288 1787 1318 1814 et
1336 1782 1506 1814 translatos
1522 1781 1721 1820 huiusmodi,
1736 1780 1871 1824 quisine

1112 1830 1267 1863 canonica
1309 1830 1546 1874 dispensatione
1584 1835 1639 1862 aut
1676 1830 1805 1863 lieentia
1840 1831 1871 1863 in

1112 1880 1241 1913 saeculo
1261 1880 1370 1922 vagari
1396 1879 1515 1923 reperti
1543 1879 1675 1919 suerint,
1699 1879 1737 1912 ad
1759 1890 1870 1913 mona-

1111 1929 1218 1969 steria,
1242 1940 1259 1961 a
1284 1928 1402 1972 quibus
1423 1928 1599 1968 exiverunt,
1621 1935 1672 1962 aut
1691 1929 1753 1961 alia
1774 1940 1870 1972 regu-

1112 1978 1188 2011 laria
1210 1979 1256 2011 vel
1278 1979 1339 2011 alia
1360 1978 1493 2011 honesta
1513 1978 1596 2018 loca,
1627 1984 1722 2021 prout
1745 1978 1870 2012 melius.

1112 2039 1170 2072 pro
1192 2028 1336 2072 ipsorum
1363 2027 1545 2060 animarum
1569 2028 1683 2067 salute,
1703 2028 1747 2060 eis
1766 2027 1868 2060 visum

1112 2078 1217 2118 suerit,
1244 2087 1343 2121 super
1367 2087 1432 2120 quo
1457 2077 1603 2120 ipsorum
1630 2076 1774 2109 iudicum
1796 2088 1870 2110 con-

1111 2127 1277 2160 scientiam
1291 2137 1475 2165 oneramus,
1488 2126 1603 2159 reverti
1621 2137 1677 2158 seu
1695 2126 1814 2159 intrare
1829 2127 1870 2160 l'a-

1112 2176 1217 2209 ciendi
1235 2181 1263 2208 et
1274 2175 1504 2219 compellendi;
1518 2186 1553 2207 ac
1566 2185 1783 2218 quaecumque
1794 2175 1866 2211 alia,

1111 2236 1193 2269 quae
1216 2236 1274 2269 per
1294 2236 1349 2258 cos
1369 2225 1400 2257 in
1414 2224 1600 2268 praemissis
1611 2229 1728 2257 statuta
1740 2230 1769 2257 ct
1786 2225 1869 2257 ordi-

1112 2280 1184 2307 nata
1200 2274 1331 2314 suerint,
1349 2274 1464 2307 debitae
1479 2272 1660 2307 executioni
1674 2273 1870 2306 demandan-

1111 2324 1155 2364 (ἰὴ
1169 2335 1204 2357 ac
1214 2334 1438 2368 quascumque
1455 2321 1663 2355 executiones
1676 2333 1733 2365 per
1742 2322 1870 2365 quosvis

1112 2373 1236 2406 iudices
1257 2373 1438 2406 ordinarios
1453 2373 1500 2404 vel
1524 2372 1687 2414 delegatos
1704 2371 1735 2403 in
1757 2371 1817 2403 vim
1835 2371 1870 2403 li·

1111 2428 1255 2455 terarum
1286 2421 1544 2465 praedecessoris
1577 2420 1764 2453 huiusmodi
1793 2420 1871 2453 alias

1112 2477 1225 2504 contra
1241 2471 1319 2504 iuris
1334 2471 1472 2504 sormam
1489 2471 1599 2511 saclas,
1618 2480 1715 2502 causa
1730 2470 1868 2512 cognita,

1113 2521 1306 2554 retractandi
1327 2527 1355 2554 et
1381 2519 1571 2553 annullandi
1591 2524 1621 2552 et
1641 2519 1673 2551 in
1696 2519 1867 2563 pristinum

1113 2577 1230 2604 statum
1242 2570 1432 2611 reducendi,
1447 2569 1699 2603 contradictores
1710 2568 1866 2613 quoslibet

1151 2635 1160 2660 1
1183 2634 1298 2661 Cherub.
1316 2638 1342 2660 et
1355 2633 1449 2661 Manli.
1473 2634 1598 2660 omittunt
1615 2634 1748 2665 publicam
1768 2632 1803 2665 (n.
1819 2631 1868 2665 τ,),

1892 234 1940 259 An.
1963 232 1992 259 C.
2010 233 2078 259 1:560

1943 1206 2072 1228 facultatem

1885 1239 1964 1259 eisdem
1996 1240 2071 1259 intici-

1884 1269 1921 1289 tuis
1933 1271 2030 1290 mne-eutii
2049 1274 2069 1290 nt

1885 1307 1996 1320 summario
2020 1307 2071 1327 pro-

1884 1332 1960 1351 cedant
1977 1333 2014 1350 eli·⁴
