2237 3100
440 280 715 323 derogatoriaruin
733 279 951 323 ‹lerogatoriis‚
970 279 1185 311 irritantilnis-

440 344 503 376 que
531 338 561 367 et
581 332 651 366 aliis
675 334 812 365 decretis
840 332 1084 375 quomodolibet
1110 343 1186 365 con-

441 386 537 419 cessis
555 415 562 428 ,
594 386 790 419 confirmatis
810 392 836 418 et
860 385 987 429 saepius
1016 385 1184 419 innovatis.

439 440 561 479 Quibus
585 440 747 479 omnibus,
770 439 894 472 etiamsi
915 440 953 473 de
974 439 1035 473 illis
1055 451 1187 474 eorum-

439 504 502 536 que
523 493 595 525 totis
615 493 780 526 tenoribus
800 492 965 536 specialis,
988 493 1135 536 specifica
1158 500 1188 527 et

439 546 599 579 individua
611 545 731 579 mentio
744 557 799 579 seu
811 547 941 590 quaevis
952 546 1011 579 alia
1026 548 1187 591 expressio

440 599 583 631 habenda
606 600 683 632 foret
702 627 708 640 ,
730 611 842 633 eorum
863 605 1011 641 tenores,
1038 612 1075 633 ae
1100 602 1124 634 si
1150 602 1187 635 de

437 653 533 685 verbo
549 653 588 686 ad
607 653 753 694 verbum,
772 653 850 686 nibil
868 654 995 697 penitus
1009 655 1140 696 omisso,
1159 661 1186 687 et

439 707 539 739 fornia
548 707 579 739 in
590 706 651 739 illis
662 707 774 740 tradita
785 707 960 747 observata,
970 708 1189 742 insererentur

438 761 660 802 praesentibus
678 788 685 801 ‚
717 771 775 805 pro
810 762 1006 795 sufficienter
1031 764 1188 807 expressis

436 812 603 853 habentes,
625 815 687 847 illis
721 815 798 847 alias
828 815 859 848 in
880 827 937 848 suo
966 816 1082 849 robore
1113 828 1186 860 per-

440 868 612 909 mansuris,
636 869 694 902 bae
711 869 777 902 rice
799 870 1024 910 dumtaxat,ad
1038 871 1187 904 effectum

438 922 670 964 praesentium,
693 923 874 967 specialiter
909 929 939 956 et
963 935 1110 968 expresse
1133 926 1187 958 de-

438 985 602 1017 rogamus,
624 978 825 1020 caeterisque
851 978 1021 1011 contrariis
1053 980 1187 1022 quibus-

437 1039 591 1072 cumque.
614 1031 673 1063 Aut
696 1031 720 1063 si
739 1031 891 1065 fratribus
922 1033 969 1065 vel
995 1033 1189 1066 monialibus

437 1082 609 1125 praedietis
624 1085 671 1117 vel
687 1085 852 1128 quibusvis
872 1086 953 1126 aliis,
973 1087 1189 1120 communiter

436 1135 483 1167 vel
493 1136 627 1177 divisim,
644 1138 682 1171 ab
694 1139 875 1182 Apostoliea
888 1139 926 1172 sit
937 1139 1016 1173 Sede
1027 1140 1187 1173 indultum

437 1189 524 1233 quod
545 1190 705 1232 interdici,
727 1193 878 1237 suspendi
899 1194 947 1226 vel
967 1195 1187 1227 exeommuni-

438 1243 504 1276 cari
525 1254 590 1277 non
611 1246 731 1289 possint
768 1258 826 1290 per
845 1247 966 1280 litteras
998 1249 1188 1292 apostolicas

439 1307 503 1330 non
523 1298 676 1332 facientes
698 1300 825 1342 plenam
844 1306 872 1334 et
895 1312 1077 1344 expressam
1097 1314 1133 1336 ac
1149 1304 1188 1336 dc

438 1351 534 1384 verbo
558 1352 598 1384 ad
618 1353 751 1386 verbum
786 1355 824 1388 de
855 1354 979 1388 indulto
1004 1356 1188 1390 huiusmodi

439 1405 649 1440 mentionem.
825 1445 831 1452 ,

482 1458 547 1501 §fi
570 1460 726 1493 Volumus
758 1461 892 1506 insuper
921 1464 1007 1505 quod
1037 1474 1188 1507 praesen-

440 1511 520 1544 tium
540 1515 751 1558 transumptis
772 1520 829 1549 ete.

482 1565 596 1599 Datum
630 1568 749 1602 Romae
783 1571 868 1614 apud
898 1571 929 1604 S.
952 1571 1103 1612 Petrum,
1131 1572 1190 1605 sub

438 1620 559 1653 annulo
571 1620 741 1656 Piscatoris
761 1623 811 1657 die
826 1635 901 1658 xxm
918 1624 999 1666 iulii,
1018 1625 1190 1660 millesimo

438 1673 697 1717 quingentesimo
717 1678 914 1721 sexagesimo
934 1684 1058 1721 octavo,
1081 1681 1189 1724 ponti-

440 1726 553 1760 ficatus
568 1731 668 1763 nostri
689 1741 773 1764 anno
798 1742 844 1765 111.

486 1784 546 1816 Dat.
569 1787 616 1817 die
635 1787 673 1818 ⁶23
692 1788 756 1819 iulii
778 1790 863 1827 1508,
883 1792 985 1829 pontif.
1004 1802 1081 1823 anno
1098 1802 1139 1824 111.

244 227 294 253 An.
310 226 339 253 C.
360 226 426 255 1568

289 1491 358 1511 Fidem
369 1493 423 1510 tran-

242 1525 328 1548 sumptu
346 1521 409 1542 addit.

780 1958 852 1991 CVI.

442 2032 565 2065 Contra
585 2034 728 2066 notarios
770 2039 798 2067 et
836 2035 932 2075 alios,
973 2039 1192 2080 responsiones

486 2097 613 2119 reorum
643 2087 914 2131 deposz'te'onesque
957 2093 1084 2124 [estimet
1116 2103 1191 2136 quo—

486 2141 655 2174 modolibet
673 2143 895 2185 propalantes,
920 2144 964 2176 vel
994 2146 1038 2177 ris
1064 2151 1120 2179 [tul
1148 2151 1191 2179 le-

485 2194 586 2227 stibus
606 2195 641 2227 in
660 2197 788 2229 seeretis
808 2198 987 2231 carceribus
1012 2200 1105 2232 Urbis
1142 2201 1193 2233 ‹Ic-

488 2249 600 2288 tentis,
623 2254 679 2283 aut
700 2250 774 2284 aliis
790 2261 850 2294 pro
866 2252 920 2292 eis,
941 2254 1097 2287 nuncium
1112 2254 1194 2296 (lesc-

487 2306 602 2336 rentes.

567 2384 630 2413 Pius
652 2384 721 2420 Papa
738 2385 768 2419 V,
789 2386 866 2414 motu
880 2386 1000 2422 proprio,
1022 2388 1075 2415 etc.

489 2459 574 2493 Licet
598 2465 709 2494 contra
744 2461 885 2495 notarios
910 2462 965 2505 qui
999 2462 1030 2494 in
1070 2463 1191 2505 causis,

302 2516 509 2554 approbandam
543 2513 762 2548 criininalilnis
794 2526 890 2559 quam
912 2515 1077 2556 civilibus,
1110 2517 1193 2550 dicta

255 2560 431 2580 constitutionum

248 2594 322 2612 eontra
352 2596 431 2618 wopa-
447 2566 574 2599 testium
594 2573 648 2601 aut
668 2579 799 2602 reorum
811 2569 1037 2613 responsiones
1049 2597 1056 2611 ,
1072 2570 1193 2614 absque

247 2623 317 2644 1me.
332 2625 369 2644 2¹⁶·
446 2618 561 2653 iudicis
603 2621 753 2664 decreto,
798 2623 944 2668 partibus
978 2623 1192 2667 patefaciunt,

1033 226 1209 250 RULLARIUM
1233 225 1383 250 ROMANUM

1996 224 2044 252 An.
2061 224 2092 251 C.
2110 224 2177 252 1568

1230 279 1348 311 multae
1369 279 1612 312 constitutiones
1631 280 1732 313 editae
1753 280 1834 322 sint,
1856 291 1976 324 eosque

1230 337 1393 375 tamquam
1407 332 1475 365 falsi
1488 343 1559 366 reos
1571 338 1601 365 et
1617 333 1751 367 infames
1770 346 1807 368 ac
1830 335 1978 380 periuros

1229 385 1336 429 puniri
1361 386 1478 420 debere
1503 391 1655 419 statutum
1676 387 1727 427 sit3
1749 388 1978 432 nibilominus,

1229 438 1304 481 quia
1320 439 1419 482 magis
1439 439 1570 473 timetur
1585 440 1671 483 quod
1688 440 1815 485 saepius
1835 448 1977 484 cavetur,

1229 497 1260 525 ct
1284 498 1318 525 ut
1338 493 1368 525 in
1396 494 1540 526 futurum
1561 493 1675 527 timore
1695 504 1835 539 poenae,
1869 496 1894 529 si
1914 507 1980 530 non

1229 545 1284 578 Dei
1308 546 1440 587 timore,
1468 552 1655 586 arceantur,
1683 558 1795 582 omnes
1815 554 1845 582 et
1869 549 1979 593 singu-

1230 600 1275 632 las
1296 610 1450 633 censuras
1465 607 1495 634 et
1510 611 1631 644 poenas
1650 607 1762 634 contra
1778 612 1843 643 eos,
1866 602 1922 646 qui
1937 608 1981 636 ta—

1230 653 1270 685 lia
1297 653 1513 697 deliquerint,
1553 655 1649 695 latas,
1683 655 1875 689 auctoritate
1900 667 1980 701 apo-

1229 707 1357 745 stolica,
1376 712 1486 741 tenore
1507 709 1726 752 praesentium
1747 710 1978 753 approbamus,

1230 761 1459 795 confirmamus
1475 768 1502 795 et
1522 762 1712 795 innovamus
1723 790 1730 804 ,
1748 774 1807 796 nee
1818 763 1856 796 de
1869 774 1981 797 earum

1230 815 1353 857 rigore,
1377 821 1509 860 propter
1533 816 1661 849 illarum
1696 818 1802 850 forsan
1832 817 1981 851 inobser-

1229 869 1385 909 vantiam,
1408 875 1460 902 aut
1488 870 1773 914 praedeeessorum
1794 876 1979 905 nostrorum

1229 927 1257 955 et
1275 922 1370 955 etiam
1392 928 1534 957 nostram
1555 935 1592 957 ac
1619 923 1807 958 officialium
1832 930 1863 959 et
1886 925 1980 960 mini-

1230 981 1370 1009 strorum
1405 978 1593 1011 eorumdem
1629 983 1659 1012 et
1690 984 1876 1012 nostrorum
1903 980 1983 1013 tole-

1230 1030 1364 1063 rantiam
1381 1058 1387 1070 ,
1414 1031 1589 1075 quiequam
1602 1033 1780 1065 relaxatum
1796 1037 1852 1066 aut
1871 1033 1982 1067 remis-

1230 1095 1300 1117 sum
1323 1095 1409 1125 esse,
1432 1096 1469 1118 ae
1490 1086 1617 1119 easdem
1639 1086 1671 1119 in
1691 1097 1750 1120 suo
1772 1086 1906 1129 pristino
1931 1098 1982 1121 ro-

1229 1138 1306 1171 bore
1328 1143 1358 1171 et
1378 1139 1485 1181 vigore
1512 1150 1704 1183 permanere
1723 1140 1930 1175 decernimus
1949 1147 1980 1177 et

1229 1192 1445 1225 declaramus.

1273 1246 1288 1289 ἓ
1313 1247 1344 1279 l.
1371 1247 1409 1279 Et
1429 1252 1463 1280 ut
1483 1258 1662 1291 poenarum
1683 1248 1844 1282 certitudo
1877 1249 1981 1284 omni-

1229 1300 1289 1333 bus
1309 1300 1361 1334 liic
1382 1301 1415 1334 in
1435 1302 1518 1334 alma
1539 1302 1622 1335 Urbe
1647 1307 1755 1336 nostra
1779 1303 1957 1338 innotescat
1970 1331 1978 1345 ,

2030 1263 2138 1292 Impositio
2155 1271 2167 1285 a

1995 1295 2069 1316 uarum
2097 1301 2152 1323 poen
2161 1302 2180 1316 a·

1995 1333 2039 1348 rum
2046 1330 2121 1348 contra
2131 1333 2177 1348 eos-

1230 1355 1412 1396 statuimus‚
1427 1355 1632 1389 decernimus
1649 1360 1679 1389 et
1694 1356 1898 1391 declaramus
1908 1369 1980 1392 om-
1994 1359 2049 1384 ‘¹⁶³¹'
2069 1358 2104 1380 “¹
2127 1365 2180 1379 ⁰¹¹³·
2228 1365 2237 1379 ”

1230 1419 1286 1441 nes
1311 1415 1339 1442 et
1365 1409 1508 1452 singulos
1534 1410 1694 1451 notario&
1726 1415 1789 1444 tam
1814 1411 1979 1457 principa-
1995 1395 2180 1458 ξὲἶῗοιῑεωςῗοιεζιῗ
2222 1426 2226 1427 ⁷

1231 1463 1275 1495 les
1295 1474 1392 1506 quam
1413 1463 1619 1505 substitutos,
1642 1469 1831 1499 executores
1850 1476 1981 1510 quoque
1995 1453 2180 1506 ssfsvffifssi'ssffissff

1231 1527 1267 1549 ac
1279 1527 1447 1550 carcerum
1462 1519 1620 1559 custodes,
1639 1524 1839 1563 ceterosque,
1851 1519 1980 1564 quibus,
2088 1523 2091 1527 '

1231 1576 1294 1603 tam
1315 1571 1423 1614 vigore
1447 1571 1495 1605 sui
1528 1572 1642 1612 officii,
1679 1583 1776 1615 quam
1797 1573 1874 1607 alias
1898 1584 1982 1618 quo—

1231 1625 1488 1669 modocumque,
1525 1636 1614 1666 reos,
1637 1626 1714 1659 dum
1744 1626 1776 1660 in
1797 1628 1982 1662 carceribus

1232 1679 1362 1713 secretis
1395 1680 1596 1720 detinentur,
1632 1680 1767 1714 facultas
1796 1681 1982 1726 alloquendi

1232 1733 1437 1775 conceditur,
1472 1734 1527 1777 qui
1549 1744 1679 1767 reorum
1700 1735 1926 1779 responsiones
1945 1747 1983 1771 ac

1231 1787 1360 1819 testium
1381 1787 1413 1820 in
1433 1787 1525 1820 dictis
1545 1787 1649 1821 causis
1664 1788 1882 1832 depositiones
1906 1800 1983 1834 pro-

1232 1841 1358 1884 palare,
1378 1841 1411 1874 in
1442 1846 1507 1874 toto
1526 1842 1573 1874 vel
1603 1841 1635 1873 in
1665 1847 1773 1886 parte,
1813 1842 1899 1876 dicto
1928 1848 1985 1876 aut

1232 1894 1333 1934 facto,
1355 1895 1523 1938 quibusvis
1556 1896 1720 1939 personis,
1746 1896 1984 1942 cuiuscumque

1233 1948 1437 1990 conditionis,
1452 1949 1682 1994 praerogativa:
1694 1954 1725 1983 et
1735 1950 1907 1993 dignitatis,
1920 1957 1984 1985 tam

1234 2002 1416 2035 mundanae
1437 2014 1534 2046 quam
1559 2003 1807 2045 ecclesiastieae,
1829 2004 1982 2048 existant,

1233 2056 1353 2099 absque
1370 2056 1501 2097 iudicis,
1524 2068 1633 2090 coram
1651 2068 1716 2101 quo
1732 2069 1829 2092 causa
1839 2059 1984 2102 vertitur,

1234 2115 1263 2142 et
1283 2111 1636 2155 procuratorisztisealis
1656 2112 1800 2154 licentia,
1823 2113 1893 2147 ausi
1913 2113 1984 2148 fue-

1234 2164 1316 2203 rint,
1351 2170 1402 2197 aut
1430 2165 1549 2198 eisdem
1576 2165 1639 2199 reis
1659 2171 1689 2198 et
1710 2166 1860 2208 testibus,
1882 2167 1985 2202 donec

1234 2217 1265 2250 in
1286 2219 1416 2251 secretis
1437 2219 1636 2260 retinentur,
1667 2220 1765 2254 etiam
1798 2221 1986 2266 quarumvis

1234 2282 1447 2316 personarum
1461 2299 1469 2314 ,
1492 2278 1527 2306 ut
1542 2284 1638 2318 supra
1651 2275 1894 2317 quomodolibet
1907 2287 1986 2320 qua-

1234 2325 1445 2367 lificatarum,
1481 2328 1529 2361 vel
1548 2328 1680 2362 nomine
1700 2329 1890 2363 eorumdem
1915 2340 1985 2364 reo-

1234 2389 1307 2411 rum
1328 2385 1358 2413 et
1376 2380 1519 2422 testitum
1533 2382 1581 2415 vel
1599 2382 1683 2424 aliis,
1702 2382 1797 2416 ctiam
1809 2387 1897 2417 extra
1913 2394 1984 2417 car-

1235 2439 1324 2463 ceres
1340 2429 1557 2471 existentibus,
1572 2432 1703 2465 nomine
1715 2433 1905 2466 eorumdem
1917 2443 1985 2466 car-

1235 2484 1433 2520 ceratorum,
1455 2479 1633 2521 nuncium,
1656 2481 1836 2525 epistolam,
1864 2481 1986 2516 litteras

1234 2528 1282 2559 vel
1302 2529 1355 2571 (ut
1374 2529 1468 2572 vulgo
1489 2529 1629 2572 dicitur)
1648 2530 1858 2564 ambasciatas
1886 2531 1983 2572 serre,

1234 2575 1355 2620 absque
1388 2577 1532 2611 eiusdem
1553 2578 1669 2612 iudicis
1701 2584 1732 2612 et
1765 2580 1985 2623 procuratoris

1235 2626 1352 2660 fiscalis
1371 2626 1516 2669 licentia,
1546 2628 1632 2661 ultra
1660 2638 1780 2673 poenas
1805 2628 1850 2662 eis
1875 2639 1894 2663 a
1913 2629 1985 2664 iure
