2237 3100
70 241 120 267 An.
137 239 165 267 C.
181 240 248 267 156&

88 1964 183 1985 Formam
199 1963 260 1984 elee-

75 2001 173 2023 mosynas
197 1994 260 2015 rotli-

76 2028 138 2053 gendi
155 2027 249 2053 apponit.

942 236 1009 259 PIUS
1033 236 1062 259 lv
1086 237 1133 259 PP.

269 293 534 337 praedecessores
554 297 680 324 nostros
707 301 743 323 ac
771 300 828 323 uos
855 295 886 322 et
905 289 1019 323 Sedem

269 345 466 390 praedictam
494 344 650 377 hactenus
678 343 920 387 quomodolibet
941 353 1019 375 con-

269 409 356 432 cessa
369 425 376 438 ‚

269 463 342 486 rum
362 458 489 486 tenores
510 452 731 495 praesentibus
747 461 804 494 pro
825 449 1023 483 sufficienter

270 506 429 550 expressis
456 506 628 545 habentes,
657 510 745 537 motu
781 504 913 547 proprio
934 509 1022 536 etex

269 565 356 593 certa
386 559 518 592 scientia
548 565 676 598 nostra,
699 558 811 590 eadem
834 557 1019 600 privilegia,

269 612 497 656 indulgentias,
507 612 601 644 etiam
615 611 784 656 plenarias,
796 616 823 643 et
836 610 914 642 alias
926 609 1023 642 sacul—

268 672 360 707 tates,
384 665 520 705 indulta,
542 665 684 708 aliasque
705 663 834 707 gratias,
851 673 924 706 quae
941 673 1023 705 prae-
1042 692 1044 694 .

268 722 331 753 sato
352 719 481 753 concilii
502 719 631 752 decreto
649 718 781 750 minime
800 717 1020 755 adversantur,

269 774 324 807 sed
352 774 399 806 illi
429 772 598 806 commode
624 771 766 815 coaptari
794 775 963 814 poterunt,
984 769 1023 801 ad

269 829 331 861 hoc
365 828 527 860 dumtaxat
548 831 583 858 ut
603 826 666 858 illis
685 825 837 858 omnibus
857 828 887 857 et.
915 823 1023 865 singu-

270 881 308 915 lis
327 881 412 914 idem
432 880 588 924 hospitale
609 884 641 911 et
664 879 733 911 eius
762 877 907 910 membra
932 876 971 909 ad
991 876 1023 908 id
1044 883 1046 895 ¹

270 946 328 979 per
347 935 502 968 dilectum
532 934 636 966 filium
662 932 897 965 Bel-nardinum
921 930 1022 973 Cyril-

269 990 337 1022 lum
362 988 401 1022 de
425 988 539 1031 Aquila
554 1014 561 1026 ,
580 986 784 1025 modernum,
813 990 843 1017 et
863 994 922 1028 pro
942 989 1023 1016 tem·
1044 980 1046 991 ¹

271 1053 350 1087 pore
369 1042 560 1074 existentem
582 1044 827 1084 praeceptorem
853 1037 928 1070 dicti
948 1037 1023 1069 hos-
1044 1030 1045 1040 ¹

271 1096 397 1140 pitalis,
421 1095 460 1128 ad
485 1094 554 1127 eius
574 1093 813 1137 beneplacitum
834 1092 866 1124 in
897 1089 1024 1135 scriptis

270 1148 466 1192 designanda
495 1154 525 1180 et
553 1146 787 1191 specificanda,
811 1146 896 1178 iuxta
923 1144 1025 1188 ipsius

270 1203 390 1236 decreti
426 1201 609 1235 conciliaris
642 1201 780 1233 solmam
806 1205 836 1232 et
856 1204 1022 1238 tenorem,

270 1256 406 1289 ubilibet
437 1255 583 1299 gentium
617 1254 683 1293 uti,
711 1253 773 1286 srui
802 1258 833 1285 et
859 1253 1022 1295 gaiide1e3

416 399 649 441 literarumque
683 398 822 440 desuper
861 397 1045 429 consecta-'

1706 224 1770 259 305

1064 289 1299 333 hospitaleque,
1322 289 1473 322 adversus
1496 288 1734 321 revocationem
1759 298 1816 320 no-

1066 348 1162 375 stram
1179 342 1379 381 huiusmodi,
1393 343 1488 386 plene
1504 341 1735 384 reintegratum
1748 352 1815 374 esse

1065 402 1094 429 et
1116 396 1252 429 censeri.

1108 450 1249 493 §5131
1270 450 1315 482 sic
1340 460 1398 493 per
1422 460 1503 493 quos
1507 459 1647 493 cumque
1669 450 1814 482 locoium

1065 476 1246 536 ordinaiios
1270 510 1299 535 et
1320 503 1399 536 alios
1420 503 1543 536 iudices
1568 508 1595 535 el
1629 503 1817 535 commissa-

1064 556 1270 598 1ios‹-1uaxis
1285 557 1474 589 auctoiitate
1493 558 1674 599 fungentes,
1692 556 1817 588 sublata

1065 610 1110 641 eis
1130 615 1157 642 et
1179 620 1292 642 eorum
1318 610 1449 643 cuilibet
1476 610 1586 654 quavis
1611 610 1704 642 aliter
1732 609 1817 642 iudi-

1065 663 1156 696 candi
1179 669 1206 696 et
1229 663 1461 706 interpretandi
1487 664 1637 696 facultate
1659 669 1688 696 et
1708 668 1818 696 aucto-

1064 716 1176 755 ritate,
1212 717 1346 749 iudicari
1382 723 1412 750 et
1446 717 1574 750 deliniri
1608 717 1737 750 debere.
1773 717 1818 750 Ac

1064 770 1223 814 quidquid
1257 781 1349 803 secus
1383 782 1481 815 super
1509 772 1558 804 his
1591 782 1608 804 a
1637 781 1815 815 quoquam,

1065 825 1175 868 quavis
1199 825 1406 863 auctoritate,
1429 825 1567 858 scienter
1587 825 1634 858 vel
1668 825 1819 867 ignoran-

1065 883 1124 917 ter,
1148 878 1317 921 contigerit
1337 879 1504 917 attentari,
1527 879 1655 911 irritum
1676 884 1706 911 et
1723 878 1818 911 inane

1065 931 1284 964 decernimus.

1109 988 1124 1027 ,ξ
1145 986 1174 1019 6.
1198 986 1266 1018 Non
1288 986 1490 1019 obstantibus
1506 987 1735 1029 praemissisac
1747 987 1818 1030 qui-

1065 1040 1173 1072 busvis
1192 1040 1389 1083 apostolicis,
1410 1050 1537 1073 necnon
1559 1040 1591 1072 in
1614 1041 1819 1083 provinciali-

1065 1093 1127 1125 bus
1147 1099 1174 1126 et
1197 1093 1403 1137 synodalibus
1423 1094 1571 1126 conciliis
1595 1094 1700 1133 editis,
1722 1105 1820 1137 gene-

1066 1146 1189 1178 ralibus
1216 1147 1265 1179 vel
1290 1147 1502 1190 specialibus,
1534 1147 1821 1180 constitutionibus

1067 1205 1098 1232 et
1117 1199 1377 1233 oidinationibus
1397 1211 1434 1233 ac
1454 1200 1607 1233 omnibus
1631 1201 1715 1240 illis,
1737 1212 1820 1244 quae

1067 1253 1099 1285 in
1134 1253 1256 1294 liteiis‚
1279 1254 1311 1286 in
1345 1255 1447 1299 ipsius
1480 1254 1648 1299 hospitalis
1682 1256 1820 1287 savorem

271 1311 397 1354 ipsique
426 1309 536 1342 fideles
564 1308 782 1351 indulgentias
801 1312 830 1339 et
851 1307 931 1340 alias
950 1317 1024 1349 gra·
1044 1317 1047 1372 ἓ
1067 1307 1238 1350 expeditis,
1263 1308 1434 1351 praedictis
1459 1318 1523 1341 non
1544 1307 1670 1341 obstare
1691 1318 1822 1340 conces-

270 1365 330 1397 tias
358 1364 391 1397 in
419 1363 465 1396 eis
492 1367 659 1396 contentas
686 1361 840 1404 consequi
869 1361 969 1393 libere
995 1366 1047 1394 et

271 1419 358 1452 licite
382 1418 506 1451 valeant
527 1417 561 1449 in
581 1416 733 1449 omnibus
759 1421 790 1448 et
814 1426 872 1459 per
892 1415 1021 1454 onmia,

271 1471 406 1516 perinde
432 1482 468 1504 ac
488 1471 512 1504 si
535 1469 695 1503 revocatio
715 1480 753 1502 ac
772 1469 913 1512 desuper
932 1479 1026 1513 expe-

271 1527 355 1560 ditae
370 1526 482 1559 literae
502 1530 631 1558 nostrae
652 1523 833 1567 praedictae.
854 1533 919 1556 non
940 1534 1026 1556 eina-

271 1585 417 1621 nassent,
439 1579 590 1623 hospitali
616 1579 751 1622 eiusque
773 1578 974 1621 praeceptori
995 1583 1025 1610 et

272 1635 419 1678 personis
439 1634 590 1677 praefatis
613 1633 646 1665 in
666 1638 875 1676 perpetuum,
899 1638 1025 1676 aposto·
1044 1637 1047 1649 ⁴

271 1689 334 1721 lica
349 1688 552 1727 auctoritate,
569 1693 680 1720 tenore
698 1687 929 1730 praesentium,
948 1696 1025 1730 qua—

271 1749 367 1785 tenus
387 1742 446 1775 sint
476 1742 508 1774 in
533 1752 607 1781 usu,
629 1747 659 1773 et
679 1740 856 1773 dummodo
888 1740 1026 1773 decretis

272 1797 403 1830 concilii
436 1795 623 1829 huiusmodi
658 1805 723 1828 non
757 1800 940 1838 repugnent
976 1794 1025 1826 vel

272 1851 508 1896 praeiudicent.

318 1906 332 1949 ἓ
351 1905 382 1938 4.
410 1904 566 1948 Quodque
583 1903 760 1948 publicatio
780 1903 926 1935 locorum
939 1930 946 1943 ,
969 1903 1025 1935 ad-

273 1959 384 1992 hibitis
417 1959 544 1991 duobus
577 1958 615 1990 de
636 1957 790 2000 capitulo,
826 1957 1027 2000 temporibus

273 2013 389 2046 debitis
416 2012 485 2045 fieri
512 2011 636 2051 debeat,
669 2011 773 2053 quiet
809 2011 1027 2054 eleemosynas

274 2067 401 2110 aliaque
439 2065 545 2097 oblata
578 2065 637 2097 sibi
673 2064 837 2097 charitatis
865 2064 1024 2104 subsidia,

275 2120 365 2153 nulla
390 2130 523 2162 prorsus
544 2118 693 2151 mercede
713 2124 860 2161 accepta,
890 2118 1028 2151 fideliter

275 2174 382 2217 colligi
404 2180 433 2206 et,
456 2173 494 2205 ad
515 2172 665 2205 effectum
686 2173 900 2215 praemissum
921 2173 1027 2205 consi-

275 2228 366 2271 gnari
401 2227 553 2265 debeant,
584 2226 785 2258 restituimus
817 2236 854 2258 ac
879 2226 917 2259 de
946 2236 1027 2259 novo

276 2281 487 2315 concedimus
507 2286 537 2313 et
552 2280 740 2323 elargimur:
759 2290 795 2311 ac
817 2279 901 2313 idem
921 2279 1029 2323 hospi-

277 2337 351 2375 tale,
373 2336 525 2368 adversus
549 2335 658 2367 literas
677 2339 802 2366 nostras
822 2333 1026 2375 huiusmodi,

277 2385 384 2429 quoad
404 2385 592 2428 praemissa,
621 2384 653 2415 in
682 2383 855 2427 pristinum
881 2388 909 2415 et
931 2394 1005 2416 eum
1020 2410 1027 2423 ,

279 2435 311 2467 in
341 2445 405 2478 quo
435 2440 508 2466 ante
538 2433 657 2465 dictam
682 2432 921 2464 revocationem
941 2438 1028 2472 erat,

280 2489 396 2516 statum
422 2483 612 2526 reponimus
632 2487 662 2514 et
688 2481 832 2524 plenarie
852 2481 1030 2523 reintegra-

281 2543 363 2565 mus.
386 2532 430 2565 Ac
451 2532 627 2575 privilegia,
644 2530 872 2573 indulgentias,
895 2531 1030 2563 faculta-

280 2588 339 2621 tes,
356 2581 481 2614 indulta
501 2586 529 2613 et
551 2581 628 2613 alias
647 2579 766 2623 gratias
786 2579 971 2612 huiusmodi
986 2580 1031 2612 di-

281 2636 332 2664 cto
351 2630 502 2674 hospitali
523 2629 668 2662 restituta
681 2635 709 2662 et
722 2629 760 2662 dc
771 2639 851 2663 novo
863 2639 1028 2671 concessa,

360 2683 435 2715 Ball.
457 2683 534 2714 Rom.
555 2683 609 2714 Vol.
631 2682 687 2714 Vll.
854 2682 892 2714 39

1045 1466 1048 1479 t

1068 1372 1139 1393 sum
1175 1362 1455 1406 tuit,cete11sque
1481 1367 1573 1395 conti
1576 1372 1652 1395 ains
1685 1361 1821 1405 quibus-

1068 1426 1220 1458 cumque.

1112 1469 1226 1502 Datum
1250 1470 1370 1503 Romae
1390 1471 1477 1514 apud
1497 1470 1650 1503 Sanctum
1673 1471 1816 1511 Petrum,

1067 1524 1127 1556 sub
1143 1525 1264 1557 annulo
1284 1525 1467 1565 piscatoris,
1481 1525 1532 1558 die
1548 1525 1722 1558 undecima
1733 1531 1819 1559 octo-

1066 1578 1149 1618 bris,
1174 1579 1346 1612 millesimo
1369 1579 1629 1622 quingentesimo
1664 1580 1821 1622 sexagesi-

1067 1642 1119 1664 mo
1145 1639 1272 1676 quarto,
1291 1633 1498 1676 pontificatus
1514 1634 1613 1667 nostri
1631 1644 1716 1666 anno
1736 1643 1766 1666 v.

1107 1690 1167 1720 Dat.
1187 1691 1233 1721 ilie
1254 1692 1285 1720 ll
1305 1692 1533 1730 octobris1564,
1550 1692 1649 1731 pontif.
1670 1702 1745 1722 anno
1758 1701 1784 1722 v.

1414 1853 1473 1887 CII.

1068 1932 1251 1964 Prohibitio
1279 1932 1547 1974 conficlentiurzmz
1583 1932 1819 1974 beneficiulinm

1112 1990 1139 2018 cl
1161 1987 1333 2018 reservatio
1353 1986 1558 2028 dispositioni
1576 1985 1668 2018 Sedis
1687 1986 1821 2028 Aposto-

1113 2041 1192 2073 Iicae
1225 2052 1494 2084 quorumcwuqne
1527 2041 1752 2083 beneficiorum
1787 2042 1821 2072 in

1114 2095 1346 2137 confidentiam
1372 2099 1588 2137 receptorum,
1610 2105 1681 2126 cum
1702 2104 1821 2137 poenu-

1115 2160 1187 2181 rum
1208 2149 1388 2192 ittslictionc
1409 2149 1440 2181 in
1470 2148 1655 2180 huiusmodi
1674 2148 1822 2180 criminis

1115 2214 1193 2235 reos.

1159 2284 1221 2314 Pius
1241 2284 1382 2320 episeopus
1404 2291 1500 2312 servus
1523 2290 1662 2312 servorum
1680 2283 1734 2316 Dei,

1206 2339 1240 2367 ad
1269 2340 1429 2375 perpetuam
1459 2339 1501 2367 rei
1519 2338 1688 2366 memoriam.

1115 2420 1298 2453 Romanum
1320 2419 1510 2452 Pontificem
1539 2419 1571 2451 in
1592 2419 1715 2452 excelsa
1736 2419 1822 2452 mili-

1072 2474 1169 2506 tantis
1192 2473 1353 2506 Ecclesiae
1379 2473 1510 2517 specula
1530 2472 1755 2513 constitutum,
1776 2473 1823 2505 vi-

1072 2527 1153 2569 giles
1172 2527 1290 2560 mentis
1310 2527 1422 2560 oculos
1453 2536 1518 2558 non
1534 2526 1639 2559 solum
1660 2526 1693 2558 in
1713 2526 1824 2559 absen-

1073 2581 1154 2614 tium
1175 2581 1357 2621 extendere,
1381 2580 1435 2613 sed
1456 2580 1659 2623 potissimum
1678 2580 1713 2612 in
1733 2591 1824 2624 prae-

1073 2635 1213 2669 sentium
1234 2635 1552 2679 domesticorumque
1577 2634 1713 2668 fratrum
1733 2639 1763 2668 et
1785 2634 1823 2667 fi-

1831 234 1880 260 An.
1897 233 1926 261 C.
1948 235 2013 262 ¹56st

1832 465 1867 485 cta
1870 466 1930 486 usula
1945 466 2018 486 subla-

1834 500 1855 517 [ὃ
1873 499 1910 516 tic.

1859 1000 1969 1021 clausulae
1982 1001 2020 1021 dc-

1834 1034 1962 1058 rogatoriam.

1865 2431 1982 2454 Exordium,
