2237 3100
263 274 312 301 An.
330 274 359 302 C.
381 274 446 302 1562

288 654 342 675 Tam
358 661 395 681 pro
410 660 444 675 co<

261 687 300 714 ptis
316 687 442 707 inditiorum.

312 1025 444 1046 notariorum

260 1056 358 1083 Capitolii
404 1062 445 1076 nu-

261 1092 338 1111 merus,
358 1086 443 1111 electio,

260 1121 295 1137 ΗΟ.

288 1505 342 1526 Tau
360 1510 446 1527 eorum<

262 1537 317 1558 dem.

304 2040 447 2061 Protonotarii

262 2074 283 2092 et
304 2072 381 2092 notarii
404 2073 448 2092 cri—

262 2102 345 2123 miualis
352 2102 448 2128 Capitolii

261 2136 316 2154 taxa.

318 2418 450 2440 Exti-actuum

263 2452 351 2471 taxatio.

505 264 569 290 6)Φο

507 290 570 299 ...a-a

1061 270 1241 296 BULLARIUM
1261 271 1413 295 ROMANL'M

2026 268 2075 296 An.
2093 268 2122 296 C.
2142 268 2209 298 ¹562

462 329 539 362 dum
574 333 605 362 et
644 325 876 361 miserabilium
916 335 1129 369 personarum
1168 324 1215 357 vel
1257 324 1443 368 receptione
1460 323 1534 357 dicti
1547 328 1707 357 extractus
1722 328 1923 357 correctores
1940 322 2011 356 abs-

462 382 639 421 aliastales,
658 382 689 414 in
705 381 824 424 quibus
839 379 1001 413 executive
1017 378 1214 423 proceditur,

462 435 488 469 si
514 435 759 469 commissiones
784 433 1050 478 supervenerint,
1080 432 1216 475 registra

462 489 623 522 conficere
644 489 777 533 possint,
800 492 921 520 servata
941 497 1069 530 semper
1090 486 1121 518 in
1143 485 1215 519 reli-

461 542 533 584 quis
548 543 651 574 forma
671 541 746 574 dicti
767 545 874 573 motus
894 540 1017 583 proprii
1038 540 1150 573 nostri.

505 596 519 639 ξ
539 595 590 628 63.
619 596 681 628 Nec
700 606 758 639 pro
779 595 871 638 copia
891 594 1099 634 indiciorum,
1118 605 1215 638 quam

462 648 674 681 effectualiter
695 659 751 680 reo
772 658 836 681 non
858 647 1017 686 dederint,
1040 647 1215 690 quicquam

460 701 647 744 percipere,
675 700 736 733 nisi
763 701 835 733 loco
857 700 972 733 arrhae
1006 700 1158 737 babeaut;
1186 705 1218 733 et

460 754 515 786 ubi
544 764 619 786 reus
644 753 784 797 amplius
811 753 912 797 ipsam
939 753 1066 796 copiam
1096 753 1216 785 habere

461 807 612 847 noluerit,
635 807 730 839 etiam
751 807 839 850 quod
868 806 998 838 arrham
1025 806 1159 845 dederit,
1177 806 1216 838 ab

460 860 529 903 ipso
556 871 621 893 non
649 860 792 903 exigant,
830 859 891 892 nisi
919 870 978 903 pro
1011 864 1079 892 rata
1104 859 1216 903 copiae

460 912 636 946 confectae.

505 967 519 1010 ξ
536 966 589 1000 64.
608 967 729 999 Notarii
744 966 909 1010 capitolini
923 966 1138 1000 deservientes
1154 967 1217 1000 col-

461 1019 648 1052 lateralibus
682 1019 838 1052 senatoris
880 1030 938 1062 pro
968 1020 1120 1053 actuariis
1151 1030 1216 1052 non

461 1073 582 1116 possint
604 1084 671 1106 esse
698 1074 781 1106 ultra
806 1083 981 1106 numerum
1002 1073 1133 1115 viginti,
1157 1084 1216 1107 nec

461 1126 561 1170 recipi
582 1127 641 1159 nisi
663 1132 784 1159 servata
805 1127 907 1159 forma
932 1132 1139 1167 statutorum,
1162 1128 1215 1159 sed

460 1179 498 1212 ad
520 1180 641 1213 dictum
668 1190 843 1213 numerum
868 1181 1065 1213 reducantur
1085 1181 1124 1212 ad
1150 1181 1215 1213 cle-

461 1233 600 1266 ctionem
612 1233 805 1266 senatorisct
824 1239 1098 1274 conservatorum,
1114 1239 1143 1267 et
1160 1245 1218 1278 per

462 1297 493 1318 se
525 1286 611 1330 ipsos
637 1297 746 1319 coram
773 1287 1014 1320 collateralibus
1040 1292 1108 1320 acta
1139 1298 1217 1320 con-

461 1339 620 1380 scribant,
643 1340 836 1383 nullumque
857 1340 945 1372 aliud
966 1340 1107 1373 osticium
1130 1346 1219 1373 nota-

461 1392 560 1425 riatus
581 1393 613 1426 in
634 1393 695 1426 alia
715 1393 826 1437 quavis
847 1393 937 1426 curia
957 1394 1134 1427 obtineant.

505 1447 519 1489 ξ
539 1446 592 1480 65.
616 1446 652 1479 Et
672 1452 736 1479 tam
758 1446 818 1490 ipsi
847 1457 945 1490 quam
974 1447 1071 1480 ceteri
1102 1448 1218 1480 notarii

461 1499 631 1533 Curiarum
650 1499 809 1544 Capitolii,
832 1511 869 1533 ac
887 1500 983 1532 etiam
1005 1500 1108 1533 scriba
1129 1512 1219 1533 sena-

461 1558 512 1586 tus
533 1557 561 1585 et
583 1553 776 1586 secretarius
796 1558 1073 1593 conservatorum,
1093 1564 1151 1596 pro
1168 1564 1219 1587 eo-

462 1617 535 1639 rum
556 1607 717 1647 mercede,
742 1617 806 1639 non
827 1606 985 1651 accipiant
1010 1607 1093 1639 ultra
1114 1612 1218 1640 taxam

463 1660 507 1692 eis
532 1670 549 1692 a
577 1660 701 1693 statutis
721 1660 907 1699 limitatam3
930 1666 958 1693 et
981 1660 1036 1693 ubi
1058 1671 1122 1693 non
1143 1660 1179 1693 sit
1202 1672 1219 1693 a

462 1713 587 1746 statutis
607 1713 752 1753 limitata,
776 1714 861 1746 iuxta
886 1719 990 1746 laxam
1016 1714 1218 1747 notariorum

462 1776 632 1798 causarum
647 1766 786 1799 civilium
799 1766 1026 1809 gubernatoris
1046 1767 1217 1810 accipiant,

463 1825 597 1862 excepto
613 1819 739 1852 notario
760 1820 988 1863 magistrorum
1008 1820 1144 1859 viarum,
1164 1821 1219 1864 qui

463 1872 646 1905 indistincte
658 1873 785 1915 exigere
797 1873 897 1916 possit
908 1874 1088 1906 secundum
1101 1874 1218 1906 dictam

462 1931 568 1958 taxant
587 1926 792 1959 notariorum
812 1926 1050 1969 gubernatoris.

506 1979 521 2022 ξ
542 1978 595 2012 66.
618 1980 653 2012 In
678 1979 903 2013 criminalibus
933 1991 1006 2012 vero
1028 1985 1218 2023 protonota-

463 2032 530 2064 rius
563 2038 593 2065 et
621 2032 766 2066 notarius
794 2032 1032 2066 maleficiorum
1063 2034 1221 2066 senatoris

465 2090 567 2118 [axam
589 2086 705 2119 notarii
726 2086 758 2119 in
774 2086 998 2119 criminalibus
1014 2086 1089 2119 dicti
1106 2087 1221 2129 guber-

465 2138 595 2179 natoris,
609 2144 705 2182 prout
721 2144 752 2172 et
762 2139 879 2172 notarii
894 2139 1030 2172 aliarum
1044 2139 1219 2179 curiarum,

465 2191 562 2224 etiam
596 2192 752 2225 auditoris
787 2197 817 2225 et
845 2191 966 2232 vicarii,
987 2192 1167 2233 observent,
1191 2199 1221 2226 et

465 2244 545 2278 nihil
561 2246 645 2278 ultra
662 2256 870 2290 quocumque
889 2251 1055 2290 praetextu
1072 2246 1220 2290 accipere

465 2298 617 2332 audeant.

509 2356 524 2399 ξ
544 2356 597 2389 67.
620 2357 690 2390 Non
710 2357 855 2390 deserant
874 2356 991 2390 notarii
1013 2357 1146 2400 praelati
1162 2357 1219 2390 Ca-

467 2413 569 2457 pitolii
589 2421 749 2448 extractus
764 2416 803 2448 ad
821 2415 955 2455 iudices,
968 2414 1028 2446 nisi
1045 2415 1146 2458 prius,
1163 2426 1221 2459 per

466 2476 666 2505 correctores
685 2478 740 2505 aut
760 2484 817 2516 per
837 2483 939 2506 unum
961 2484 998 2505 ex
1018 2472 1063 2505 eis
1085 2473 1152 2513 visi,
1177 2478 1220 2505 ta-

466 2529 527 2561 xati
549 2529 679 2571 fuerint,
700 2530 833 2570 etnihil,
847 2535 976 2575 praeter
987 2531 1128 2572 arrham,
1147 2536 1219 2563 ante

467 2587 584 2620 dictam
602 2587 795 2621 taxationem
812 2589 957 2632 recipere
972 2589 1106 2633 possint,
1121 2600 1217 2633 quam

464 2645 657 2679 taxationem
688 2646 770 2679 intra
795 2647 970 2680 terminum
1000 2647 1097 2681 unius
1118 2647 1181 2680 diei
1202 2658 1220 2680 a

1257 389 1320 421 que
1340 379 1407 410 ullo
1428 378 1573 422 praemio
1600 377 1728 411 saciant.

1302 432 1316 474 ξ
1336 430 1389 464 68.
1413 432 1610 465 Eorumdem
1638 431 1841 464 notariorum
1861 431 2011 476 Capitolii
2078 437 2210 458 Notariorum

1258 484 1290 516 in
1310 489 1476 527 posterum
1497 485 1722 518 decedentium
1738 490 1768 518 et
1783 486 1878 519 etiam
1900 485 2012 519 defun·
2025 469 2121 520 {2353ss
2142 469 2212 526 35ιῖζῖ

1258 542 1385 570 otorum
1410 538 1565 571 haeredes
1594 544 1621 571 ct
1651 539 1850 583 quicumque
1880 539 1933 572 atii
1956 550 2010 573 eo·
2026 531 2211 582 ffurssffimssssef¹⁹“

1258 602 1329 623 rum
1351 591 1530 635 scripturas
1555 591 1745 633 detinentes,
1773 593 1857 625 intra
1876 593 2012 636 quinde-

1259 645 1321 678 cim
1342 645 1410 678 dies
1430 645 1469 678 ab
1490 645 1579 678 obitu
1598 646 1743 689 ipsorum
1763 647 1967 679 notariorum
1983 652 2014 680 et

1258 699 1487 742 publicationis
1504 700 1722 743 praesentium
1740 701 1913 744 respective
1928 711 2014 734 com-

1260 752 1431 794 putandos,
1454 753 1554 786 dictas
1575 753 1752 797 scripturas
1773 759 1803 787 et
1822 765 1942 788 nomen
1957 765 2014 787 no-

1260 805 1341 845 tarii,
1366 805 1458 839 cuius
1478 806 1610 847 suerint,
1634 807 1692 839 sub
1712 818 1817 850 poena
1833 807 2015 842 amissionis

1259 857 1418 891 dictarum
1440 859 1676 903 scripturarum
1696 865 1726 892 et
1746 859 1875 893 illarum
1891 862 2015 894 emolu-

1260 916 1458 953 mentorum,
1480 913 1654 946 secretario
1675 919 1937 947 conservatorum
1958 915 2014 948 de-

1259 965 1427 1005 nuncient,
1448 971 1478 998 et
1497 966 1661 1009 praefatus
1686 966 1878 1000 secretarius
1894 967 2014 1001 librum

1259 1022 1376 1058 teneat,
1398 1017 1431 1050 in
1452 1029 1516 1062 quo
1537 1018 1804 1052 denunciationes
1826 1020 2014 1054 huiusmodi

1260 1071 1387 1104 scribat.

1304 1124 1390 1168 §69.
1414 1125 1529 1158 Nullus
1556 1136 1591 1158 ex
1613 1126 1758 1166 notariis,
1786 1127 1883 1160 etiam
1910 1138 2014 1161 came·
2050 1136 2214 1162 Rogitusadre-

1259 1178 1382 1211 ralibus
1402 1184 1432 1211 et
1452 1178 1608 1211 auditoris
1632 1179 1796 1219 Gamerae,
1819 1190 1879 1213 nec
1900 1190 2014 1214 eorum
2028 1166 2138 1219 iffiiigum
2162 1173 2214 1194 ¹²¹⁰*

1260 1230 1422 1263 substituti
1443 1231 1482 1263 de
1503 1231 1737 1272 instrumentis,
1756 1243 1839 1275 quae
1860 1238 1948 1267 extra
1967 1233 2015 1267 iu-

1259 1284 1380 1316 dicium
1396 1284 1486 1325 fient‚
1500 1285 1539 1317 ad
1552 1285 1757 1318 referendum
1774 1286 1865 1319 alteri
1889 1287 2015 1320 notario

1260 1348 1317 1370 seu
1343 1338 1553 1379 connotario,
1577 1349 1608 1371 se
1638 1349 1750 1381 rogare
1786 1339 1929 1382 possint;
1960 1340 2015 1374 sed

1260 1391 1376 1423 notarii
1398 1391 1592 1435 principales
1612 1403 1671 1436 per
1690 1403 1722 1425 se
1746 1393 1844 1436 ipsos,
1858 1399 2014 1427 eteorum

1261 1444 1423 1477 substituti
1454 1456 1511 1488 pro
1539 1445 1616 1488 ipsis
1645 1445 1793 1486 notariis,
1820 1446 1852 1479 in
1873 1458 2015 1490 quorum

1261 1498 1374 1531 officiis
1395 1504 1652 1539 commorantur,
1679 1499 1717 1532 de
1739 1499 1963 1534 instrumentis
1982 1512 2016 1534 se

1261 1556 1384 1593 rogent,
1408 1561 1472 1584 non
1493 1557 1600 1584 autem
1621 1552 1659 1584 ad
1681 1551 1773 1584 alteri
1794 1553 2012 1587 referendum.

1305 1604 1319 1647 ξ,
1340 1604 1391 1637 70.
1415 1604 1479 1637 Nec
1499 1605 1621 1648 possint
1648 1605 1764 1638 notarii
1794 1606 1941 1640 omnium
1962 1618 2016 1641 cu-

1261 1657 1382 1690 riarum
1413 1658 1671 1701 supradictarum
1700 1659 1732 1692 in
1758 1659 1904 1693 futurum
1936 1660 2016 1693 obti-

1262 1722 1338 1744 nere
1370 1712 1464 1755 plura
1490 1712 1595 1745 officia
1621 1712 1799 1745 notariatus
1826 1713 1859 1745 in
1887 1713 2018 1747 diversis

1263 1765 1498 1805 tribunalibus,
1521 1766 1576 1799 sed
1611 1766 1716 1799 officia
1749 1767 1928 1800 notariatus
1954 1768 2017 1800 hu-

1262 1818 1401 1851 iusmodi
1444 1819 1528 1852 inter
1573 1830 1605 1852 se
1645 1819 1901 1864 incompatibilia
1939 1831 2016 1854 cen-

1263 1876 1406 1904 scantur.

1307 1925 1321 1967 ξ
1341 1925 1394 1957 71.
1418 1925 1455 1958 Et
1474 1931 1538 1958 tam
1560 1926 1620 1970 ipsi
1646 1926 1763 1959 notarii
1784 1938 1882 1971 quam
1904 1938 2018 1961 eorum

1263 1977 1426 2011 substituti
1448 1989 1513 2012 non
1535 1979 1658 2022 possint
1691 1990 1759 2013 esse
1790 1986 2020 2023 procuratores

1263 2030 1294 2063 in
1315 2031 1422 2071 Curia,
1445 2032 1477 2064 in
1497 2043 1562 2076 qua
1582 2033 1699 2066 notarii
1720 2038 1795 2066 sunt
1820 2039 1851 2067 et
1874 2034 2017 2068 officium

1263 2084 1427 2117 substituti
1447 2091 1609 2118 exercent,
2161 2131 2164 2133 -

1307 2139 1321 2181 ξ
1342 2138 1394 2171 72.
1422 2138 1577 2173 Consules
1596 2140 1714 2173 artium
1735 2143 2020 2185 quarumcumque
2060 2152 2218 2187 consulantn-

1263 2191 1429 2225 observent
1458 2204 1571 2225 eorum
1601 2198 1717 2226 statuta
1737 2193 1878 2236 legitime
1899 2204 2018 2238 appro-
2034 2186 2088 2239 {¹32⁰
2109 2184 2220 2209 ⁰b¹¹g⁸¹¹⁰‘

1262 2244 1336 2277 bata
1356 2256 1393 2277 ac
1414 2257 1474 2278 usu
1495 2251 1637 2290 recepta.

2045 1618 2137 1641 Plurium
2150 1620 2216 1638 nota-

2032 1651 2120 1671 riatuinn
2139 1651 2215 1669 relen-

2032 1682 2060 1702 tio
2076 1680 2186 1705 damnata,

2075 1936 2098 1958 Et
2113 1941 2218 1964 procura-

2034 1972 2070 1989 tiu.

1307 2298 1321 2341 ἓ
1343 2298 1394 2331 73.
1418 2299 1481 2332 Nec
1502 2305 1703 2332 reassumant
1724 2310 1848 2340 causas,
1871 2309 2018 2342 praescr·
2064 2306 2191 2328 turi-<dictio-

1264 2356 1318 2388 tim
1340 2357 1528 2390 mercedum
1549 2363 1579 2391 et
1599 2357 1834 2390 miserabilium
1862 2368 2018 2401 persona-

1264 2425 1349 2455 rum,
1381 2425 1489 2448 coram
1511 2415 1689 2449 maioribus
1710 2414 1948 2458 magistratibus
1968 2415 2017 2448 in-

1263 2473 1438 2505 troductas.

1306 2532 1320 2573 g
1341 2531 1394 2563 74.
1417 2532 1454 2564 Et
1474 2531 1604 2565 illorum
1625 2531 1741 2564 notarii
1763 2536 1865 2564 taxam
1893 2531 1939 2565 eis
1958 2542 2016 2576 per
2031 2534 2217 2592 ”uft‘jl‘gjfflffl

1263 2588 1347 2621 dicta
1381 2594 1496 2622 statuta
1516 2589 1746 2633 praescriptam
1759 2615 1766 2629 ,
1789 2594 1817 2622 et
1840 2589 1894 2621 ubi
1914 2589 2013 2633 aliqui

1263 2646 1407 2690 ipsorum
1439 2647 1562 2680 nullam
1590 2645 1762 2680 habuerint
1784 2646 1945 2680 minorem
1966 2651 2013 2681 ta-
