2237 3100
144 241 192 268 An.
217 240 245 267 C.
266 239 333 268 {560

184 1956 210 1977 Pu
229 1962 266 1976 nae
299 1962 339 1975 nfra

156 1992 313 2008 Γῦ-Ιιίιιειιῑιηυι
335 2002 338 2007 ,

156 2022 309 2044 seientiuuiq'he
320 2022 340 2038 ct

156 2056 197 2069 unu
240 2049 339 2069 reiclau-

157 2082 212 2100 tium.

398 226 440 264 20

347 302 468 325 annum
489 295 562 325 ante
588 289 712 324 obitum
748 294 778 323 et
811 289 1009 323 vacationem
1045 288 1102 320 hu-

348 345 487 379 iusmodi
512 356 549 378 ex
582 345 667 378 dicto
702 344 821 377 Palatio
856 349 883 376 et
905 342 983 376 alias
1003 343 1103 375 unde-

348 409 489 442 cumque
509 403 540 431 et
559 408 767 441 quocumque
787 401 1006 440 asportarunt,
1029 395 1104 427 sub-

349 457 514 484 traxerunt
543 456 573 483 et
602 450 826 487 occultarunt,
850 460 905 481 seu
933 454 1103 492 praetenso

349 504 441 537 titulo
473 503 655 537 donationis
682 504 731 536 vel
766 502 982 540 remissionis,
1015 501 1104 544 quie-

350 558 468 597 tantiae,
487 559 535 590 vel
551 558 614 590 alio
635 557 746 601 quovis
768 562 933 600 praetextu
949 555 1102 593 detinent,

348 622 403 643 seu
426 611 532 644 sciunt
553 622 589 644 ea
610 622 669 655 per
690 611 770 643 alios
787 609 943 652 possideri
960 614 990 641 et
1010 619 1104 641 usur-

349 665 417 707 pari
438 671 469 698 et.
488 665 638 701 detineri,
657 670 709 697 aut
728 668 886 707 oceupata
902 662 999 694 fuisse
1020 667 1048 694 et
1065 661 1103 694 ad

349 728 463 750 eorum
484 728 599 750 manus
626 717 824 759 pervenisse,
856 715 1054 757 requirimus
1074 720 1104 747 et

348 780 536 809 monemus,
564 770 674 812 eisque
703 769 845 801 districte
874 767 1103 811 praecipiemlo

350 823 538 855 mandamus
565 827 733 866 quatenus,
768 821 850 854 int'ra
891 832 944 854 sex
977 821 1103 854 dierum

349 876 498 920 spatium,
519 888 659 920 quorum
693 876 774 909 duos
800 886 858 919 pro
883 874 1001 918 primo,
1024 876 1106 908 duos

350 941 407 973 pro
442 931 585 963 secundo
606 936 636 963 et
665 930 809 973 reliquos
843 929 925 962 duos
954 928 1021 961 dies
1046 939 1104 972 pro

350 984 442 1016 tertio
464 989 492 1016 et
514 983 735 1028 peremptorio
758 982 907 1023 termino,
931 982 976 1015 eis
1005 988 1031 1015 et
1050 992 1105 1015 eo-

350 1048 421 1070 rum
443 1037 575 1070 cuilibet
596 1049 654 1081 pro
679 1037 835 1070 canoniea
856 1035 1034 1069 monitione
1054 1047 1105 1068 as-

350 1090 524 1132 signamus,
542 1090 651 1123 omnia
671 1095 699 1123 et
721 1090 847 1133 singula
867 1089 994 1125 iocalia,
1013 1100 1107 1122 orna-

351 1150 469 1179 menta,
493 1154 623 1181 aurum,
642 1148 824 1186 argentum,
848 1153 1004 1185 (gemmas,
1024 1154 1107 1175 mar-

351 1196 468 1234 garitas
487 1223 494 1236 ,
530 1197 652 1239 lapides
700 1197 856 1239 pretiosos
875 1223 882 1234 ,
925 1195 1104 1239 pecunias,

350 1255 471 1289 restes,
500 1260 641 1293 pannos,
674 1249 793 1287 libros,
824 1259 946 1292 equos,
982 1250 1105 1284 mutos,

353 1303 477 1340 mulas,
508 1303 683 1344 imagines,
719 1302 933 1346 supellectilia
967 1307 997 1335 et
1031 1302 1108 1334 alias

352 1366 402 1388 res
418 1361 446 1388 et
466 1355 551 1388 bona
576 1356 762 1388 huiusnmdi
783 1356 900 1388 dilecto
921 1355 987 1388 filio
1009 1356 1107 1388 Fran-

353 1409 436 1441 eisco
458 1409 645 1448 Odesealeo,
674 1409 776 1442 dietae
804 1408 957 1442 Camerae
985 1409 1107 1452 praesi-

353 1461 460 1503 denti,
492 1473 565 1496 cum
600 1462 717 1495 ett‘ectu
753 1463 923 1495 restituant
950 1467 981 1494 et
1000 1462 1108 1495 consi-

353 1521 470 1557 gnent3
493 1521 521 1548 et
544 1516 569 1548 si
589 1515 796 1548 donationem
816 1516 865 1548 xel
886 1515 1108 1548 remissionem

354 1574 407 1601 aut
427 1569 636 1612 quietantiam
655 1569 795 1612 desuper
810 1568 869 1601 sibi
886 1570 1003 1601 saetam
1015 1579 1108 1612 prae-

355 1623 498 1663 tendant,
514 1623 600 1655 illam
612 1634 666 1655 seu
680 1623 751 1655 illas
778 1623 940 1664 videndas,
955 1628 989 1655 ut
1005 1622 1107 1662 decet,

356 1683 385 1709 et
420 1677 648 1709 examinandas
669 1676 836 1710 exhibeant
859 1682 887 1710 et
911 1677 1106 1720 producant,

356 1742 390 1762 ae
430 1730 562 1763 illorum
604 1736 769 1774 raptores,
806 1735 1016 1773 usurpatores
1055 1741 1110 1762 seu

356 1783 537 1816 detentores
566 1784 612 1816 vel
644 1789 856 1827 occupatores
890 1783 1025 1817 scientes
1059 1794 1110 1816 re—

354 1836 469 1869 xelent.

400 1890 414 1932 ξ
433 1889 465 1921 Ji.
484 1890 648 1934 Alioquin,
669 1889 765 1933 lapsis
785 1888 1108 1927 diebushuiusmodi,

356 1953 468 1976 omnes
489 1949 515 1975 et
544 1944 659 1986 singuli
687 1942 831 1987 piuesati,
860 1942 1036 1986 episcopali
1065 1943 1111 1974 vel

356 1997 623 2041 arehiepise-opali
647 2002 698 2029 aut
725 1996 932 2040 patriarehali
950 2007 986 2028 ac
1017 1995 1111 2028 etiam

356 2050 570 2083 cardinalatus
583 2051 705 2082 honore
724 2060 778 2082 seu
791 2049 944 2092 dignitate
961 2049 1109 2092 ln‘aediti,

355 2103 516 2136 interdicti
536 2103 697 2146 ingressus
714 2102 868 2135 eeajlesiaij·
889 2112 1040 2145 poenam,
1059 2101 1112 2134 alii

354 2168 429 2189 vero
455 2156 798 2190 excommimieationis
824 2162 853 2189 et
878 2155 1113 2188 maledictionis

355 2216 503 2243 aeternae
525 2211 727 2248 sententiam,
746 2220 843 2252 quam
859 2209 936 2241 alias
957 2209 989 2241 in
1010 2219 1065 2241 eos
1081 2209 1112 2241 in

357 2265 404 2296 his
425 2264 550 2308 seriptis
577 2264 722 2301 serimus,
746 2269 771 2296 et
796 2274 812 2295 a
848 2263 978 2307 quibus,
1011 2262 1071 2295 nisi
1096 2273 1113 2294 a

356 2317 448 2349 nobis
479 2323 505 2349 et
542 2317 654 2349 eodem
685 2316 830 2349 Romano
865 2315 1019 2348 Pontitice
1055 2326 1112 2358 pro

357 2378 501 2414 tempore
520 2371 672 2403 existente
690 2381 725 2402 ac
743 2369 958 2402 satisfactione
974 2369 1112 2412 praevia,

357 2426 582 2461 piaeterqitam
601 2419 631 2451 in
650 2419 761 2451 mortis
777 2419 914 2451 articulo
933 2417 1110 2457 constituti,

358 2468 562 2500 relaxationis
578 2473 606 2500 et
624 2467 835 2500 absolutionis
847 2467 1042 2500 beneficium
1059 2466 1114 2499 ob-

357 2517 459 2549 tinere
485 2527 549 2548 non
570 2516 708 2559 possint,
733 2527 770 2548 eo
793 2516 860 2559 ipso
881 2516 1061 2554 incurrant,
1084 2521 1112 2547 et

358 2565 382 2596 si
416 2565 593 2608 pontificali
637 2571 689 2597 aut
737 2564 954 2597 cardinalatus
988 2565 1113 2597 honore

359 2625 415 2647 seu
436 2614 586 2657 dignitate
608 2613 757 2658 praediti,
780 2613 838 2646 sub
860 2613 1030 2646 interdicto
1052 2614 1112 2645 lm-

952 233 1050 259 BrLLA
1056 233 1130 258 RIL'M
1156 228 1306 257 ROMANL'M

1146 284 1283 317 iusmodi
1307 295 1363 327 per
1389 288 1460 316 octo
1487 281 1553 316 dies
1578 281 1738 326 praefatos
1766 291 1819 314 sex
1840 279 1900 313 im-

1146 338 1284 371 mediate
1314 342 1483 380 sequentes
1511 346 1721 379 permanere,
1749 334 1803 368 alii
1826 345 1901 368 vero

1147 390 1314 423 inferiores
1334 390 1373 422 ab
1399 390 1445 423 eis
1471 389 1618 422 eamdem
1638 388 1901 421 excommunica-

1147 444 1240 477 tionis
1266 444 1456 476 sententiam
1482 442 1602 481 animo,
1624 442 1712 485 quod
1731 442 1828 482 absit,
1850 442 1901 474 in-

1146 498 1260 530 durato
1291 497 1449 530 sustinere
1479 507 1543 529 non
1574 494 1835 534 formidaverint,
1866 505 1902 527 ex

1147 556 1222 583 tuuc
1243 550 1359 594 elapsis
1379 549 1472 583 dictis
1487 554 1559 582 octo
1580 548 1705 589 diebus,
1724 546 1902 592 pontificali

1147 609 1176 636 et
1202 603 1298 636 etiam
1324 603 1542 636 cardinalatus
1562 601 1686 634 honore
1714 611 1769 633 seu
1797 600 1902 643 digni-

1147 662 1208 689 tate
1229 657 1383 700 praediti,
1407 667 1423 687 a
1444 655 1599 697 regimine
1626 654 1837 688 ecclesiarum
1858 654 1904 687 eis

1147 711 1394 743 commissarmu
1429 720 1466 743 eo
1495 709 1564 753 ipso
1592 708 1758 752 suspensi,
1782 714 1902 741 actam

1148 763 1219 807 ipsi,
1243 763 1267 796 si
1297 764 1358 795 alia
1387 762 1545 796 beuet‘ieia
1574 762 1791 795 ecclesiastica
1819 761 1903 795 obti-

1148 822 1260 857 neant,
1283 827 1380 859 quam
1403 815 1573 848 ulteriores
1599 815 1638 848 ab
1664 815 1729 856 eis,
1752 815 1904 848 omnibus

1148 874 1178 901 ct
1198 869 1334 912 singulis
1362 868 1584 908 monasteriis,
1615 868 1832 912 prioratibus,
1856 868 1903 902 di-

1147 922 1340 965 gnitatibus,
1364 921 1709 962 administrationibus,
1732 922 1904 955 canonica-

1150 975 1233 1007 tibus
1253 980 1279 1008 et
1303 975 1495 1018 praebendis
1526 975 1707 1017 ceterisque
1740 973 1906 1007 beneficiis

1149 1028 1385 1066 eeclesiasticis,
1405 1040 1479 1062 eum
1499 1040 1577 1061 eura
1598 1035 1629 1061 et
1648 1028 1716 1061 sine
1735 1039 1825 1070 cura,
1839 1039 1906 1062 sae-

1149 1082 1313 1115 cularibus
1353 1094 1390 1115 ac
1429 1082 1586 1116 Ordinum
1620 1092 1906 1125 quorumcumque

1151 1137 1371 1178 regularibus,
1405 1147 1487 1180 quae
1516 1136 1548 1168 in
1576 1136 1704 1168 titulum
1740 1135 1787 1168 vel
1817 1146 1906 1168 com-

1151 1190 1300 1222 mendam
1330 1200 1386 1222 seu
1412 1189 1723 1222 administrationem
1751 1195 1806 1222 aut
1830 1188 1907 1221 alias

1150 1243 1406 1286 quomodolibet,
1425 1243 1520 1275 etiam
1537 1253 1573 1275 ex
1589 1242 1755 1286 quibusvis
1773 1252 1906 1275 conces-

1151 1296 1296 1329 sionibus
1317 1307 1373 1329 seu
1394 1295 1688 1339 dispensationibus
1708 1295 1905 1339 apostolicis,

1151 1350 1293 1383 obtinent
1310 1377 1317 1390 ‚
1341 1362 1376 1383 ae
1398 1350 1493 1382 etiam
1517 1350 1632 1383 officiis
1659 1350 1824 1382 Romanae
1843 1349 1907 1383 Cu-

1152 1404 1216 1437 riae
1252 1416 1309 1448 per
1343 1416 1397 1437 eos
1432 1403 1586 1445 obtentis3
1618 1404 1800 1437 saeculares
1832 1414 1908 1437 vero

1152 1457 1274 1498 tendis,
1321 1458 1548 1497 vicariatilnls,
1588 1457 1742 1490 dominiis
1775 1462 1805 1490 et
1838 1457 1909 1490 aliis

1153 1512 1277 1544 iuribus
1303 1523 1339 1543 ac
1374 1511 1549 1556 privilegiis
1574 1511 1838 1554 quibuscumque
1864 1510 1909 1544 eis

1154 1576 1210 1609 per
1226 1566 1404 1598 Romanam
1425 1564 1601 1598 Ecclesiam
1619 1569 1674 1597 aut
1689 1565 1803 1598 Sedent
1820 1574 1910 1608 prae-

1154 1620 1248 1651 fatam
1270 1630 1325 1651 seu
1348 1619 1427 1651 alios
1452 1629 1689 1662 quoscumque,
1712 1618 1807 1651 etiam
1829 1629 1908 1662 qua-

1154 1683 1293 1716 cumque
1314 1672 1375 1705 alia
1396 1672 1599 1711 auctoritate,
1625 1672 1721 1705 etiam
1749 1671 1909 1715 imperiali

1153 1727 1199 1757 vel
1235 1726 1346 1769 regali,
1376 1726 1421 1759 eis
1455 1726 1628 1765 concessis,
1659 1725 1754 1759 etiam
1782 1736 1819 1758 eo
1840 1724 1909 1769 ipso

1154 1780 1265 1824 privati
1288 1780 1434 1819 existant,
1465 1786 1492 1812 et
1525 1780 1563 1812 ad
1593 1779 1709 1812 similia
1738 1779 1907 1819 beneficia,

1156 1834 1269 1873 leuda,
1294 1834 1476 1877 privilegia,
1504 1833 1694 1873 vicariatus,
1718 1832 1861 1866 dominia
1881 1838 1911 1865 et

1155 1887 1225 1919 iura
1251 1887 1441 1923 obtinenda,
1465 1898 1591 1919 ueeuon
1622 1888 1661 1919 ad
1686 1897 1910 1931 quoscumque

1154 1947 1244 1973 aetus
1278 1941 1437 1982 legitimos
1465 1942 1661 1973 exeri-eudes
1691 1940 1849 1973 inhabiles
1874 1951 1910 1973 ac

1155 1995 1248 2027 etiam
1273 1995 1468 2027 intestabiles
1495 1995 1640 2027 similiter
1661 2005 1699 2027 eo
1720 1995 1789 2037 ipso
1810 1995 1909 2033 fiant;

1155 2048 1341 2092 possintque
1363 2049 1532 2089 lwuetieia,
1558 2049 1662 2081 officia
1684 2059 1720 2081 ac
1740 2047 1912 2081 vicariatus

1156 2107 1182 2134 et
1197 2103 1287 2134 t'enda
1306 2102 1432 2146 :iliaque
1450 2103 1519 2135 iura
1535 2101 1733 2141 huiusmodi,
1745 2107 1910 2145 tamquam

1156 2156 1311 2193 vacantia,
1326 2156 1445 2199 absque
1462 2156 1523 2188 alia
1540 2155 1756 2188 declaratione
1771 2155 1913 2199 desuper

1156 2208 1309 2246 facienda,
1327 2220 1343 2241 a
1361 2209 1452 2241 uobis
1469 2214 1496 2241 et
1514 2208 1593 2241 Sede
1606 2208 1760 2252 praefata,
1779 2219 1815 2241 ac
1831 2207 1910 2248 aliis,

1155 2261 1192 2293 ad
1214 2272 1295 2304 quos
1316 2263 1456 2305 pertinet
1485 2263 1537 2294 illa
1571 2263 1748 2295 concedere
1771 2266 1801 2294 et
1821 2261 1908 2299 dare,

1156 2315 1254 2347 libere
1278 2315 1454 2357 impetrari.
1479 2315 1597 2348 Scituri
1617 2315 1703 2358 quod
1725 2315 1749 2347 si
1772 2314 1831 2358 ipsi
1856 2321 1909 2348 aut

1156 2379 1268 2401 eorum
1291 2369 1402 2412 aliqui,
1418 2380 1493 2402 suae
1510 2369 1622 2402 salutis
1638 2369 1859 2407 immemores,
1878 2369 1909 2401 in

1157 2417 1341 2461 praemissis
1363 2418 1482 2451 morosi
1502 2418 1633 2457 suerint,
1657 2428 1712 2450 seu
1735 2416 1912 2460 praemissa

1156 2466 1332 2509 adimplere
1368 2477 1431 2499 non
1461 2466 1643 2499 curaverint
1676 2471 1729 2498 aut
1765 2470 1910 2498 contem-

1156 2515 1289 2558 pserint,
1314 2515 1373 2547 hoe
1396 2514 1440 2547 eis
1462 2526 1520 2558 pro
1541 2514 1627 2557 gravi
1648 2513 1783 2546 crimine
1804 2519 1833 2547 et
1855 2513 1910 2546 de-

1157 2564 1231 2596 licto
1266 2563 1492 2607 imputa];›itu1·,
1516 2569 1557 2603 et,
1581 2563 1702 2596 iustitia
1737 2562 1909 2602 mediante,

1157 2617 1268 2645 eontra
1294 2622 1349 2645 eos
1378 2612 1417 2644 ad
1445 2612 1606 2656 graviores
1626 2616 1656 2646 et
1677 2611 1755 2645 tales
1776 2621 1908 2656 poenas,

1914 223 1963 251 Aa.
1983 222 2012 250 C.
2034 219 2100 248 ¹560
