2237 3100
231 285 279 312 An.
297 285 326 313 C.
347 285 410 313 ttici

245 1953 375 1976 Exeeutores
395 1957 415 1975 et

233 1984 357 2007 defensores
377 1985 416 2007 ‹le-

232 2019 299 2043 patah

473 275 536 309 122

429 338 557 382 pressis,
572 338 740 375 concessis,
753 338 896 371 construi
912 337 1051 380 incepto,
1075 335 1179 369 omni-

428 392 552 436 busque
564 391 705 425 eiusdem
716 390 1077 424 archiconfraternitatis
1088 389 1180 421 bonis

429 451 459 479 et
480 447 591 489 legatis
612 452 641 479 et,
657 445 878 489 eleemosynis,
899 444 1039 486 elargitis
1056 449 1083 475 et
1097 444 1179 475 elar-

427 499 560 543 giendis‚
582 511 619 533 ac
639 499 802 543 acquisitis
827 503 855 531 et
882 496 1096 541 acquirendis.
1119 498 1179 530 Ita-

428 565 491 597 que
512 553 654 587 eiusdem
673 550 1036 586 arcliiconsraternitatis
1057 552 1181 583 confra-

428 613 492 640 tres
503 618 559 639 seu
573 607 696 650 priores
712 606 761 638 vel
782 605 949 647 guardiani
965 604 1181 637 archicontra-

428 660 610 693 ternitatein
637 659 739 702 ipsam
772 663 802 691 et
828 658 913 690 illius
940 658 1025 691 bona
1049 669 1178 701 regere,

428 714 612 755 gubernare
630 718 657 744 et
679 711 914 751 administrare,
940 722 976 743 ac
997 711 1035 744 de
1061 711 1180 744 eisdem

427 766 536 806 bonis,
568 765 679 809 legatis
710 771 738 798 et
765 765 975 808 eleemosynis
1005 766 1044 798 ad
1069 777 1181 799 corum

428 819 554 852 libitum
576 824 606 852 et
625 824 722 863 prout
739 818 783 851 eis
797 818 958 851 videbitur
970 823 1000 852 et
1010 819 1179 862 placuerit,

428 873 613 916 disponere,
636 879 666 906 ct
687 873 739 905 illa
753 873 784 905 in
796 883 874 905 usus
885 872 930 905 eis
949 873 1032 906 visos
1052 884 1183 906 conver-

428 932 495 960 tere
520 926 654 971 possint,
677 937 713 959 ac
734 926 842 959 omnia
867 931 896 959 et
921 925 1046 969 singula
1067 932 1182 960 statuta

430 985 460 1013 et
480 980 724 1013 constitutiones
734 979 836 1013 dictae
848 980 1019 1020 societatis,
1032 992 1114 1023 quae
1126 993 1184 1026 per

429 1033 582 1067 dilectum
604 1034 707 1066 filium
729 1038 874 1067 nostrum
895 1034 1090 1076 Raynutium
1106 1035 1183 1068 Far-

429 1088 567 1128 nesium,
576 1087 659 1120 tituli
668 1087 698 1121 S.
709 1087 821 1130 Angeli
831 1088 864 1120 in
874 1088 942 1121 soro
951 1088 1089 1121 Piscium
1097 1101 1184 1134 pres-

429 1141 577 1186 byterum
588 1141 784 1175 cardinalem
795 1142 825 1174 S.
837 1141 873 1173 R.
885 1141 932 1181 E.‚
943 1142 1098 1175 maiorem
1110 1155 1184 1187 poc-

430 1194 651 1228 nitentiarium
669 1201 697 1228 et
708 1195 811 1227 dictae
821 1194 1184 1230 archiconsraternitaiis

428 1254 657 1292 protectorem,
676 1248 865 1283 confirmata
878 1254 905 1282 et
922 1250 1101 1293 approbata
1118 1252 1184 1284 sue-

429 1302 504 1343 rint,
527 1303 759 1336 confirmamus
779 1308 810 1335 et
830 1303 1113 1346 approbamusAc
1126 1305 1185 1338 eis-

429 1355 502 1389 dem
518 1357 736 1390 confratribus
755 1356 803 1388 vel
829 1356 994 1400 prioribus
1014 1368 1069 1390 seu
1091 1369 1184 1401 guar-

429 1408 531 1443 dianis
555 1419 782 1454 quaecumque
811 1414 927 1442 statuta
955 1415 985 1443 et
1009 1410 1183 1445 ordinatio-

429 1473 486 1496 nes
516 1474 710 1508 prosperum
748 1467 864 1496 statum
905 1474 942 1495 ac
974 1464 1118 1507 regimen
1156 1470 1186 1498 et

428 1516 624 1558 gubernium
633 1517 735 1551 dictae
743 1516 1106 1551 archiconsraternitatis
1113 1529 1186 1552 con-

430 1571 594 1604 cernentia
638 1571 677 1604 ad
716 1581 829 1605 eorum
868 1570 995 1603 libitum
1026 1572 1182 1613 condere,

430 1623 567 1658 alterare
594 1630 624 1658 et
649 1630 786 1665 mutare,
807 1624 901 1657 toties
920 1624 1046 1668 quoties
1071 1625 1116 1659 eis
1139 1626 1184 1659 vi-

431 1677 571 1719 debitur,
599 1679 700 1712 libere
720 1684 751 1712 et
770 1678 858 1712 licite
873 1678 1009 1717 valeant,
1034 1680 1179 1713 concedi-

431 1730 503 1764 mu's
519 1736 550 1766 et
564 1732 784 1776 indulgemus,
802 1732 922 1775 illaque
932 1743 969 1765 ex
985 1743 1073 1765 nunc
1089 1738 1187 1777 prout

429 1789 562 1826 extunc,
578 1792 749 1831 postquam
771 1785 911 1825 condita,
934 1791 1055 1819 mutata
1070 1788 1118 1820 vel
1139 1788 1184 1821 al-

428 1843 528 1872 terata
545 1840 675 1881 suerint,
699 1840 942 1873 confirmamus.

474 1893 533 1936 §3
553 1894 621 1933 Quo
642 1894 728 1928 circa
747 1894 832 1927 dicto
852 1893 1009 1938 Raynutio
1032 1895 1185 1928 cardinali

431 1951 461 1980 et
490 1948 737 1991 poenitentiario
769 1960 805 1983 ac
835 1949 991 1982 moderno
1012 1949 1185 1994 protectori

431 2004 795 2038 archiconsraternitatis
807 2004 967 2048 praefatae
987 2010 1016 2037 et
1028 2004 1098 2037 aliis
1115 2016 1186 2049 pro-

432 2060 608 2093 tectoribus
642 2071 700 2104 pro
733 2065 878 2105 tempore
906 2060 1099 2105 deputandis
1127 2072 1186 2094 nec

431 2125 497 2148 non
523 2115 680 2148 universis
700 2120 731 2148 et
751 2115 885 2157 singulis
905 2114 1107 2158 patriarchis,
1135 2127 1185 2148 ar-

432 2169 658 2214 chiepiscopis,
681 2169 851 2214 episcopis,
875 2169 1044 2202 abbatibus
1064 2174 1091 2202 et
1118 2170 1187 2203 aliis

417 2223 695 2268 quibuscumque
727 2223 758 2256 in
788 2223 940 2265 dignitate
972 2223 1187 2256 ecclesiastica

434 2276 785 2322 ubicumquelocorum
797 2276 987 2317 constitutis,
997 2282 1085 2309 motu
1098 2288 1188 2320 prae-

434 2331 509 2373 fato,
523 2343 581 2376 per
592 2331 767 2376 apostolica
780 2331 898 2375 scripta
909 2331 1100 2364 mandamus
1111 2342 1188 2374 qua-

434 2390 528 2419 tenus
553 2385 653 2429 ipsict
671 2396 783 2418 eorum
809 2384 955 2429 quilibet,
976 2385 1102 2429 quoties
1118 2386 1187 2418 fue-

436 2439 499 2472 rint,
521 2450 580 2483 pro
603 2445 692 2483 parte
715 2439 875 2472 dictorum
897 2438 1187 2472 archiconfratrum

436 2489 484 2522 vel
504 2489 642 2522 aliorum
661 2489 862 2533 privilegium
884 2489 923 2521 ab
940 2488 1017 2532 ipsis
1037 2500 1095 2533 pro
1111 2494 1189 2522 tem-

437 2549 515 2582 pore
531 2538 718 2571 habentium
740 2538 897 2582 requisiti,
911 2538 1030 2571 eisdem
1052 2538 1083 2571 in
1097 2550 1188 2582 prae-

437 2587 542 2621 missis
562 2593 589 2621 et
612 2598 724 2621 eorum
747 2588 881 2631 singnlis
891 2588 1133 2631 quomodolibet
1143 2599 1190 2621 as-

439 2636 560 2677 sistant,
583 2637 777 2681 eosdemque
803 2637 920 2669 saciant
944 2637 1053 2679 gratiis
1073 2642 1103 2670 et.
1124 2636 1189 2681 pri—

1024 283 1202 307 Bt'LLARmM
1226 282 1376 307 ROMANUM
1415 269 1419 278 ,

1222 345 1285 368 non
1302 336 1525 380 permittentes
1540 347 1558 368 a
1573 346 1737 379 quoquam
1754 336 1893 379 desuper
1904 345 1970 369 mo-

1222 389 1341 429 lestari,
1355 389 1608 422 contradictores
1620 394 1649 422 et
1669 389 1806 422 rebelles
1827 400 1884 433 per
1899 400 1971 423 cen*

1223 453 1313 475 suras
1337 442 1584 482 ecclesiasticas,
1606 443 1819 487 appellatione
1840 448 1970 488 postpo-

1223 496 1292 537 sita,
1305 496 1554 541 compescendo,
1572 496 1717 529 invocato
1742 496 1836 529 etiam
1848 497 1970 537 adhoc,

1223 549 1247 583 si
1268 561 1350 594 opus
1370 550 1478 590 suerit,
1504 549 1622 582 auxilio
1641 549 1765 583 brachii
1786 551 1971 590 saecularis;

1224 604 1350 637 irritum
1361 615 1491 648 quoque
1504 609 1534 636 et
1544 603 1638 636 inane
1654 604 1863 637 decernentes
1882 605 1973 649 quic-

1223 658 1299 702 quid
1315 658 1347 690 in
1368 657 1568 691 eontrarium
1589 657 1757 701 contigerit
1776 658 1936 692 attentari.

1267 712 1334 755 §le
1367 712 1435 744 Non
1465 711 1664 744 obstantibus
1693 711 1975 746 constitutionibus

1224 771 1254 798 et
1279 765 1536 799 ordinationibus
1564 765 1770 809 apostolicis,
1802 765 1927 799 statutis
1947 771 1977 800 et

1225 819 1512 852 consuetudinibus
1526 846 1533 859 ,
1574 819 1669 852 etiam
1703 818 1886 853 iuramento
1922 825 1977 853 aut

1224 873 1334 916 quavis
1350 873 1410 906 alia
1435 873 1586 906 firmitate
1611 873 1780 914 roboratis,
1803 873 1978 917 privilegiis

1225 938 1367 971 quoque,
1379 927 1511 960 indultis
1520 927 1660 960 etliteris
1672 926 1867 970 apostolicis,
1882 927 1975 960 etiarn

1225 986 1314 1014 motu
1341 980 1472 1025 proprio
1498 986 1583 1013 etex
1607 985 1694 1014 certa
1719 980 1862 1021 scientia,
1883 992 1920 1014 ac
1940 981 1978 1014 de

1225 1035 1420 1078 apostolicae
1428 1034 1592 1079 potestatis
1613 1033 1825 1077 plenitudine,
1840 1034 1872 1067 in
1884 1045 1978 1079 prae-

1226 1088 1381 1121 iudicium
1408 1099 1464 1121 sen
1497 1087 1696 1120 contrarium
1727 1087 1978 1131 praemissorum

1227 1153 1284 1185 per
1304 1153 1362 1175 nos
1382 1148 1412 1175 et
1436 1152 1661 1185 quoscumque
1686 1141 1849 1174 Romanos
1872 1142 1980 1175 Ponti-

1227 1196 1303 1228 fices
1324 1196 1588 1240 praedecessores
1604 1199 1731 1228 nostros
1747 1194 1840 1227 dictis
1860 1199 1891 1228 et
1909 1195 1980 1228 aliis

1226 1248 1391 1293 quibusvis
1411 1249 1565 1289 ecclesiis,
1579 1248 1732 1288 basilicis,
1752 1248 1977 1293 hospitalibus,

1227 1302 1432 1336 societatibus
1457 1308 1488 1336 et
1510 1302 1605 1342 locis,
1635 1302 1693 1334 sub
1719 1301 1980 1347 quibuscumque

1227 1352 1394 1385 tenoribus
1405 1356 1435 1385 et
1444 1351 1567 1391 formis,
1581 1362 1617 1384 ac
1634 1362 1707 1384 cum
1719 1350 1884 1395 quibusvis
1894 1352 1981 1385 clau-

1227 1400 1304 1433 sulis
1332 1405 1363 1433 et
1390 1400 1526 1434 decretis
1546 1399 1706 1433 concessis
1726 1404 1782 1433 etc.
1807 1400 1979 1434 confirma-

1227 1449 1264 1481 tis
1280 1453 1336 1481 etc.
1356 1460 1393 1482 ac
1414 1449 1628 1483 concedendis
1648 1453 1705 1482 ete.
1732 1448 1854 1488 Quibus
1874 1450 1980 1483 omni-

1227 1498 1287 1531 bus
1303 1504 1334 1531 et
1345 1498 1492 1542 singulis,
1505 1498 1600 1532 etiam
1613 1498 1637 1531 si
1648 1498 1686 1532 de
1696 1497 1840 1539 iliisetc„
1852 1502 1982 1534 tenores

1228 1547 1358 1580 illorum
1376 1558 1436 1591 pro
1452 1547 1610 1592 expressis
1625 1552 1655 1581 et
1672 1547 1710 1580 de
1739 1547 1836 1581 verbo
1852 1547 1892 1581 ad
1910 1559 1980 1582 ver-

1227 1597 1304 1629 bum
1318 1596 1444 1629 insertis
1454 1597 1619 1637 habentes,
1630 1597 1690 1629 hac
1698 1595 1765 1630 vice
1777 1596 1981 1640 derogamus,

1228 1646 1407 1689 ceterisque
1429 1645 1599 1679 contrariis
1616 1646 1890 1690 quibuscumque.

1272 1694 1429 1728 Concessa
1458 1701 1546 1728 motu
1581 1695 1715 1738 proprio
1741 1694 1774 1727 in
1797 1696 1980 1739 praesentia

1227 1744 1261 1776 D.
1286 1744 1322 1776 N.
1346 1744 1461 1788 Papae.

1271 1793 1303 1826 C.
1328 1793 1505 1826 Cardinalis
1526 1794 1766 1827 Borrhomaeus.

1272 1844 1286 1886 ᾗ
1311 1843 1340 1877 5.
1364 1843 1401 1876 Et
1421 1854 1495 1876 cum
1515 1843 1717 1877 absolutione
1737 1855 1754 1876 a
1775 1844 1930 1886 censuris,
1941 1845 1980 1879 ad

1228 1891 1378 1925 effectum
1404 1897 1459 1925 etc.
1483 1893 1517 1925 Et
1544 1894 1581 1925 de
1607 1892 1781 1934 creatione,
1803 1894 1977 1935 erectione,

1228 1942 1455 1975 constitutione
1472 1948 1503 1976 et
1531 1942 1739 1987 deputatione
1760 1943 1792 1976 in
1813 1944 1981 1979 archicon-

1229 1992 1458 2025 fraternitatem
1481 2004 1554 2025 cum
1581 1992 1826 2026 confirmatione
1847 1998 1980 2028 statuto-

1229 2052 1300 2074 rum
1327 2047 1404 2079 εἴη,
1425 2054 1461 2075 ac
1478 2041 1668 2086 privilegiis,
1697 2043 1978 2083 concessionibus,

1228 2092 1349 2135 gratiis,
1378 2093 1580 2125 facultatibus
1605 2097 1635 2124 et
1655 2092 1928 2136 derogationibus,
1945 2105 1982 2128 ac

1229 2142 1379 2175 omnibus
1400 2142 1471 2175 aliis
1490 2147 1521 2175 et
1540 2142 1674 2184 singulis
1690 2141 1886 2187 praemissis,
1899 2154 1981 2187 quae

1229 2192 1280 2224 liic
1302 2202 1360 2235 pro
1390 2191 1532 2235 repetitis
1556 2196 1586 2224 et
1610 2192 1767 2236 expressis
1783 2192 1980 2233 habeantur,

1229 2246 1386 2284 perpetuo
1399 2241 1430 2273 in
1447 2241 1549 2273 forma
1559 2241 1697 2283 gratiosa
1712 2240 1864 2274 latissime
1874 2245 1981 2275 exten-

1229 2290 1341 2322 dendis
1350 2296 1510 2334 quatenus
1521 2300 1603 2333 opus
1619 2290 1725 2323 fuerit.
1738 2290 1774 2322 Et
1789 2290 1876 2333 quod
1891 2301 1983 2334 prae-

1231 2338 1403 2371 missorum
1421 2339 1567 2371 omnium
1593 2345 1624 2372 et
1649 2339 1851 2382 singulorum
1879 2339 1983 2373 maior

1230 2393 1257 2420 et
1283 2389 1389 2421 verior
1409 2394 1438 2421 et
1458 2388 1605 2432 specialis
1625 2388 1785 2433 expressio
1801 2388 1872 2421 fieri
1884 2389 1984 2432 possit

1230 2437 1261 2470 in
1278 2438 1378 2471 literis
1398 2450 1457 2483 per
1477 2439 1572 2472 breve
1594 2443 1740 2472 nostrum
1761 2437 1978 2481 expediendis.

1275 2490 1289 2531 ξ
1309 2489 1340 2522 6.
1368 2489 1431 2522 Seu
1452 2489 1476 2521 si
1498 2489 1574 2533 ipsis
1601 2488 1909 2522 archiconfratribus
1936 2488 1982 2522 vi-

1231 2537 1370 2578 debitur,
1395 2539 1462 2571 sola
1491 2538 1708 2582 praesentium
1735 2537 1899 2580 signatura
1923 2548 1982 2572 no-

1232 2593 1294 2620 stra
1329 2588 1462 2620 sufficiat
1498 2593 1527 2620 et
1564 2587 1681 2631 ubique
1703 2587 1800 2621 fidem
1826 2587 1929 2628 faciat,
1949 2587 1982 2621 in

1233 2636 1352 2670 iudicio
1368 2642 1396 2670 et
1418 2642 1524 2677 extra,
1546 2647 1751 2681 quacumque
1771 2637 1883 2682 regula
1903 2647 1981 2671 con-

438 2686 562 2731 vilegiis
592 2686 743 2732 praefatis
763 2685 861 2720 libere
890 2686 953 2719 srui
983 2692 1011 2720 et
1035 2686 1187 2730 gaudere,
1203 2640 1217 2748 l
1234 2686 1332 2720 traria
1352 2698 1417 2721 non
1437 2687 1591 2730 obstante.

1989 281 2036 307 Αη.
2051 279 2079 306 C.
2101 280 2164 307 1561

2004 727 2110 748 Clausulas
2135 728 2175 748 de-

1991 760 2108 783 rogatorias
2137 765 2176 786 ap-

1991 791 2057 816 ponit.

2049 1729 2179 1757 Subscriptio

1997 1767 2034 1788 pro
2049 1760 2112 1788 Papa.

2035 1861 2178 1883 clausularum

1996 1898 2103 1925 repetitio.

2010 2512 2060 2534 sola
2074 2512 2181 2540 signatura

1997 2543 2082 2566 suffieit.

2028 2653 2041 2670 ἱ

2234 510 2237 515 .
2233 497 2237 504 .
2228 459 2237 490 ωηι-
