2237 3100
33 302 84 334 An.
101 307 130 333 e.
150 299 217 333 ¹569

87 846 215 868 Facultatem

34 878 138 900 condendi
153 881 217 901 statu:

33 914 54 932 tu
67 910 132 936 dedit;

73 1114 216 1136 Contratrthus

35 1149 66 1170 lus
74 1147 163 1173 eligendi
170 1153 220 1168 con-

35 1180 139 1201 fessorem
154 1179 218 1205 dedi13

76 1437 220 1465 indulgentias

37 1470 153 1497 eminente

40 1705 132 1728 ludicem
148 1711 222 1727 eorum

39 1739 64 1759 A.
88 1737 109 1758 C.
133 1738 224 1765 deputa-

40 1770 77 1796 Ῑίῑς

76 1867 225 1889 llueretlitates

43 1906 55 1919 a
78 1899 224 1919 condemnatis

43 1928 121 1950 nabere
163 1934 225 1956 posse

42 1961 159 1986 euticessi15

900 300 970 324 PIUS
993 299 1012 323 V
1036 299 1084 323 PP.

232 357 292 391 bus
311 357 443 397 auditis,
466 355 685 389 ecclesiastica
709 360 911 388 sacramenta
940 355 985 388 eis

233 410 430 451 ministrare,
453 422 489 443 ac
510 421 564 443 eos
586 410 618 443 in
639 409 825 442 sinceritate
843 408 918 441 fidei
932 419 985 441 ca-

234 464 372 497 tholicae
393 469 605 497 manutenere
633 463 768 496 haberet
781 489 788 503 ,
811 461 852 495 ad
872 472 984 495 eorum

234 518 480 561 dispositionem
502 518 658 561 deputare
671 522 701 550 et
714 523 836 557 tenere,
850 528 886 549 ac
905 516 985 549 inibi

234 572 424 605 eorumdem
437 572 553 604 ultimo
565 571 726 614 supplicio
739 570 984 603 afficiendorum

234 636 372 669 corpora
392 625 630 658 ecclesiasticae
651 625 851 668 sepulturae,
864 625 986 667 absque

234 679 344 722 aliqua
364 679 553 722 particulari
574 678 715 719 lieentia,
737 679 865 711 tradere
886 678 987 711 ethu-

234 743 322 765 mare
343 733 444 765 libere
464 733 620 772 valerent,
643 732 829 765 donax-emt.

277 786 292 829 ξ
309 784 340 818 2.
355 786 512 829 Quodque
524 786 702 819 confratres
713 785 987 819 confraternitatis

233 838 421 872 huiusmodi
443 850 501 883 pro
525 845 669 883 tempore
690 840 861 872 existentes
887 850 987 882 quac-

234 903 374 936 cumque
394 898 513 934 statuta
530 899 559 926 et
571 893 795 926 ordinationes
807 893 986 926 seeundum

235 946 494 979 misericordiam
516 952 547 979 et
567 947 735 979 caritaten‘i
762 946 989 980 convenientia

235 1006 266 1033 et
286 1000 491 1044 expedientia
511 1001 652 1034 condere
674 1007 705 1034 et
722 1002 837 1034 faeere.

279 1054 294 1097 ἓ
313 1053 346 1087 3,
360 1055 464 1098 Atque
476 1065 577 1087 unum
590 1055 807 1088 confessorem
834 1054 987 1087 idoneum

236 1112 266 1140 et
285 1109 485 1141 saecularem
506 1119 542 1141 ac
567 1108 708 1141 cuiusvis
737 1108 867 1141 Ordinis
897 1119 990 1151 regu-

235 1161 349 1202 larem,
373 1162 428 1205 qui
450 1173 504 1195 eos
525 1162 558 1194 in
578 1162 676 1195 certis
697 1162 825 1194 casibus
846 1167 988 1194 1111111οΧ-

234 1215 353 1258 pressis
374 1215 552 1257 absolvere,
575 1221 606 1248 et
626 1226 739 1248 eorum
760 1221 833 1248 vota
863 1215 959 1247 etiam
980 1242 987 1255 ,

233 1269 329 1302 certis
350 1269 478 1302 casibus
499 1275 575 1302 tunc
597 1269 757 1313 expressis
779 1269 933 1312 exceptis,
958 1269 989 1301 in

234 1322 297 1355 alia
316 1322 445 1366 pietatis
466 1333 566 1367 opera
587 1328 801 1355 commutare.

278 1376 293 1420 ἓ
312 1375 344 1409 lt.
367 1377 564 1420 Eisdemque
585 1376 805 1409 confratribus
825 1387 899 1409 vere
911 1387 989 1420 poe-

235 1430 415 1464 nitentibus
436 1435 467 1464 et
486 1431 640 1464 confessis
652 1430 832 1474 plenarian]
843 1430 990 1463 omnium

235 1490 444 1528 peccatorum
465 1496 599 1518 suorum
625 1484 861 1528 indulgentiam
891 1485 990 1518 semel

236 1538 270 1571 in
288 1538 352 1572 vita
372 1544 404 1572 et
422 1538 455 1572 in
480 1539 595 1573 mortis
628 1538 766 1572 articulo
801 1538 991 1583 impendere

236 1599 356 1637 posset,
379 1593 499 1636 eligere
512 1594 669 1627 valerent.

281 1646 296 1691 ξ
316 1647 348 1681 5.
371 1647 408 1680 Et
428 1647 517 1691 quod
537 1647 571 1680 in
591 1647 744 1680 omnibus
764 1647 869 1680 causis
890 1647 992 1681 civili-

237 1701 310 1742 bus,
332 1712 398 1735 non
418 1707 527 1735 tamen
548 1701 580 1734 in
601 1701 840 1742 criminalibus,
860 1712 993 1735 concer-

238 1755 392 1788 nentibus
411 1755 498 1789 bona
519 1755 620 1799 ipsius
640 1756 816 1796 societatis,
839 1767 904 1789 non
931 1756 991 1788 nisi

239 1819 348 1842 coram
369 1810 518 1843 auditore
538 1809 692 1843 Gamerae
720 1810 887 1843 conveniri
918 1821 992 1853 pos-

238 1868 320 1896 sent.
342 1863 380 1896 Et
405 1864 493 1907 quod
528 1874 604 1896 casu
638 1874 703 1907 quo
724 1864 841 1907 aliquis
878 1864 993 1897 ultimo

239 1917 400 1960 supplicio
429 1917 619 1951 afficiendus
646 1918 741 1951 vellet
765 1918 885 1951 dictam
915 1929 992 1951 eon-

240 1969 474 2004 fraternitatem
488 1971 657 2005 instituere
668 1972 833 2004 haeredem
846 1982 897 2004 om
904 1972 993 2004 nium

239 2024 287 2057 vel
307 2024 408 2068 partis
436 2025 598 2058 bonorum
628 2036 783 2065 suorum,
816 2026 994 2058 confratres

240 2076 344 2111 dictae
364 2078 636 2113 confraternitatis
662 2090 720 2123 pro
753 2084 898 2122 tempore
928 2080 994 2111 exi-

240 2136 357 2165 stentes
377 2138 516 2176 possent,
543 2133 665 2176 absque
686 2133 755 2166 fisci
776 2133 992 2176 piaeiudicio,

240 2191 271 2219 et
289 2185 422 2219 nominc
443 2186 548 2219 dictae
569 2186 845 2220 confraternitatis
867 2187 995 2229 exigere

240 2244 271 2272 et
290 2250 486 2283 recuperare
501 2267 511 2280 ‚
535 2240 567 2272 in
594 2240 715 2273 iudicio
736 2245 767 2273 et
796 2246 885 2273 extra
915 2240 993 2272 illud

240 2304 277 2326 ac
297 2293 421 2337 ubique
445 2294 604 2335 locorum,
634 2294 720 2327 bona
748 2294 913 2337 praedicta
933 2293 994 2325 sibi

241 2346 354 2380 relicta
375 2346 414 2379 ab
435 2347 588 2379 omnibus
610 2347 664 2379 illa
685 2346 894 2386 habentibus,
922 2346 997 2379 licet

242 2400 321 2433 iuris
350 2400 570 2433 solemnitates
600 2406 743 2433 servatae
773 2411 837 2433 non
868 2406 994 2438 essent,

242 2454 421 2487 dummodo
441 2465 499 2497 per
520 2454 772 2487 instrumentum
794 2454 841 2486 vel
869 2454 997 2486 relatio-

243 2514 317 2536 nem
338 2504 478 2537 duorum
500 2509 555 2535 aut
574 2503 672 2535 trium
694 2503 823 2535 testium
842 2502 906 2535 sive
919 2503 997 2535 alias

244 2553 386 2596 legitime
397 2557 559 2586 constaret
570 2558 597 2585 et
610 2553 885 2596 apparerettalem
900 2552 997 2585 fuisse

245 2602 438 2636 voluntatem
461 2607 491 2635 et
508 2601 733 2645 loquutionem
746 2601 860 2634 ultime
872 2601 997 2645 suppli-

245 2651 295 2684 cio
311 2651 485 2685 afficiendi.

289 2700 304 2743 §
324 2700 354 2734 6.
377 2701 414 2734 Et
431 2701 546 2734 ultimo
558 2700 711 2733 omnibus
722 2700 892 2743 utriusque
905 2710 997 2733 sexus

324 2749 399 2781 Buzt.
416 2750 494 2782 Rom.
520 2750 574 2781 Vol.
602 2750 658 2780 VII.
840 2750 876 2779 97

1672 286 1735 320 769

1028 352 1187 397 personis,
1209 362 1281 384 vere
1301 350 1544 395 poenitentibus
1565 355 1595 383 et
1611 350 1777 391 confessis,

1028 417 1111 449 quae
1136 406 1254 438 dietam
1285 416 1397 438 eorum
1428 404 1597 437 ecclesiam
1619 415 1636 436 a
1666 404 1780 447 [nimis
1795 392 1980 442 Ziirni'nvtni‘iifti]

1027 460 1169 504 vesperis
1212 470 1315 503 usque
1354 459 1392 491 ad
1435 458 1594 492 secundas
1632 469 1780 501 vesperas
1796 453 1833 474 ¹³⁰⁸
1849 454 1915 474 dmm·

1028 513 1207 546 festivitatis
1243 513 1471 546 Decollationis
1506 512 1614 545 Sancti
1651 512 1781 546 loannis

1028 567 1188 610 Baptistae
1209 567 1321 600 devote
1350 567 1536 607 visitarent,
1560 572 1588 599 et
1620 577 1679 610 pro
1704 566 1780 599 sub-

1028 621 1178 653 ventione
1214 621 1318 654 dietae
1353 620 1627 654 confraternitatis
1667 631 1781 653 manus

1029 675 1231 718 porrexerint
1254 675 1441 714 adiutrices,
1463 675 1575 717 viginti
1597 675 1693 707 unius
1704 675 1779 707 anni

1029 733 1059 761 et
1080 728 1211 761 totidem
1233 729 1515 771 quadragemrum
1546 728 1780 771 indulgentiam

1029 787 1057 814 et
1081 782 1305 815 remissionem
1326 787 1528 815 concesserat
1548 782 1778 815 etindulserat.

1074 836 1088 877 ,ξ
1110 836 1139 868 7.
1163 836 1237 869 Piae
1258 837 1435 869 memoriae
1450 837 1512 869 Leo
1523 836 1560 877 X,
1583 836 1783 879 ctiamprae-

1030 889 1180 922 decessor
1200 895 1321 930 noster,
1344 890 1551 923 donationem
1571 917 1577 930 ,
1601 890 1783 923 concessio-

1030 953 1104 975 nem
1130 948 1160 976 et
1182 944 1343 976 indultum
1365 944 1544 977 Innocentii
1566 943 1725 987 praedicti
1748 955 1784 976 ac

1030 997 1091 1029 alia
1104 997 1281 1040 praemissa
1302 997 1503 1030 confirmavit
1528 1003 1558 1030 et
1579 997 1781 1041 approbavit.

1076 1050 1090 1091 ‚Q
1111 1050 1142 1083 8.
1164 1050 1208 1083 Ae
1229 1051 1784 1095 ordinavitquodconfratresprae-
1840 1094 1843 1097 .
1863 1061 1985 1097 nonnanes

1032 1104 1108 1136 dieti
1131 1104 1273 1147 aliquem
1294 1105 1475 1138 voluntarie
1500 1110 1688 1149 acceptare,
1726 1116 1785 1138 nec
1801 1096 1898 1145 ῗὲζζῗῖζζῖ
1922 1092 1985 1148 ,1ξῇζῖ

1032 1157 1071 1189 ab
1101 1157 1266 1201 aliquibus
1288 1159 1328 1191 ad
1358 1160 1590 1202 acceptandum
1615 1159 1645 1191 in
1672 1156 1986 1207 υα1111111ζξιῖῑίωΝΟΜ·

1032 1212 1296 1245 confraternitate
1317 1213 1473 1256 aliquem,
1496 1212 1704 1256 quinationis
1715 1213 1787 1245 Flo-
1832 1205 1837 1213 ’

1034 1265 1180 1298 rentinae
1202 1276 1266 1299 non
1287 1271 1381 1307 esset,
1401 1266 1553 1310 compelli
1579 1271 1610 1299 et
1629 1266 1700 1309 cogi
1721 1277 1786 1300 non

1032 1325 1173 1362 possent.

1078 1374 1092 1416 g
1113 1375 1143 1406 tt.
1169 1374 1205 1406 Et
1225 1374 1361 1407 ulterius
1388 1374 1553 1414 omnibus,
1590 1373 1646 1417 qui
1667 1374 1786 1407 dictam

1034 1427 1203 1460 ecclesiam
1225 1427 1257 1460 in
1278 1428 1363 1461 dicta
1384 1428 1566 1469 festivitate,
1581 1427 1716 1471 singulis
1733 1439 1787 1461 an-

1035 1480 1095 1521 nis,
1119 1481 1257 1514 aliorum
1279 1481 1402 1525 viginti3
1423 1487 1451 1515 et
1470 1481 1526 1525 qui
1548 1481 1700 1515 omnibus
1717 1482 1787 1516 die-

1034 1535 1093 1568 bus
1115 1535 1286 1568 dominicis
1308 1536 1455 1569 eamdem
1477 1536 1646 1569 ecclesiam
1681 1536 1788 1569 visita-

1034 1595 1116 1630 rent,
1137 1601 1173 1623 ae
1191 1601 1305 1623 manus
1323 1590 1529 1634 porrigerent
1546 1590 1733 1632 adiutrices,
1753 1597 1789 1625 ut

1034 1655 1142 1688 supra,
1164 1644 1303 1677 aliorum
1316 1645 1442 1686 deeem;
1466 1651 1497 1679 et
1513 1645 1569 1689 qui
1582 1645 1697 1679 ultimo
1715 1657 1790 1690 sup-

1035 1698 1132 1742 plicio
1154 1699 1257 1732 dictos
1278 1700 1511 1733 condemnatos
1531 1698 1730 1733 associarent
1759 1705 1790 1733 et

1035 1752 1268 1794 confortarent,
1293 1753 1432 1787 aliorum
1455 1759 1577 1797 septem
1613 1764 1787 1794 annornm;

1036 1812 1066 1839 et
1104 1807 1159 1849 qui
1182 1808 1373 1840 eorumdem
1394 1807 1510 1841 ultimo
1531 1807 1691 1851 supplicio
1712 1807 1790 1840 affe-

1036 1866 1163 1892 ctorum
1200 1871 1338 1904 corpora
1359 1861 1399 1894 ad
1420 1862 1621 1905 sepulturam
1656 1861 1794 1895 associa-

1038 1919 1118 1954 rent,
1140 1914 1279 1947 aliorum
1300 1921 1423 1959 septem
1442 1926 1603 1949 annorum
1616 1915 1791 1948 ettotidem

1037 1968 1275 2011 quadragenas,
1297 1969 1336 2001 de
1352 1969 1507 2002 iniunctis
1520 1969 1566 2002 eis
1584 1968 1793 2013 poenitentiis

1038 2022 1273 2064 imlulgentiam
1296 2028 1327 2055 et
1346 2023 1571 2056 remissionem
1593 2022 1762 2056 concessit.

1080 2076 1095 2118 ξ
1116 2075 1170 2108 10.
1194 2075 1280 2115 Quae
1300 2076 1410 2109 onmia
1430 2088 1489 2120 per
1510 2077 1703 2110 recolendae
1724 2087 1792 2109 me-
1833 2083 1930 2118 Clemens
1954 2078 1992 2103 vn

1039 2128 1161 2162 moriac
1181 2129 1379 2163 Clementem
1400 2130 1463 2172 Vll,
1488 2130 1584 2163 etiam
1601 2131 1793 2174 praedeces·
1806 2120 1993 2171 Εῇξζῗῆῗῖἲῗιρῲ-

1038 2193 1145 2215 sorem
1166 2189 1326 2225 nostrum,
1349 2184 1529 2227 approbata
1549 2190 1580 2217 et
1601 2184 1793 2217 confirmata

1038 2237 1181 2277 fuerunt,
1205 2237 1261 2280 qui
1283 2237 1380 2270 etiam
1402 2237 1507 2271 cidem
1520 2238 1791 2280 confraternitati,

1038 2291 1126 2332 quod
1148 2290 1234 2324 illius
1251 2291 1445 2335 cappellani,
1473 2292 1505 2324 in
1541 2291 1593 2325 die
1631 2292 1794 2325 Pascbatis

1039 2344 1308 2386 Resurrectionis,
1328 2345 1567 2378 sanctissimum
1583 2345 1795 2380 Eucharistiae

1039 2404 1280 2431 sacramentum
1316 2399 1468 2432 omnibus
1496 2399 1667 2443 utriusque
1701 2411 1795 2434 sexus

1039 2451 1144 2485 dictae
1159 2453 1433 2486 confraternitatis
1449 2454 1679 2494 confratribus,
1699 2454 1731 2486 in
1748 2454 1794 2487 (li-

1039 2507 1089 2534 rta
1123 2514 1237 2535 eorum
1259 2503 1405 2544 ecclesia,
1434 2504 1556 2547 absque
1591 2503 1794 2547 praeiudicio

1040 2556 1218 2591 rectorum,
1242 2551 1274 2584 in
1293 2563 1432 2595 quarum
1446 2552 1610 2596 parochiis
1628 2553 1793 2596 degerent,

1040 2606 1235 2634 ministrare.

1083 2649 1171 2691 §if
1204 2650 1307 2693 Atque
1328 2651 1440 2684 missas
1462 2651 1493 2684 in
1530 2651 1712 2695 praesentia
1746 2652 1794 2684 ul—

1041 2697 1119 2731 timo
1154 2699 1315 2743 supplicio
1350 2701 1655 2741 condemnatorum,
1696 2700 1791 2734 etiam

1796 298 1846 325 An.
1863 298 1892 325 C.
1910 298 1979 325 1569

1828 358 1979 385 indulgentiam

1840 846 1880 867 Leo
1896 846 1911 867 X
1929 847 1980 867 haec

1799 880 1869 899 omnia
1883 879 1983 905 approba-

1799 911 1836 935 vtt3

1838 1388 1937 1414 Atiasque
1953 1387 1983 1407 tn—

1803 1423 1920 1450 dnlgentins
1931 1422 1985 1444 elar-

1802 1456 1857 1482 gitus
1873 1458 1912 1475 est.

1853 2661 1926 2683 Missas
1941 2666 1991 2683 :inte

1808 2694 1862 2715 diem
1885 2699 1923 2720 pro
1947 2700 1991 2714 rnr-
