<?xml version="1.0" encoding="UTF-8"?>
<!DOCTYPE html PUBLIC "-//W3C//DTD XHTML 1.0 Transitional//EN"
    "http://www.w3.org/TR/xhtml1/DTD/xhtml1-transitional.dtd">
<html xmlns="http://www.w3.org/1999/xhtml" xml:lang="en" lang="en">
 <head>
  <title>
</title>
<meta http-equiv="Content-Type" content="text/html;charset=utf-8" />
  <meta name='ocr-system' content='tesseract 3.04.00' />
  <meta name='ocr-capabilities' content='ocr_page ocr_carea ocr_par ocr_line ocrx_word'/>
</head>
<body>
  <div class='ocr_page' id='page_1' title='image "./bullarumdiplomat07cath_0910.png"; bbox 0 0 2237 3100; ppageno 0'>
   <div class='ocr_carea' id='block_1_1' title="bbox 269 219 576 254">
    <p class='ocr_par' dir='ltr' id='par_1_1' title="bbox 269 219 576 254">
     <span class='ocr_line' id='line_1_1' title="bbox 269 219 576 254; baseline 0.01 -3"><span class='ocrx_word' id='word_1_1' title='bbox 269 220 362 251; x_wconf 59' lang='lat' dir='ltr'>Ain-c.</span> <span class='ocrx_word' id='word_1_2' title='bbox 385 220 455 250; x_wconf 71' lang='grc'><strong>1570</strong></span> <span class='ocrx_word' id='word_1_3' title='bbox 512 219 576 254; x_wconf 75' lang='lat'>84⁶2</span> 
     </span>
    </p>
   </div>
   <div class='ocr_carea' id='block_1_2' title="bbox 296 451 421 474">
    <p class='ocr_par' dir='ltr' id='par_1_2' title="bbox 296 451 421 474">
     <span class='ocr_line' id='line_1_2' title="bbox 296 451 421 474; baseline 0 -1"><span class='ocrx_word' id='word_1_4' title='bbox 296 451 421 474; x_wconf 53' lang='lat' dir='ltr'>nuntiatum.</span> 
     </span>
    </p>
   </div>
   <div class='ocr_carea' id='block_1_3' title="bbox 466 274 1228 2660">
    <p class='ocr_par' dir='ltr' id='par_1_3' title="bbox 467 274 1219 378">
     <span class='ocr_line' id='line_1_3' title="bbox 467 274 1219 320; baseline -0.008 -6"><span class='ocrx_word' id='word_1_5' title='bbox 467 279 689 314; x_wconf 80' lang='lat' dir='ltr'>incumbentia</span> <span class='ocrx_word' id='word_1_6' title='bbox 702 278 828 311; x_wconf 81' lang='lat' dir='ltr'>facilius</span> <span class='ocrx_word' id='word_1_7' title='bbox 844 276 987 320; x_wconf 85' lang='lat' dir='ltr'>perferre</span> <span class='ocrx_word' id='word_1_8' title='bbox 1001 274 1219 309; x_wconf 89' lang='lat' dir='ltr'>commodius-</span> 
     </span>
     <span class='ocr_line' id='line_1_4' title="bbox 467 330 852 378; baseline -0.01 -11"><span class='ocrx_word' id='word_1_9' title='bbox 467 344 530 378; x_wconf 88' lang='lat' dir='ltr'>que</span> <span class='ocrx_word' id='word_1_10' title='bbox 550 332 720 366; x_wconf 87' lang='lat' dir='ltr'>sustentari</span> <span class='ocrx_word' id='word_1_11' title='bbox 740 330 852 375; x_wconf 90' lang='lat' dir='ltr'>possit.</span> 
     </span>
    </p>

    <p class='ocr_par' dir='ltr' id='par_1_4' title="bbox 466 381 1228 2660">
     <span class='ocr_line' id='line_1_5' title="bbox 510 381 1219 430; baseline -0.007 -11"><span class='ocrx_word' id='word_1_12' title='bbox 510 387 525 430; x_wconf 64' lang='lat' dir='ltr'>g</span> <span class='ocrx_word' id='word_1_13' title='bbox 545 386 576 419; x_wconf 74' lang='grc'>9..</span> <span class='ocrx_word' id='word_1_14' title='bbox 599 386 683 419; x_wconf 83' lang='lat' dir='ltr'>Motu</span> <span class='ocrx_word' id='word_1_15' title='bbox 701 383 847 428; x_wconf 90' lang='lat' dir='ltr'>proprio,</span> <span class='ocrx_word' id='word_1_16' title='bbox 869 392 935 415; x_wconf 90' lang='lat' dir='ltr'>non</span> <span class='ocrx_word' id='word_1_17' title='bbox 955 381 994 415; x_wconf 88' lang='lat' dir='ltr'>ad</span> <span class='ocrx_word' id='word_1_18' title='bbox 1007 381 1145 415; x_wconf 86' lang='lat' dir='ltr'>alicuius</span> <span class='ocrx_word' id='word_1_19' title='bbox 1165 392 1219 415; x_wconf 91' lang='lat' dir='ltr'>su-</span> 
     </span>
     <span class='ocr_line' id='line_1_6' title="bbox 466 434 1219 485; baseline -0.008 -12"><span class='ocrx_word' id='word_1_20' title='bbox 466 450 526 485; x_wconf 87' lang='lat' dir='ltr'>per</span> <span class='ocrx_word' id='word_1_21' title='bbox 544 440 606 472; x_wconf 92' lang='lat' dir='ltr'>hoc</span> <span class='ocrx_word' id='word_1_22' title='bbox 626 437 718 471; x_wconf 75' lang='lat' dir='ltr'>nobis</span> <span class='ocrx_word' id='word_1_23' title='bbox 742 437 867 470; x_wconf 89' lang='lat' dir='ltr'>oblatae</span> <span class='ocrx_word' id='word_1_24' title='bbox 887 434 1071 468; x_wconf 79' lang='lat' dir='ltr'>instantiam</span> <span class='ocrx_word' id='word_1_25' title='bbox 1091 434 1219 479; x_wconf 90' lang='lat' dir='ltr'>petitio-</span> 
     </span>
     <span class='ocr_line' id='line_1_7' title="bbox 466 489 1221 533; baseline -0.005 -8"><span class='ocrx_word' id='word_1_26' title='bbox 466 493 527 533; x_wconf 89' lang='lat' dir='ltr'>nis,</span> <span class='ocrx_word' id='word_1_27' title='bbox 547 492 601 525; x_wconf 90' lang='lat' dir='ltr'>sed</span> <span class='ocrx_word' id='word_1_28' title='bbox 622 492 660 525; x_wconf 81' lang='lat' dir='ltr'>tle</span> <span class='ocrx_word' id='word_1_29' title='bbox 680 501 770 524; x_wconf 89' lang='lat' dir='ltr'>mera</span> <span class='ocrx_word' id='word_1_30' title='bbox 798 489 991 523; x_wconf 77' lang='lat' dir='ltr'>liberalitate</span> <span class='ocrx_word' id='word_1_31' title='bbox 1011 500 1047 522; x_wconf 90' lang='lat' dir='ltr'>ac</span> <span class='ocrx_word' id='word_1_32' title='bbox 1068 499 1105 522; x_wconf 79' lang='lat' dir='ltr'>ex</span> <span class='ocrx_word' id='word_1_33' title='bbox 1133 494 1221 522; x_wconf 89' lang='lat' dir='ltr'>certa</span> 
     </span>
     <span class='ocr_line' id='line_1_8' title="bbox 467 542 1219 586; baseline -0.007 -7"><span class='ocrx_word' id='word_1_34' title='bbox 467 545 599 580; x_wconf 88' lang='lat' dir='ltr'>scientia</span> <span class='ocrx_word' id='word_1_35' title='bbox 614 545 743 585; x_wconf 92' lang='lat' dir='ltr'>nostris,</span> <span class='ocrx_word' id='word_1_36' title='bbox 766 543 994 578; x_wconf 88' lang='lat' dir='ltr'>canonicatum</span> <span class='ocrx_word' id='word_1_37' title='bbox 1014 548 1043 576; x_wconf 89' lang='lat' dir='ltr'>et</span> <span class='ocrx_word' id='word_1_38' title='bbox 1060 542 1219 586; x_wconf 85' lang='lat' dir='ltr'>praeben-</span> 
     </span>
     <span class='ocr_line' id='line_1_9' title="bbox 466 595 1220 641; baseline -0.007 -8"><span class='ocrx_word' id='word_1_39' title='bbox 466 600 539 633; x_wconf 90' lang='lat' dir='ltr'>dam</span> <span class='ocrx_word' id='word_1_40' title='bbox 559 598 664 632; x_wconf 88' lang='lat' dir='ltr'>dictae</span> <span class='ocrx_word' id='word_1_41' title='bbox 682 597 844 638; x_wconf 78' lang='lat' dir='ltr'>basilicae,</span> <span class='ocrx_word' id='word_1_42' title='bbox 860 607 1001 641; x_wconf 87' lang='lat' dir='ltr'>quorum</span> <span class='ocrx_word' id='word_1_43' title='bbox 1022 601 1052 629; x_wconf 88' lang='lat' dir='ltr'>et</span> <span class='ocrx_word' id='word_1_44' title='bbox 1071 595 1135 628; x_wconf 85' lang='lat' dir='ltr'>illis</span> <span class='ocrx_word' id='word_1_45' title='bbox 1154 596 1220 628; x_wconf 82' lang='lat' dir='ltr'>for-</span> 
     </span>
     <span class='ocr_line' id='line_1_10' title="bbox 466 650 1220 693; baseline -0.004 -8"><span class='ocrx_word' id='word_1_46' title='bbox 466 663 524 686; x_wconf 87' lang='lat' dir='ltr'>san</span> <span class='ocrx_word' id='word_1_47' title='bbox 547 662 745 685; x_wconf 79' lang='lat' dir='ltr'>annexorum</span> <span class='ocrx_word' id='word_1_48' title='bbox 766 652 902 691; x_wconf 83' lang='lat' dir='ltr'>fructus,</span> <span class='ocrx_word' id='word_1_49' title='bbox 925 650 1070 684; x_wconf 84' lang='lat' dir='ltr'>redditus</span> <span class='ocrx_word' id='word_1_50' title='bbox 1094 655 1125 682; x_wconf 89' lang='lat' dir='ltr'>et</span> <span class='ocrx_word' id='word_1_51' title='bbox 1143 659 1220 693; x_wconf 92' lang='lat' dir='ltr'>pro-</span> 
     </span>
     <span class='ocr_line' id='line_1_11' title="bbox 466 703 1220 740; baseline -0.004 -1"><span class='ocrx_word' id='word_1_52' title='bbox 466 711 580 740; x_wconf 92' lang='lat' dir='ltr'>ventus</span> <span class='ocrx_word' id='word_1_53' title='bbox 595 712 726 739; x_wconf 86' lang='lat' dir='ltr'>centum</span> <span class='ocrx_word' id='word_1_54' title='bbox 742 706 935 739; x_wconf 75' lang='lat' dir='ltr'>ducatorum</span> <span class='ocrx_word' id='word_1_55' title='bbox 948 704 1019 738; x_wconf 85' lang='lat' dir='ltr'>auri</span> <span class='ocrx_word' id='word_1_56' title='bbox 1033 704 1071 737; x_wconf 89' lang='lat' dir='ltr'>de</span> <span class='ocrx_word' id='word_1_57' title='bbox 1087 703 1220 737; x_wconf 85' lang='lat' dir='ltr'>Camera</span> 
     </span>
     <span class='ocr_line' id='line_1_12' title="bbox 467 758 1221 794; baseline -0.005 0"><span class='ocrx_word' id='word_1_58' title='bbox 467 760 647 794; x_wconf 85' lang='lat' dir='ltr'>secundum</span> <span class='ocrx_word' id='word_1_59' title='bbox 667 769 874 793; x_wconf 90' lang='lat' dir='ltr'>communem</span> <span class='ocrx_word' id='word_1_60' title='bbox 895 758 1151 792; x_wconf 77' lang='lat' dir='ltr'>aestimationem</span> <span class='ocrx_word' id='word_1_61' title='bbox 1170 768 1221 790; x_wconf 87' lang='lat' dir='ltr'>va-</span> 
     </span>
     <span class='ocr_line' id='line_1_13' title="bbox 467 812 1220 856; baseline -0.005 -9"><span class='ocrx_word' id='word_1_62' title='bbox 467 814 569 847; x_wconf 89' lang='lat' dir='ltr'>lorem</span> <span class='ocrx_word' id='word_1_63' title='bbox 589 823 747 853; x_wconf 87' lang='lat' dir='ltr'>annuum,</span> <span class='ocrx_word' id='word_1_64' title='bbox 774 818 810 846; x_wconf 89' lang='lat' dir='ltr'>ut</span> <span class='ocrx_word' id='word_1_65' title='bbox 826 812 1024 856; x_wconf 84' lang='lat' dir='ltr'>accepimus,</span> <span class='ocrx_word' id='word_1_66' title='bbox 1046 821 1111 844; x_wconf 93' lang='lat' dir='ltr'>non</span> <span class='ocrx_word' id='word_1_67' title='bbox 1128 821 1220 844; x_wconf 83' lang='lat' dir='ltr'>exce-</span> 
     </span>
     <span class='ocr_line' id='line_1_14' title="bbox 467 865 1222 910; baseline -0.005 -9"><span class='ocrx_word' id='word_1_68' title='bbox 467 868 557 909; x_wconf 89' lang='lat' dir='ltr'>dunt,</span> <span class='ocrx_word' id='word_1_69' title='bbox 578 867 603 900; x_wconf 93' lang='lat' dir='ltr'>si</span> <span class='ocrx_word' id='word_1_70' title='bbox 622 871 735 900; x_wconf 86' lang='lat' dir='ltr'>vacant</span> <span class='ocrx_word' id='word_1_71' title='bbox 753 866 792 899; x_wconf 88' lang='lat' dir='ltr'>ad</span> <span class='ocrx_word' id='word_1_72' title='bbox 813 876 975 910; x_wconf 76' lang='lat' dir='ltr'>praesens,</span> <span class='ocrx_word' id='word_1_73' title='bbox 991 870 1044 898; x_wconf 91' lang='lat' dir='ltr'>aut</span> <span class='ocrx_word' id='word_1_74' title='bbox 1066 875 1139 898; x_wconf 87' lang='lat' dir='ltr'>cum</span> <span class='ocrx_word' id='word_1_75' title='bbox 1157 865 1222 909; x_wconf 84' lang='lat' dir='ltr'>pri-</span> 
     </span>
     <span class='ocr_line' id='line_1_15' title="bbox 468 918 1221 965; baseline -0.007 -10"><span class='ocrx_word' id='word_1_76' title='bbox 468 932 557 955; x_wconf 89' lang='lat' dir='ltr'>mum</span> <span class='ocrx_word' id='word_1_77' title='bbox 568 931 626 965; x_wconf 90' lang='lat' dir='ltr'>per</span> <span class='ocrx_word' id='word_1_78' title='bbox 635 930 760 954; x_wconf 88' lang='lat' dir='ltr'>cessum</span> <span class='ocrx_word' id='word_1_79' title='bbox 770 920 816 953; x_wconf 86' lang='lat' dir='ltr'>vel</span> <span class='ocrx_word' id='word_1_80' title='bbox 829 920 995 953; x_wconf 78' lang='lat' dir='ltr'>decessum</span> <span class='ocrx_word' id='word_1_81' title='bbox 1007 929 1063 951; x_wconf 90' lang='lat' dir='ltr'>seu</span> <span class='ocrx_word' id='word_1_82' title='bbox 1075 918 1221 962; x_wconf 88' lang='lat' dir='ltr'>quamvis</span> 
     </span>
     <span class='ocr_line' id='line_1_16' title="bbox 468 972 1221 1008; baseline -0.004 0"><span class='ocrx_word' id='word_1_83' title='bbox 468 975 674 1008; x_wconf 85' lang='lat' dir='ltr'>amissionem</span> <span class='ocrx_word' id='word_1_84' title='bbox 695 973 834 1007; x_wconf 89' lang='lat' dir='ltr'>alicuius</span> <span class='ocrx_word' id='word_1_85' title='bbox 848 984 885 1007; x_wconf 81' lang='lat' dir='ltr'>ex</span> <span class='ocrx_word' id='word_1_86' title='bbox 899 972 1064 1006; x_wconf 82' lang='lat' dir='ltr'>canonicis</span> <span class='ocrx_word' id='word_1_87' title='bbox 1074 972 1221 1006; x_wconf 88' lang='lat' dir='ltr'>eiusdem</span> 
     </span>
     <span class='ocr_line' id='line_1_17' title="bbox 466 1026 1222 1072; baseline -0.004 -10"><span class='ocrx_word' id='word_1_88' title='bbox 466 1029 631 1069; x_wconf 81' lang='lat' dir='ltr'>basilicae,</span> <span class='ocrx_word' id='word_1_89' title='bbox 665 1033 720 1061; x_wconf 91' lang='lat' dir='ltr'>aut</span> <span class='ocrx_word' id='word_1_90' title='bbox 753 1027 831 1060; x_wconf 90' lang='lat' dir='ltr'>alias</span> <span class='ocrx_word' id='word_1_91' title='bbox 859 1027 971 1072; x_wconf 90' lang='lat' dir='ltr'>quovis</span> <span class='ocrx_word' id='word_1_92' title='bbox 1001 1026 1097 1059; x_wconf 89' lang='lat' dir='ltr'>modo</span> <span class='ocrx_word' id='word_1_93' title='bbox 1131 1031 1222 1060; x_wconf 85' lang='lat' dir='ltr'>etex</span> 
     </span>
     <span class='ocr_line' id='line_1_18' title="bbox 468 1079 1221 1126; baseline -0.005 -10"><span class='ocrx_word' id='word_1_94' title='bbox 468 1082 706 1126; x_wconf 88' lang='lat' dir='ltr'>cuiuscumque</span> <span class='ocrx_word' id='word_1_95' title='bbox 726 1091 876 1126; x_wconf 89' lang='lat' dir='ltr'>persona,</span> <span class='ocrx_word' id='word_1_96' title='bbox 893 1080 988 1114; x_wconf 88' lang='lat' dir='ltr'>etiam</span> <span class='ocrx_word' id='word_1_97' title='bbox 1004 1080 1091 1124; x_wconf 89' lang='lat' dir='ltr'>apud</span> <span class='ocrx_word' id='word_1_98' title='bbox 1107 1079 1221 1113; x_wconf 87' lang='lat' dir='ltr'>Sedem</span> 
     </span>
     <span class='ocr_line' id='line_1_19' title="bbox 467 1133 1221 1180; baseline -0.004 -11"><span class='ocrx_word' id='word_1_99' title='bbox 467 1136 702 1180; x_wconf 85' lang='lat' dir='ltr'>Apostolicam,</span> <span class='ocrx_word' id='word_1_100' title='bbox 737 1135 832 1168; x_wconf 87' lang='lat' dir='ltr'>etiam</span> <span class='ocrx_word' id='word_1_101' title='bbox 866 1134 1057 1168; x_wconf 88' lang='lat' dir='ltr'>commenda</span> <span class='ocrx_word' id='word_1_102' title='bbox 1091 1133 1221 1167; x_wconf 91' lang='lat' dir='ltr'>illorum</span> 
     </span>
     <span class='ocr_line' id='line_1_20' title="bbox 469 1187 1222 1230; baseline -0.005 -7"><span class='ocrx_word' id='word_1_103' title='bbox 469 1196 623 1230; x_wconf 81' lang='lat' dir='ltr'>cessante,</span> <span class='ocrx_word' id='word_1_104' title='bbox 645 1189 671 1223; x_wconf 91' lang='lat' dir='ltr'>si</span> <span class='ocrx_word' id='word_1_105' title='bbox 692 1188 920 1228; x_wconf 87' lang='lat' dir='ltr'>commendati,</span> <span class='ocrx_word' id='word_1_106' title='bbox 941 1193 995 1220; x_wconf 56' lang='lat' dir='ltr'>aut,</span> <span class='ocrx_word' id='word_1_107' title='bbox 1015 1187 1136 1220; x_wconf 92' lang='lat' dir='ltr'>unione</span> <span class='ocrx_word' id='word_1_108' title='bbox 1157 1187 1222 1220; x_wconf 88' lang='lat' dir='ltr'>dis-</span> 
     </span>
     <span class='ocr_line' id='line_1_21' title="bbox 468 1241 1221 1284; baseline -0.005 -7"><span class='ocrx_word' id='word_1_109' title='bbox 468 1244 584 1284; x_wconf 85' lang='lat' dir='ltr'>soluta,</span> <span class='ocrx_word' id='word_1_110' title='bbox 607 1243 633 1276; x_wconf 91' lang='lat' dir='ltr'>si</span> <span class='ocrx_word' id='word_1_111' title='bbox 653 1243 735 1276; x_wconf 92' lang='lat' dir='ltr'>uniti</span> <span class='ocrx_word' id='word_1_112' title='bbox 755 1242 885 1282; x_wconf 81' lang='lat' dir='ltr'>suerint,</span> <span class='ocrx_word' id='word_1_113' title='bbox 906 1252 942 1274; x_wconf 87' lang='lat' dir='ltr'>ac</span> <span class='ocrx_word' id='word_1_114' title='bbox 959 1241 1150 1274; x_wconf 89' lang='lat' dir='ltr'>commenda</span> <span class='ocrx_word' id='word_1_115' title='bbox 1166 1251 1221 1273; x_wconf 90' lang='lat' dir='ltr'>seu</span> 
     </span>
     <span class='ocr_line' id='line_1_22' title="bbox 468 1294 1222 1338; baseline -0.004 -8"><span class='ocrx_word' id='word_1_116' title='bbox 468 1297 547 1330; x_wconf 92' lang='lat' dir='ltr'>unio</span> <span class='ocrx_word' id='word_1_117' title='bbox 563 1297 750 1330; x_wconf 88' lang='lat' dir='ltr'>huiusmodi</span> <span class='ocrx_word' id='word_1_118' title='bbox 764 1297 802 1329; x_wconf 90' lang='lat' dir='ltr'>de</span> <span class='ocrx_word' id='word_1_119' title='bbox 819 1295 882 1328; x_wconf 91' lang='lat' dir='ltr'>illis</span> <span class='ocrx_word' id='word_1_120' title='bbox 897 1295 982 1338; x_wconf 90' lang='lat' dir='ltr'>apud</span> <span class='ocrx_word' id='word_1_121' title='bbox 997 1294 1111 1328; x_wconf 82' lang='lat' dir='ltr'>Sedem</span> <span class='ocrx_word' id='word_1_122' title='bbox 1128 1305 1222 1338; x_wconf 87' lang='lat' dir='ltr'>prae-</span> 
     </span>
     <span class='ocr_line' id='line_1_23' title="bbox 468 1347 1222 1387; baseline -0.005 -3"><span class='ocrx_word' id='word_1_123' title='bbox 468 1350 586 1384; x_wconf 84' lang='lat' dir='ltr'>dictam</span> <span class='ocrx_word' id='word_1_124' title='bbox 605 1350 791 1384; x_wconf 89' lang='lat' dir='ltr'>vacantibus</span> <span class='ocrx_word' id='word_1_125' title='bbox 807 1355 861 1382; x_wconf 89' lang='lat' dir='ltr'>aut</span> <span class='ocrx_word' id='word_1_126' title='bbox 877 1348 955 1382; x_wconf 84' lang='lat' dir='ltr'>alias</span> <span class='ocrx_word' id='word_1_127' title='bbox 969 1348 1049 1380; x_wconf 80' lang='lat' dir='ltr'>facta</span> <span class='ocrx_word' id='word_1_128' title='bbox 1075 1347 1222 1387; x_wconf 79' lang='lat' dir='ltr'>extiterit,</span> 
     </span>
     <span class='ocr_line' id='line_1_24' title="bbox 470 1401 1224 1438; baseline -0.007 0"><span class='ocrx_word' id='word_1_129' title='bbox 470 1415 507 1438; x_wconf 87' lang='lat' dir='ltr'>ac</span> <span class='ocrx_word' id='word_1_130' title='bbox 540 1404 637 1438; x_wconf 89' lang='lat' dir='ltr'>etiam</span> <span class='ocrx_word' id='word_1_131' title='bbox 673 1403 861 1437; x_wconf 87' lang='lat' dir='ltr'>huiusmodi</span> <span class='ocrx_word' id='word_1_132' title='bbox 900 1401 1150 1435; x_wconf 80' lang='lat' dir='ltr'>canonicatuum</span> <span class='ocrx_word' id='word_1_133' title='bbox 1193 1407 1224 1434; x_wconf 84' lang='lat' dir='ltr'>et</span> 
     </span>
     <span class='ocr_line' id='line_1_25' title="bbox 470 1455 1224 1503; baseline -0.007 -11"><span class='ocrx_word' id='word_1_134' title='bbox 470 1458 731 1503; x_wconf 87' lang='lat' dir='ltr'>praebendarum</span> <span class='ocrx_word' id='word_1_135' title='bbox 752 1456 967 1490; x_wconf 78' lang='lat' dir='ltr'>reservatione</span> <span class='ocrx_word' id='word_1_136' title='bbox 987 1466 1046 1499; x_wconf 91' lang='lat' dir='ltr'>per</span> <span class='ocrx_word' id='word_1_137' title='bbox 1070 1455 1224 1488; x_wconf 91' lang='lat' dir='ltr'>constitu-</span> 
     </span>
     <span class='ocr_line' id='line_1_26' title="bbox 470 1509 1221 1555; baseline -0.004 -11"><span class='ocrx_word' id='word_1_138' title='bbox 470 1512 591 1546; x_wconf 80' lang='lat' dir='ltr'>tionem</span> <span class='ocrx_word' id='word_1_139' title='bbox 612 1518 754 1545; x_wconf 88' lang='lat' dir='ltr'>nostram</span> <span class='ocrx_word' id='word_1_140' title='bbox 775 1522 873 1555; x_wconf 89' lang='lat' dir='ltr'>super</span> <span class='ocrx_word' id='word_1_141' title='bbox 896 1511 958 1543; x_wconf 90' lang='lat' dir='ltr'>hoc</span> <span class='ocrx_word' id='word_1_142' title='bbox 980 1509 1096 1542; x_wconf 89' lang='lat' dir='ltr'>editam</span> <span class='ocrx_word' id='word_1_143' title='bbox 1122 1510 1221 1549; x_wconf 77' lang='lat' dir='ltr'>facta3</span> 
     </span>
     <span class='ocr_line' id='line_1_27' title="bbox 470 1563 1223 1607; baseline -0.005 -8"><span class='ocrx_word' id='word_1_144' title='bbox 470 1572 525 1600; x_wconf 88' lang='lat' dir='ltr'>aut</span> <span class='ocrx_word' id='word_1_145' title='bbox 558 1566 637 1599; x_wconf 91' lang='lat' dir='ltr'>alias</span> <span class='ocrx_word' id='word_1_146' title='bbox 657 1571 813 1605; x_wconf 84' lang='lat' dir='ltr'>cessante,</span> <span class='ocrx_word' id='word_1_147' title='bbox 836 1575 901 1598; x_wconf 93' lang='lat' dir='ltr'>non</span> <span class='ocrx_word' id='word_1_148' title='bbox 927 1570 1032 1597; x_wconf 88' lang='lat' dir='ltr'>tamen</span> <span class='ocrx_word' id='word_1_149' title='bbox 1053 1573 1111 1607; x_wconf 87' lang='lat' dir='ltr'>per</span> <span class='ocrx_word' id='word_1_150' title='bbox 1143 1563 1223 1596; x_wconf 89' lang='lat' dir='ltr'>resi-</span> 
     </span>
     <span class='ocr_line' id='line_1_28' title="bbox 470 1617 1223 1663; baseline -0.005 -10"><span class='ocrx_word' id='word_1_151' title='bbox 470 1619 653 1663; x_wconf 79' lang='lat' dir='ltr'>gnationem</span> <span class='ocrx_word' id='word_1_152' title='bbox 675 1631 731 1653; x_wconf 87' lang='lat' dir='ltr'>seu</span> <span class='ocrx_word' id='word_1_153' title='bbox 752 1619 929 1653; x_wconf 82' lang='lat' dir='ltr'>cessionem</span> <span class='ocrx_word' id='word_1_154' title='bbox 949 1628 1060 1650; x_wconf 84' lang='lat' dir='ltr'>vacare</span> <span class='ocrx_word' id='word_1_155' title='bbox 1081 1617 1223 1660; x_wconf 79' lang='lat' dir='ltr'>contige-</span> 
     </span>
     <span class='ocr_line' id='line_1_29' title="bbox 470 1671 1224 1717; baseline -0.004 -11"><span class='ocrx_word' id='word_1_156' title='bbox 470 1674 529 1713; x_wconf 89' lang='lat' dir='ltr'>rit,</span> <span class='ocrx_word' id='word_1_157' title='bbox 565 1674 687 1707; x_wconf 90' lang='lat' dir='ltr'>etiamsi</span> <span class='ocrx_word' id='word_1_158' title='bbox 723 1673 769 1706; x_wconf 91' lang='lat' dir='ltr'>illi</span> <span class='ocrx_word' id='word_1_159' title='bbox 794 1671 996 1717; x_wconf 69' lang='lat' dir='ltr'>dispositioni</span> <span class='ocrx_word' id='word_1_160' title='bbox 1030 1671 1224 1715; x_wconf 88' lang='lat' dir='ltr'>apostolicae</span> 
     </span>
     <span class='ocr_line' id='line_1_30' title="bbox 471 1724 1222 1771; baseline -0.005 -11"><span class='ocrx_word' id='word_1_161' title='bbox 471 1727 655 1771; x_wconf 83' lang='lat' dir='ltr'>specialiter</span> <span class='ocrx_word' id='word_1_162' title='bbox 673 1728 721 1760; x_wconf 82' lang='lat' dir='ltr'>vel</span> <span class='ocrx_word' id='word_1_163' title='bbox 737 1727 825 1767; x_wconf 87' lang='lat' dir='ltr'>alias,</span> <span class='ocrx_word' id='word_1_164' title='bbox 846 1726 969 1759; x_wconf 86' lang='lat' dir='ltr'>ratione</span> <span class='ocrx_word' id='word_1_165' title='bbox 986 1724 1222 1765; x_wconf 84' lang='lat' dir='ltr'>familiaritatis,</span> 
     </span>
     <span class='ocr_line' id='line_1_31' title="bbox 471 1780 1224 1822; baseline -0.005 -8"><span class='ocrx_word' id='word_1_166' title='bbox 471 1780 624 1814; x_wconf 89' lang='lat' dir='ltr'>continue</span> <span class='ocrx_word' id='word_1_167' title='bbox 636 1780 1055 1814; x_wconf 85' lang='lat' dir='ltr'>commensalitatisnostrae</span> <span class='ocrx_word' id='word_1_168' title='bbox 1067 1784 1119 1811; x_wconf 90' lang='lat' dir='ltr'>aut</span> <span class='ocrx_word' id='word_1_169' title='bbox 1131 1788 1224 1822; x_wconf 86' lang='lat' dir='ltr'>prae-</span> 
     </span>
     <span class='ocr_line' id='line_1_32' title="bbox 471 1833 1224 1867; baseline -0.004 0"><span class='ocrx_word' id='word_1_170' title='bbox 471 1833 677 1867; x_wconf 88' lang='lat' dir='ltr'>decessorum</span> <span class='ocrx_word' id='word_1_171' title='bbox 710 1834 759 1867; x_wconf 93' lang='lat' dir='ltr'>vel</span> <span class='ocrx_word' id='word_1_172' title='bbox 785 1843 1006 1867; x_wconf 85' lang='lat' dir='ltr'>successorum</span> <span class='ocrx_word' id='word_1_173' title='bbox 1041 1838 1224 1865; x_wconf 89' lang='lat' dir='ltr'>nostrorum</span> 
     </span>
     <span class='ocr_line' id='line_1_33' title="bbox 471 1885 1221 1920; baseline -0.005 0"><span class='ocrx_word' id='word_1_174' title='bbox 471 1887 692 1920; x_wconf 89' lang='lat' dir='ltr'>Romanorum</span> <span class='ocrx_word' id='word_1_175' title='bbox 723 1886 917 1920; x_wconf 85' lang='lat' dir='ltr'>Pontificum</span> <span class='ocrx_word' id='word_1_176' title='bbox 955 1897 1010 1919; x_wconf 80' lang='lat' dir='ltr'>seu</span> <span class='ocrx_word' id='word_1_177' title='bbox 1044 1885 1076 1919; x_wconf 90' lang='lat' dir='ltr'>S.</span> <span class='ocrx_word' id='word_1_178' title='bbox 1112 1885 1148 1917; x_wconf 81' lang='lat' dir='ltr'>R.</span> <span class='ocrx_word' id='word_1_179' title='bbox 1188 1885 1221 1917; x_wconf 86' lang='lat' dir='ltr'>E.</span> 
     </span>
     <span class='ocr_line' id='line_1_34' title="bbox 473 1939 1226 1985; baseline -0.004 -11"><span class='ocrx_word' id='word_1_180' title='bbox 473 1941 700 1981; x_wconf 82' lang='lat' dir='ltr'>cardinalium,</span> <span class='ocrx_word' id='word_1_181' title='bbox 723 1952 760 1974; x_wconf 91' lang='lat' dir='ltr'>ac</span> <span class='ocrx_word' id='word_1_182' title='bbox 780 1951 838 1985; x_wconf 88' lang='lat' dir='ltr'>per</span> <span class='ocrx_word' id='word_1_183' title='bbox 857 1939 1074 1973; x_wconf 84' lang='lat' dir='ltr'>Cancellariac</span> <span class='ocrx_word' id='word_1_184' title='bbox 1094 1939 1226 1983; x_wconf 86' lang='lat' dir='ltr'>Aposto-</span> 
     </span>
     <span class='ocr_line' id='line_1_35' title="bbox 473 1993 1224 2038; baseline -0.004 -10"><span class='ocrx_word' id='word_1_185' title='bbox 473 1995 554 2028; x_wconf 92' lang='lat' dir='ltr'>licae</span> <span class='ocrx_word' id='word_1_186' title='bbox 573 1995 701 2038; x_wconf 76' lang='lat' dir='ltr'>regulas</span> <span class='ocrx_word' id='word_1_187' title='bbox 721 2000 749 2027; x_wconf 92' lang='lat' dir='ltr'>et</span> <span class='ocrx_word' id='word_1_188' title='bbox 776 1994 853 2026; x_wconf 87' lang='lat' dir='ltr'>alias</span> <span class='ocrx_word' id='word_1_189' title='bbox 878 1993 1123 2026; x_wconf 87' lang='lat' dir='ltr'>constitutiones</span> <span class='ocrx_word' id='word_1_190' title='bbox 1147 2003 1224 2037; x_wconf 88' lang='lat' dir='ltr'>apo-</span> 
     </span>
     <span class='ocr_line' id='line_1_36' title="bbox 473 2047 1226 2089; baseline -0.004 -7"><span class='ocrx_word' id='word_1_191' title='bbox 473 2049 614 2089; x_wconf 87' lang='lat' dir='ltr'>stolicas,</span> <span class='ocrx_word' id='word_1_192' title='bbox 647 2048 747 2082; x_wconf 89' lang='lat' dir='ltr'>editas</span> <span class='ocrx_word' id='word_1_193' title='bbox 767 2053 797 2081; x_wconf 88' lang='lat' dir='ltr'>et</span> <span class='ocrx_word' id='word_1_194' title='bbox 816 2048 967 2083; x_wconf 80' lang='lat' dir='ltr'>edendas,</span> <span class='ocrx_word' id='word_1_195' title='bbox 995 2054 1050 2080; x_wconf 91' lang='lat' dir='ltr'>aut</span> <span class='ocrx_word' id='word_1_196' title='bbox 1080 2047 1158 2080; x_wconf 83' lang='lat' dir='ltr'>alias</span> <span class='ocrx_word' id='word_1_197' title='bbox 1190 2057 1226 2079; x_wconf 84' lang='lat' dir='ltr'>ex</span> 
     </span>
     <span class='ocr_line' id='line_1_37' title="bbox 472 2101 1225 2146; baseline -0.004 -10"><span class='ocrx_word' id='word_1_198' title='bbox 472 2102 584 2146; x_wconf 86' lang='lat' dir='ltr'>quavis</span> <span class='ocrx_word' id='word_1_199' title='bbox 603 2112 712 2143; x_wconf 87' lang='lat' dir='ltr'>causa,</span> <span class='ocrx_word' id='word_1_200' title='bbox 741 2102 988 2145; x_wconf 87' lang='lat' dir='ltr'>qualiscumque</span> <span class='ocrx_word' id='word_1_201' title='bbox 1007 2101 1044 2133; x_wconf 92' lang='lat' dir='ltr'>sit</span> <span class='ocrx_word' id='word_1_202' title='bbox 1067 2106 1097 2134; x_wconf 88' lang='lat' dir='ltr'>et</span> <span class='ocrx_word' id='word_1_203' title='bbox 1122 2101 1225 2133; x_wconf 88' lang='lat' dir='ltr'>unde-</span> 
     </span>
     <span class='ocr_line' id='line_1_38' title="bbox 473 2154 1223 2200; baseline -0.005 -11"><span class='ocrx_word' id='word_1_204' title='bbox 473 2166 614 2200; x_wconf 85' lang='lat' dir='ltr'>cumque</span> <span class='ocrx_word' id='word_1_205' title='bbox 652 2155 794 2195; x_wconf 85' lang='lat' dir='ltr'>resultet,</span> <span class='ocrx_word' id='word_1_206' title='bbox 828 2154 1021 2197; x_wconf 82' lang='lat' dir='ltr'>generaliter</span> <span class='ocrx_word' id='word_1_207' title='bbox 1054 2154 1223 2193; x_wconf 88' lang='lat' dir='ltr'>reservari,</span> 
     </span>
     <span class='ocr_line' id='line_1_39' title="bbox 473 2207 1226 2252; baseline -0.004 -9"><span class='ocrx_word' id='word_1_208' title='bbox 473 2221 528 2244; x_wconf 91' lang='lat' dir='ltr'>seu</span> <span class='ocrx_word' id='word_1_209' title='bbox 563 2220 600 2243; x_wconf 81' lang='lat' dir='ltr'>ex</span> <span class='ocrx_word' id='word_1_210' title='bbox 632 2208 773 2252; x_wconf 80' lang='lat' dir='ltr'>generali</span> <span class='ocrx_word' id='word_1_211' title='bbox 806 2208 1020 2241; x_wconf 77' lang='lat' dir='ltr'>reservatione</span> <span class='ocrx_word' id='word_1_212' title='bbox 1050 2207 1226 2251; x_wconf 89' lang='lat' dir='ltr'>apostolica</span> 
     </span>
     <span class='ocr_line' id='line_1_40' title="bbox 473 2261 1226 2303; baseline -0.003 -6"><span class='ocrx_word' id='word_1_213' title='bbox 473 2262 591 2303; x_wconf 81' lang='lat' dir='ltr'>effecti,</span> <span class='ocrx_word' id='word_1_214' title='bbox 609 2274 645 2296; x_wconf 88' lang='lat' dir='ltr'>ac</span> <span class='ocrx_word' id='word_1_215' title='bbox 659 2261 883 2302; x_wconf 84' lang='lat' dir='ltr'>sacerdotales,</span> <span class='ocrx_word' id='word_1_216' title='bbox 898 2261 1080 2294; x_wconf 77' lang='lat' dir='ltr'>diaconales</span> <span class='ocrx_word' id='word_1_217' title='bbox 1092 2263 1139 2294; x_wconf 88' lang='lat' dir='ltr'>vel</span> <span class='ocrx_word' id='word_1_218' title='bbox 1153 2262 1226 2295; x_wconf 87' lang='lat' dir='ltr'>sub-</span> 
     </span>
     <span class='ocr_line' id='line_1_41' title="bbox 475 2315 1227 2359; baseline -0.003 -9"><span class='ocrx_word' id='word_1_219' title='bbox 475 2317 657 2351; x_wconf 89' lang='lat' dir='ltr'>diaconales</span> <span class='ocrx_word' id='word_1_220' title='bbox 673 2317 818 2357; x_wconf 85' lang='lat' dir='ltr'>existant,</span> <span class='ocrx_word' id='word_1_221' title='bbox 841 2321 872 2349; x_wconf 88' lang='lat' dir='ltr'>et</span> <span class='ocrx_word' id='word_1_222' title='bbox 891 2326 988 2359; x_wconf 83' lang='lat' dir='ltr'>super</span> <span class='ocrx_word' id='word_1_223' title='bbox 1007 2316 1052 2348; x_wconf 84' lang='lat' dir='ltr'>eis</span> <span class='ocrx_word' id='word_1_224' title='bbox 1072 2315 1153 2348; x_wconf 84' lang='lat' dir='ltr'>inter</span> <span class='ocrx_word' id='word_1_225' title='bbox 1171 2316 1227 2349; x_wconf 90' lang='lat' dir='ltr'>ali-</span> 
     </span>
     <span class='ocr_line' id='line_1_42' title="bbox 475 2368 1225 2415; baseline -0.003 -11"><span class='ocrx_word' id='word_1_226' title='bbox 475 2381 556 2415; x_wconf 85' lang='lat' dir='ltr'>quos</span> <span class='ocrx_word' id='word_1_227' title='bbox 568 2370 619 2411; x_wconf 89' lang='lat' dir='ltr'>lis,</span> <span class='ocrx_word' id='word_1_228' title='bbox 635 2370 727 2403; x_wconf 89' lang='lat' dir='ltr'>cuius</span> <span class='ocrx_word' id='word_1_229' title='bbox 743 2374 859 2403; x_wconf 89' lang='lat' dir='ltr'>statum</span> <span class='ocrx_word' id='word_1_230' title='bbox 876 2368 1099 2413; x_wconf 86' lang='lat' dir='ltr'>praesentibus</span> <span class='ocrx_word' id='word_1_231' title='bbox 1115 2369 1225 2402; x_wconf 82' lang='lat' dir='ltr'>haberi</span> 
     </span>
     <span class='ocr_line' id='line_1_43' title="bbox 474 2417 1225 2463; baseline -0.001 -11"><span class='ocrx_word' id='word_1_232' title='bbox 474 2420 622 2452; x_wconf 87' lang='lat' dir='ltr'>volumus</span> <span class='ocrx_word' id='word_1_233' title='bbox 643 2430 700 2463; x_wconf 90' lang='lat' dir='ltr'>pro</span> <span class='ocrx_word' id='word_1_234' title='bbox 721 2429 881 2462; x_wconf 79' lang='lat' dir='ltr'>expresso,</span> <span class='ocrx_word' id='word_1_235' title='bbox 918 2417 1054 2461; x_wconf 89' lang='lat' dir='ltr'>pendeat</span> <span class='ocrx_word' id='word_1_236' title='bbox 1075 2417 1225 2459; x_wconf 82' lang='lat' dir='ltr'>indecisa,</span> 
     </span>
     <span class='ocr_line' id='line_1_44' title="bbox 477 2467 1226 2511; baseline -0.003 -9"><span class='ocrx_word' id='word_1_237' title='bbox 477 2479 550 2502; x_wconf 87' lang='lat' dir='ltr'>cum</span> <span class='ocrx_word' id='word_1_238' title='bbox 577 2468 707 2502; x_wconf 78' lang='lat' dir='ltr'>annexis</span> <span class='ocrx_word' id='word_1_239' title='bbox 738 2467 927 2501; x_wconf 90' lang='lat' dir='ltr'>huiusmodi</span> <span class='ocrx_word' id='word_1_240' title='bbox 960 2471 988 2499; x_wconf 91' lang='lat' dir='ltr'>et</span> <span class='ocrx_word' id='word_1_241' title='bbox 1027 2467 1226 2511; x_wconf 87' lang='lat' dir='ltr'>plenitudine</span> 
     </span>
     <span class='ocr_line' id='line_1_45' title="bbox 476 2516 1228 2551; baseline 0 -1"><span class='ocrx_word' id='word_1_242' title='bbox 476 2517 556 2550; x_wconf 91' lang='lat' dir='ltr'>iuris</span> <span class='ocrx_word' id='word_1_243' title='bbox 591 2517 769 2551; x_wconf 87' lang='lat' dir='ltr'>canonicati</span> <span class='ocrx_word' id='word_1_244' title='bbox 803 2528 839 2550; x_wconf 87' lang='lat' dir='ltr'>ac</span> <span class='ocrx_word' id='word_1_245' title='bbox 859 2516 1010 2549; x_wconf 89' lang='lat' dir='ltr'>omnibus</span> <span class='ocrx_word' id='word_1_246' title='bbox 1041 2516 1167 2549; x_wconf 88' lang='lat' dir='ltr'>iuribus</span> <span class='ocrx_word' id='word_1_247' title='bbox 1197 2522 1228 2550; x_wconf 86' lang='lat' dir='ltr'>et</span> 
     </span>
     <span class='ocr_line' id='line_1_46' title="bbox 476 2565 1227 2610; baseline -0.001 -11"><span class='ocrx_word' id='word_1_248' title='bbox 476 2566 678 2610; x_wconf 88' lang='lat' dir='ltr'>pertinentiis</span> <span class='ocrx_word' id='word_1_249' title='bbox 701 2567 779 2607; x_wconf 88' lang='lat' dir='ltr'>suis,</span> <span class='ocrx_word' id='word_1_250' title='bbox 802 2566 907 2600; x_wconf 83' lang='lat' dir='ltr'>officio</span> <span class='ocrx_word' id='word_1_251' title='bbox 942 2565 1084 2609; x_wconf 77' lang='lat' dir='ltr'>magistri</span> <span class='ocrx_word' id='word_1_252' title='bbox 1116 2565 1227 2598; x_wconf 88' lang='lat' dir='ltr'>Palatii</span> 
     </span>
     <span class='ocr_line' id='line_1_47' title="bbox 476 2615 1227 2660; baseline -0.001 -11"><span class='ocrx_word' id='word_1_253' title='bbox 476 2615 674 2656; x_wconf 86' lang='lat' dir='ltr'>huiusmodi,</span> <span class='ocrx_word' id='word_1_254' title='bbox 704 2627 741 2649; x_wconf 79' lang='lat' dir='ltr'>ex</span> <span class='ocrx_word' id='word_1_255' title='bbox 760 2626 860 2656; x_wconf 86' lang='lat' dir='ltr'>nunc,</span> <span class='ocrx_word' id='word_1_256' title='bbox 882 2621 979 2660; x_wconf 89' lang='lat' dir='ltr'>prout</span> <span class='ocrx_word' id='word_1_257' title='bbox 1012 2626 1049 2648; x_wconf 85' lang='lat' dir='ltr'>ex</span> <span class='ocrx_word' id='word_1_258' title='bbox 1067 2620 1145 2648; x_wconf 87' lang='lat' dir='ltr'>tunc</span> <span class='ocrx_word' id='word_1_259' title='bbox 1161 2621 1190 2648; x_wconf 88' lang='lat' dir='ltr'>et</span> <span class='ocrx_word' id='word_1_260' title='bbox 1211 2625 1227 2648; x_wconf 90' lang='lat' dir='ltr'>e</span> 
     </span>
    </p>
   </div>
   <div class='ocr_carea' id='block_1_4' title="bbox 1004 223 1413 264">
    <p class='ocr_par' dir='ltr' id='par_1_5' title="bbox 1004 223 1413 264">
     <span class='ocr_line' id='line_1_48' title="bbox 1004 223 1413 264; baseline 0 -16"><span class='ocrx_word' id='word_1_261' title='bbox 1004 251 1012 264; x_wconf 35' lang='grc' dir='ltr'>ε</span> <span class='ocrx_word' id='word_1_262' title='bbox 1061 223 1240 248; x_wconf 77' lang='lat' dir='ltr'><strong>BULLARIUM</strong></span> <span class='ocrx_word' id='word_1_263' title='bbox 1263 223 1413 248; x_wconf 68' lang='lat' dir='ltr'>Romnum</span> 
     </span>
    </p>
   </div>
   <div class='ocr_carea' id='block_1_5' title="bbox 1244 1508 1248 2096">
    <p class='ocr_par' dir='ltr' id='par_1_6' title="bbox 1244 1508 1248 2096">
     <span class='ocr_line' id='line_1_49' title="bbox 1244 1508 1248 2096; baseline 0 0"><span class='ocrx_word' id='word_1_264' title='bbox 1244 1508 1248 2096; x_wconf 95' lang='lat' dir='ltr'> </span> 
     </span>
    </p>
   </div>
   <div class='ocr_carea' id='block_1_6' title="bbox 2027 213 2217 243">
    <p class='ocr_par' dir='ltr' id='par_1_7' title="bbox 2027 213 2217 243">
     <span class='ocr_line' id='line_1_50' title="bbox 2027 213 2217 243; baseline 0 0"><span class='ocrx_word' id='word_1_265' title='bbox 2027 216 2076 243; x_wconf 76' lang='lat' dir='ltr'>An.</span> <span class='ocrx_word' id='word_1_266' title='bbox 2093 214 2124 243; x_wconf 88' lang='lat' dir='ltr'>C.</span> <span class='ocrx_word' id='word_1_267' title='bbox 2142 213 2217 243; x_wconf 67' lang='lat'>¹⁸70</span> 
     </span>
    </p>
   </div>
   <div class='ocr_carea' id='block_1_7' title="bbox 1261 273 2216 2358">
    <p class='ocr_par' dir='ltr' id='par_1_8' title="bbox 1261 273 2016 523">
     <span class='ocr_line' id='line_1_51' title="bbox 1262 273 2013 316; baseline -0.001 -8"><span class='ocrx_word' id='word_1_268' title='bbox 1262 279 1386 316; x_wconf 86' lang='lat' dir='ltr'>contra,</span> <span class='ocrx_word' id='word_1_269' title='bbox 1409 284 1484 307; x_wconf 84' lang='lat' dir='ltr'>curn</span> <span class='ocrx_word' id='word_1_270' title='bbox 1504 273 1657 308; x_wconf 89' lang='lat' dir='ltr'>oneribus</span> <span class='ocrx_word' id='word_1_271' title='bbox 1675 274 1709 307; x_wconf 91' lang='lat' dir='ltr'>in</span> <span class='ocrx_word' id='word_1_272' title='bbox 1727 273 1864 308; x_wconf 87' lang='lat' dir='ltr'>decretis</span> <span class='ocrx_word' id='word_1_273' title='bbox 1883 273 2013 308; x_wconf 86' lang='lat' dir='ltr'>concilii</span> 
     </span>
     <span class='ocr_line' id='line_1_52' title="bbox 1261 326 2014 373; baseline 0.003 -13"><span class='ocrx_word' id='word_1_274' title='bbox 1261 327 1440 361; x_wconf 88' lang='lat' dir='ltr'>Tridentini</span> <span class='ocrx_word' id='word_1_275' title='bbox 1459 326 1647 361; x_wconf 91' lang='lat' dir='ltr'>huiusmodi</span> <span class='ocrx_word' id='word_1_276' title='bbox 1679 327 1848 373; x_wconf 83' lang='lat' dir='ltr'>expressis,</span> <span class='ocrx_word' id='word_1_277' title='bbox 1871 327 2014 362; x_wconf 89' lang='lat' dir='ltr'>auctori·</span> 
     </span>
     <span class='ocr_line' id='line_1_53' title="bbox 1262 381 2014 427; baseline 0.001 -12"><span class='ocrx_word' id='word_1_278' title='bbox 1262 387 1324 416; x_wconf 87' lang='lat' dir='ltr'>tate</span> <span class='ocrx_word' id='word_1_279' title='bbox 1348 381 1535 426; x_wconf 88' lang='lat' dir='ltr'>apostolica,</span> <span class='ocrx_word' id='word_1_280' title='bbox 1555 386 1667 416; x_wconf 90' lang='lat' dir='ltr'>tenore</span> <span class='ocrx_word' id='word_1_281' title='bbox 1686 383 1917 426; x_wconf 85' lang='lat' dir='ltr'>praesentium,</span> <span class='ocrx_word' id='word_1_282' title='bbox 1938 393 2014 427; x_wconf 89' lang='lat' dir='ltr'>per-</span> 
     </span>
     <span class='ocr_line' id='line_1_54' title="bbox 1261 435 2016 482; baseline 0.003 -13"><span class='ocrx_word' id='word_1_283' title='bbox 1261 441 1359 480; x_wconf 88' lang='lat' dir='ltr'>petuo</span> <span class='ocrx_word' id='word_1_284' title='bbox 1387 436 1530 477; x_wconf 90' lang='lat' dir='ltr'>unimus,</span> <span class='ocrx_word' id='word_1_285' title='bbox 1563 435 1768 470; x_wconf 88' lang='lat' dir='ltr'>annectimus</span> <span class='ocrx_word' id='word_1_286' title='bbox 1800 441 1832 470; x_wconf 87' lang='lat' dir='ltr'>et</span> <span class='ocrx_word' id='word_1_287' title='bbox 1863 436 2016 482; x_wconf 87' lang='lat' dir='ltr'>incorpo-</span> 
     </span>
     <span class='ocr_line' id='line_1_55' title="bbox 1261 500 1382 523; baseline 0 -1"><span class='ocrx_word' id='word_1_288' title='bbox 1261 500 1382 523; x_wconf 88' lang='lat' dir='ltr'>ramus.</span> 
     </span>
    </p>

    <p class='ocr_par' dir='ltr' id='par_1_9' title="bbox 1261 542 2216 1929">
     <span class='ocr_line' id='line_1_56' title="bbox 1306 542 2216 586; baseline 0.002 -11"><span class='ocrx_word' id='word_1_289' title='bbox 1306 543 1321 586; x_wconf 64' lang='grc' dir='ltr'><strong>ξ</strong></span> <span class='ocrx_word' id='word_1_290' title='bbox 1340 542 1372 576; x_wconf 82' lang='grc'>3.</span> <span class='ocrx_word' id='word_1_291' title='bbox 1395 543 1440 576; x_wconf 89' lang='lat' dir='ltr'>Ita</span> <span class='ocrx_word' id='word_1_292' title='bbox 1455 543 1542 586; x_wconf 88' lang='lat' dir='ltr'>quod</span> <span class='ocrx_word' id='word_1_293' title='bbox 1553 542 1648 576; x_wconf 88' lang='lat' dir='ltr'>liceat</span> <span class='ocrx_word' id='word_1_294' title='bbox 1660 542 1777 577; x_wconf 89' lang='lat' dir='ltr'>dilecto</span> <span class='ocrx_word' id='word_1_295' title='bbox 1790 542 1858 576; x_wconf 80' lang='lat' dir='ltr'>filio</span> <span class='ocrx_word' id='word_1_296' title='bbox 1873 542 2016 577; x_wconf 89' lang='lat' dir='ltr'>Thomae</span> <span class='ocrx_word' id='word_1_297' title='bbox 2056 556 2137 577; x_wconf 64' lang='lat' dir='ltr'>rrimus</span> <span class='ocrx_word' id='word_1_298' title='bbox 2152 562 2216 578; x_wconf 69' lang='lat' dir='ltr'>cmo.</span> 
     </span>
     <span class='ocr_line' id='line_1_57' title="bbox 1261 588 2216 645; baseline 0.004 -17"><span class='ocrx_word' id='word_1_299' title='bbox 1261 596 1437 640; x_wconf 82' lang='lat' dir='ltr'>Maurique,</span> <span class='ocrx_word' id='word_1_300' title='bbox 1458 597 1534 630; x_wconf 90' lang='lat' dir='ltr'>dicti</span> <span class='ocrx_word' id='word_1_301' title='bbox 1554 596 1682 631; x_wconf 88' lang='lat' dir='ltr'>Ordinis</span> <span class='ocrx_word' id='word_1_302' title='bbox 1701 596 1876 641; x_wconf 87' lang='lat' dir='ltr'>professori</span> <span class='ocrx_word' id='word_1_303' title='bbox 1898 602 1931 630; x_wconf 86' lang='lat' dir='ltr'>et</span> <span class='ocrx_word' id='word_1_304' title='bbox 1950 607 2018 631; x_wconf 87' lang='lat' dir='ltr'>ma-</span> <span class='ocrx_word' id='word_1_305' title='bbox 2029 589 2091 645; x_wconf 51' lang='lat'>{25:¹⁵⁸</span> <span class='ocrx_word' id='word_1_306' title='bbox 2124 588 2216 640; x_wconf 53' lang='lat' dir='ltr'>{¹1¹2}ssssss</span> 
     </span>
     <span class='ocr_line' id='line_1_58' title="bbox 1261 649 2148 694; baseline 0.003 -13"><span class='ocrx_word' id='word_1_307' title='bbox 1261 649 1361 692; x_wconf 77' lang='lat' dir='ltr'>gistro</span> <span class='ocrx_word' id='word_1_308' title='bbox 1381 649 1414 682; x_wconf 91' lang='lat' dir='ltr'>in</span> <span class='ocrx_word' id='word_1_309' title='bbox 1434 649 1608 693; x_wconf 80' lang='lat' dir='ltr'>theologia,</span> <span class='ocrx_word' id='word_1_310' title='bbox 1631 650 1788 683; x_wconf 89' lang='lat' dir='ltr'>moderno</span> <span class='ocrx_word' id='word_1_311' title='bbox 1812 656 1843 684; x_wconf 91' lang='lat' dir='ltr'>et</span> <span class='ocrx_word' id='word_1_312' title='bbox 1861 661 1920 694; x_wconf 91' lang='lat' dir='ltr'>pro</span> <span class='ocrx_word' id='word_1_313' title='bbox 1935 655 2017 683; x_wconf 84' lang='lat' dir='ltr'>tem·</span> <span class='ocrx_word' id='word_1_314' title='bbox 2030 649 2148 677; x_wconf 58' lang='lat' dir='ltr'><strong>ffinfiffl·</strong></span> 
     </span>
     <span class='ocr_line' id='line_1_59' title="bbox 1262 703 2014 747; baseline 0.001 -11"><span class='ocrx_word' id='word_1_315' title='bbox 1262 713 1341 746; x_wconf 89' lang='lat' dir='ltr'>pore</span> <span class='ocrx_word' id='word_1_316' title='bbox 1361 703 1506 737; x_wconf 76' lang='lat' dir='ltr'>existenti</span> <span class='ocrx_word' id='word_1_317' title='bbox 1527 703 1680 747; x_wconf 84' lang='lat' dir='ltr'>magistro</span> <span class='ocrx_word' id='word_1_318' title='bbox 1691 703 1804 737; x_wconf 87' lang='lat' dir='ltr'>Palatii</span> <span class='ocrx_word' id='word_1_319' title='bbox 1813 703 2014 745; x_wconf 88' lang='lat' dir='ltr'>huiusmodi,</span> 
     </span>
     <span class='ocr_line' id='line_1_60' title="bbox 1262 757 2016 801; baseline 0.004 -13"><span class='ocrx_word' id='word_1_320' title='bbox 1262 757 1478 799; x_wconf 85' lang='lat' dir='ltr'>corporalem,</span> <span class='ocrx_word' id='word_1_321' title='bbox 1501 757 1621 790; x_wconf 88' lang='lat' dir='ltr'>realem</span> <span class='ocrx_word' id='word_1_322' title='bbox 1642 762 1673 791; x_wconf 85' lang='lat' dir='ltr'>et</span> <span class='ocrx_word' id='word_1_323' title='bbox 1694 758 1854 791; x_wconf 86' lang='lat' dir='ltr'>actualem</span> <span class='ocrx_word' id='word_1_324' title='bbox 1887 768 2016 801; x_wconf 86' lang='lat' dir='ltr'>posses-</span> 
     </span>
     <span class='ocr_line' id='line_1_61' title="bbox 1262 809 2017 856; baseline 0.003 -14"><span class='ocrx_word' id='word_1_325' title='bbox 1262 809 1386 843; x_wconf 87' lang='lat' dir='ltr'>sionem</span> <span class='ocrx_word' id='word_1_326' title='bbox 1411 809 1621 844; x_wconf 84' lang='lat' dir='ltr'>canonicatus</span> <span class='ocrx_word' id='word_1_327' title='bbox 1637 815 1667 844; x_wconf 91' lang='lat' dir='ltr'>et</span> <span class='ocrx_word' id='word_1_328' title='bbox 1686 810 1890 855; x_wconf 86' lang='lat' dir='ltr'>praebendae</span> <span class='ocrx_word' id='word_1_329' title='bbox 1921 821 2017 856; x_wconf 86' lang='lat' dir='ltr'>prae-</span> 
     </span>
     <span class='ocr_line' id='line_1_62' title="bbox 1262 863 2018 907; baseline 0.003 -11"><span class='ocrx_word' id='word_1_330' title='bbox 1262 863 1436 904; x_wconf 89' lang='lat' dir='ltr'>dictorum,</span> <span class='ocrx_word' id='word_1_331' title='bbox 1455 863 1481 897; x_wconf 90' lang='lat' dir='ltr'>si</span> <span class='ocrx_word' id='word_1_332' title='bbox 1504 870 1628 907; x_wconf 90' lang='lat' dir='ltr'>vacant,</span> <span class='ocrx_word' id='word_1_333' title='bbox 1650 869 1706 897; x_wconf 87' lang='lat' dir='ltr'>aut</span> <span class='ocrx_word' id='word_1_334' title='bbox 1725 875 1800 898; x_wconf 93' lang='lat' dir='ltr'>cum</span> <span class='ocrx_word' id='word_1_335' title='bbox 1827 865 2018 906; x_wconf 85' lang='lat' dir='ltr'>vacaverint,</span> 
     </span>
     <span class='ocr_line' id='line_1_63' title="bbox 1262 917 2019 963; baseline 0.004 -14"><span class='ocrx_word' id='word_1_336' title='bbox 1262 921 1298 949; x_wconf 89' lang='lat' dir='ltr'>ut</span> <span class='ocrx_word' id='word_1_337' title='bbox 1317 917 1510 961; x_wconf 79' lang='lat' dir='ltr'>praefertur,</span> <span class='ocrx_word' id='word_1_338' title='bbox 1533 929 1571 951; x_wconf 87' lang='lat' dir='ltr'>ac</span> <span class='ocrx_word' id='word_1_339' title='bbox 1596 928 1796 952; x_wconf 82' lang='lat' dir='ltr'>annexorum</span> <span class='ocrx_word' id='word_1_340' title='bbox 1830 918 2019 963; x_wconf 88' lang='lat' dir='ltr'>iuriumque</span> 
     </span>
     <span class='ocr_line' id='line_1_64' title="bbox 1262 970 2018 1016; baseline 0.003 -13"><span class='ocrx_word' id='word_1_341' title='bbox 1262 981 1299 1003; x_wconf 88' lang='lat' dir='ltr'>ac</span> <span class='ocrx_word' id='word_1_342' title='bbox 1319 970 1590 1014; x_wconf 85' lang='lat' dir='ltr'>pertinentiarum</span> <span class='ocrx_word' id='word_1_343' title='bbox 1610 971 1864 1015; x_wconf 88' lang='lat' dir='ltr'>praedictarum,</span> <span class='ocrx_word' id='word_1_344' title='bbox 1899 982 1959 1016; x_wconf 89' lang='lat' dir='ltr'>per</span> <span class='ocrx_word' id='word_1_345' title='bbox 1984 982 2018 1005; x_wconf 86' lang='lat' dir='ltr'>se</span> 
     </span>
     <span class='ocr_line' id='line_1_65' title="bbox 1262 1024 2019 1070; baseline 0.001 -13"><span class='ocrx_word' id='word_1_346' title='bbox 1262 1025 1311 1058; x_wconf 85' lang='lat' dir='ltr'>vel</span> <span class='ocrx_word' id='word_1_347' title='bbox 1330 1024 1431 1058; x_wconf 89' lang='lat' dir='ltr'>alium</span> <span class='ocrx_word' id='word_1_348' title='bbox 1452 1036 1508 1059; x_wconf 90' lang='lat' dir='ltr'>seu</span> <span class='ocrx_word' id='word_1_349' title='bbox 1528 1025 1608 1058; x_wconf 88' lang='lat' dir='ltr'>alios</span> <span class='ocrx_word' id='word_1_350' title='bbox 1628 1025 1698 1059; x_wconf 90' lang='lat' dir='ltr'>eius</span> <span class='ocrx_word' id='word_1_351' title='bbox 1717 1025 1862 1067; x_wconf 91' lang='lat' dir='ltr'>nomine,</span> <span class='ocrx_word' id='word_1_352' title='bbox 1885 1025 2019 1070; x_wconf 87' lang='lat' dir='ltr'>propria</span> 
     </span>
     <span class='ocr_line' id='line_1_66' title="bbox 1263 1078 2020 1124; baseline 0.003 -13"><span class='ocrx_word' id='word_1_353' title='bbox 1263 1078 1466 1119; x_wconf 86' lang='lat' dir='ltr'>auctoritate,</span> <span class='ocrx_word' id='word_1_354' title='bbox 1499 1079 1599 1113; x_wconf 89' lang='lat' dir='ltr'>libere</span> <span class='ocrx_word' id='word_1_355' title='bbox 1632 1079 1896 1124; x_wconf 86' lang='lat' dir='ltr'>apprehendere,</span> <span class='ocrx_word' id='word_1_356' title='bbox 1931 1085 1963 1114; x_wconf 87' lang='lat' dir='ltr'>et</span> <span class='ocrx_word' id='word_1_357' title='bbox 1984 1079 2020 1113; x_wconf 90' lang='lat' dir='ltr'>in</span> 
     </span>
     <span class='ocr_line' id='line_1_67' title="bbox 1264 1132 2019 1174; baseline 0.003 -9"><span class='ocrx_word' id='word_1_358' title='bbox 1264 1132 1375 1166; x_wconf 89' lang='lat' dir='ltr'>eadem</span> <span class='ocrx_word' id='word_1_359' title='bbox 1395 1133 1540 1174; x_wconf 87' lang='lat' dir='ltr'>basilica,</span> <span class='ocrx_word' id='word_1_360' title='bbox 1562 1138 1598 1166; x_wconf 89' lang='lat' dir='ltr'>ut</span> <span class='ocrx_word' id='word_1_361' title='bbox 1616 1133 1705 1167; x_wconf 90' lang='lat' dir='ltr'>illius</span> <span class='ocrx_word' id='word_1_362' title='bbox 1738 1133 1915 1167; x_wconf 86' lang='lat' dir='ltr'>canonicus</span> <span class='ocrx_word' id='word_1_363' title='bbox 1937 1133 2019 1167; x_wconf 86' lang='lat' dir='ltr'>resi-</span> 
     </span>
     <span class='ocr_line' id='line_1_68' title="bbox 1264 1186 2020 1227; baseline 0.003 -8"><span class='ocrx_word' id='word_1_364' title='bbox 1264 1186 1352 1226; x_wconf 87' lang='lat' dir='ltr'>dere,</span> <span class='ocrx_word' id='word_1_365' title='bbox 1388 1197 1425 1220; x_wconf 90' lang='lat' dir='ltr'>ac</span> <span class='ocrx_word' id='word_1_366' title='bbox 1445 1187 1573 1220; x_wconf 88' lang='lat' dir='ltr'>stallum</span> <span class='ocrx_word' id='word_1_367' title='bbox 1598 1186 1631 1219; x_wconf 90' lang='lat' dir='ltr'>in</span> <span class='ocrx_word' id='word_1_368' title='bbox 1652 1187 1763 1227; x_wconf 90' lang='lat' dir='ltr'>choro,</span> <span class='ocrx_word' id='word_1_369' title='bbox 1783 1197 1821 1220; x_wconf 88' lang='lat' dir='ltr'>ac</span> <span class='ocrx_word' id='word_1_370' title='bbox 1845 1187 1955 1221; x_wconf 87' lang='lat' dir='ltr'>locum</span> <span class='ocrx_word' id='word_1_371' title='bbox 1988 1192 2020 1221; x_wconf 88' lang='lat' dir='ltr'>et</span> 
     </span>
     <span class='ocr_line' id='line_1_69' title="bbox 1263 1240 2018 1285; baseline 0.001 -12"><span class='ocrx_word' id='word_1_372' title='bbox 1263 1250 1373 1274; x_wconf 90' lang='lat' dir='ltr'>vocem</span> <span class='ocrx_word' id='word_1_373' title='bbox 1408 1240 1542 1274; x_wconf 85' lang='lat' dir='ltr'>activam</span> <span class='ocrx_word' id='word_1_374' title='bbox 1569 1246 1601 1274; x_wconf 89' lang='lat' dir='ltr'>et</span> <span class='ocrx_word' id='word_1_375' title='bbox 1620 1241 1777 1285; x_wconf 83' lang='lat' dir='ltr'>passivam</span> <span class='ocrx_word' id='word_1_376' title='bbox 1797 1241 1831 1274; x_wconf 93' lang='lat' dir='ltr'>in</span> <span class='ocrx_word' id='word_1_377' title='bbox 1864 1241 2018 1285; x_wconf 88' lang='lat' dir='ltr'>capitulo,</span> 
     </span>
     <span class='ocr_line' id='line_1_70' title="bbox 1264 1294 2019 1337; baseline 0.003 -11"><span class='ocrx_word' id='word_1_378' title='bbox 1264 1294 1527 1337; x_wconf 88' lang='lat' dir='ltr'>processionibus</span> <span class='ocrx_word' id='word_1_379' title='bbox 1547 1305 1584 1328; x_wconf 88' lang='lat' dir='ltr'>ac</span> <span class='ocrx_word' id='word_1_380' title='bbox 1605 1294 1720 1328; x_wconf 87' lang='lat' dir='ltr'>ceteris</span> <span class='ocrx_word' id='word_1_381' title='bbox 1738 1294 1820 1328; x_wconf 88' lang='lat' dir='ltr'>locis</span> <span class='ocrx_word' id='word_1_382' title='bbox 1843 1300 1875 1328; x_wconf 88' lang='lat' dir='ltr'>et</span> <span class='ocrx_word' id='word_1_383' title='bbox 1894 1295 2019 1329; x_wconf 88' lang='lat' dir='ltr'>actibus</span> 
     </span>
     <span class='ocr_line' id='line_1_71' title="bbox 1264 1347 2018 1393; baseline 0.004 -14"><span class='ocrx_word' id='word_1_384' title='bbox 1264 1347 1403 1390; x_wconf 91' lang='lat' dir='ltr'>publicis</span> <span class='ocrx_word' id='word_1_385' title='bbox 1415 1353 1443 1381; x_wconf 88' lang='lat' dir='ltr'>et</span> <span class='ocrx_word' id='word_1_386' title='bbox 1456 1348 1586 1393; x_wconf 90' lang='lat' dir='ltr'>privatis</span> <span class='ocrx_word' id='word_1_387' title='bbox 1603 1348 1703 1392; x_wconf 91' lang='lat' dir='ltr'>ipsius</span> <span class='ocrx_word' id='word_1_388' title='bbox 1717 1347 1868 1382; x_wconf 84' lang='lat' dir='ltr'>basilicae</span> <span class='ocrx_word' id='word_1_389' title='bbox 1885 1348 2018 1390; x_wconf 86' lang='lat' dir='ltr'>habere;</span> 
     </span>
     <span class='ocr_line' id='line_1_72' title="bbox 1265 1400 2020 1446; baseline 0.007 -14"><span class='ocrx_word' id='word_1_390' title='bbox 1265 1400 1491 1445; x_wconf 87' lang='lat' dir='ltr'>dictorumque</span> <span class='ocrx_word' id='word_1_391' title='bbox 1524 1402 1733 1436; x_wconf 88' lang='lat' dir='ltr'>canonicatus</span> <span class='ocrx_word' id='word_1_392' title='bbox 1753 1407 1783 1436; x_wconf 92' lang='lat' dir='ltr'>et</span> <span class='ocrx_word' id='word_1_393' title='bbox 1815 1402 2020 1446; x_wconf 84' lang='lat' dir='ltr'>praebendae</span> 
     </span>
     <span class='ocr_line' id='line_1_73' title="bbox 1265 1453 2017 1501; baseline 0.004 -15"><span class='ocrx_word' id='word_1_394' title='bbox 1265 1453 1399 1495; x_wconf 81' lang='lat' dir='ltr'>fructus,</span> <span class='ocrx_word' id='word_1_395' title='bbox 1419 1456 1574 1497; x_wconf 90' lang='lat' dir='ltr'>redditus,</span> <span class='ocrx_word' id='word_1_396' title='bbox 1594 1460 1779 1501; x_wconf 89' lang='lat' dir='ltr'>proventus,</span> <span class='ocrx_word' id='word_1_397' title='bbox 1797 1455 2017 1497; x_wconf 86' lang='lat' dir='ltr'>obventiones,</span> 
     </span>
     <span class='ocr_line' id='line_1_74' title="bbox 1265 1507 2020 1550; baseline 0.007 -11"><span class='ocrx_word' id='word_1_398' title='bbox 1265 1507 1518 1550; x_wconf 86' lang='lat' dir='ltr'>distributiones,</span> <span class='ocrx_word' id='word_1_399' title='bbox 1539 1510 1757 1543; x_wconf 87' lang='lat' dir='ltr'>emolumenta</span> <span class='ocrx_word' id='word_1_400' title='bbox 1784 1520 1822 1543; x_wconf 85' lang='lat' dir='ltr'>ac</span> <span class='ocrx_word' id='word_1_401' title='bbox 1847 1509 1920 1543; x_wconf 86' lang='lat' dir='ltr'>iura</span> <span class='ocrx_word' id='word_1_402' title='bbox 1947 1520 2020 1544; x_wconf 90' lang='lat' dir='ltr'>om-</span> 
     </span>
     <span class='ocr_line' id='line_1_75' title="bbox 1265 1561 2020 1608; baseline 0.005 -15"><span class='ocrx_word' id='word_1_403' title='bbox 1265 1561 1330 1602; x_wconf 91' lang='lat' dir='ltr'>nia,</span> <span class='ocrx_word' id='word_1_404' title='bbox 1364 1563 1528 1596; x_wconf 87' lang='lat' dir='ltr'>ordinaria</span> <span class='ocrx_word' id='word_1_405' title='bbox 1558 1569 1589 1597; x_wconf 90' lang='lat' dir='ltr'>et</span> <span class='ocrx_word' id='word_1_406' title='bbox 1621 1563 1885 1604; x_wconf 81' lang='lat' dir='ltr'>extraordinaria,</span> <span class='ocrx_word' id='word_1_407' title='bbox 1913 1563 2020 1608; x_wconf 88' lang='lat' dir='ltr'>perci·-</span> 
     </span>
     <span class='ocr_line' id='line_1_76' title="bbox 1266 1616 2021 1660; baseline 0.005 -13"><span class='ocrx_word' id='word_1_408' title='bbox 1266 1625 1353 1658; x_wconf 85' lang='lat' dir='ltr'>pere,</span> <span class='ocrx_word' id='word_1_409' title='bbox 1374 1616 1499 1660; x_wconf 81' lang='lat' dir='ltr'>exigere</span> <span class='ocrx_word' id='word_1_410' title='bbox 1519 1622 1550 1650; x_wconf 90' lang='lat' dir='ltr'>et</span> <span class='ocrx_word' id='word_1_411' title='bbox 1574 1618 1678 1650; x_wconf 85' lang='lat' dir='ltr'>levare</span> <span class='ocrx_word' id='word_1_412' title='bbox 1709 1627 1747 1650; x_wconf 91' lang='lat' dir='ltr'>ac</span> <span class='ocrx_word' id='word_1_413' title='bbox 1776 1617 1809 1650; x_wconf 91' lang='lat' dir='ltr'>in</span> <span class='ocrx_word' id='word_1_414' title='bbox 1834 1627 1910 1650; x_wconf 91' lang='lat' dir='ltr'>suos</span> <span class='ocrx_word' id='word_1_415' title='bbox 1941 1627 2021 1651; x_wconf 87' lang='lat' dir='ltr'>usus</span> 
     </span>
     <span class='ocr_line' id='line_1_77' title="bbox 1266 1669 2021 1712; baseline 0.004 -11"><span class='ocrx_word' id='word_1_416' title='bbox 1266 1674 1295 1701; x_wconf 90' lang='lat' dir='ltr'>et</span> <span class='ocrx_word' id='word_1_417' title='bbox 1311 1669 1481 1703; x_wconf 88' lang='lat' dir='ltr'>utilitatem</span> <span class='ocrx_word' id='word_1_418' title='bbox 1493 1681 1529 1704; x_wconf 90' lang='lat' dir='ltr'>ac</span> <span class='ocrx_word' id='word_1_419' title='bbox 1543 1671 1807 1704; x_wconf 88' lang='lat' dir='ltr'>sustentationem</span> <span class='ocrx_word' id='word_1_420' title='bbox 1823 1675 2021 1712; x_wconf 86' lang='lat' dir='ltr'>convertere,</span> 
     </span>
     <span class='ocr_line' id='line_1_78' title="bbox 1267 1724 2022 1768; baseline 0.001 -12"><span class='ocrx_word' id='word_1_421' title='bbox 1267 1728 1437 1768; x_wconf 87' lang='lat' dir='ltr'>ceteraque</span> <span class='ocrx_word' id='word_1_422' title='bbox 1454 1724 1574 1764; x_wconf 81' lang='lat' dir='ltr'>onmia,</span> <span class='ocrx_word' id='word_1_423' title='bbox 1591 1735 1674 1768; x_wconf 87' lang='lat' dir='ltr'>quae</span> <span class='ocrx_word' id='word_1_424' title='bbox 1694 1724 1734 1758; x_wconf 92' lang='lat' dir='ltr'>ad</span> <span class='ocrx_word' id='word_1_425' title='bbox 1751 1724 1946 1758; x_wconf 87' lang='lat' dir='ltr'>canonicum</span> <span class='ocrx_word' id='word_1_426' title='bbox 1974 1724 2022 1758; x_wconf 92' lang='lat' dir='ltr'>di-</span> 
     </span>
     <span class='ocr_line' id='line_1_79' title="bbox 1268 1772 2022 1822; baseline 0.004 -13"><span class='ocrx_word' id='word_1_427' title='bbox 1268 1782 1335 1810; x_wconf 88' lang='lat' dir='ltr'>ctae</span> <span class='ocrx_word' id='word_1_428' title='bbox 1352 1777 1502 1812; x_wconf 89' lang='lat' dir='ltr'>basilicae</span> <span class='ocrx_word' id='word_1_429' title='bbox 1523 1778 1695 1822; x_wconf 88' lang='lat' dir='ltr'>pertinent,</span> <span class='ocrx_word' id='word_1_430' title='bbox 1717 1772 1835 1819; x_wconf 80' lang='lat' dir='ltr'>facere,</span> <span class='ocrx_word' id='word_1_431' title='bbox 1856 1788 1970 1822; x_wconf 86' lang='lat' dir='ltr'>gerere</span> <span class='ocrx_word' id='word_1_432' title='bbox 1989 1784 2022 1813; x_wconf 88' lang='lat' dir='ltr'>et</span> 
     </span>
     <span class='ocr_line' id='line_1_80' title="bbox 1267 1831 2020 1872; baseline 0.004 -9"><span class='ocrx_word' id='word_1_433' title='bbox 1267 1841 1426 1872; x_wconf 82' lang='lat' dir='ltr'>exercere,</span> <span class='ocrx_word' id='word_1_434' title='bbox 1461 1831 1602 1865; x_wconf 85' lang='lat' dir='ltr'>cuiusvis</span> <span class='ocrx_word' id='word_1_435' title='bbox 1620 1831 1752 1865; x_wconf 87' lang='lat' dir='ltr'>lieentia</span> <span class='ocrx_word' id='word_1_436' title='bbox 1771 1837 1827 1865; x_wconf 91' lang='lat' dir='ltr'>aut</span> <span class='ocrx_word' id='word_1_437' title='bbox 1859 1842 2020 1866; x_wconf 87' lang='lat' dir='ltr'>consensu</span> 
     </span>
     <span class='ocr_line' id='line_1_81' title="bbox 1266 1884 1746 1929; baseline 0.004 -12"><span class='ocrx_word' id='word_1_438' title='bbox 1266 1884 1406 1928; x_wconf 89' lang='lat' dir='ltr'>desuper</span> <span class='ocrx_word' id='word_1_439' title='bbox 1425 1885 1559 1919; x_wconf 89' lang='lat' dir='ltr'>minime</span> <span class='ocrx_word' id='word_1_440' title='bbox 1578 1885 1746 1929; x_wconf 88' lang='lat' dir='ltr'>requisito.</span> 
     </span>
    </p>

    <p class='ocr_par' dir='ltr' id='par_1_10' title="bbox 1266 1937 2216 2358">
     <span class='ocr_line' id='line_1_82' title="bbox 1311 1937 2215 1983; baseline 0.002 -12"><span class='ocrx_word' id='word_1_441' title='bbox 1311 1938 1326 1981; x_wconf 60' lang='grc' dir='ltr'>ξ</span> <span class='ocrx_word' id='word_1_442' title='bbox 1347 1937 1379 1971; x_wconf 67' lang='lat' dir='ltr'>li.</span> <span class='ocrx_word' id='word_1_443' title='bbox 1414 1939 1596 1972; x_wconf 89' lang='lat' dir='ltr'>Districtius</span> <span class='ocrx_word' id='word_1_444' title='bbox 1614 1939 1798 1972; x_wconf 91' lang='lat' dir='ltr'>inhibentes</span> <span class='ocrx_word' id='word_1_445' title='bbox 1816 1938 1932 1973; x_wconf 89' lang='lat' dir='ltr'>dilecto</span> <span class='ocrx_word' id='word_1_446' title='bbox 1952 1938 2019 1972; x_wconf 87' lang='lat' dir='ltr'>filio</span> <span class='ocrx_word' id='word_1_447' title='bbox 2084 1945 2215 1983; x_wconf 69' lang='lat' dir='ltr'>⁸Probibuio</span> 
     </span>
     <span class='ocr_line' id='line_1_83' title="bbox 1267 1977 2216 2037; baseline 0 -14"><span class='ocrx_word' id='word_1_448' title='bbox 1267 1991 1544 2036; x_wconf 59' lang='lat' dir='ltr'>archipresbytero</span> <span class='ocrx_word' id='word_1_449' title='bbox 1577 1999 1607 2026; x_wconf 90' lang='lat' dir='ltr'>et</span> <span class='ocrx_word' id='word_1_450' title='bbox 1640 1992 1781 2037; x_wconf 88' lang='lat' dir='ltr'>capitulo</span> <span class='ocrx_word' id='word_1_451' title='bbox 1801 2003 1838 2026; x_wconf 86' lang='lat' dir='ltr'>ac</span> <span class='ocrx_word' id='word_1_452' title='bbox 1857 2003 1916 2037; x_wconf 92' lang='lat' dir='ltr'>pro</span> <span class='ocrx_word' id='word_1_453' title='bbox 1935 1997 2016 2026; x_wconf 89' lang='lat' dir='ltr'>tem·</span> <span class='ocrx_word' id='word_1_454' title='bbox 2030 1977 2216 2030; x_wconf 55' lang='grc' dir='ltr'>ζζῖῗῖξζῗέἑῗῆῗ</span> 
     </span>
     <span class='ocr_line' id='line_1_84' title="bbox 1267 2041 2216 2093; baseline 0.004 -16"><span class='ocrx_word' id='word_1_455' title='bbox 1267 2055 1345 2089; x_wconf 89' lang='lat' dir='ltr'>porc</span> <span class='ocrx_word' id='word_1_456' title='bbox 1354 2045 1498 2079; x_wconf 84' lang='lat' dir='ltr'>existenti</span> <span class='ocrx_word' id='word_1_457' title='bbox 1508 2045 1761 2080; x_wconf 86' lang='lat' dir='ltr'>hebdomadario</span> <span class='ocrx_word' id='word_1_458' title='bbox 1771 2045 1929 2080; x_wconf 85' lang='lat' dir='ltr'>canonico</span> <span class='ocrx_word' id='word_1_459' title='bbox 1937 2045 2020 2080; x_wconf 89' lang='lat' dir='ltr'>eius-</span> <span class='ocrx_word' id='word_1_460' title='bbox 2032 2041 2216 2093; x_wconf 49' lang='lat' dir='ltr'>{}2„,}5¹¹¹¹e¹22}¹¹⁹²‘</span> 
     </span>
     <span class='ocr_line' id='line_1_85' title="bbox 1267 2098 2017 2143; baseline 0.003 -12"><span class='ocrx_word' id='word_1_461' title='bbox 1267 2098 1340 2133; x_wconf 83' lang='lat' dir='ltr'>dem</span> <span class='ocrx_word' id='word_1_462' title='bbox 1360 2099 1522 2140; x_wconf 86' lang='lat' dir='ltr'>basilicae,</span> <span class='ocrx_word' id='word_1_463' title='bbox 1543 2110 1580 2133; x_wconf 91' lang='lat' dir='ltr'>ac</span> <span class='ocrx_word' id='word_1_464' title='bbox 1600 2099 1654 2132; x_wconf 91' lang='lat' dir='ltr'>alii</span> <span class='ocrx_word' id='word_1_465' title='bbox 1674 2099 1722 2133; x_wconf 91' lang='lat' dir='ltr'>vel</span> <span class='ocrx_word' id='word_1_466' title='bbox 1741 2099 1826 2140; x_wconf 89' lang='lat' dir='ltr'>aliis,</span> <span class='ocrx_word' id='word_1_467' title='bbox 1857 2099 1898 2133; x_wconf 88' lang='lat' dir='ltr'>ad</span> <span class='ocrx_word' id='word_1_468' title='bbox 1923 2110 2017 2143; x_wconf 89' lang='lat' dir='ltr'>quos,</span> 
     </span>
     <span class='ocr_line' id='line_1_86' title="bbox 1267 2153 2019 2194; baseline 0 -8"><span class='ocrx_word' id='word_1_469' title='bbox 1267 2153 1453 2187; x_wconf 91' lang='lat' dir='ltr'>huiusmodi</span> <span class='ocrx_word' id='word_1_470' title='bbox 1492 2153 1761 2187; x_wconf 83' lang='lat' dir='ltr'>reservationibus</span> <span class='ocrx_word' id='word_1_471' title='bbox 1798 2153 2019 2194; x_wconf 83' lang='lat' dir='ltr'>cessantibus,</span> 
     </span>
     <span class='ocr_line' id='line_1_87' title="bbox 1268 2206 2020 2252; baseline -0.003 -11"><span class='ocrx_word' id='word_1_472' title='bbox 1268 2207 1408 2248; x_wconf 87' lang='lat' dir='ltr'>collatio,</span> <span class='ocrx_word' id='word_1_473' title='bbox 1431 2207 1568 2252; x_wconf 74' lang='lat' dir='ltr'>provisio</span> <span class='ocrx_word' id='word_1_474' title='bbox 1589 2212 1620 2241; x_wconf 90' lang='lat' dir='ltr'>et</span> <span class='ocrx_word' id='word_1_475' title='bbox 1638 2217 1865 2251; x_wconf 90' lang='lat' dir='ltr'>quaecumque</span> <span class='ocrx_word' id='word_1_476' title='bbox 1880 2206 1942 2240; x_wconf 86' lang='lat' dir='ltr'>alia</span> <span class='ocrx_word' id='word_1_477' title='bbox 1957 2207 2020 2241; x_wconf 88' lang='lat' dir='ltr'>dis-</span> 
     </span>
     <span class='ocr_line' id='line_1_88' title="bbox 1267 2260 2018 2305; baseline 0 -11"><span class='ocrx_word' id='word_1_478' title='bbox 1267 2261 1384 2305; x_wconf 89' lang='lat' dir='ltr'>positio</span> <span class='ocrx_word' id='word_1_479' title='bbox 1409 2261 1599 2295; x_wconf 90' lang='lat' dir='ltr'>eorumdem</span> <span class='ocrx_word' id='word_1_480' title='bbox 1630 2260 1839 2294; x_wconf 89' lang='lat' dir='ltr'>canonicatus</span> <span class='ocrx_word' id='word_1_481' title='bbox 1867 2265 1899 2294; x_wconf 87' lang='lat' dir='ltr'>et</span> <span class='ocrx_word' id='word_1_482' title='bbox 1924 2271 2018 2305; x_wconf 86' lang='lat' dir='ltr'>prae-</span> 
     </span>
     <span class='ocr_line' id='line_1_89' title="bbox 1266 2313 2020 2358; baseline -0.001 -10"><span class='ocrx_word' id='word_1_483' title='bbox 1266 2315 1403 2356; x_wconf 84' lang='lat' dir='ltr'>bendae,</span> <span class='ocrx_word' id='word_1_484' title='bbox 1426 2314 1643 2348; x_wconf 91' lang='lat' dir='ltr'>communiter</span> <span class='ocrx_word' id='word_1_485' title='bbox 1661 2315 1709 2348; x_wconf 90' lang='lat' dir='ltr'>vel</span> <span class='ocrx_word' id='word_1_486' title='bbox 1729 2314 1867 2355; x_wconf 80' lang='lat' dir='ltr'>divisim,</span> <span class='ocrx_word' id='word_1_487' title='bbox 1880 2313 2020 2358; x_wconf 90' lang='lat' dir='ltr'>pertinet</span> 
     </span>
    </p>
   </div>
   <div class='ocr_carea' id='block_1_8' title="bbox 1267 2367 2021 2658">
    <p class='ocr_par' dir='ltr' id='par_1_11' title="bbox 1267 2367 2021 2658">
     <span class='ocr_line' id='line_1_90' title="bbox 1268 2367 2019 2412; baseline -0.001 -11"><span class='ocrx_word' id='word_1_488' title='bbox 1268 2374 1299 2401; x_wconf 85' lang='lat' dir='ltr'>et</span> <span class='ocrx_word' id='word_1_489' title='bbox 1322 2368 1495 2412; x_wconf 87' lang='lat' dir='ltr'>pertinebit</span> <span class='ocrx_word' id='word_1_490' title='bbox 1524 2367 1767 2412; x_wconf 88' lang='lat' dir='ltr'>quomodolibet</span> <span class='ocrx_word' id='word_1_491' title='bbox 1803 2367 1837 2401; x_wconf 92' lang='lat' dir='ltr'>in</span> <span class='ocrx_word' id='word_1_492' title='bbox 1861 2367 2019 2408; x_wconf 84' lang='lat' dir='ltr'>futurum,</span> 
     </span>
     <span class='ocr_line' id='line_1_91' title="bbox 1268 2415 2017 2461; baseline -0.001 -11"><span class='ocrx_word' id='word_1_493' title='bbox 1268 2428 1308 2451; x_wconf 92' lang='lat' dir='ltr'>ne</span> <span class='ocrx_word' id='word_1_494' title='bbox 1328 2418 1360 2450; x_wconf 90' lang='lat' dir='ltr'>in</span> <span class='ocrx_word' id='word_1_495' title='bbox 1380 2417 1572 2451; x_wconf 88' lang='lat' dir='ltr'>canonicatu</span> <span class='ocrx_word' id='word_1_496' title='bbox 1593 2423 1621 2450; x_wconf 91' lang='lat' dir='ltr'>et</span> <span class='ocrx_word' id='word_1_497' title='bbox 1642 2416 1826 2461; x_wconf 88' lang='lat' dir='ltr'>praebenda</span> <span class='ocrx_word' id='word_1_498' title='bbox 1854 2415 2017 2460; x_wconf 85' lang='lat' dir='ltr'>praefatis,</span> 
     </span>
     <span class='ocr_line' id='line_1_92' title="bbox 1267 2465 2020 2507; baseline -0.003 -7"><span class='ocrx_word' id='word_1_499' title='bbox 1267 2467 1454 2501; x_wconf 87' lang='lat' dir='ltr'>vacantibus</span> <span class='ocrx_word' id='word_1_500' title='bbox 1472 2468 1521 2500; x_wconf 90' lang='lat' dir='ltr'>vel</span> <span class='ocrx_word' id='word_1_501' title='bbox 1535 2466 1706 2507; x_wconf 83' lang='lat' dir='ltr'>vacaturis,</span> <span class='ocrx_word' id='word_1_502' title='bbox 1724 2476 1792 2499; x_wconf 87' lang='lat' dir='ltr'>sese</span> <span class='ocrx_word' id='word_1_503' title='bbox 1806 2465 2020 2499; x_wconf 87' lang='lat' dir='ltr'>intromittere</span> 
     </span>
     <span class='ocr_line' id='line_1_93' title="bbox 1268 2516 2019 2561; baseline -0.003 -12"><span class='ocrx_word' id='word_1_504' title='bbox 1268 2517 1315 2550; x_wconf 92' lang='lat' dir='ltr'>vel</span> <span class='ocrx_word' id='word_1_505' title='bbox 1349 2517 1554 2561; x_wconf 91' lang='lat' dir='ltr'>interponere</span> <span class='ocrx_word' id='word_1_506' title='bbox 1573 2516 1712 2549; x_wconf 88' lang='lat' dir='ltr'>audeant</span> <span class='ocrx_word' id='word_1_507' title='bbox 1726 2526 1784 2549; x_wconf 86' lang='lat' dir='ltr'>seu</span> <span class='ocrx_word' id='word_1_508' title='bbox 1802 2520 2019 2558; x_wconf 85' lang='lat' dir='ltr'>praesumant,</span> 
     </span>
     <span class='ocr_line' id='line_1_94' title="bbox 1269 2563 2021 2608; baseline -0.003 -10"><span class='ocrx_word' id='word_1_509' title='bbox 1269 2572 1323 2599; x_wconf 87' lang='lat' dir='ltr'>aut</span> <span class='ocrx_word' id='word_1_510' title='bbox 1357 2566 1435 2599; x_wconf 90' lang='lat' dir='ltr'>alias</span> <span class='ocrx_word' id='word_1_511' title='bbox 1459 2566 1580 2599; x_wconf 90' lang='lat' dir='ltr'>dictum</span> <span class='ocrx_word' id='word_1_512' title='bbox 1615 2565 1769 2598; x_wconf 89' lang='lat' dir='ltr'>Thomam</span> <span class='ocrx_word' id='word_1_513' title='bbox 1804 2563 1970 2608; x_wconf 87' lang='lat' dir='ltr'>Manrique</span> <span class='ocrx_word' id='word_1_514' title='bbox 1989 2568 2021 2596; x_wconf 89' lang='lat' dir='ltr'>et</span> 
     </span>
     <span class='ocr_line' id='line_1_95' title="bbox 1269 2612 2019 2658; baseline -0.003 -10"><span class='ocrx_word' id='word_1_515' title='bbox 1269 2624 1328 2658; x_wconf 90' lang='lat' dir='ltr'>pro</span> <span class='ocrx_word' id='word_1_516' title='bbox 1345 2619 1490 2658; x_wconf 89' lang='lat' dir='ltr'>tempore</span> <span class='ocrx_word' id='word_1_517' title='bbox 1507 2614 1693 2649; x_wconf 86' lang='lat' dir='ltr'>existentem</span> <span class='ocrx_word' id='word_1_518' title='bbox 1710 2613 1821 2647; x_wconf 83' lang='lat' dir='ltr'>Palatii</span> <span class='ocrx_word' id='word_1_519' title='bbox 1832 2612 2019 2647; x_wconf 88' lang='lat' dir='ltr'>huiusmodi</span> 
     </span>
    </p>
   </div>
  </div>
 </body>
</html>
