2237 3100
197 316 247 341 Aa.
265 313 295 340 C.
315 312 382 341 {566

266 1938 396 1960 (tt-stanuum

215 1971 327 1996 derogatio

440 301 505 336 496

400 418 574 451 servanti-ae
596 417 758 450 transferri
776 416 959 450 maluerint.
974 415 1002 447 id
1018 415 1064 447 eis
1078 426 1149 458 per-

399 471 479 504 mitti
512 472 687 507 volumus,
719 469 895 502 duuimodo
920 469 959 501 ad
993 469 1147 511 Regulam

400 530 562 558 transeant,
581 524 763 557 arctiorem.
788 523 829 555 De
850 522 943 554 bonis
971 528 1078 554 autem
1100 522 1147 566 ip-

399 589 508 611 sorum
531 578 664 609 fratrum
685 575 1150 616 Conventualium,mobilibus

398 638 425 665 et
449 630 716 668 iinmohilibus‚et
739 629 777 661 de
798 628 948 662 omnibus
963 628 1149 661 huiusmodi

399 688 615 718 conventuum
637 682 825 723 redditibus,
848 682 935 726 ipsos
953 681 1150 715 venerabiles

399 740 511 771 fratres
531 742 667 776 nostros,
683 736 722 768 ad
738 746 819 779 quos
840 735 1024 779 pertinebit,
1040 735 1092 772 ita,
1113 735 1150 767 de

400 790 535 825 consilio
555 789 761 834 provincialis
781 794 808 822 et
839 789 917 821 socii
937 789 1006 822 eius
1026 789 1084 821 sibi
1105 800 1152 821 as-

400 844 594 883 sistentium,
617 838 789 887 disponere
809 843 971 883 volumus,
990 848 1021 875 ut
1044 843 1151 875 fratri—

400 898 460 930 bus
481 897 636 941 regularis
656 896 878 930 observantiae.
898 896 975 929 illue
1008 896 1151 929 introdu-

400 951 509 985 cendis
533 951 571 983 de
602 950 794 995 supellectili
820 955 850 983 et
878 950 947 982 aliis
974 949 1072 982 rebus
1092 950 1152 982 ric-

402 1005 447 1038 tui
468 1015 582 1038 eorum
612 1009 667 1037 aut
686 1004 792 1037 divino
826 1003 927 1037 cultui
962 1009 989 1036 et
1026 1014 1153 1047 repara-

402 1059 478 1092 tioni
495 1059 704 1092 ecclesiarum
722 1070 758 1091 ae
768 1058 940 1091 domorum
965 1057 1154 1091 necessariis

404 1123 461 1156 per
491 1112 576 1155 ipsos
605 1112 820 1156 provideatur.
855 1111 942 1150 Quae
966 1122 1040 1143 vero
1070 1111 1154 1143 ultra

402 1166 589 1199 huiusmodi
610 1172 757 1210 sumptus
778 1164 1008 1209 superfuerint,
1031 1176 1067 1196 ea
1092 1163 1155 1196 siu-

402 1219 485 1263 gulis
506 1219 536 1251 in
557 1219 637 1252 locis
655 1219 741 1262 apud
765 1219 893 1251 idoneas
929 1229 1081 1262 personas
1098 1218 1153 1249 dn·-

404 1273 478 1317 poni
499 1274 648 1306 volumus
659 1279 688 1306 et
710 1273 916 1316 sequestrari,
930 1271 1154 1304 tidelitercou-

403 1327 555 1360 servanda
574 1354 581 1368 ,
603 1338 640 1360 ac
674 1333 783 1372 postea
804 1327 917 1359 Sedent
938 1326 1154 1370 Apostolieam

403 1381 540 1421 consuli,
569 1381 599 1414 in
619 1392 759 1425 quorum
781 1392 858 1415 usus
878 1391 915 1414 ea
935 1379 1074 1413 converti
1105 1379 1157 1411 de-

404 1436 509 1468 beant.
533 1435 793 1469 Contradietores
813 1441 843 1469 et
863 1445 985 1473 omnes,
1006 1433 1060 1476 qui
1083 1433 1158 1476 ipsis

407 1490 558 1524 fratribus
568 1489 853 1529 Conventualibus,
864 1491 903 1523 ad
920 1489 1156 1534 impediendam

407 1546 630 1580 reductionem
650 1545 837 1579 huiusmodi
855 1572 862 1586 ,
885 1544 1057 1578 consilium
1076 1571 1083 1583 ,
1106 1554 1160 1575 au-

406 1600 517 1633 xilium
538 1600 585 1633 vel
603 1601 742 1633 favorem
764 1605 926 1643 praestare
941 1599 1009 1631 ausi
1032 1597 1159 1633 fuerint.

408 1665 465 1699 per
485 1665 638 1688 censuras
663 1653 895 1688 ecclesiasticas
925 1658 955 1686 et
993 1652 1054 1685 alia
1082 1651 1162 1685 iuris

407 1722 444 1743 ae
465 1708 539 1742 facti
559 1708 701 1742 remedia
726 1712 919 1752 opportuna,
946 1707 1162 1752 appellatione

410 1763 596 1808 postposita,
615 1762 862 1807 compescendo,
881 1762 1027 1795 invocato
1043 1761 1137 1794 etiam
1154 1788 1160 1798 ,

409 1818 433 1852 si
458 1807 542 1862 opus
561 1817 669 1857 fuerit,
691 1816 815 1849 brachii
836 1816 1011 1849 saecularis
1031 1815 1162 1848 auxilio.

455 1873 469 1916 ξ
495 1872 525 1904 2.
563 1872 631 1905 Non
665 1870 865 1904 obstantibus
903 1870 1164 1913 quibuseumspie

412 1926 609 1972 apostolicis,
638 1931 669 1959 et,
689 1925 771 1958 inter
791 1929 914 1957 ceteras
935 1924 1036 1956 felicis
1057 1934 1165 1955 reeor-

413 1981 550 2015 dationis
569 1980 647 2014 Sixti
674 1980 709 2012 lv
731 1985 761 2012 et
785 1979 899 2011 Leonis
920 1978 956 2017 X,
980 1978 1166 2021 praedeces-

413 2047 523 2069 sorum
548 2039 746 2073 nostrorum,
769 2032 864 2065 etiam
889 2032 979 2064 Mare
1012 2031 1165 2073 *Unquam

415 2089 595 2134 appellatis,
617 2099 654 2121 ac
675 2087 707 2120 in
728 2085 944 2130 generalibus,
967 2084 1168 2128 provinciali-

415 2145 474 2176 bus
512 2141 758 2187 synttidalibusve
774 2139 920 2173 conciliis
940 2138 1044 2178 editis,
1071 2150 1168 2180 gene-

416 2197 537 2231 ralibus
569 2196 618 2229 vel
651 2194 860 2239 specialibus,
889 2192 1170 2225 constitutionibus

417 2257 447 2284 et
468 2249 736 2288 ordinationibus;
768 2246 956 2289 statutisque
983 2251 1008 2279 et
1033 2257 1170 2278 consue-

418 2304 584 2338 tudinibus
604 2304 747 2347 ipsorum
769 2301 945 2340 Ordinum,
969 2299 1062 2333 etiam
1086 2299 1171 2332 iura-

422 2364 542 2398 mento,
560 2356 807 2391 confirmatione
823 2354 998 2399 apostoliea
1019 2354 1065 2386 vel
1096 2365 1173 2396 qua-

422 2413 465 2445 vis
486 2412 635 2445 firmitate
650 2410 713 2443 alia
725 2408 895 2448 roboratis,
909 2407 1083 2451 pririlegiis
1094 2419 1174 2451 quo-

1083 2461 1175 2493 [ιη-[μ
1217 2463 1290 2495 rege
1307 2450 1476 2486 catholico,
1494 2449 1605 2481 fratres
1620 2445 1746 2480 Ordinis
1761 2444 1918 2477 Minorum
1937 2449 1964 2475 et

422 2477 484 2509 que
503 2492 510 2505 ‚
532 2465 664 2498 indultis
684 2470 714 2497 et
733 2462 835 2496 literis
868 2461 1053 2505 apostolicis

423 2519 596 2553 Ordinibus
613 2546 621 2559 ,
644 2528 771 2551 necnon
800 2526 912 2549 eorum
943 2514 1175 2558 superioribus,

425 2579 633 2612 quocumque
653 2566 783 2600 nomine
804 2569 959 2598 vocentur
977 2591 985 2604 ,
1012 2563 1175 2596 comenti-

426 2620 486 2652 bus
505 2624 535 2651 et
556 2617 701 2662 personis
718 2643 726 2657 ,
749 2615 808 2649 sub
828 2624 1035 2658 quacumque
1064 2613 1176 2645 vei-lm-

427 2679 500 2701 rum
516 2667 619 2700 forma
634 2672 662 2699 et
676 2676 750 2698 eum
760 2665 1022 2709 quibuscumque
1042 2662 1178 2695 decretis

428 2723 458 2751 et
477 2716 642 2757 clausulis,
664 2714 868 2760 quantumvis
887 2713 1072 2747 efficacibus
1091 2711 1177 2745 etin-

990 309 1167 333 ssrLLARu‘M
1192 309 1340 333 nomnen

402 364 562 397 dictorum
584 365 621 397 ad
642 364 738 396 alium
756 363 906 395 Ordinem
929 361 1083 405 regularis
1093 361 1148 393 ob-
1167 376 1170 384 v

1952 307 2000 332 An.
2019 305 2048 332 C.
2069 305 2137 332 ¹566

1189 361 1300 397 solitis,
1323 361 1416 394 etiam
1431 360 1706 403 derogatoriarum
1719 360 1938 402 derogatoriis,

1189 414 1429 457 «pimiuulolibet
1445 414 1616 451 mulcessis,
1638 413 1822 457 approbatis
1842 420 1868 446 et
1891 414 1939 446 in-

1190 468 1311 501 iim-:uis
1331 480 1366 500 ar
1383 468 1511 512 saepius
1531 466 1739 500 confirmatis,

1234 522 1298 563 §.l
1322 521 1443 560 Quibus
1473 521 1624 553 omnihus
1641 548 1649 561 ⁷
1669 520 1791 553 etiamsi
1831 521 1869 553 tle
1894 521 1939 554 eis
1970 533 2138 559 ‹ziausuiaepm

1192 586 1372 618 eorumque
1403 575 1474 607 totis
1500 574 1666 607 tenoribus
1694 573 1843 616 specialis
1860 601 1867 611 ‚
1894 564 2084 607 ‹tx-“³³¹m‘*

1191 640 1312 673 pressa,
1337 628 1498 661 individua
1531 639 1567 661 ae
1587 628 1626 661 de
1638 628 1734 660 verbo
1750 627 1788 660 ad
1801 627 1944 668 verbum,

1192 693 1256 716 non
1277 687 1384 715 autem
1405 693 1463 726 per
1483 682 1644 715 clausulas
1663 681 1830 725 generales
1856 691 1943 714 eam-

1193 737 1264 769 dem
1286 736 1350 769 vim
1371 736 1538 776 habentes,
1556 741 1634 769 esset
1652 734 1773 768 mentio
1790 733 1945 774 facienda,

1193 801 1306 823 eorum
1329 795 1467 827 tenores,
1491 789 1623 833 perinde
1639 800 1676 822 ao
1688 789 1712 821 si
1725 788 1948 832 praesentibus

1195 843 1304 876 inserti
1327 843 1461 877 fuissent
1478 870 1486 884 ,
1508 854 1567 887 pro
1588 842 1745 887 expressis
1765 842 1920 875 babentes
1935 868 1945 881 ,

1194 897 1384 931 auctoritate
1413 896 1602 941 apostoliea,
1630 896 1811 940 specialiter
1843 900 1875 929 et
1893 906 1945 929 ex-

1195 962 1303 995 presse
1324 962 1383 995 pro
1399 951 1546 983 liae-viee
1562 951 1725 983 dumtaxat
1740 950 1944 993 derogamus.

1238 1006 1252 1045 ,ξ
1272 1005 1302 1037 fr.
1326 1005 1504 1048 Omniaque
1523 1031 1530 1044 ,
1553 1015 1633 1047 quae
1663 1003 1880 1048 supradictam
1902 1014 1948 1036 re·
1988 1022 2134 1044 fflwwhedp

1196 1059 1380 1091 ‹luetionem
1403 1060 1538 1091 fratrum
1558 1058 1837 1097 Comentualium‚
1855 1068 1892 1091 ac
1907 1056 1950 1090 vi-
1963 1055 2090 1079 ‘⁰³³¹0fffl‘2·

1197 1118 1244 1145 tae
1278 1113 1436 1155 regularis
1470 1111 1730 1151 observantiam,
1752 1122 1808 1144 seu
1833 1111 1948 1144 harum

1198 1166 1362 1198 literarum
1394 1166 1616 1198 executionem
1646 1164 1758 1208 quovis
1777 1164 1874 1197 modo
1891 1163 1950 1196 im-

1197 1220 1306 1264 pedire
1327 1220 1459 1263 possint,
1482 1230 1635 1253 concessa
1664 1219 1821 1251 hactenus
1856 1223 1952 1262 atque

1197 1273 1293 1313 edita,
1316 1285 1505 1306 remeamus
1525 1279 1557 1306 et,
1576 1272 1795 1305 annullamus.

1242 1328 1257 1369 ξ
1277 1329 1307 1359 5».
1331 1328 1495 1366 Quiavero
1511 1327 1641 1359 difficile
1673 1326 1752 1359 foret
1769 1323 1953 1370 psttesentes

1199 1382 1307 1414 literas
1327 1382 1365 1413 ad
1387 1381 1547 1420 omnium,
1569 1391 1709 1424 quorum
1731 1391 1814 1424 opus
1834 1379 1951 1420 fuerit,
1969 1384 2014 1399 ‘¹¹¹¹'
2029 1379 2088 1399 ⁶⁰⁰⁵·

1200 1436 1366 1485 pervenire
1400 1435 1569 1474 notitiam,
1595 1433 1803 1477 transumptis
1827 1443 1952 1473 earum,

1201 1500 1299 1521 mauu
1320 1489 1456 1522 alieuius
1477 1489 1593 1522 notarii
1614 1488 1736 1532 publici
1766 1486 1956 1532 subscriptis

1200 1544 1247 1576 x‘el
1274 1543 1463 1587 impressis,
1491 1543 1596 1586 sigillo
1630 1542 1766 1575 alieuius
1799 1551 1955 1586 personae

1203 1597 1234 1630 in
1255 1597 1407 1640 dignitate
1433 1597 1649 1629 ecelesiastica
1670 1595 1862 1629 constitutae
1883 1605 1955 1627 mu-

1203 1651 1290 1691 nitis,
1315 1651 1459 1684 eamdem
1481 1650 1576 1683 fidem
1598 1650 1719 1694 ubique
1736 1648 1845 1682 haberi
1865 1649 1955 1682 volu-

1205 1716 1275 1739 mus
1310 1711 1406 1748 atque
1427 1704 1632 1738 decernimus
1649 1731 1656 1744 ,
1679 1715 1716 1737 ac
1741 1703 1765 1736 si
1786 1702 1958 1746 originales

1207 1760 1316 1793 literae
1337 1759 1496 1792 exhibitae
1516 1764 1619 1791 essent
1641 1758 1688 1790 vel
1710 1763 1867 1790 ostensae.

1251 1805 1365 1847 Datum
1386 1814 1507 1846 Romae
1520 1812 1607 1857 apud
1627 1813 1658 1845 S.
1676 1811 1808 1844 Petrum
1829 1810 1889 1856 sub
1903 1820 1957 1842 an·
1995 1802 1998 1804 v

1208 1869 1285 1902 nulo
1306 1868 1488 1907 piscatoris,
1519 1866 1571 1899 die
1605 1865 1745 1899 secunda
1780 1863 1960 1897 decembris

1208 1933 1336 1961 noem,
1359 1922 1563 1967 pontificatus
1578 1919 1678 1953 nostri
1700 1929 1784 1952 anno
1805 1929 1825 1951 1.
1881 1909 1887 1915 ⁸

1248 1977 1309 2007 ttat.
1331 1978 1377 2007 die
1392 1977 1410 2005 2
1429 1975 1561 2006 deremb.
1581 1975 1667 2010 1550,
1684 1973 1785 2011 pontif.
1808 1981 1884 2002 tumo
1904 1981 1921 2001 ι.

1299 2082 1450 2125 Sequitur
1470 2077 1576 2113 eadem
1597 2089 1692 2122 snper
1713 2078 1773 2110 lma:
1793 2088 1826 2109 rc
1848 2076 1873 2109 Ι.

1247 2165 1309 2192 Pius
1334 2164 1404 2198 Papa
1419 2162 1449 2194 V.
1470 2162 1504 2189 ad
1519 2161 1682 2196 perpetuam
1703 2158 1743 2187 rei
1766 2157 1935 2186 memoriam.

1257 2237 1349 2275 Cum,
1376 2233 1568 2277 gravissimis
1594 2232 1632 2265 de
1662 2230 1779 2267 causis,
1797 2229 1966 2274 pastoralis

1214 2291 1311 2324 oflicii
1333 2301 1411 2323 eura
1436 2288 1580 2321 animum
1599 2292 1745 2319 nostrum
1767 2283 1963 2319 stimulante,

1215 2358 1250 2378 ac
1283 2345 1332 2388 pie
1354 2356 1412 2377 nos
1442 2342 1536 2376 etiam
1572 2342 1719 2373 hortante
1749 2336 1912 2371 carissimo
1934 2336 1964 2368 in

1215 2399 1340 2431 Clu-isto
1363 2397 1428 2430 tilio
1445 2402 1554 2429 nostro
1574 2394 1723 2437 Philippo
1740 2390 1966 2435 Hispaniarum

1217 2506 1355 2539 aliorum
1381 2503 1536 2537 Ordinum
1558 2499 1790 2535 Conventuales
1806 2497 1837 2529 in
1855 2496 1967 2540 Hispa-

1219 2560 1270 2593 nia
1291 2559 1514 2596 consistentes,
1531 2556 1570 2588 ad
1590 2554 1668 2587 vitae
1685 2550 1841 2595 regularis
1861 2550 1969 2583 obser-

1218 2613 1368 2651 vantiam,
1392 2610 1570 2644 seeundum
1591 2618 1647 2640 sua
1667 2605 1825 2647 cuiusque
1844 2603 1971 2637 Ordinis
1992 2607 1997 2611 ”

1258 2678 1266 2703 t
1300 2676 1336 2702 Ex
1358 2674 1421 2701 bull.
1439 2673 1503 2700 Ord.
1521 2672 1631 2698 fratrum
1648 2667 1838 2698 Praedicator„
1859 2670 1924 2693 tom.
1942 2674 1970 2698 v,

1221 2726 1279 2754 pag.
1302 2717 1361 2744 ¹118.

2006 1347 2152 1374 Transumpio-
