2237 3100
198 248 247 275 An.
259 246 288 274 C.
312 243 380 272 1570

226 1000 308 1020 lntlulta
320 999 389 1018 omnia

205 1032 271 1059 quoad
292 1030 389 1056 pinpiic-

205 1068 268 1084 tatoni
285 1063 344 1083 iti-tta
360 1067 391 1081 re-

207 1100 300 1114 manete.
314 1094 332 1118 1;

245 2284 406 2304 observanti-uu

223 2316 313 2335 omniurn
344 2320 407 2341 prae·-

224 2347 326 2366 dicun-uui
356 2352 407 2365 exe-

225 2377 304 2397 cutioni
322 2377 407 2397 deman-

229 2408 280 2428 dati.

441 234 505 268 816

396 296 516 328 siarum
539 300 570 327 et
595 292 831 326 beneficiorum
848 289 925 322 dicti
949 288 1094 327 Ordinis,
1123 287 1155 319 in

396 349 484 381 omni
501 354 588 391 parte
609 346 696 379 orbis
716 344 983 380 constitutorum,
1007 340 1101 373 etiam
1124 340 1155 371 in

397 401 621 435 commendam
631 399 837 431 obtentormn
848 395 895 427 vel
909 394 1087 433 unitorum,
1102 393 1157 425 lia-

398 456 523 491 benun-2
546 459 575 486 ct
601 453 674 485 item
702 450 889 483 distinctum
918 448 1076 490 cuiusque
1110 446 1158 478 in-

398 507 575 541 ventarium
586 506 647 537 sive
661 503 875 547 repertorium
890 501 1065 538 bonorum,
1083 510 1158 543 pro-

401 562 585 604 prietatum,
615 567 737 593 rerum,
775 555 896 588 iurium
929 560 959 587 et
992 553 1158 586 actionum

399 614 559 651 onmium,
584 621 709 645 necnon
731 610 916 652 exemplum
933 607 1158 640 authenticum

401 668 691 699 instrumentorum
711 690 717 703 ,
749 661 1008 706 privilegiorum,
1046 660 1159 692 sunda-

401 721 536 758 tionum,
556 718 781 755 donationum,
805 716 997 754 litterarum,
1017 713 1159 746 auctori—

401 779 500 806 tatum
524 778 552 805 et
579 771 853 804 monimentorum
874 777 1160 812 quorumcumque

400 826 603 865 conficiatur,
627 825 876 865 confectumque
893 820 1032 854 fidelitm·
1060 831 1162 853 asser-

401 885 506 912 vetur.

447 934 461 975 ,Q
483 933 535 966 lt).
550 932 629 971 Quia
642 942 716 964 vero
729 929 920 974 proprietas,
933 927 1079 961 omnium
1097 937 1162 958 nia-

404 987 510 1019 lorum
531 985 630 1023 radix,
646 984 844 1026 ubicumque
860 981 976 1024 gliscit,
991 991 1085 1013 omne
1106 980 1163 1011 bo-

407 1050 484 1072 num
499 1040 530 1072 in
542 1039 663 1081 Regula
679 1037 825 1080 quamvis
839 1036 921 1068 bene
934 1034 1076 1066 instituta
1090 1043 1163 1076 per-

408 1094 511 1133 vertit,
524 1093 643 1125 ideone
656 1092 717 1124 hoc
729 1101 859 1134 quoquc
871 1117 877 1128 ,
894 1088 995 1121 sicubi
1016 1087 1163 1125 liabetur,

408 1147 446 1180 ad
457 1145 687 1190 perfectionem
701 1144 931 1188 praedictorum
952 1142 1078 1174 obstare
1093 1151 1165 1184 pos-

409 1201 458 1241 sit,
472 1210 661 1233 revocamus
672 1197 880 1231 etabolemus
894 1195 999 1228 omnia
1019 1200 1045 1227 ct
1067 1205 1166 1237 quae-

410 1264 550 1296 cumque
570 1251 746 1296 privilegia,
767 1249 986 1287 auctoritates,
1006 1247 1163 1283 licentias,

410 1306 665 1351 dispensationes
686 1310 711 1337 ct
736 1303 860 1336 indulta
876 1302 1034 1344 cuiusque
1053 1300 1166 1344 privati

412 1372 521 1395 rerum
536 1366 566 1393 et
585 1360 746 1391 bonorum
764 1368 851 1397 usus,
867 1355 1083 1399 proprietatis,
1095 1364 1166 1397 pos-

411 1414 600 1448 sessionisct
614 1411 760 1449 dominii,
771 1409 921 1443 omnibus
931 1409 1167 1450 cuiuscumque

411 1468 530 1511 gradus
547 1473 577 1499 et
590 1464 751 1509 dignitatis
761 1463 928 1496 monacbis
940 1462 1015 1495 dicti
1027 1460 1166 1500 Ordinis,

412 1533 470 1566 per
482 1531 705 1565 quoscumque
718 1519 880 1551 Romanos
893 1517 1065 1549 Pontifices
1077 1525 1169 1559 prae-

413 1580 599 1612 decessores
619 1583 746 1610 nostros
757 1587 794 1609 ae
816 1586 874 1608 nos
894 1581 922 1608 et
945 1575 1059 1607 Sedent
1077 1583 1170 1616 prac-

414 1629 531 1662 dictam
557 1628 665 1660 eiusve
691 1627 828 1668 legatos,
850 1635 886 1657 ex
907 1623 1169 1667 quibuscumque

415 1677 531 1717 causis,
555 1676 650 1709 ctiam
676 1680 765 1708 motu
796 1674 929 1717 proprio
960 1678 988 1705 et
1011 1684 1047 1705 ex
1082 1678 1170 1704 certa

415 1727 546 1760 scientia
567 1736 732 1765 concessa,
746 1725 936 1757 conlirmata
957 1728 987 1755 et
1008 1722 1167 1761 innovata,

415 1776 678 1820 quibuscumque
690 1778 845 1816 concepta
863 1772 1010 1805 formulis
1026 1782 1062 1804 ac
1080 1771 1170 1804 clau-

416 1825 494 1858 sulis
507 1829 537 1857 et
553 1823 692 1856 decretis
713 1823 855 1862 suffulta,
869 1832 1009 1865 quorum
1024 1820 1170 1853 omnium

416 1879 543 1907 teneres
558 1871 781 1916 praesentibus
797 1871 954 1903 habemus
971 1881 1030 1913 pro
1043 1879 1173 1913 expres-

417 1921 470 1963 sis,
493 1934 530 1955 ac
550 1922 699 1954 volumus
728 1921 782 1952 illa
808 1920 917 1952 onmia
941 1919 1023 1951 vires
1044 1924 1072 1950 et
1097 1919 1173 1951 cll'e-

417 1978 505 2005 ctum
526 1972 564 2004 de
585 1968 692 2005 cetero
720 1980 784 2002 non
811 1970 947 2007 balwre,
970 1969 1048 2011 quin
1077 1968 1171 2000 etiarn

416 2022 594 2054 visitatores
611 2025 641 2053 et
663 2024 787 2052 ceteros
806 2029 929 2058 omnes,
946 2017 1044 2060 quiin
1061 2017 1173 2049 liuius-

418 2070 504 2103 modi
526 2068 758 2113 proprietarios
771 2077 877 2100 severe
894 2078 959 2099 non
976 2066 1174 2099 animadver-

417 2119 526 2159 terint,
549 2119 588 2151 ad
609 2116 796 2151 huiusmodi
818 2115 921 2149 olticia
942 2120 972 2147 et
992 2115 1053 2147 alia
1074 2116 1174 2158 ipsius

418 2168 546 2201 Ordinis
560 2166 738 2200 ministeria
756 2170 912 2209 perpetuo
925 2164 1082 2197 inhabiles
1091 2175 1170 2197 esse.

464 2216 541 2260 §2st
557 2216 713 2255 Quocirca
723 2213 924 2248 Cisterciens.
938 2218 967 2246 et
982 2213 1097 2246 ceteris
1108 2224 1176 2245 om-

420 2266 516 2298 nibus
524 2265 680 2309 patribus,
689 2263 858 2296 abbatibus
866 2268 895 2295 et
906 2262 1122 2295 visitatoribus
1130 2263 1146 2294 d
1154 2262 1175 2294 i-

422 2315 1176 2359 ctiOrdinisedicimusutpresequisqueomnia

424 2368 585 2411 praedicta
597 2367 745 2399 studeant
755 2365 943 2408 adimplere.
954 2364 1110 2398 Omnibus
1121 2376 1176 2397 au-

424 2422 485 2450 tem
512 2417 629 2449 nostris
645 2422 675 2449 et
695 2415 879 2459 praedictae
900 2415 990 2448 Sedis
1016 2414 1127 2456 legatis
1148 2419 1175 2445 et

425 2465 563 2505 nunciis,
591 2465 788 2508 ubicumque
806 2464 1026 2503 existentibus,
1050 2474 1176 2495 necnon

425 2514 552 2546 Ordinis
577 2514 721 2557 praedicti
747 2513 1027 2547 conservatoribus
1052 2513 1090 2544 ab
1111 2512 1177 2554 ipsa

426 2562 506 2596 Sede
528 2563 707 2596 constitutis
721 2569 751 2597 et
762 2562 1007 2603 constituendis,
1019 2561 1179 2606 ipsorum-

465 2631 474 2658 l
494 2629 548 2657 Hoc
565 2629 657 2656 statuit
669 2630 747 2657 etiam
762 2629 919 2658 Benedictus
936 2629 996 2656 xit.

996 234 1175 260 BULLARIUM
1198 233 1304 258 ROMAN
1309 233 1351 257 ΗΜ

1198 296 1261 328 que
1282 284 1416 327 singulis
1438 294 1495 328 per
1516 282 1692 327 apostolica
1722 282 1841 325 scripta
1862 291 1953 314 man-

1177 361 1179 371 ,
1199 339 1313 371 damus
1330 343 1365 370 ut
1381 341 1555 381 prresentes
1567 336 1699 375 litteras,
1713 336 1767 368 ubi
1783 341 1813 369 et
1824 334 1954 379 quando

1200 402 1282 435 opus
1308 389 1415 430 fuerit,
1437 401 1474 422 ac
1498 389 1767 433 quotiescumque
1788 400 1847 433 pro
1864 393 1955 432 parte

1200 445 1367 483 ablmtum,
1387 443 1608 481 definitorum,
1622 442 1822 475 visitatorum
1835 448 1865 475 et
1878 442 1956 475 alio—

1201 509 1273 530 rnm
1310 497 1550 540 praedictorum
1585 507 1640 528 seu
1677 495 1815 528 alicuius
1843 505 1956 528 eorum

1201 552 1341 594 desuper
1370 550 1490 583 suerint
1513 548 1671 593 requisiti,
1694 549 1881 582 solemniter
1901 560 1958 592 pu-

1202 604 1379 644 blicantes,
1418 603 1560 647 ipsisque
1586 602 1727 636 efficacis.
1756 602 1958 645 Qdesensionis

1202 657 1364 701 praesidio
1390 657 1585 696 assistentes,
1613 656 1776 699 praedicta
1797 655 1905 688 omnia
1925 655 1958 688 in

1203 711 1356 743 omnibns
1377 711 1484 752 regnis
1505 716 1534 742 et
1556 709 1729 753 provinciis
1750 709 1862 742 sedulo
1888 719 1959 742 exe-

1203 770 1356 808 quantur,
1385 770 1415 797 et
1444 774 1671 807 quaecumque
1697 763 1776 803 alia,
1808 773 1891 807 quae
1919 762 1960 795 ad

1204 817 1379 860 Religionis
1399 817 1634 850 incrementum
1648 816 1725 860 ipsis
1740 815 1831 849 utilia
1845 816 1894 848 vel
1905 826 1960 849 ne-

1205 871 1341 903 cessaria
1362 871 1567 910 videlnlntur,
1591 870 1711 914 ubique
1731 870 1878 903 locorum
1899 874 1961 902 sta-

1205 929 1305 957 tuant.
1330 925 1367 956 Et
1387 929 1554 968 practerea
1574 924 1704 957 abbates
1733 929 1761 956 et
1797 933 1962 956 commen-

1205 978 1358 1018 datarios,
1382 978 1619 1021 cuiuscnmtpie
1640 977 1820 1021 dignitatis,
1843 977 1962 1020 gradus

1206 1038 1233 1064 et
1257 1032 1453 1064 conditionis
1482 1032 1619 1072 suerint,
1648 1032 1687 1064 ad
1718 1031 1961 1074 praedictorum

1206 1085 1353 1118 omnium
1366 1085 1627 1128 praestationem,
1649 1084 1745 1118 etiam
1760 1095 1818 1129 per
1837 1085 1963 1118 subtra-

1207 1138 1347 1171 ctionem
1369 1144 1584 1182 proventuum
1609 1150 1646 1172 ac
1667 1149 1820 1172 censuras
1835 1144 1866 1172 et
1887 1149 1964 1182 poe-

1208 1203 1264 1224 nas
1294 1194 1453 1235 praelatas
1482 1198 1654 1236 ceteraque
1674 1198 1860 1237 opportuna
1883 1191 1964 1225 iuris

1208 1251 1234 1277 et
1251 1246 1323 1278 sacti
1334 1246 1485 1286 remedia,
1496 1247 1584 1279 omni
1596 1252 1625 1279 et
1636 1256 1843 1290 quacumque
1854 1245 1965 1290 appel-

1209 1299 1327 1332 latioin¹
1354 1300 1542 1344 postposita,
1565 1300 1782 1343 compellant,
1819 1299 1964 1333 invocato

1210 1353 1306 1385 etiam
1342 1354 1381 1385 ad
1410 1353 1485 1393 hoc,
1521 1354 1546 1386 si
1587 1364 1670 1396 opus
1694 1353 1808 1394 suerit,
1844 1353 1965 1387 auxilio

1210 1406 1334 1439 brachii
1370 1407 1556 1440 saecularis.
1591 1406 1740 1440 Ceterum
1756 1434 1764 1448 ,
1799 1413 1835 1440 ut
1862 1407 1967 1441 vicina

1211 1460 1302 1501 plebs
1322 1471 1434 1503 egena,
1454 1471 1513 1504 pro
1534 1461 1709 1503 Religionis
1730 1461 1966 1495 consuetudine

1211 1520 1240 1546 et
1252 1513 1407 1555 instituto,
1419 1515 1581 1548 confoveri
1595 1515 1706 1559 possit,
1721 1526 1758 1548 ac
1770 1515 1868 1549 ceteri
1880 1515 1966 1560 piam

1212 1574 1242 1600 et
1275 1568 1402 1601 fidelem
1430 1580 1538 1602 rerum
1566 1569 1880 1603 administrationem
1903 1569 1969 1602 col-

1212 1621 1344 1655 laudare
1371 1622 1505 1665 possint,
1526 1622 1700 1666 praedictis
1729 1623 1970 1656 commendata-

1213 1675 1269 1707 riis
1299 1675 1518 1720 praecipimus
1544 1682 1577 1709 ut
1606 1676 1637 1708 in
1668 1676 1734 1709 suis
1763 1676 1970 1709 monasteriis

1214 1739 1374 1772 pauperes
1384 1730 1594 1773 eleemosynis
1604 1741 1663 1774 pro
1673 1730 1770 1763 modo
1779 1730 1969 1764 facultatum

1214 1788 1464 1825 prosequantur.
1485 1784 1701 1816 Decernentes
1721 1783 1887 1827 praedicta
1901 1794 1970 1816 orn-

1214 1835 1267 1867 nia
1285 1835 1436 1868 inviolata
1449 1842 1479 1869 et
1495 1837 1710 1870 immutabilia
1722 1842 1882 1881 perpetuo
1894 1847 1972 1871 con-

1215 1888 1339 1929 sistere,
1363 1900 1489 1923 necnon
1511 1890 1638 1923 irritum
1652 1896 1682 1924 et
1700 1890 1807 1931 inane,
1831 1891 1856 1924 si
1878 1901 1971 1924 secus

1216 1953 1274 1985 per
1305 1944 1465 1985 praefatos
1477 1949 1528 1976 aut
1547 1954 1773 1987 quoscumque
1784 1944 1876 1985 alios,
1892 1955 1972 1987 qua-

1215 1994 1259 2027 vis
1270 1997 1461 2029 auctoritate
1473 1998 1654 2040 fungentes,
1669 1998 1808 2031 scienter
1822 1998 1870 2031 vel
1881 1997 1973 2041 igno—

1217 2055 1336 2088 ranter,
1359 2051 1702 2093 contigeritattentari.

1261 2104 1275 2146 ἓ
1296 2103 1349 2136 21.
1369 2103 1438 2136 Non
1464 2104 1664 2137 obstantibus
1695 2105 1767 2148 piae
1794 2105 1971 2138 memoriae
1985 2107 2100 2160 afflegem
2114 2111 2168 2127 0⁰¹¹·

1218 2157 1373 2189 Bonis-acii
1394 2157 1497 2201 Papae
1518 2158 1580 2190 Vlll
1609 2159 1647 2191 de
1668 2169 1744 2199 una,
1776 2163 1819 2191 et-
1834 2158 1866 2191 in
1896 2169 1973 2192 con-

1219 2210 1294 2242 cilio
1323 2211 1465 2252 generali
1496 2211 1580 2244 edita
1611 2212 1649 2244 de
1681 2211 1809 2244 duabus
1841 2211 1971 2255 diaetis,

1219 2263 1353 2305 aliisque
1370 2264 1654 2298 constitutionilnis
1670 2270 1701 2299 et
1716 2265 1974 2299 ordinationibus

1220 2316 1417 2360 apostolicis
1439 2329 1476 2350 ac
1501 2318 1578 2350 dicti
1602 2318 1742 2359 Ordinis,
1776 2318 1971 2360 iuramento,

1220 2370 1466 2403 confirnmtione
1492 2372 1669 2415 apostolica
1702 2372 1750 2404 vel
1779 2372 1889 2415 quavis
1920 2372 1974 2405 fir-

1221 2419 1329 2452 mitate
1350 2419 1410 2453 alia
1438 2420 1606 2460 roboratis,
1634 2420 1761 2453 statutis
1781 2425 1812 2453 et
1839 2431 1975 2454 consue-

1221 2468 1400 2509 tudinibns3
1409 2469 1561 2512 quodque
1572 2469 1745 2512 aliquibus,
1757 2470 1976 2503 communiter

1220 2519 1267 2551 vel
1289 2519 1425 2559 divisim,
1451 2519 1490 2551 ab
1511 2519 1623 2552 eadem
1644 2519 1682 2552 sit
1711 2519 1791 2552 Sede
1811 2519 1973 2552 indultum

1222 2569 1308 2611 quod
1329 2568 1368 2601 ad
1385 2569 1631 2611 praestationem
1653 2568 1895 2613 praedictorum
1913 2569 1975 2601 mi-

1224 2618 1310 2653 nime
1338 2623 1524 2660 tencantur,
1547 2624 1578 2653 et
1606 2619 1646 2653 ad
1676 2618 1709 2652 id
1736 2618 1886 2662 compelli
1921 2623 1977 2653 aut

1967 226 2017 253 An.
2032 224 2062 254 c.
2086 220 2154 253 1570
2202 207 2227 265 ja*
