2237 3100
219 227 268 255 An.
285 226 314 256 C.
335 226 402 255 ¹569

417 279 466 313 nis
484 278 723 319 immobilibus,
753 288 808 311 scu
834 277 930 310 rebus
961 280 991 309 ot.
1019 275 1160 316 iuribus,

417 338 480 366 tam
502 332 721 377 spiritualibus
740 341 836 374 quam
854 328 1096 372 temporalibus,
1115 339 1162 361 cc-

417 386 608 426 elesiarum,
644 383 932 422 monasteriorum,
968 382 1160 422 domorum,

416 439 659 479 beneficiorum,
673 436 880 481 hospitalium
902 441 931 469 et
942 435 1080 469 aliorum
1096 436 1163 480 pio-

416 504 488 526 rum
502 494 646 526 locorum
659 490 887 535 quorumlibet,
900 490 968 523 sinc
979 490 1068 523 Sedis
1082 490 1164 534 Apo-

415 547 545 580 stolicae
565 545 705 586 licentia,
719 551 773 578 aut
793 544 879 577 illius
900 545 1002 577 forma
1015 555 1079 577 non
1095 555 1162 577 ser-

415 605 495 639 vata,
518 600 550 632 in
570 599 722 632 damnum
736 598 958 639 ecclesiarum,
981 599 1163 631 seusolem-

416 653 566 686 nitatibus
602 663 619 685 a
639 652 708 685 iure
747 651 918 696 requisitis,
957 657 1012 685 aut
1044 653 1162 685 consti-

384 735 391 743 .
415 707 592 740 tutionibus
630 707 774 750 ipsorum
808 705 1077 739 monasteriorum
1107 717 1163 739 seu

250 2428 314 2455 Quam
330 2428 407 2449 attenu-

222 2466 246 2482 γε
267 2463 288 2480 et
311 2461 405 2481 vendero

222 2494 298 2519 posi-tt.

414 761 585 794 domorum
597 759 728 793 minime
737 760 876 799 servatis,
887 765 938 792 aut
947 759 1024 792 alias
1034 759 1165 793 nulliter

415 815 570 847 hactenus
590 814 699 854 factas,
719 813 872 854 revidere,
891 819 919 846 et
939 813 1074 846 constito
1091 814 1161 855 sibi,

414 874 571 912 quantum
592 868 738 901 sufficere
757 867 926 908 videbitur,
949 867 988 900 de
1008 868 1164 910 praemis-

415 922 477 962 sis,
510 922 580 955 illas
600 927 630 955 et
657 926 841 954 contractus
861 932 958 964 super
988 921 1081 961 inde,
1105 922 1164 955 sub

414 976 577 1020 quibusvis
602 975 713 1008 formis
738 979 768 1008 et
787 974 959 1008 verborum
985 975 1163 1018 expressio-

415 1030 521 1070 nibus,
547 1029 672 1062 habitos
692 1034 722 1062 et
742 1029 930 1067 celebratos,
957 1029 1051 1061 ctiam
1073 1030 1097 1062 si
1116 1029 1163 1063 iu-

415 1089 560 1117 ramento
580 1082 685 1116 vallati
711 1083 861 1122 existant,
884 1093 997 1115 eorum
1019 1083 1164 1116 omnium

415 1144 554 1179 tenores,
575 1148 612 1170 ac
632 1136 657 1169 si
677 1136 715 1170 (lc
734 1136 831 1169 verbo
855 1136 894 1168 ad
917 1136 1049 1169 verbum
1072 1149 1164 1181 prae-

414 1191 558 1225 sentibus
577 1191 797 1223 insererentur
810 1216 817 1230 ,
848 1200 907 1233 pro
931 1190 1088 1233 expressis
1107 1192 1164 1224 ha-

414 1246 525 1279 bentes
539 1272 546 1285 ‚
568 1243 756 1277 auctoritate
778 1243 952 1286 apostolica
967 1270 974 1283 ,
1004 1244 1042 1276 ad
1067 1245 1166 1278 solius

416 1300 576 1344 praefatae
583 1298 722 1331 fabricae
733 1297 953 1342 procuratoris
968 1296 1163 1338 instantiam,

416 1353 511 1386 etiam
531 1357 621 1396 parte
641 1351 736 1384 inrita
756 1356 786 1383 et.
806 1350 1057 1392 contradicente,
1085 1352 1166 1385 facta

415 1407 475 1441 sibi
503 1406 593 1450 prius
618 1405 817 1438 intimatione
842 1415 900 1448 per
933 1410 996 1438 tres
1026 1416 1163 1447 menses,

416 1466 527 1494 tenore
547 1459 779 1504 praesentium,
802 1458 1003 1499 rescindere,
1026 1459 1163 1499 irritare,

416 1525 541 1547 cassare
561 1518 592 1547 et
607 1513 776 1546 annullare
791 1524 798 1552 ;
820 1512 970 1556 ipsosque
986 1513 1167 1547 detentores

416 1575 447 1602 et
466 1572 677 1611 occupatores
701 1567 740 1599 ad
760 1572 873 1607 terras,
895 1567 1113 1610 possessiones
1137 1573 1167 1601 et

416 1624 513 1663 bona,
536 1633 587 1655 res
607 1626 637 1655 et
656 1621 726 1654 iura
747 1621 906 1665 praefata,
929 1626 961 1653 ut
986 1622 1168 1664 praefertur

416 1677 544 1709 detenta
565 1681 595 1709 et
614 1679 770 1718 occupata
785 1702 792 1715 ,
822 1674 1029 1707 relaxandum
1048 1701 1054 1715 ‚
1074 1680 1104 1708 et
1129 1676 1167 1708 do

417 1729 575 1763 fructibus
607 1735 670 1762 tam
692 1729 847 1761 hactenus
876 1728 1036 1772 perceptis
1063 1728 1167 1771 etqui

417 1782 540 1827 percipi
556 1786 741 1826 potuerunt,
756 1792 852 1825 quam
867 1781 898 1813 in
915 1787 1079 1824 posterum
1097 1792 1167 1825 per-

417 1836 574 1881 cipiendis
593 1835 721 1869 realiter
733 1835 990 1868 satisfaciendum
1006 1846 1121 1878 cogere
1137 1841 1168 1869 et.

418 1890 625 1934 compellere,
647 1889 873 1932 bonorumque
894 1893 923 1921 et
940 1890 1102 1922 fructuum
1121 1901 1169 1923 re-

418 1943 680 1988 cuperandorum
697 1942 883 1975 huiusmodi
902 1942 1025 1975 tertiam
1042 1948 1165 1986 partem

417 1998 477 2042 ipsi
498 1997 647 2038 fabricae,
664 1996 796 2040 reliquis
817 1996 942 2029 duabus
958 1997 1101 2040 partibus
1118 2009 1168 2031 ec-

417 2051 534 2092 clesiis,
558 2051 771 2089 monasteriis,
794 2050 981 2091 beneficii&
1004 2051 1165 2091 domibus,

417 2104 629 2149 hospitalibus
654 2110 683 2138 et
712 2104 772 2148 piis
792 2104 892 2143 locis,
919 2105 956 2136 ad
978 2116 1059 2148 quae
1086 2106 1168 2138 bona

418 2159 485 2203 ipsa
505 2159 707 2202 spectabunt,
727 2169 799 2192 cum
827 2158 941 2191 effectu
965 2159 1167 2201 consignatis,

418 2212 586 2245 vendicare
606 2217 637 2245 et
656 2212 819 2256 applicare
840 2212 961 2255 possint
981 2218 1009 2245 et
1032 2213 1166 2253 valeant,

418 2266 601 2299 facultatem
619 2271 649 2299 et
668 2265 890 2298 auctoritatem
912 2265 1119 2299 concedimus
1140 2271 1170 2299 et

420 2319 637 2363 impartimur.

463 2373 477 2416 ξ
497 2372 528 2407 3.
555 2374 600 2406 lta
620 2378 654 2406 ut
674 2373 793 2406 eisdem
827 2372 983 2416 collegio,
1011 2373 1170 2416 deputatis

421 2432 599 2466 eorumque
619 2422 820 2455 auditoribus
840 2429 870 2454 et
899 2421 1052 2454 ministris
1078 2422 1171 2455 liceat

421 2470 522 2504 dictae
543 2471 654 2504 tertiae
675 2471 773 2515 partis
793 2470 978 2503 huiusmodi
999 2471 1169 2512 bonorum,

421 2519 582 2563 praefatae
602 2520 763 2561 fabricae,
786 2526 821 2552 ut
846 2519 1082 2563 praemittitur,
1114 2531 1170 2563 ap-

422 2569 614 2612 plicatorum
632 2596 641 2609 ‚
692 2570 892 2613 corporalem
938 2569 1169 2612 possessionem

422 2617 551 2665 propria
572 2618 760 2653 auctoritate
783 2619 882 2652 libere
907 2618 1168 2663 apprehendere,

1008 223 1187 248 nULLAmUM
1211 223 1361 248 ROMANUM

1205 275 1358 319 illamque
1378 275 1410 307 in
1430 274 1532 308 dictae
1561 275 1699 309 fabricae
1718 286 1796 310 usus
1816 281 1847 310 ct
1867 276 1952 310 utili-

1206 334 1322 370 tatem,
1351 329 1471 373 absque
1492 328 1554 361 alia
1580 329 1670 362 Sedis
1693 329 1896 373 Apostolicae
1922 336 1954 364 et.

1204 382 1409 425 superiorum
1427 382 1651 423 ecclesiarum,
1674 384 1952 424 monasteriorum,

1205 436 1375 469 domorum
1390 463 1397 477 ‚
1418 436 1651 469 beneficiorum
1666 463 1673 476 ,
1696 436 1903 480 hospitalium
1924 444 1954 472 et

1205 489 1342 523 aliorum
1363 490 1492 533 piorum
1512 490 1658 523 locorum
1672 517 1679 530 ,
1706 490 1745 523 ad
1764 501 1846 534 quae
1869 492 1955 527 bona

1205 543 1273 587 ipsa
1292 548 1322 576 ct
1342 544 1466 577 fructus
1490 543 1698 587 spectabunt,
1718 543 1859 585 licentia,
1881 546 1955 579 alie-

1205 608 1299 636 nare,
1324 597 1460 630 vendere
1490 602 1520 629 et
1540 602 1745 639 convertere,
1772 598 1953 632 dioecesani

1205 650 1267 683 loci
1286 650 1335 683 vel
1353 650 1491 684 cuiusvis
1511 651 1643 685 alterius
1667 651 1796 685 licentia
1816 652 1955 697 desuper

1206 703 1337 736 minime
1357 704 1523 748 requisita.

1249 756 1307 800 §la
1320 757 1534 790 Decernentes
1545 763 1719 801 prirscntes
1729 759 1851 793 litteras
1863 760 1953 793 nullo

1206 821 1360 854 umquam
1402 816 1547 855 tempore
1580 812 1618 844 de
1657 812 1873 855 subreptionis
1906 814 1953 847 vel

1206 863 1403 908 obreptionis
1436 870 1491 898 aut
1529 865 1714 899 intentionis
1748 871 1875 900 nostrae
1906 868 1955 901 vel

1206 918 1359 961 quopiam
1380 919 1442 952 alio
1469 919 1596 952 defectu
1621 920 1745 961 notari,
1773 920 1956 964 impugnari

1206 978 1261 1005 aut
1280 972 1467 1013 invalidari,
1499 973 1595 1006 etiam
1617 984 1653 1006 ex
1678 984 1715 1007 co
1741 974 1845 1018 capite
1870 975 1956 1018 quod

1206 1025 1360 1059 interesse
1380 1027 1534 1060 babentes
1544 1027 1645 1061 vocati
1666 1038 1731 1061 non
1753 1028 1882 1070 fuerint,
1901 1034 1958 1062 aut

1206 1080 1245 1113 ad
1271 1080 1351 1114 iuris
1376 1080 1531 1113 terminos
1558 1081 1690 1122 reduci,
1727 1081 1898 1126 minusque
1924 1083 1957 1116 in

1207 1134 1456 1167 controversiam
1484 1134 1590 1167 vocari
1611 1145 1723 1178 posse,
1754 1135 1809 1168 sed
1829 1147 1957 1181 semper

1206 1188 1323 1220 validas
1343 1194 1374 1221 et
1393 1188 1538 1221 efficaces
1559 1189 1704 1231 existere,
1727 1201 1867 1235 suosque
1887 1192 1956 1235 ple-

1207 1241 1314 1274 narios
1334 1242 1466 1275 ctl'ectus
1486 1242 1605 1282 sortiri,
1624 1242 1796 1286 minusque
1813 1244 1871 1277 sub
1887 1245 1958 1289 qui-

1207 1294 1313 1328 busvis
1333 1295 1486 1327 similium
1495 1296 1542 1328 vel
1559 1295 1764 1329 dissimilium
1780 1297 1957 1341 gratiarum

1207 1348 1474 1389 revocationibus,
1494 1349 1773 1393 suspensionibus,
1795 1351 1959 1386 limitatio-

1208 1403 1303 1436 nibus
1324 1408 1354 1436 et
1373 1403 1636 1446 derogationibus
1656 1405 1889 1448 comprehendi
1910 1406 1958 1439 ul-

1208 1457 1334 1489 latenus
1367 1468 1481 1500 posse,
1514 1458 1568 1490 sed
1588 1457 1627 1490 ab
1649 1457 1712 1490 illis
1732 1464 1880 1502 exceptas
1894 1487 1902 1502 ,
1928 1466 1959 1494 et

1208 1510 1334 1554 quoties
1353 1510 1426 1543 illae
1446 1511 1644 1544 emanabunt
1657 1538 1664 1552 ,
1686 1511 1779 1545 toties
1797 1512 1830 1545 in
1850 1513 1958 1556 pristi-

1208 1575 1287 1597 num
1303 1569 1419 1597 statum
1435 1564 1597 1598 restitutas
1608 1576 1675 1598 esse
1693 1571 1723 1598 et
1738 1566 1873 1599 censeri.
1893 1567 1960 1601 Sic-

1208 1629 1271 1662 que
1292 1629 1350 1661 per
1369 1629 1592 1662 quoszanmpu:
1613 1619 1736 1652 iudices
1762 1624 1792 1652 et
1811 1620 1959 1654 commis-

1208 1672 1319 1712 sarios,
1333 1672 1443 1715 quavis
1460 1672 1647 1705 auctoritate
1668 1673 1849 1716 fungentes,
1863 1674 1958 1708 etiam

1209 1736 1379 1759 causarum
1413 1725 1525 1758 Palatii
1562 1726 1738 1769 Apostolici
1772 1727 1936 1761 auditores
1951 1756 1959 1770 ‚

1209 1779 1333 1812 sublata
1350 1779 1394 1812 eis
1415 1785 1445 1812 et
1465 1790 1578 1812 corum
1595 1779 1849 1824 cuilibctquavis
1869 1782 1961 1815 aliter

1210 1833 1372 1866 iudicandi
1393 1834 1555 1874 facultate,
1578 1834 1715 1867 iudicari
1736 1834 1867 1876 debcre;
1889 1835 1960 1869 irri-

1209 1893 1275 1920 tum
1297 1898 1427 1931 quoqiw
1448 1893 1478 1920 et
1497 1887 1603 1928 inane,
1626 1887 1651 1920 si
1677 1898 1769 1921 secus
1797 1889 1961 1932 superbis

1209 1952 1226 1973 a
1245 1951 1430 1984 quospiam,
1452 1941 1562 1984 quavis
1582 1941 1772 1974 auctoritate
1786 1968 1793 1982 ‚
1821 1942 1961 1976 scienter

1209 1995 1256 2026 vel
1277 1993 1474 2036 ignoranter,
1497 1994 1666 2037 contigerit
1685 1995 1846 2028 attentari.

1253 2048 1268 2091 g
1288 2048 1318 2081 5.
1341 2048 1410 2081 Non
1426 2048 1625 2082 obstantibus
1641 2049 1824 2092 praemissis
1843 2051 1960 2094 acqui-

1210 2102 1316 2135 busvis
1328 2102 1512 2146 apostolicis
1527 2114 1587 2136 nec
1607 2114 1685 2144 non,
1704 2103 1736 2136 in
1756 2104 1960 2148 provinciali-

1209 2156 1270 2189 bus
1285 2161 1313 2189 et
1335 2156 1541 2200 synodalibus
1559 2157 1704 2190 conciliis
1718 2157 1960 2202 editis,⁷spccia-

1210 2210 1294 2243 libus
1314 2211 1360 2242 vel
1380 2210 1585 2253 genruahhus
1618 2211 1904 2246 constitutionibus
1930 2217 1962 2245 ct

1211 2263 1478 2302 ordinationibus,
1501 2275 1537 2297 ac
1557 2264 1733 2307 quibusvis,
1756 2265 1851 2298 etiam
1876 2266 1962 2299 iura-

1212 2322 1331 2358 mento,
1355 2317 1599 2350 confirmatione
1619 2318 1794 2361 apostolica
1817 2319 1864 2352 vel
1884 2330 1963 2363 qua-

1210 2371 1256 2403 vis
1276 2371 1425 2404 firmitate
1442 2371 1503 2404 alia
1520 2371 1678 2404 roboratis
1701 2372 1825 2405 statutis
1840 2377 1871 2406 et
1886 2383 1962 2406 con-

1212 2421 1449 2462 suetudinibus,
1471 2421 1645 2464 privilegiis
1665 2432 1807 2465 quoque,
1829 2421 1961 2456 indultis

1212 2475 1242 2502 ct
1262 2470 1375 2503 litteris
1395 2471 1595 2514 apostolicis,
1617 2471 1781 2514 quibusvis
1801 2472 1958 2514 personis,

1212 2520 1244 2551 in
1273 2530 1391 2562 genere
1419 2521 1467 2553 vel
1496 2520 1529 2552 in
1563 2520 1688 2563 specie,
1718 2520 1962 2563 quomodolibet

1213 2569 1391 2609 concessis,
1417 2569 1631 2610 confirmatis,
1657 2569 1840 2612 approbatis
1860 2574 1891 2602 et
1909 2569 1960 2602 in-

1213 2618 1344 2653 novatis.
1366 2617 1488 2658 Quibus
1502 2618 1662 2660 omnibus,
1682 2618 1776 2652 ctiam
1798 2618 1877 2652 side
1897 2618 1960 2654 illis

1966 222 2017 250 An.
2033 221 2063 250 C.
2079 221 2163 252 ¹86⁹:

2003 767 2150 789 Praesenl'ium

1968 799 2086 820 litterarum
2116 799 2152 820 tir-

1969 831 2037 852 miras.

1994 2056 2106 2079 Contraria
2114 2062 2158 2078 oni-

1974 2089 2008 2110 nin
2023 2088 2086 2110 tottii.
