2237 3100
76 288 128 315 An.
145 287 175 316 C.
196 287 261 315 1567

77 436 149 457 cunda!
160 434 260 456 molestia

87 1813 206 1835 bectantia
214 1816 260 1835 ter-

75 1846 119 1866 tiae
138 1844 257 1867 molestiae.

140 2458 259 2479 [tectarum

76 2492 152 2517 quartae
159 2489 260 2511 molestiae

948 284 1016 308 Plus
1036 285 1053 308 V
1073 284 1120 308 1³1³.

1711 275 1775 309 577

318 338 350 371 2.
378 338 470 377 Quod
495 348 569 372 vero
598 338 628 371 in
649 338 791 372 sessione
812 347 899 378 xxm,
923 337 1026 382 capite
1069 337 1197 371 lieentia
1219 337 1350 370 minime
1371 336 1548 381 requisita),
1561 337 1655 370 etiam
1669 337 1728 370 sub
1744 348 1819 371 cen-

104 402 261 424 necurmose-
275 403 324 432 xv,
347 392 434 425 circa
455 392 672 425 consessiones
691 404 708 425 a
731 392 934 435 regularibus
961 403 1025 425 uon
1069 392 1152 424 suris
1181 391 1404 425 ecclesiasticis
1428 396 1457 424 et
1487 390 1557 424 aliis
1584 390 1713 435 poenis,
1750 393 1819 436 cogi

274 446 453 479 audiendas
472 445 639 487 statuitur,
660 447 721 479 hoc
748 445 842 479 etiam
864 445 1024 479 dictorum

274 499 431 533 Ordinum
453 500 578 537 fratres,
601 511 619 533 a
639 500 789 543 praefatis
809 499 875 533 suis
890 510 1025 542 genera-

275 553 360 587 libus
379 554 426 587 vel
448 553 602 586 ministris
627 553 878 598 provincialibus
902 554 941 585 ad
970 565 1027 585 au—

273 607 407 641 diendas
423 608 640 641 consessiones
654 607 822 651 utriusque
836 618 930 640 sexus
943 607 1026 639 cliri-

273 661 459 695 stifidelium
491 661 708 705 approbatos,
732 666 767 694 ut
793 660 1023 705 praemittitur,

274 714 406 747 minime
426 714 693 758 comprehendat,
713 714 755 747 ita
769 719 805 747 ut
817 725 835 747 a
850 713 1025 747 consessio-

273 768 369 802 nihus
387 768 570 809 audiendis,
595 774 657 802 tam
682 767 765 801 intra
785 779 899 802 eorum
921 769 1025 802 ecele-

274 823 336 856 sias
355 833 392 856 ac
412 822 525 856 domos
545 833 643 867 quam
665 827 764 863 extra,
788 822 920 855 minime
950 833 1025 866 pro-

272 876 458 917 hibeantur,
480 887 578 920 super
597 877 659 910 hoc
680 876 788 909 literas
802 876 903 910 felicis
915 887 1025 909 recor-

271 930 410 964 dationis
429 930 520 964 Pauli
544 931 648 974 Papae
669 930 787 974 quarti,
810 930 904 964 etiam
931 941 1025 975 prae-

271 984 450 1019 decessoris
466 984 578 1025 nostri,
598 984 812 1026 concedentes
830 984 950 1017 eisdem
968 984 1026 1017 fra-

272 1038 375 1071 tribus
394 1037 648 1071 Mendicantibus
669 1038 827 1082 regularis
847 1037 1025 1071 Observan-

272 1091 333 1125 tiae
353 1102 447 1136 posse
468 1091 688 1125 confessiones
713 1091 928 1125 saecularium
950 1103 1025 1135 per-

272 1156 438 1185 sonarum,
461 1145 557 1179 etiam
582 1145 804 1185 infirmarum,
823 1146 918 1178 etiam
939 1150 1026 1178 extra

273 1200 386 1234 domos
405 1204 436 1232 et
455 1199 649 1233 monasteria
671 1211 727 1233 sua
749 1205 777 1233 et
803 1199 948 1240 ubilibet,
972 1211 1026 1232 :tu-

273 1255 342 1289 dire
371 1253 581 1299 approbando
598 1258 627 1286 et
645 1253 683 1287 de
699 1264 781 1286 novo
804 1253 1022 1287 concedendo.

273 1310 449 1344 Statuimus
469 1308 565 1341 etiam
594 1307 681 1352 quod
710 1307 763 1340 ille
789 1308 844 1350 qui
875 1309 974 1341 semel
994 1308 1025 1341 in

274 1375 336 1398 una
348 1362 487 1396 dioecesi
506 1361 665 1395 admissus
681 1372 739 1406 per
754 1362 943 1405 episcopum
960 1363 1026 1396 sue-

273 1418 324 1460 rit,
348 1428 476 1461 semper
507 1416 537 1449 in
564 1417 675 1450 eadem
701 1415 840 1449 dioecesi
870 1417 1026 1450 habeatur

273 1483 333 1518 pro
357 1472 513 1511 admisso,
537 1482 595 1504 nec
617 1470 755 1514 amplius
781 1470 957 1503 examinari
978 1472 1024 1503 vel

274 1527 474 1571 praesentari
494 1525 526 1558 in
548 1525 630 1558 dicta
652 1524 792 1558 dioecesi
813 1525 938 1565 debeat,
962 1530 1025 1558 tam

274 1582 381 1626 quoad
413 1579 670 1626 praedicationes
709 1579 891 1617 faciendas,
928 1591 1025 1625 quam

273 1636 380 1680 quoad
414 1635 633 1669 confessiones
662 1633 855 1673 audiendas,
884 1644 942 1667 nec
967 1634 1024 1667 ali-

272 1690 351 1736 quid
371 1701 430 1734 pro
446 1688 617 1735 praedietis
628 1688 709 1731 exigi
722 1689 770 1722 vel
785 1688 884 1732 recipi
898 1689 1023 1722 debeat.

317 1744 348 1779 3.
377 1744 582 1779 Confessores
610 1754 684 1776 vero
715 1742 904 1776 monialium
944 1755 1025 1787 quae

273 1800 393 1844 degunt
412 1799 472 1833 sub
493 1810 570 1832 eura
590 1798 789 1841 regularium
807 1798 846 1831 ab
862 1798 1026 1832 ordinario

274 1853 448 1888 examinari
470 1853 638 1893 nolumus,
666 1851 941 1895 quemadmodum
969 1863 1025 1885 ne-

273 1919 336 1953 que
356 1908 452 1941 etiam
474 1908 586 1940 fratres
607 1906 631 1939 si
653 1906 789 1945 debeant
818 1906 931 1939 audire
952 1917 1026 1939 cou-

274 1961 427 1996 t'essiones
447 1961 586 1994 aliorum
609 1961 744 1993 fratrum
774 1959 949 1993 examinari
970 1960 1026 1992 de-

274 2017 360 2050 bent.
393 2016 542 2049 Lectores
563 2014 696 2058 insuper
716 2024 753 2046 ex
774 2013 895 2046 eisdem
918 2013 1025 2046 fratri-

272 2071 345 2110 bus,
378 2075 407 2103 et
437 2069 469 2102 in
499 2068 661 2111 theologia
682 2067 842 2111 graduati,
874 2067 1024 2110 quicum

274 2123 403 2158 licentia
431 2133 566 2156 suorum
592 2121 799 2165 superiorum
830 2121 869 2153 ad
890 2121 1025 2163 gradum

273 2178 403 2212 admissi
420 2176 550 2215 fuerint,
573 2187 646 2209 cum
669 2175 861 2219 deipsorum
880 2175 1026 2208 doctrina

274 2232 502 2275 ambigendum
536 2241 599 2263 non
626 2230 680 2268 sit,
714 2235 777 2261 tam
807 2228 1027 2262 consessiones

273 2285 427 2325 audituri,
443 2295 540 2327 quam
558 2282 806 2327 praedicationis
819 2293 937 2315 munus
953 2283 1027 2315 sub-

274 2340 362 2380 ituri,
382 2340 421 2373 ab
442 2331 602 2383 episcopis
619 2337 750 2370 minime
767 2336 1001 2370 examinentur.

319 2393 349 2427 st.
383 2394 509 2438 Ipsique
535 2391 759 2425 christifideles
788 2396 1025 2424 sacramentum

274 2447 495 2482 Eucharistiae
512 2445 782 2489 (Resurrectionis
793 2444 963 2477 dominicae
981 2445 1026 2477 fe-

275 2497 408 2531 stivitate
436 2496 600 2530 dumtaxat
628 2494 772 2538 excepta)
794 2504 934 2533 sumere,
964 2493 1026 2526 eis-

275 2558 338 2591 que
357 2546 437 2579 illud
463 2546 576 2578 fratres
602 2543 790 2576 huiusmodi
810 2542 1026 2576 administrari

275 2597 411 2639 valeant,
433 2606 493 2629 nec
509 2595 547 2628 ad
569 2593 648 2628 illud
666 2592 848 2626 faciendum
865 2603 923 2636 per
943 2593 1028 2626 loco-

276 2656 348 2680 rum
366 2645 560 2685 ordinarios,
582 2650 638 2677 aut
658 2642 868 2676 ecclesiarum
886 2647 1027 2676 rectores

276 2695 445 2740 praefatos,
471 2705 527 2727 seu
538 2693 617 2726 alios
637 2703 860 2736 quoscumque
880 2692 1025 2730 <illorum

355 2748 430 2779 Bull.
447 2747 527 2779 Rom.
547 2747 602 2778 Vol.
622 2746 679 2777 Vll.
871 2746 907 2776 73

1069 446 1115 478 xel
1137 445 1288 489 compelli
1313 443 1434 489 possint
1461 454 1517 477 seu
1543 444 1691 485 debeant,
1723 445 1819 479 etiam

1068 499 1275 532 decernimus
1286 505 1317 531 et
1332 499 1545 532 declaramus.
1568 498 1606 531 Et
1620 497 1696 531 licet
1710 497 1742 532 in
1759 510 1821 533 ses-

1068 553 1158 586 sione
1187 564 1256 593 xxv,
1280 553 1383 598 capite
1403 562 1445 586 xn
1471 557 1620 586 caveatur
1640 552 1726 596 quod
1749 563 1822 586 cen-

1069 617 1162 639 surae.
1200 612 1227 639 et
1261 607 1431 639 interdicta
1464 605 1693 647 ecclesiastica,
1724 606 1819 640 etiam

1068 670 1085 691 a
1112 660 1258 692 locorum
1291 659 1463 692 ordinariis
1496 659 1699 703 promulgata
1733 670 1822 693 man·

1068 714 1163 746 dante
1184 713 1349 757 episcopo,
1376 725 1393 746 a
1419 713 1621 757 regularibus
1649 713 1681 746 in
1706 724 1820 748 eorum

1069 767 1212 801 ecclesiis
1228 767 1388 811 publicari
1407 768 1556 808 debeant;
1578 773 1685 801 tamen
1701 767 1726 802 si
1742 773 1821 802 tem-

1069 832 1147 865 pore
1173 822 1400 855 celebrationis
1424 822 1562 855 alicuius
1581 833 1617 855 ex
1634 821 1720 856 sestis
1739 822 1819 856 San-

1068 880 1195 907 ctorum
1221 875 1377 908 Ordinum
1404 876 1604 915 eorumdem,
1629 887 1666 909 ac
1686 875 1758 909 aliis
1774 876 1819 909 fe-

1068 928 1258 961 stivitatibus
1275 928 1360 961 iuxta
1382 929 1570 962 eorumdem
1589 929 1744 963 Ordinum
1758 930 1822 973 pri-

1069 982 1182 1025 vilegia
1194 982 1382 1026 apostolica,
1407 983 1614 1016 interdictum
1634 983 1820 1016 huiusmodi

1069 1036 1275 1073 emanaverit.
1318 1036 1398 1069 illud
1430 1037 1461 1069 in
1495 1036 1646 1081 praefatis
1674 1036 1821 1070 festivita-

1070 1090 1154 1122 tibus
1179 1096 1205 1123 et
1234 1100 1345 1123 earum
1372 1089 1489 1123 octavis
1513 1090 1751 1135 suspendimus.

1113 1144 1144 1177 5.
1167 1144 1245 1177 Cum
1273 1144 1481 1177 inhonestum
1514 1143 1553 1176 sit
1585 1143 1761 1188 quemlibet
1789 1144 1819 1176 in

1069 1198 1205 1231 alienam
1232 1208 1368 1230 messem
1400 1197 1513 1230 falcem
1544 1197 1694 1237 iniicere,
1727 1209 1819 1231 cum-

1070 1262 1133 1295 que
1169 1251 1360 1284 monialium
1387 1251 1581 1284 monasteria
1617 1251 1745 1285 nonnisi
1783 1252 1821 1285 de

1070 1305 1213 1349 episcopi
1233 1305 1278 1338 vel
1301 1304 1479 1349 superioris
1503 1304 1642 1345 licentia,
1666 1310 1694 1338 et
1721 1305 1751 1338 in
1772 1316 1818 1339 ca>

1070 1359 1157 1392 sibus
1184 1359 1386 1399 necessariis,
1416 1359 1532 1403 aliquis
1552 1358 1677 1402 ingredi
1693 1370 1823 1403 praesu-

1071 1418 1146 1452 mat,
1162 1414 1194 1446 in
1210 1413 1350 1446 sessione
1366 1423 1436 1453 xxxv,
1459 1412 1563 1456 capite
1578 1423 1597 1445 v
1617 1413 1819 1457 prohibetur,

1071 1469 1130 1501 lior
1147 1473 1270 1501 tautum
1287 1467 1318 1499 in
1334 1467 1397 1499 illis
1413 1467 1615 1500 monasteriis
1635 1468 1742 1499 locum
1764 1467 1821 1500 ha-

1070 1523 1145 1555 here
1167 1522 1317 1555 volumus
1337 1533 1418 1565 quae
1440 1521 1613 1554 ordinariis
1628 1521 1705 1565 ipsis
1727 1523 1823 1565 pleno

1071 1577 1141 1610 iure
1161 1576 1310 1615 subsunt,
1347 1576 1378 1608 in
1399 1575 1529 1620 quibus,
1557 1575 1589 1609 in
1618 1575 1745 1609 casibus
1765 1586 1822 1609 ne-

1070 1630 1228 1671 cessariis,
1239 1629 1298 1673 ipsi
1309 1629 1385 1662 dare
1395 1629 1558 1663 licentiam
1568 1629 1702 1674 possint,
1717 1636 1746 1663 et
1758 1641 1823 1663 non

1070 1686 1101 1718 iu
1122 1685 1192 1717 aliis
1212 1684 1426 1718 monasteriis.
1454 1684 1499 1717 Ita
1518 1689 1552 1717 ut
1577 1684 1727 1728 praefatis
1757 1695 1823 1717 mo—

1070 1739 1229 1780 nasteriis,
1257 1749 1340 1782 quae
1362 1738 1532 1771 ordinariis
1552 1738 1629 1783 ipsis
1641 1739 1737 1783 pleno
1753 1738 1824 1772 iure

1068 1804 1132 1827 non
1159 1793 1307 1828 subsunt,
1344 1792 1404 1837 ipsi
1434 1792 1588 1826 ordinarii
1622 1793 1676 1826 illa
1701 1793 1824 1837 ingredi

1070 1859 1134 1882 non
1155 1848 1290 1893 possint,
1315 1853 1409 1892 prout
1432 1847 1464 1880 in
1480 1847 1610 1891 Regulis
1631 1858 1743 1881 earum
1767 1858 1824 1882 seu

1073 1903 1111 1935 de
1133 1902 1204 1934 iure
1225 1902 1389 1937 statuitur,
1425 1907 1455 1934 et
1479 1901 1524 1933 eis
1549 1901 1673 1945 aliquos
1693 1913 1823 1946 proces-

1073 1968 1127 1989 sus
1148 1956 1299 1989 adversus
1320 1955 1476 1989 moniales
1502 1955 1598 1999 ipsas,
1631 1966 1687 1988 seu
1712 1955 1826 1989 fratres

1069 2004 1256 2038 huiusmodi
1286 2010 1470 2049 propterea,
1498 2016 1554 2038 seu
1581 2005 1658 2038 alias
1678 2005 1823 2049 ipsorum

1069 2054 1226 2088 Ordinum
1243 2053 1466 2098 superioribus
1482 2053 1656 2098 requisitis,
1679 2065 1824 2098 quoquo-

1070 2104 1166 2137 modo
1187 2105 1327 2137 formare
1352 2109 1405 2136 aut
1432 2104 1537 2137 facere
1568 2114 1660 2147 posse
1689 2103 1824 2137 omnino

1070 2153 1295 2198 prohibemus,
1322 2153 1365 2186 ita
1385 2158 1417 2186 ut
1449 2153 1589 2197 aliquam
1625 2152 1824 2186 iurisdictio-

1070 2214 1143 2237 nem
1174 2214 1229 2237 seu
1249 2203 1379 2247 aliquod
1396 2203 1625 2246 quodcumque
1643 2201 1822 2235 dominium

1070 2253 1102 2286 in
1123 2253 1279 2286 moniales
1299 2258 1326 2285 et
1358 2253 1471 2285 fratres
1496 2252 1681 2285 huiusmodi
1713 2263 1822 2296 respe-

1069 2302 1147 2335 ctive
1168 2303 1300 2343 habere,
1324 2312 1474 2336 exercere
1499 2308 1551 2335 aut
1581 2302 1694 2345 exequi
1720 2303 1824 2336 nulla-

1070 2358 1163 2385 tenus
1189 2351 1312 2396 possint.
1331 2357 1386 2384 aut
1405 2351 1540 2384 debeant
1569 2351 1667 2383 immo
1694 2350 1765 2385 illas
1793 2358 1825 2386 et,

1070 2402 1142 2434 illos
1162 2412 1273 2434 omnes
1293 2402 1332 2434 ab
1357 2411 1471 2433 eorum
1496 2399 1737 2444 superioritate,
1764 2401 1821 2435 do-

1070 2450 1169 2484 minio
1190 2456 1220 2484 et
1239 2450 1460 2483 iurisdictione
1482 2456 1509 2482 et
1535 2454 1690 2493 potestate
1716 2449 1824 2483 eximi-

1069 2511 1141 2533 mus
1161 2506 1192 2534 ct
1216 2500 1406 2537 liberamus,
1434 2504 1530 2542 prout
1554 2498 1599 2531 eis
1632 2509 1822 2532 concessum

1069 2555 1115 2582 est.
1135 2560 1193 2593 per
1213 2560 1270 2582 sua
1291 2548 1456 2593 privilegia
1476 2559 1492 2581 a
1514 2548 1593 2581 Sede
1612 2548 1753 2592 praefata
1769 2549 1823 2582 ob-

1069 2603 1168 2639 tenta,
1199 2604 1230 2631 et
1256 2598 1299 2632 ita
1332 2598 1493 2643 praefatae
1519 2597 1676 2631 moniales
1696 2608 1733 2631 ac
1757 2598 1822 2631 fra-

1068 2653 1132 2681 tres
1152 2647 1214 2681 sint
1233 2647 1352 2681 exclusi
1381 2658 1399 2680 a
1424 2647 1649 2691 superioritate
1675 2652 1704 2680 et
1724 2646 1821 2680 iuris-

1068 2697 1207 2730 dictione
1232 2696 1471 2731 ordinariorum
1502 2696 1677 2741 respective
1708 2695 1821 2729 huius-

1836 286 1885 313 An.
1906 286 1935 313 C.
1953 286 2017 314 ¹567

1900 1159 2020 1180 nectaratto

1835 1192 1911 1218 quintin
1919 1191 2019 1212 molestie
