2237 3100
197 258 246 284 An.
265 258 293 284 C.
314 257 379 286 ¹565

248 529 363 557 llaspita'ia
373 545 378 554 ,

195 562 325 589 leprosariae
359 565 379 582 et

195 594 235 613 alia
264 594 325 618 tom,
355 594 379 613 ad

195 625 335 650 hespitatttat.
352 624 380 644 le-

195 661 304 682 pr0surum
317 656 379 675 desti>

194 690 250 711 nata,
281 686 378 712 hospitali

195 721 216 737 et
243 717 329 737 militiae
358 717 378 737 S.

197 747 267 767 Lazari

195 781 331 802 censeantur,
357 783 381 798 ο-

195 811 243 829 tiam
260 810 276 829 si
293 810 334 829 sint
351 810 379 828 iu>

194 841 306 865 rispatinn.
344 840 380 859 lai-

193 877 271 891 coium.

331 752 379 767 eu·

233 1644 379 1665 praeseri-atto

192 1677 333 1696 inriscliction.
345 1682 379 1696 oi·-

194 1708 329 1729 dinariorum.
359 1710 381 1727 et

194 1739 300 1764 eteiuptio
320 1738 380 1758 huius

197 1768 283 1788 militiae

194 1799 267 1818 militia
283 1799 302 1817 S.
316 1798 379 1818 luanff

193 1831 260 1850 insin
283 1836 323 1850 una
346 1836 380 1851 ex-

192 1864 266 1886 eeplt‘.

220 2226 316 2248 Facutms
331 2228 379 2247 reti-

192 2259 255 2278 nendi
264 2259 379 2284 pensione·

194 2290 315 2309 ducatorum
333 2296 350 2309 n.

437 251 502 285 346

395 312 538 353 idoneas,
568 313 663 346 etiam
685 313 709 345 si
731 313 859 347 Ordinis
879 312 1010 351 suerint,
1032 311 1071 343 ab
1092 322 1145 343 or-

394 366 520 400 dinario
541 367 778 411 approbandas,
802 366 833 398 in
860 366 979 398 eisdem
1001 375 1147 397 exercea—

394 426 457 452 tur.

439 472 526 515 §lie
554 472 683 505 Necnon
704 471 789 515 quod
821 470 1002 514 hospitalia,
1038 471 1146 514 lepro-

395 525 495 558 sariae
517 530 547 557 et
571 525 632 556 alia
652 525 722 556 loca
743 534 981 567 quaecumque,
1004 523 1058 556 uhi
1080 524 1146 556 ullo

395 588 549 621 umquam
571 584 715 620 tempore
737 576 844 616 suerit,
868 576 906 609 sit
935 577 981 609 vel
1003 577 1063 609 erit.
1091 578 1146 609 ho-

395 631 548 674 spitalitas
564 631 767 673 leprosorum
786 641 840 662 seu
859 629 1063 662 infirmorum
1077 641 1146 662 san-

395 684 435 716 cti
456 683 563 716 Lazari
585 688 867 726 nuncupatorum,
889 683 982 715 etiam
1014 683 1038 715 si
1069 683 1147 716 iuris

396 741 584 778 patronatus
603 736 761 768 laicorum
785 735 859 775 sint,
878 736 1011 769 militiae
1032 741 1060 769 et
1087 737 1145 769 ho-

395 789 499 832 spitali
522 789 551 821 S.
585 788 692 821 Lazari
726 789 913 821 huiusmodi
943 789 1087 822 subiecta
1117 795 1146 822 et

395 840 611 885 incorporata.
629 842 709 874 etad
731 841 780 874 ius
801 847 829 874 et
851 842 1081 885 proprietatem
1111 854 1147 876 ae.

394 894 433 927 ad
453 895 672 927 omnimodam
693 894 948 938 dispositionem,
972 895 1145 928 institutio-

394 957 467 980 nem
489 953 519 980 ct
539 948 744 981 collationem
767 948 913 981 moderni
934 952 963 981 et
986 959 1044 991 pro
1065 955 1146 981 tem—

394 1010 472 1044 pore
493 1000 654 1033 existentis
670 1000 777 1043 magni
796 1000 937 1043 magistri
959 1007 988 1033 et
1009 1012 1147 1035 couven-

393 1058 444 1086 tus
464 1053 666 1093 eorumdem,
689 1054 775 1086 iuxta
797 1053 897 1097 ipsius
931 1054 1063 1087 militiae
1092 1066 1146 1087 seu

392 1106 567 1149 Religionis
587 1106 803 1139 stabilimenta
822 1107 920 1148 (salvo
946 1112 1051 1140 tamen
1078 1108 1147 1141 iure

393 1160 607 1203 patronatus),
632 1160 794 1203 pertinere
816 1165 1020 1201 censeantur,
1054 1166 1149 1203 prout

393 1212 454 1244 alia
475 1212 570 1244 etiam
592 1212 694 1245 dictae
724 1212 900 1254 Religionis
930 1223 986 1245 seu
1016 1213 1147 1247 militiae

392 1264 576 1308 hospitalia,
596 1266 773 1309 cappellae,
811 1265 963 1305 oratoria,
992 1266 1147 1300 beneficia

392 1323 423 1350 et
443 1318 513 1350 loca
535 1323 679 1361 spectant
713 1324 740 1351 et
768 1318 948 1362 pertinent,
971 1320 1148 1353 dummodo

393 1370 425 1402 in
446 1371 508 1403 illis
525 1371 726 1414 hospitalitas
741 1371 845 1404 debita
863 1376 1017 1412 serretur,
1037 1378 1065 1405 et
1078 1374 1147 1406 cul-

395 1430 444 1456 tus
464 1423 590 1456 divinus
611 1425 795 1458 nullatenus
815 1425 1027 1463 diminuatur,
1050 1437 1086 1458 ac
1115 1426 1147 1458 in

395 1477 526 1509 illorum
538 1477 725 1510 fundatione
737 1479 783 1511 vel
796 1478 958 1512 dotatione
979 1490 1072 1512 secus
1084 1490 1147 1512 non

395 1530 489 1563 fuerit
501 1530 686 1563 ordinatum
695 1558 700 1563 .

439 1584 453 1625 ξ
473 1583 525 1615 47.
555 1583 653 1616 Salvis
673 1590 779 1617 tamen
815 1584 964 1627 legitimis
998 1585 1098 1617 titulis
1118 1592 1146 1619 et

395 1637 706 1680 praescriptionibus
737 1643 765 1669 et
805 1639 887 1670 salva
927 1638 1148 1671 iurisdictione

396 1690 648 1726 ordinariorum,
672 1696 734 1722 tam
757 1701 791 1723 ea
814 1702 896 1733 quae
917 1691 954 1723 de
976 1691 1045 1724 iure
1062 1703 1148 1724 rom-

396 1743 485 1775 muni
503 1744 547 1775 eis
564 1745 729 1786 competit,
743 1755 839 1787 quam
856 1755 937 1787 quae
959 1756 994 1777 ex
1011 1745 1148 1778 decretis

396 1796 471 1828 dicti
503 1796 632 1828 concilii
652 1797 830 1829 Tridentini
851 1797 970 1830 eisdem
992 1803 1035 1830 est
1058 1798 1147 1831 attri-

395 1848 483 1881 buta.
507 1839 734 1892 praeterquam
757 1855 862 1882 tamen
899 1851 928 1882 iu
961 1850 996 1882 iis
1023 1851 1148 1883 casibus

396 1902 427 1934 in
444 1902 562 1945 quibus
578 1903 753 1935 concilium
773 1903 972 1947 praedictum
986 1915 1145 1948 expresse,

397 1962 429 1988 ut
451 1957 643 2000 praefertur,
667 1957 783 1990 exemit,
812 1964 838 1990 et
862 1958 986 2001 excepit
1011 1959 1148 2002 Religio-

396 2021 469 2042 nem
490 2010 520 2043 S.
545 2010 673 2043 Ioannis
698 2011 991 2055 Ilierosolviuitaiii,
1015 2012 1044 2044 in
1075 2013 1146 2056 qui-

395 2064 454 2095 bus
475 2069 504 2096 et
524 2065 603 2096 haee
625 2064 655 2097 S.
680 2064 787 2097 Lazari
808 2064 931 2107 Religio
957 2066 1077 2108 pariter
1097 2078 1148 2099 ex-

396 2123 488 2162 cepta
509 2123 537 2151 et
559 2124 704 2162 exempta
727 2119 763 2151 sit
783 2124 811 2151 et
830 2129 897 2151 esse
919 2125 1099 2152 censeatur.

439 2172 453 2214 §
473 2172 525 2205 48.
552 2172 583 2204 Et
607 2172 739 2216 insuper
763 2172 918 2205 militibus
946 2184 980 2205 ar
1017 2174 1146 2217 prosby-

395 2224 472 2257 teris
492 2230 521 2258 et
542 2226 739 2269 cappellanis
766 2226 931 2269 hospitalis
952 2232 978 2259 et
1016 2227 1146 2260 militiae

396 2278 426 2310 S.
451 2279 557 2311 Lazari
585 2278 782 2318 huiusmodi,
807 2290 892 2311 nunc
927 2286 954 2311 et
978 2291 1035 2323 pro
1066 2286 1146 2312 tem—

396 2341 473 2374 pore
495 2332 715 2371 existentibus,
739 2344 775 2365 ae.
797 2344 908 2366 eorum
923 2333 1067 2375 singulis,
1083 2340 1145 2366 tam

396 2384 521 2416 clericis
541 2396 637 2428 quam
659 2385 759 2426 laicis,
783 2386 878 2418 etiam
909 2386 1088 2428 coniugatis
1117 2392 1147 2419 et

394 2432 540 2473 bigamis,
575 2439 606 2465 ut
637 2445 732 2466 unam
753 2436 801 2467 vel
834 2435 944 2478 plures
976 2435 1146 2478 pensiones

393 2491 529 2519 annuas,
570 2494 671 2525 usque
697 2484 734 2515 ad
766 2494 924 2516 summam
952 2484 1144 2527 quingento-

394 2540 467 2562 rum
479 2530 669 2563 ducatorum
683 2532 752 2564 auri
769 2533 807 2565 de
824 2533 957 2565 Camera
978 2544 1145 2571 novorum,

394 2588 491 2621 super
510 2580 695 2621 quarumvis
711 2581 957 2618 cathedralium,
971 2582 1064 2614 etiam
1078 2593 1144 2615 me-

393 2626 679 2671 tropolitanarum,
698 2634 727 2661 et
739 2629 874 2662 aliarum
888 2631 1097 2664 ecclesiarum
1109 2642 1145 2664 ac

990 257 1170 283 BULLARIUM
1193 257 1345 281 ROMANUM

1188 320 1301 342 earum
1325 319 1526 348 mensarum,
1544 308 1639 341 etiarn
1661 307 1939 351 patriarchalium,

1188 361 1515 405 archiepiscopalium
1541 365 1571 394 et
1597 361 1842 405 episcopalium,
1865 372 1941 394 nec-

1189 426 1253 448 non
1274 415 1369 448 etiam
1400 414 1683 455 monasteriorum,
1719 415 1813 448 etiam
1836 414 1940 448 consi-

1189 468 1380 508 storialium,
1404 468 1618 511 prioratuum,
1642 468 1891 501 canonicatuum
1913 474 1943 501 et

1189 522 1449 564 praebendarum
1469 547 1475 561 ,
1523 521 1713 563 dignitatum
1732 549 1739 562 ‚
1786 532 1941 565 persona-

1188 580 1294 615 tuum,
1317 575 1632 608 administrationum
1667 580 1697 607 ct
1731 575 1913 608 officiorum
1932 602 1939 615 ,

1188 628 1392 672 aliorumque
1431 628 1665 661 beneficiorum
1708 629 1942 662 eeclesiastico—

1189 693 1273 719 rum,
1298 692 1372 714 cum
1393 693 1471 714 cura
1487 687 1517 714 et
1533 681 1600 714 sine
1617 693 1704 723 cura,
1727 682 1941 715 saecularium

1188 740 1216 767 et
1230 735 1417 779 quorumvis
1437 735 1592 768 Ordinum
1603 736 1815 778 regularium,
1838 736 1942 780 quali-

1189 794 1378 832 tercumque
1390 789 1662 832 qualificatorum,
1685 789 1854 829 fructibus,
1872 790 1943 822 red-

1189 841 1319 881 ditibus,
1343 841 1562 886 proventibus,
1585 841 1722 883 iuribus,
1742 842 1943 876 obventioni-

1189 894 1248 926 bus
1278 900 1305 927 et
1341 894 1570 927 emolumentis
1598 906 1634 927 ao
1664 894 1944 928 distributionibus

1188 946 1482 991 quotidianis‘alias
1502 948 1656 981 canonice
1681 948 1740 981 sibi
1769 954 1944 982 reservatas

1189 1012 1245 1033 seu
1266 1001 1483 1039 reservandas,
1504 1001 1552 1033 vel
1569 1002 1640 1034 loco
1662 1000 1854 1044 pensionum
1886 1013 1943 1034 an-

1189 1065 1342 1092 nuarum,
1366 1065 1477 1087 omnes
1498 1059 1526 1087 et
1549 1054 1693 1097 singulos
1713 1065 1749 1087 ac
1768 1065 1943 1097 quoscum-

1189 1119 1252 1151 que
1273 1108 1393 1141 similes
1413 1109 1549 1148 fructus,
1580 1107 1724 1141 redditus
1743 1114 1774 1141 et
1807 1119 1944 1152 proven-

1191 1166 1252 1200 tus,
1265 1160 1347 1201 iura,
1359 1161 1567 1193 obventiones
1579 1165 1607 1193 et
1618 1161 1837 1194 emolumenta
1848 1172 1946 1204 quae-

1190 1224 1343 1256 cumque,
1375 1224 1411 1246 ae
1433 1212 1528 1246 etiam
1564 1213 1808 1247 distributiones
1836 1214 1944 1257 quoti-

1190 1266 1300 1298 dianas
1312 1266 1371 1299 sibi
1380 1272 1539 1300 reservata
1549 1271 1579 1299 et
1590 1267 1794 1307 reservanda,
1808 1267 1944 1307 etiamsi,

1191 1325 1259 1362 post
1282 1320 1411 1352 illarum
1444 1321 1492 1353 vel
1514 1320 1645 1353 illorum
1680 1320 1942 1361 reservationem,

1190 1383 1323 1405 uxorem
1337 1372 1487 1405 duxerint
1506 1378 1537 1405 et
1552 1373 1672 1415 bigami
1689 1373 1793 1406 effecti
1809 1373 1941 1415 fuerint,

1191 1424 1336 1468 recipere
1357 1436 1414 1457 seu
1436 1426 1574 1459 retinere
1595 1431 1625 1459 et
1645 1426 1684 1458 ad
1718 1425 1813 1459 vitam
1841 1426 1944 1469 perci-

1190 1489 1278 1522 pere,
1302 1479 1428 1521 exigere
1450 1484 1480 1511 et
1500 1480 1617 1519 levare,
1647 1490 1684 1511 ac
1705 1479 1737 1512 in
1764 1490 1839 1512 suos
1866 1490 1945 1512 usus

1190 1536 1219 1563 et
1240 1531 1409 1564 utilitatem
1433 1537 1630 1565 convertere.

1234 1586 1248 1627 ξ
1268 1584 1320 1618 49.
1346 1585 1494 1627 lllasque,
1531 1596 1604 1617 eum
1631 1585 1771 1628 primum
1793 1586 1861 1630 ipsa
1882 1586 1942 1618 mi-

1191 1637 1255 1668 litia
1276 1637 1305 1670 S.
1326 1638 1433 1670 Lazari
1461 1638 1492 1670 in
1513 1638 1620 1681 aliqua
1641 1638 1844 1682 expeditione
1865 1649 1943 1672 con-

1192 1696 1237 1722 tra
1260 1691 1404 1724 infideles
1420 1691 1556 1724 militare
1578 1692 1731 1735 eoeperit,
1752 1692 1784 1724 in
1805 1698 1870 1725 toto
1894 1694 1943 1726 vel

1190 1749 1292 1787 parte,
1316 1744 1411 1777 sit‘uul
1436 1746 1483 1778 vel
1504 1746 1692 1786 successive,
1727 1746 1856 1789 quando
1884 1747 1943 1779 sibi

1190 1797 1360 1835 videbitur,
1375 1798 1469 1830 etiam
1493 1798 1523 1831 in
1542 1800 1654 1831 mortis
1670 1799 1819 1838 articulo,
1842 1799 1873 1832 in
1890 1811 1945 1833 cu-

1191 1850 1286 1883 iusvis
1308 1862 1463 1894 personae
1485 1852 1515 1884 iu
1542 1852 1694 1895 dignitate
1728 1853 1944 1886 ecelesiastica

1191 1904 1381 1937 constitutae
1415 1910 1467 1937 aut
1504 1905 1650 1938 ranonici
1678 1906 1871 1939 cathedralis
1890 1918 1943 1939 ec-

1190 1958 1306 1991 elesiae
1328 1959 1477 1991 manibus
1507 1964 1537 1991 et.
1567 1959 1598 1991 in
1633 1960 1769 1992 fratrum
1805 1959 1945 1993 militum

1189 2012 1293 2045 dictae
1316 2013 1447 2045 militiae
1469 2014 1499 2046 S.
1516 2013 1622 2045 Lazari
1640 2015 1687 2046 vel
1709 2013 1945 2058 cuiuscumque

1191 2077 1347 2109 personae
1368 2078 1423 2099 seu
1445 2066 1632 2110 quarumvis
1660 2078 1887 2110 personarum,
1910 2080 1944 2101 e-

1190 2120 1264 2152 tiam
1287 2132 1525 2165 quaecumque,
1558 2126 1779 2165 quotcumque
1800 2128 1832 2154 et
1863 2133 1943 2165 qua-

1189 2173 1374 2216 liacumque
1391 2174 1548 2207 beneficia
1570 2174 1787 2207 ecclesiastica
1798 2175 1943 2208 obtinen-

1188 2226 1268 2259 tium
1286 2232 1316 2259 et
1332 2228 1581 2270 expectantium,
1599 2230 1751 2268 savorem,
1771 2229 1892 2272 absque
1907 2240 1942 2261 a—

1189 2280 1278 2322 liquo
1307 2291 1528 2323 possessorum
1565 2282 1798 2314 beneficiorum
1831 2282 1943 2315 huius-

1189 2333 1275 2365 modi
1306 2334 1445 2377 desuper
1474 2335 1622 2367 hahendo
1644 2345 1815 2373 consensu,
1847 2334 1941 2367 etiam

1188 2386 1320 2429 absque,
1341 2399 1439 2431 super
1460 2388 1692 2431 praesentibus,
1724 2388 1941 2420 conficienda-

1189 2446 1259 2467 rum
1273 2436 1452 2473 literarum,
1462 2442 1626 2480 tamquam
1643 2436 1852 2472 notariarum,
1864 2448 1943 2480 prie-

1188 2485 1287 2517 sentia
1309 2496 1364 2519 seu
1382 2486 1564 2519 ostensione
1584 2487 1632 2518 vel
1653 2485 1772 2518 visione
1799 2491 1851 2518 aut
1880 2486 1942 2518 alia

1187 2533 1387 2568 solemnitate
1401 2535 1431 2567 in
1444 2535 1586 2567 Romana
1596 2534 1690 2567 Curia
1701 2535 1748 2567 vel
1760 2539 1847 2566 extra
1859 2545 1940 2574 eam,

1188 2581 1219 2613 iu
1234 2584 1384 2617 omnibus
1402 2589 1432 2616 et
1447 2595 1504 2627 per
1520 2583 1640 2624 omnia,
1658 2583 1791 2627 perinde
1808 2594 1843 2616 ac
1860 2584 1942 2617 miti-

1188 2631 1275 2665 tibus
1297 2632 1328 2666 S.
1356 2633 1464 2672 Pauli,
1487 2632 1550 2665 Piis
1575 2632 1782 2676 nuncupatis,
1807 2643 1865 2675 per
1884 2633 1941 2666 Se-

1959 255 2010 282 Αῐι.
2026 254 2056 281 C.
2075 253 2142 281 1565

1986 1599 2068 1626 Easque
2077 1603 2146 1622 tran!-

1959 1630 2050 1652 terendi.
