2237 3100
907 243 1005 269 iunssx
1024 243 1132 270 nanum
1665 237 1757 273 1003

328 295 447 330 deinde
471 295 541 340 ipse
553 295 699 330 Pontifex
723 296 802 330 dicti
823 296 951 330 Ordinis
971 297 1085 331 fratres
1106 297 1284 332 reformare
1303 298 1445 339 student,
1472 298 1529 332 sed
1548 298 1654 341 irrit0,
1669 300 1749 334 ibid.
1771 306 1803 335 et

328 360 391 394 seq.
426 349 580 383 Nonnulli
609 350 641 383 in
683 350 845 384 haeresim
878 361 984 395 usque
1018 351 1239 391 delabuntur;
1273 350 1347 392 alii,
1382 362 1457 385 cum
1485 352 1628 396 quodam
1662 352 1803 396 Lignana

326 402 358 436 S.
371 402 564 436 Christofori
575 403 786 436 vercellensis
803 403 1000 448 praeposito,
1017 404 1189 437 cardinalis
1206 405 1417 438 Borrhomaei
1430 416 1543 439 necem
1556 405 1801 448 machinantur,

327 455 392 490 886
412 456 442 489 b.
470 456 545 490 ldeo
571 456 717 490 Pontifex
736 455 891 490 Ordinem
912 457 1082 500 extinguit,
1101 458 1280 502 fratresque
1296 458 1413 492 officiis
1433 464 1464 492 et
1483 458 1575 493 bonis
1597 457 1712 503 privat,
1736 460 1800 494 887

328 520 367 549 a;
392 509 567 553 p1·ofessOS‚
595 509 628 541 in
649 509 728 542 locis
754 509 799 543 eis
827 510 1040 553 assignandis,
1073 512 1256 554 regularem
1281 511 1377 545 vitam
1399 512 1541 553 ducere,
1569 517 1625 546 aut
1647 513 1687 546 ad
1705 524 1800 557 pares

326 563 376 596 vel
396 562 572 595 strictiores
601 562 738 595 Ordines
759 562 896 596 transire
917 564 1089 607 praecipit,
1108 565 1186 598 ibid.
1211 565 1243 603 b‚·
1268 575 1333 598 non
1354 566 1516 609 professos
1542 566 1673 610 expelli,
1692 567 1772 600 ibid.
1786 579 1799 607 ,·

327 625 528 659 quemquam
549 615 582 648 in
607 615 759 649 Ordinem
780 616 919 657 admitti,
947 623 975 649 et
997 617 1060 649 alia
1088 618 1159 651 loca
1183 618 1310 661 acquiri
1331 619 1495 663 prohibet,
1518 619 1617 659 ibid.‚-
1638 619 1712 654 Sedi
1732 621 1794 664 Ap.

326 674 469 702 reservat
492 669 651 703 beneficia
671 669 851 703 saecularia
867 670 908 703 ob
925 670 1114 704 huiusmodi
1137 671 1350 714 privationem
1367 672 1512 706 vacantia
1532 683 1659 706 necnon
1671 673 1801 707 Ordinis

325 722 424 762 hona,
451 723 554 762 ibid.;
574 722 878 766 praepositurarum
899 722 1037 756 uniones
1058 723 1214 763 dissolvit,
1237 735 1377 768 quarum
1402 725 1528 769 aliquas
1549 726 1619 759 aliis
1644 726 1799 770 applicat,

327 775 469 819 reliquas
498 775 711 820 applicandas
740 776 916 809 committit
940 776 1098 809 cardinali
1122 777 1357 817 Borrhomaeo,
1385 777 1449 811 888
1470 778 1487 811 b
1508 784 1537 812 et
1555 790 1642 823 seq.,·
1661 780 1799 813 fratrum

325 828 589 862 distributionem
610 839 791 873 eorumque
808 829 962 863 alimenta
978 829 1101 871 statuit,
1120 830 1184 864 890
1198 831 1226 864 b.
1246 831 1379 864 Fabrica
1393 831 1549 866 ecclesiae
1569 833 1798 874 Terdonensis,

325 881 458 915 extincti
484 881 626 923 Ordinis,
659 882 846 916 facultatem
871 882 996 917 obtinet
1015 884 1173 917 nonnulla
1198 884 1283 917 bona
1310 884 1511 925 redimendi,
1539 885 1603 920 892
1629 887 1659 920 b.
1686 886 1802 921 Omnia

324 934 454 969 Ordinis
481 935 642 969 beneficia
671 936 819 970 vacantia
850 941 881 970 et
914 942 1068 971 vacatura
1098 936 1173 972 Sedi
1199 937 1405 981 Apostolicae
1430 945 1647 981 reservantur,
1675 939 1740 975 893
1760 951 1793 974 α.

333 988 368 1022 V.
391 988 581 1032 Regulares.

1014 1131 1037 1170 1

235 1238 344 1274 lacobi
369 1238 431 1283 (S.)
451 1238 706 1284 archihospitale
726 1239 911 1283 inAugusta
931 1238 970 1272 de
1000 1238 1085 1273 Urbe
1111 1239 1151 1273 ad
1172 1249 1335 1284 pauperes
1356 1239 1555 1275 incurabiles
1585 1241 1800 1278 sublevandos

326 1292 538 1334 destinatum,
568 1292 611 1326 12
637 1293 666 1326 b.
695 1292 811 1327 Omnes
843 1302 977 1327 caussae
1008 1292 1088 1326 illud
1117 1292 1254 1337 eiusque
1281 1293 1437 1328 officiales
1467 1301 1702 1330 concernentes
1727 1308 1799 1331 car-

323 1346 424 1380 dinali
449 1347 627 1391 protectori
652 1346 854 1380 decidendae
870 1346 1134 1387 committuntur,
1157 1346 1199 1381 13
1221 1358 1240 1381 α
1260 1352 1292 1381 ct
1310 1358 1373 1391 seq.
1392 1347 1568 1382 Processus
1588 1349 1729 1384 aliorum
1750 1350 1801 1385 iu—

325 1399 436 1434 dicum
458 1399 679 1440 infirmantur,
702 1399 747 1432 14
762 1411 794 1433 a.

235 1453 459 1487 Immunitates
483 1453 593 1497 (vulgo
613 1452 816 1497 sranchiyie)
842 1462 901 1496 pro
932 1452 1195 1486 malefactoribus
1220 1453 1269 1487 vel
1293 1463 1367 1487 aere
1394 1453 1500 1487 alieno
1531 1454 1690 1488 adstrictis
1721 1466 1802 1499 pro-

321 1506 414 1540 hibet
433 1506 535 1540 Iulius
565 1506 623 1546 111,
650 1506 715 1540 166
749 1517 781 1539 α.
818 1505 909 1545 Quod
940 1506 1113 1540 confirmat
1144 1507 1220 1540 Pius
1244 1506 1294 1547 IV,
1321 1506 1400 1540 ibid.
1424 1507 1452 1540 b.
1478 1506 1800 1543 Contravenientium

321 1570 460 1605 poenae,
481 1559 546 1594 167
574 1571 604 1593 α.
627 1559 730 1593 Iussio
758 1559 980 1594 cardinalibus
1002 1566 1033 1594 et
1053 1560 1239 1595 oratoribus
1272 1565 1308 1594 ut
1327 1560 1504 1595 familiares
1533 1561 1731 1597 admoneant
1761 1572 1803 1597 ne

325 1614 584 1655 contravenient,
611 1613 693 1647 ibid.

232 1667 397 1712 Impunita
416 1667 539 1701 scelera
559 1667 718 1711 peccandi
739 1672 857 1710 augent
878 1667 1058 1708 licentiam,
1080 1666 1145 1702 620
1165 1678 1197 1700 α.

232 1720 444 1755 lncurabiles.
465 1720 501 1754 V.
517 1720 625 1755 Iacobi
646 1720 708 1764 (S.)
728 1720 995 1764 archihospitale.

233 1774 400 1809 Indiarum
425 1774 569 1818 episcopi
591 1774 740 1808 Pontifici
761 1774 898 1808 Maximo
920 1779 1087 1818 exponunt
1106 1774 1289 1807 balsamum
1311 1774 1344 1807 in
1364 1775 1464 1810 Indiis
1483 1784 1550 1809 non
1570 1774 1722 1819 reperiri,
1745 1775 1803 1809 sed

323 1827 499 1872 quemdam
508 1838 644 1861 succum
664 1828 810 1861 balsamo
831 1828 1047 1867 simillimum,
1061 1827 1127 1861 934
1144 1828 1177 1868 b,·
1189 1833 1303 1872 petunt
1324 1835 1353 1862 et
1375 1830 1524 1863 obtinent
1536 1828 1723 1862 facultatem
1740 1829 1802 1863 hoc

323 1891 434 1922 succo,
457 1881 529 1915 loco
549 1882 698 1923 balsami,
717 1882 828 1915 utendi
839 1882 872 1914 in
882 1882 1068 1915 chrismatis
1089 1882 1307 1922 confectione,
1330 1882 1394 1916 935
1415 1894 1458 1923 a;
1483 1883 1561 1916 item
1582 1883 1621 1915 ab
1643 1882 1802 1926 irregula-

324 1934 419 1969 ritate
440 1935 642 1975 absolvendi,
661 1935 740 1968 ibid.
764 1935 793 1968 b.
816 1935 963 1968 Absoluti
984 1933 1218 1979 poenitentiam
1239 1946 1256 1968 a
1277 1935 1475 1970 confessario
1496 1935 1682 1979 impositam
1702 1935 1804 1969 adim-

325 1989 417 2033 plere
437 1993 603 2030 tenentur,
626 1989 685 2022 sub
706 1998 813 2033 poena
844 1988 1066 2032 abrogationis
1093 1988 1358 2033 dispensationis,
1382 1989 1446 2024 93ss
1471 2001 1502 2023 a.

234 2043 460 2087 Indulgentiae
480 2043 569 2077 circa
590 2042 770 2076 clausulam
791 2043 1010 2087 porrectionis
1030 2053 1188 2077 manuum
1214 2043 1412 2078 adiutricum
1434 2044 1473 2077 ab
1494 2043 1647 2078 omnibus
1681 2042 1803 2077 officia-

322 2097 409 2130 libus
428 2096 528 2141 gratis
552 2096 779 2140 expediantur,
806 2102 941 2140 excepta
966 2096 1130 2130 solutione
1159 2097 1402 2141 registraturae,
1424 2096 1489 2131 239
1518 2097 1546 2130 b.
1575 2095 1801 2140 Indulgentiae

324 2149 528 2184 continentes
553 2150 740 2184 facultatem
761 2150 978 2194 quaestuandi
999 2156 1207 2191 revocantur,
1229 2149 1294 2184 536
1309 2162 1340 2184 a.

235 2203 459 2248 Inquisitionis
480 2203 543 2247 (S.)
562 2202 715 2237 Officium
735 2213 754 2236 a
773 2203 873 2236 Paulo
889 2203 928 2236 III
948 2203 1133 2237 institutum
1154 2203 1312 2237 maiorem
1335 2202 1561 2238 auctoritatem
1589 2201 1731 2247 acquirit
1741 2203 1801 2237 sub

326 2256 384 2291 Pio
410 2256 460 2298 IV,
492 2256 557 2291 237
589 2268 620 2290 α,
647 2255 835 2290 Cardinales
864 2267 964 2301 super
994 2256 1184 2291 huiusmodi
1212 2256 1325 2291 Officio
1352 2256 1560 2301 inquisitores
1589 2255 1736 2300 supremi
1764 2266 1802 2289 ac

325 2311 495 2354 generales
515 2310 660 2355 deputati
686 2311 719 2343 in
743 2321 970 2355 quoscumque
995 2316 1026 2344 et
1042 2311 1164 2355 ubique
1184 2311 1364 2355 procedere
1378 2316 1525 2355 possunt,
1549 2310 1627 2343 ibid.
1651 2310 1669 2343 b
1691 2315 1723 2343 et
1735 2308 1801 2344 250

325 2374 366 2404 α,·
391 2374 467 2397 cum
484 2375 560 2398 vero
585 2364 625 2397 de
639 2364 718 2397 actis
739 2364 846 2408 agitur
866 2364 899 2397 in
920 2364 1103 2408 episcopos,
1125 2364 1390 2409 archiepiscopos
1412 2369 1443 2397 et
1463 2363 1658 2404 cardinales,
1671 2368 1802 2397 senten-

327 2418 406 2451 tiam
436 2417 637 2452 definitivam
658 2417 807 2451 Pontifici
827 2418 964 2451 Maximo
985 2428 1151 2452 reservare
1171 2418 1303 2458 debent,
1324 2417 1387 2451 237
1413 2417 1446 2457 b,·
1466 2417 1499 2450 in
1524 2416 1696 2450 inferiores
1712 2416 1801 2450 licite

327 2471 537 2512 sententiam,
559 2472 637 2505 ibid.
648 2483 661 2512 ‚·
689 2477 936 2516 procuratorem
963 2470 1105 2506 fiscalem
1132 2476 1321 2515 ceterosque
1342 2469 1513 2504 tribunalis
1533 2469 1689 2503 officiales
1709 2469 1802 2504 insti-

327 2531 432 2567 tuere,
456 2525 621 2569 corrigere
641 2531 672 2559 et
692 2535 842 2570 amovere
861 2530 987 2569 queunt
1011 2531 1042 2559 et
1060 2525 1099 2558 ad
1121 2525 1231 2558 omnia
1251 2524 1431 2568 praemissa
1444 2523 1617 2557 brachium
1633 2523 1801 2558 saeculare

328 2580 492 2620 invocare,
514 2578 579 2613 238
598 2589 640 2619 a,·
660 2578 880 2613 abiurationes
892 2579 1053 2624 recipere,
1071 2580 1152 2613 ibid.
1164 2591 1177 2619 ‚·
1197 2578 1380 2612 haereticos
1401 2583 1498 2622 atque
1513 2583 1677 2621 apostatas
1693 2577 1800 2611 absol·

327 2643 416 2675 vere,
438 2632 519 2667 ibid.
541 2632 584 2673 b;
608 2632 863 2675 commissarios,
890 2633 976 2667 intra
991 2638 1022 2667 et
1041 2638 1130 2668 extra
1154 2631 1281 2667 Italiam
1296 2631 1447 2675 delegare
1468 2636 1499 2665 et
1514 2631 1626 2666 omnia
1646 2640 1742 2676 agere
1761 2630 1802 2665 ad
