2237 3100
185 271 235 300 An.
253 272 282 299 C.
301 272 366 300 1565

197 495 313 515 Prohibitto
330 499 368 514 ex-

183 526 280 546 trahendi
298 528 318 545 et
329 531 368 550 [vm-

184 563 223 577 nae
255 559 370 576 conti-ave-

183 591 292 611 uieutluin.

245 1298 368 1320 Execuioris

183 1331 290 1356 deputatio
306 1334 325 1351 et
336 1330 368 1351 [ςι-

183 1362 280 1382 cultatem

425 261 489 295 378

976 264 1156 290 BULLARIL'M
1175 264 1329 289 ROMANUM

1941 260 1991 286 An.
2013 259 2125 287 (1.1865

382 323 494 368 poenis
521 322 553 355 in
582 321 645 355 illis
668 320 826 355 contentis
850 318 1010 353 observari
1039 319 1130 352 volu-
1174 317 1250 349 alias
1269 326 1492 360 quascumque
1512 315 1545 348 in
1566 315 1687 349 eisdem
1703 326 1762 361 pro
1779 321 1925 360 tempore

382 387 465 409 mus.

425 430 440 473 5
472 429 503 462 4.
539 428 718 462 Districtius
754 427 936 460 inhibentes
968 426 1132 469 quibusvis

382 483 539 527 personis,
557 482 664 519 ctiam,
678 486 710 512 ut
722 480 914 523 praefertur,
929 479 1130 523 qualificatis‚

384 548 435 575 ne,
450 536 482 569 in
494 536 607 568 virtute
631 539 758 566 sanctae
779 532 989 573 obedientiae,
1015 544 1051 566 ac
1072 533 1130 566 sub

383 595 509 622 nostrae
543 587 790 630 indignationis,
826 597 953 620 necnon
978 587 1132 620 confisca-

382 643 477 676 tionis
513 642 660 675 onmium
694 641 868 682 bonorum,
896 644 931 674 e·
950 641 1132 675 amissionis

382 697 552 729 feudorum
574 694 696 739 poenis,
719 695 924 728 licentiarum
951 706 1006 728 seu
1032 696 1132 728 sacul-

380 756 492 787 tatum,
522 749 599 782 alias
625 754 731 781 tamen
751 759 848 793 quam
868 754 904 781 ut
928 749 1129 792 praesertur,

381 816 417 837 ex
451 810 588 837 onerosa
607 802 755 836 videlicet
783 801 952 835 solutionis
981 802 1131 835 exbursa-

381 858 539 901 tionisque
551 869 647 890 causa
655 856 879 901 pecuniarum,
893 866 1131 894 concessarum,

380 918 435 945 aut
454 912 517 945 alio
538 911 649 955 quovis
669 915 846 954 praetextu,
869 909 990 943 directe
1010 911 1056 943 vel
1082 910 1131 942 in-

380 967 512 1007 directe,
535 966 696 999 frumenta
730 969 759 997 ct
779 964 874 997 blada
893 975 1020 998 necnon
1041 965 1131 1007 legu-

380 1021 467 1054 mina
482 1019 669 1053 huiusmodi
685 1030 721 1052 ex
738 1018 922 1063 provinciis,
941 1018 1131 1058 civitatibus,

380 1075 473 1109 terris
494 1080 521 1108 et
545 1074 624 1107 locis
644 1072 795 1117 praefatis
811 1083 1019 1116 quocunupie
1036 1072 1132 1106 modo

381 1130 547 1164 extrahere
572 1134 601 1161 et
630 1127 692 1160 alio
725 1132 889 1171 asportare
922 1126 1059 1160 audeant
1085 1127 1133 1159 vel

383 1187 601 1229 praesumant.

426 1238 440 1280 ξ
465 1237 495 1270 5.
523 1237 564 1268 Ac
587 1234 785 1269 mandantes,
809 1233 840 1265 in
861 1233 976 1267 virtute
1007 1239 1133 1266 sanctae

383 1290 593 1328 obedientiae,
621 1288 737 1321 dilecto
755 1287 821 1320 filio
834 1293 943 1320 nostro
962 1287 1132 1327 VitellotiQ

383 1346 516 1379 Sanctae
536 1343 650 1377 Mariae
672 1343 703 1375 in
720 1341 867 1374 tia-Lata
881 1341 1017 1375 diacono
1033 1341 1136 1375 cardi-

383 1399 447 1433 nali
467 1398 591 1431 Yitellio
608 1401 807 1440 nuncupato,
831 1402 956 1429 sanctae
973 1396 1134 1429 Romanae

383 1453 543 1488 Ecclesiae
564 1450 755 1490 camerario,
778 1455 936 1493 quatenus
953 1449 1032 1493 ipsc,
1051 1450 1134 1482 ultra

383 1506 580 1541 ordinariam
614 1504 664 1538 sui
699 1503 929 1537 camerariatus
968 1502 1064 1536 officii
1089 1503 1135 1535 sa-

384 1563 546 1601 cultatem,
571 1559 743 1604 specialem
768 1557 941 1601 quamdam
963 1562 993 1590 et
1012 1557 1136 1601 praeci-

383 1626 480 1661 puam
501 1614 533 1647 in
555 1612 737 1658 praemissis
758 1622 869 1645 curam
885 1612 1022 1651 liabens,
1044 1621 1137 1655 prae-

384 1676 505 1703 sentem
526 1668 625 1701 nostri
639 1665 879 1710 motusproprii
899 1664 1136 1698 cedulamacin

384 1737 421 1759 ca
446 1728 595 1757 contenta
619 1730 844 1764 quaecumque
865 1719 903 1752 ab
916 1719 972 1759 eis,
987 1728 1067 1762 quos
1084 1718 1137 1751 illa

384 1776 626 1822 quomodolibet
655 1779 850 1807 concernent
870 1773 882 1801 rl
910 1773 942 1805 in
970 1772 1137 1814 futurum,

384 1827 520 1863 firmiter
544 1830 574 1858 et
594 1825 785 1857 inconcusse
811 1821 991 1863 observari,
1024 1833 1138 1855 execu-

383 1877 526 1920 tionique
554 1874 678 1907 debitae
709 1871 915 1911 demandari3
948 1882 1075 1904 necnon
1105 1872 1136 1905 in

384 1925 567 1972 provinciis,
592 1922 781 1957 civitatibus,
812 1921 905 1953 terris
925 1926 952 1953 et
975 1920 1054 1953 locis
1075 1922 1137 1954 liu-

385 1975 536 2012 iusmodi,
559 1985 595 2007 ac
614 1972 701 2009 alibi,
726 1970 779 2003 ubi
800 1981 882 2014 opus
902 1970 1010 2007 fuerit,
1034 1971 1139 2014 publi-

386 2026 452 2060 cari
473 2030 503 2058 et
532 2020 706 2060 notificari3
730 2030 857 2052 necnon
887 2020 1139 2053 contradictores

385 2074 546 2119 quoslibet
566 2077 595 2105 et
620 2069 842 2103 inobedientes
861 2079 897 2101 ac
914 2069 1138 2112 praesentibus

385 2130 416 2158 et
440 2124 516 2157 inde
536 2132 594 2166 pro
616 2126 759 2163 tempore
785 2119 939 2151 emanatis
960 2120 1139 2161 proclama-

386 2173 482 2213 tibus,
509 2168 725 2204 bannimentis
749 2174 780 2201 et
804 2167 1050 2201 inhibitionibus
1070 2168 1140 2211 qui-

386 2224 589 2265 buscumque
627 2229 693 2252 non
726 2223 895 2262 parenteS,
932 2228 1138 2262 quacumque

388 2270 603 2315 appellatione
624 2275 655 2302 et
674 2267 872 2311 subterfugio
896 2267 1046 2304 remotis,
1081 2280 1139 2302 au-

389 2321 534 2354 ctoritate
561 2323 670 2352 nostra
699 2322 902 2361 compescat:
939 2327 976 2349 ac
996 2316 1020 2349 si
1041 2318 1069 2350 ei
1090 2328 1141 2350 ex-

389 2369 521 2413 pediens
550 2374 581 2401 et
614 2372 835 2410 opportunum
865 2366 933 2398 sore
961 2365 1138 2407 videbitur,

389 2416 541 2460 legitimis
566 2427 663 2460 super
683 2415 732 2447 his
752 2414 908 2447 habendis
923 2414 1052 2446 servatis
1068 2426 1141 2459 pro-

390 2466 541 2505 cessibus,
567 2470 619 2497 aut
641 2464 735 2497 ctiam
756 2463 946 2507 simpliciter
966 2468 993 2495 et
1012 2464 1049 2495 de
1075 2465 1142 2507 pla-

389 2526 444 2556 no,
466 2524 593 2548 necnon
614 2524 711 2546 manu
732 2513 830 2555 regia,
862 2523 898 2545 ac
919 2512 985 2545 sine
1008 2513 1140 2556 strepitu

391 2570 421 2598 et
437 2564 539 2608 figura
556 2563 678 2603 iudicii,
702 2563 755 2595 sed
776 2563 842 2595 sola
858 2562 931 2594 sacti
950 2562 1082 2595 veritate
1097 2562 1142 2595 in-

392 2619 518 2659 specta,
555 2613 625 2645 illas
654 2622 806 2645 censuras
840 2616 868 2644 et
907 2612 1064 2655 praefatas
1105 2622 1141 2645 ac

429 2673 440 2699 1
459 2672 629 2699 Comei-mene
649 2675 673 2698 et
692 2674 862 2703 conco-nent,
879 2669 995 2697 Cherub.
1013 2670 1050 2705 (R.
1073 2669 1120 2705 T.).

1173 369 1352 403 subsecutis
1386 368 1621 408 bannimentis,
1650 368 1923 409 inhibitionibus,

1172 423 1426 468 proclamatibus
1443 427 1473 455 et.
1498 421 1771 466 prohibitionibus
1791 427 1925 456 conten-

1174 483 1220 510 tas
1235 487 1357 521 poenas
1373 476 1521 509 incidisse
1537 481 1567 509 et
1583 474 1756 509 incurrisse
1772 476 1924 516 declaret,

1174 542 1291 574 easque
1315 530 1355 563 ab
1376 529 1438 562 illis
1458 528 1539 572 exigi
1565 534 1595 561 et
1623 529 1810 573 recuperari
1831 529 1926 562 saciat

1174 590 1205 617 ct
1225 589 1389 627 procuret,
1417 582 1477 615 sibi
1506 582 1539 615 in
1568 582 1752 626 praemissis
1775 583 1926 616 omnibus

1175 643 1205 671 ct
1225 637 1360 681 singulis
1379 637 1520 680 amplam
1541 641 1571 669 et
1599 636 1818 669 omnimodam
1852 636 1927 669 dan-

1173 697 1220 725 tes
1240 696 1269 724 et
1290 691 1504 724 concedentes
1523 690 1719 731 facultatem,
1737 695 1926 734 potestatem

1174 751 1205 778 ct
1229 745 1466 778 auctoritatem.
2055 779 2058 783 ¹

1218 800 1233 843 g
1257 799 1287 832 6.
1316 799 1360 831 Ac
1379 798 1588 831 decernentes
1603 807 1715 830 omnes
1732 802 1763 830 et
1783 797 1927 841 singulos
1968 805 2074 827 hiventius
2087 807 2128 827 na-

1174 854 1347 892 frumenta,
1378 852 1472 884 blada
1500 862 1537 884 ac
1570 850 1750 894 legumina,
1781 856 1816 884 ut
1836 862 1926 895 prae·
1941 838 2127 890 ζξζῗεςξῗξῇζῗζ

1175 908 1293 948 fertur,
1326 906 1527 939 extrahentes
1555 910 1586 938 et
1617 905 1679 938 alio
1706 909 1924 948 asportantes,
1941 902 2127 952 2230451335'222

1175 962 1342 994 facultates
1359 966 1389 994 et
1408 959 1553 993 licentias
1569 970 1606 992 ex
1624 969 1770 1000 onerosa,
1791 959 1925 994 solutio·
1941 963 2044 997 wari&
2067 963 2127 998 ‚³¹³⁰-

1175 1014 1381 1048 uisvidelicet
1397 1019 1427 1047 et
1447 1013 1679 1047 exbursationis
1700 1013 1924 1056 pecuniarum,
1941 996 2072 1053 {igissiiifuu
2084 1000 2125 1014 Μ

1176 1080 1271 1102 causa
1284 1068 1343 1101 sibi
1355 1079 1522 1101 concessas
1533 1079 1600 1101 esse
1611 1068 1785 1111 allegantes
1799 1072 1830 1101 et
1846 1078 1928 1112 prae-

1175 1123 1352 1163 tendentes,
1372 1127 1545 1166 antequam
1562 1121 1621 1165 ipsi
1633 1121 1696 1153 illis
1711 1122 1807 1155 modo
1819 1121 1928 1165 aliquo

1176 1177 1328 1220 deinceps
1348 1177 1415 1209 ullo
1440 1187 1596 1220 umquam
1616 1180 1763 1219 tempore
1786 1175 1833 1209 uti
1852 1186 1928 1220 pos-

1176 1230 1252 1269 sint,
1274 1230 1343 1263 illas
1370 1240 1479 1263 coram
1508 1229 1621 1262 eodem
1648 1228 1808 1262 Vitellotio
1826 1228 1930 1262 cardi-

1177 1285 1248 1317 nale
1278 1289 1307 1317 ct
1337 1283 1516 1317 camerario
1540 1282 1697 1317 verificari
1722 1282 1856 1324 debere,
1891 1294 1929 1316 ac

1177 1339 1213 1371 ad
1232 1338 1262 1371 id
1283 1338 1384 1371 teneri
1401 1343 1430 1371 et
1442 1337 1598 1381 obligatos
1609 1336 1756 1377 existere3
1773 1337 1928 1381 alioquin,

1177 1392 1254 1436 ipsis
1271 1402 1336 1425 non
1357 1391 1537 1424 iustificatis
1557 1396 1587 1424 et
1607 1401 1666 1435 per
1686 1390 1837 1424 eumdem
1861 1402 1930 1424 car-

1177 1445 1316 1478 dinalem
1333 1445 1548 1478 camerarium
1564 1454 1629 1477 non
1646 1444 1843 1489 approbatis,
1863 1455 1930 1478 eas-

1178 1499 1250 1532 dem
1270 1499 1437 1532 facultates
1452 1504 1482 1531 et
1503 1498 1658 1539 licentias,
1681 1508 1717 1531 ac
1737 1498 1868 1531 illarum
1887 1497 1936 1534 vi—.

1177 1564 1253 1596 gore
1280 1564 1336 1586 seu
1363 1557 1529 1597 praetextu
1557 1562 1779 1596 quascumque
1798 1562 1858 1596 per
1877 1562 1931 1585 eos

1178 1608 1432 1646 frumentorum,
1466 1606 1638 1639 bladorum
1665 1612 1695 1639 et
1727 1605 1930 1649 leguminum

1179 1661 1364 1694 huiusmodi
1394 1661 1432 1694 de
1454 1665 1561 1694 cetero
1590 1660 1689 1693 factas
1719 1660 1930 1694 extractiones

1179 1721 1209 1748 et
1229 1715 1477 1758 asportantium,
1507 1715 1612 1747 nullas
1643 1718 1673 1747 et
1699 1713 1864 1754 invalidas,
1893 1724 1930 1747 ac

1179 1770 1217 1802 de
1246 1770 1328 1802 sacto
1362 1774 1392 1802 et
1420 1768 1552 1802 nulliter
1580 1779 1618 1801 ae
1641 1773 1769 1812 praeter
1789 1773 1930 1801 mentem

1179 1828 1210 1855 et
1225 1822 1434 1856 intentionem
1451 1827 1576 1855 nostras
1591 1822 1689 1854 factas
1700 1820 1797 1854 fuisse
1809 1825 1840 1853 et
1850 1831 1929 1861 esse,

1180 1887 1215 1909 ac
1238 1886 1391 1919 personas
1416 1876 1522 1908 taliter
1550 1875 1752 1908 extrahentes
1771 1879 1801 1908 et
1821 1884 1932 1918 aspor-

1180 1936 1281 1963 tantes
1311 1940 1431 1974 poenas
1459 1929 1618 1974 praefatas
1646 1928 1795 1962 incidisse
1825 1933 1856 1961 et
1883 1928 1932 1960 in-

1181 1985 1335 2025 currisse,
1363 1995 1399 2017 ae
1426 1984 1465 2016 ad
1494 1983 1623 2016 illarum
1652 1983 1783 2016 totalem
1810 1982 1930 2016 satisfa-

1181 2038 1318 2071 ctionem
1336 2037 1463 2081 penitus
1483 2037 1596 2070 teneri.

1225 2093 1239 2133 ,ἓ
1264 2092 1294 2125 7.
1336 2092 1404 2124 Non
1441 2091 1642 2124 obstantibus
1678 2089 1861 2134 praemissis
1894 2100 1931 2123 ac

1182 2146 1347 2189 quibusvis
1366 2144 1648 2178 constitutionibus
1668 2150 1698 2178 et
1725 2143 1931 2178 ordinationi-

1180 2200 1241 2232 bus
1253 2199 1449 2243 apostolicis,
1467 2209 1594 2232 necnon
1605 2198 1742 2238 statutis,
1757 2197 1930 2239 etc.‚etiam

1182 2253 1363 2286 iuramento
1384 2258 1441 2286 etc.
1467 2252 1640 2294 roborate,
1660 2252 1834 2296 privilegiis
1852 2262 1932 2296 quo-

1181 2318 1256 2351 que,
1279 2307 1411 2341 indultis
1431 2314 1461 2340 et,
1478 2307 1577 2340 literis
1593 2306 1788 2350 apostoliciS‚
1806 2305 1932 2339 univer-

1182 2361 1347 2402 sitatibus,
1382 2360 1669 2395 communitatibus
1695 2370 1732 2394 ac
1768 2359 1930 2404 personis,

1183 2415 1288 2455 etiam,
1304 2420 1337 2448 ut
1358 2416 1551 2459 praefertur,
1571 2412 1772 2457 qualificatis,
1793 2423 1931 2456 quomo-

1183 2463 1314 2503 dolibet,
1337 2464 1433 2496 etiam
1453 2468 1555 2503 motu,
1583 2462 1725 2502 scientia,
1743 2462 1932 2495 auctoritate

1183 2518 1213 2545 et.
1238 2513 1400 2556 potestatis
1426 2511 1626 2556 plenitudine
1654 2510 1804 2555 paribus,
1836 2510 1931 2543 etiam

1184 2561 1459 2603 consistorialiter,
1490 2566 1547 2595 etc,
1570 2572 1606 2594 ac
1627 2560 1705 2593 alias
1727 2559 1931 2602 quomodoli-

1183 2611 1233 2643 bet
1265 2611 1425 2644 concessis
1458 2615 1537 2650 etc.,
1577 2609 1695 2652 quibus
1723 2608 1874 2642 omnibus
1902 2613 1934 2641 et

1184 2660 1328 2704 singulis,
1360 2660 1490 2693 illorum
1520 2657 1666 2692 omnium
1694 2668 1786 2691 veros
1804 2662 1933 2691 tenores

1971 2088 2082 2122 Clausuiae
2097 2103 2132 2123 d·-

1946 2139 1995 2160 roga
1999 2136 2005 2154 t
2009 2134 2041 2154 ori
2045 2138 2068 2153 ae
2072 2148 2077 2153 .
