2237 3100
274 269 322 296 An.
341 269 371 296 C.
390 269 457 299 ¹862

274 329 322 347 tiam
361 327 459 349 condem-

273 363 337 384 nare:

292 709 454 731 Procuratorem

273 741 366 761 fiscalem
397 744 456 762 cete-

271 778 348 800 rosque
359 773 455 793 tribuna-

270 803 324 823 natis
351 804 454 824 ostie-iales

271 835 391 859 instituere,
405 840 453 855 cor-

270 866 339 891 rigere
356 870 377 887 et
394 872 454 887 amo-

270 902 329 922 νει-ες

282 1457 355 1479 urach.
371 1458 452 1480 saecul.

303 1564 452 1587 Abiurationes

269 1595 376 1623 recipere;

515 260 578 297 ⁶238

473 330 628 369 excepto,
651 324 676 359 si
697 324 812 368 culpae
840 335 953 358 eorum
979 325 1021 357 ita
1042 324 1222 367 exegerint,

473 379 730 419 condemnandi,
753 379 795 412 ita
819 384 854 412 ut
880 379 905 412 si
930 378 1055 422 aliquos
1083 384 1223 412 vestrum

472 434 622 467 serendae
638 434 812 467 sententiae
827 438 983 477 tempore,
1000 432 1113 466 morbo
1125 433 1223 466 aliave

472 487 511 519 de
531 498 628 521 causa
647 488 827 532 impeditos,
841 486 1080 530 congregationi
1102 493 1223 521 vestrae

472 542 582 575 deesse
609 542 821 585 contingeret,
857 541 938 574 duos
968 541 1079 574 saltem
1114 541 1223 575 adesse

472 596 619 629 sufficiat.

515 650 530 693 ξ
550 649 580 683 6.
604 650 647 683 Ac
672 655 917 693 procuratorem
947 650 1108 689 fiscalem,
1131 656 1223 684 nota-

470 702 535 735 rios
555 703 714 746 publicos,
738 709 926 748 ceterosque
948 703 1123 744 ministros,
1146 716 1224 749 quo-

470 766 543 789 rum
564 767 663 800 opera
692 757 818 790 muneri
840 758 890 790 isti
910 758 1090 791 necessaria
1119 764 1149 791 et
1165 769 1222 802 op-

469 814 609 853 portuna
642 816 706 851 est,
735 811 830 844 etiam
859 812 995 845 clericos
1024 813 1222 849 saeculares,

469 874 525 896 seu
553 863 709 897 Ordinum
740 875 1025 909 quorumcumque
1058 867 1224 909 regulares

468 917 697 958 constituendi,
715 929 834 961 eosque
850 918 875 951 si
891 919 994 951 visum
1010 919 1117 959 suerit,
1137 930 1223 952 amo-

467 971 578 1010 vendi,
601 971 746 1016 aliosque
779 972 812 1004 in
840 983 953 1006 corum
976 973 1082 1006 locum
1105 974 1222 1006 substi-

467 1025 588 1065 tuendi,
601 1031 640 1066 et,
657 1030 692 1058 ut
706 1025 887 1058 iniunctum
906 1026 964 1059 sibi
985 1027 1128 1060 officium
1148 1028 1223 1060 fide-

467 1078 540 1111 liter
559 1085 777 1122 exequantur,
809 1080 840 1112 in
860 1079 975 1113 virtute
1001 1086 1127 1114 sanctae
1148 1081 1223 1114 obc-

467 1131 606 1165 dientiae
623 1132 668 1165 eis
685 1133 903 1177 praecipiendi
916 1139 1011 1177 atque
1029 1134 1214 1174 mandandi3

467 1191 740 1230 contumacesque
770 1193 800 1219 ct
826 1187 937 1230 quovis
962 1188 1058 1221 modo
1079 1188 1221 1221 officium

466 1245 606 1272 vestrum
637 1240 848 1283 impedientes
863 1267 870 1280 ‚
899 1252 936 1274 ac
969 1241 1058 1274 vobis
1079 1253 1144 1274 non
1165 1253 1221 1285 pa—

467 1298 573 1326 rentes
594 1294 786 1338 opportunis
813 1294 893 1327 iuris
918 1300 949 1327 et
977 1295 1050 1328 sacti
1071 1296 1223 1329 remediis

468 1347 706 1391 compescendi.

511 1400 525 1443 ξ
547 1400 577 1433 7.
600 1401 635 1433 Et
652 1401 690 1433 ad
706 1401 786 1434 haec
803 1401 911 1434 omnia
926 1402 1081 1434 auxilium
1098 1402 1222 1436 brachii

467 1453 641 1486 saecularis
662 1454 842 1487 invocandi.

510 1508 525 1551 ἓ
545 1506 575 1540 8.
598 1507 833 1551 Resipiscentes
854 1513 960 1541 autem
983 1514 1010 1541 ct
1038 1520 1164 1542 errores
1184 1520 1221 1542 ac

467 1561 617 1594 haereses
637 1572 710 1594 suas
733 1561 884 1595 abiurare
903 1562 1058 1603 volentes,
1081 1563 1162 1595 sacta
1182 1563 1221 1596 ab

467 1614 513 1647 eis
538 1614 629 1659 prius
655 1615 826 1648 haeresum
857 1621 887 1648 et
915 1626 1065 1649 errorum
1087 1627 1220 1649 suorum

467 1667 668 1702 abiuratione
685 1670 771 1714 apud
786 1680 840 1702 vos
857 1670 1083 1702 substitutosve
1101 1676 1221 1703 vestros

467 1722 597 1766 publice
633 1724 681 1757 vel
717 1723 864 1761 occulte,
886 1723 973 1768 quod
999 1728 1120 1756 vestrae
1151 1736 1222 1757 suc-

467 1786 699 1821 cessorumque
727 1782 907 1810 vestrorum
936 1776 1219 1821 circumspectioni

466 1829 693 1874 relinquimus,
715 1836 745 1863 et
766 1831 850 1870 dato,
872 1836 907 1863 ut
928 1841 997 1863 mos
1015 1836 1072 1871 est,
1095 1831 1219 1864 iureiu-

466 1884 567 1916 rando
584 1885 669 1928 quod
687 1885 763 1917 talia
782 1884 922 1928 amplius
938 1884 1054 1917 delicta
1074 1895 1138 1917 non
1168 1886 1220 1917 ad-

466 1936 602 1977 mittent,
621 1949 680 1970 nec
698 1938 941 1971 admittentibus
962 1937 1144 1978 consilium,
1165 1949 1220 1971 au-

465 1989 575 2023 xilium
594 1992 772 2024 favoremve
788 1992 893 2024 ullum
917 1991 1029 2035 quovis
1046 1991 1140 2024 modo
1164 2003 1221 2035 per

466 2054 498 2076 se
519 2054 580 2078 nec
600 2056 658 2088 per
678 2045 758 2078 alios
778 2044 983 2089 impartient,
1007 2044 1045 2077 ab
1068 2045 1112 2077 eis
1133 2056 1220 2078 erro-

465 2096 555 2130 ribus
574 2103 605 2131 et
632 2098 819 2131 haeresibus
847 2110 884 2131 ac
912 2098 1077 2141 quibusvis
1104 2109 1219 2131 censu-

466 2150 509 2183 ris
533 2155 564 2184 et
592 2151 704 2195 poenis
732 2151 957 2185 ecclesiasticis
989 2162 1025 2184 ac
1056 2156 1220 2195 tempora—

465 2204 560 2246 libus,
583 2205 614 2237 in
635 2216 715 2248 quas
739 2206 779 2238 oh
800 2205 985 2238 huiusmodi
1008 2205 1118 2248 culpas
1138 2205 1219 2238 inci-

465 2257 609 2299 dissent,
643 2259 787 2292 iniuncta
825 2259 1022 2302 poenitentia
1061 2259 1217 2300 salutari,

465 2316 568 2344 vestro
589 2312 874 2346 substitutorumve
889 2318 1069 2360 vestrorum
1087 2313 1220 2346 arbitrio

466 2371 675 2411 moderanda,
698 2371 944 2411 commutanda,
967 2371 1141 2404 minuenda
1167 2377 1218 2404 aut

467 2428 562 2462 etiam
590 2435 662 2473 post
694 2430 824 2473 aliquod
854 2435 981 2473 tempus
1015 2428 1218 2470 remittenda,

466 2492 564 2530 prout
578 2487 862 2531 circumspectioni
882 2494 1004 2522 vestrae
1024 2488 1174 2531 expedire
1191 2494 1218 2521 ct

467 2555 679 2588 personarum
713 2546 850 2589 qualitas
884 2546 999 2579 mereri
1038 2546 1197 2579 videbitur
1211 2573 1218 2586 ,

466 2602 650 2636 absolvendi
676 2608 706 2636 et
722 2603 883 2637 Ecclesiae
907 2603 1096 2644 catholicae,
1133 2604 1220 2637 omni

467 2661 585 2695 abolita
604 2662 750 2703 infamia,
772 2662 1017 2701 reconciliandi,
1035 2668 1066 2695 et
1085 2662 1220 2706 pristino

1066 270 1246 295 BULLARIUM
1269 271 1421 296 ROMANUM

2032 271 2082 299 An.
2100 270 2130 299 C.
2149 270 2218 300 1362

1266 325 1360 357 statui
1398 330 1494 370 atque
1530 325 1636 360 officio
1671 331 1701 359 et
1734 325 1892 360 habilitati
1925 326 2018 360 resti-

1265 379 1389 412 tuendi.

1310 433 1324 476 ξ
1344 432 1374 466 9.
1399 434 1583 468 Haereticos
1603 445 1733 479 qnoque
1753 446 1790 469 ac
1812 435 1907 468 etiam
1923 446 1941 468 a
1956 435 2020 469 fide
2048 448 2172 470 uacuum
2185 452 2219 470 ai-

1265 492 1436 530 apostatas‚
1459 489 1603 532 quamvis
1629 489 1791 533 relapsos,
1814 500 1895 533 quos
1924 490 2020 522 corde
2034 484 2218 538 fjssssolvssfff'fflM

1265 539 1391 574 sincero
1424 552 1461 574 ac
1491 543 1554 576 fide
1592 554 1656 576 non
1685 543 1760 576 ficta
1784 544 1892 584 ultro,
1919 543 2020 576 libere

1266 605 1302 627 ac
1323 600 1435 638 sponte
1456 596 1494 629 ad
1518 607 1572 630 vos
1596 597 1804 638 accedentes,
1827 608 2020 641 erroresque

1266 658 1340 681 suos
1361 649 1552 684 detestantes
1565 677 1573 691 ‚
1596 656 1691 694 atque
1711 652 1750 684 ad
1770 651 1929 695 gremium
1951 662 2020 685 ma—

1266 702 1321 735 tris
1345 702 1506 738 Ecclesiae
1530 704 1630 748 recipi
1651 711 1682 738 et
1706 705 1829 738 admitti
1849 705 2021 739 instantius

1265 757 1465 800 postulantes
1485 758 1636 791 noveritis
1650 785 1657 799 ,
1684 759 1881 802 recipiendi,
1904 759 2019 792 admit-

1265 809 1365 848 tendi,
1388 812 1636 852 reconciliandi,
1658 812 1864 853 absolvendi,
1887 824 1923 846 ac
1945 823 2020 846 cum

1266 862 1310 896 eis
1340 875 1518 907 poenarum
1549 866 1767 906 severitatem,
1805 872 1903 911 prout
1930 866 2021 899 vobis

1265 917 1450 951 benevisum
1472 918 1581 959 suerit,
1599 918 1776 963 mitigandi,
1795 919 2019 953 auctoritatem

1266 976 1296 1004 et
1317 972 1500 1005 facultatem
1526 972 1614 1006 vobis
1642 973 1855 1006 concedimus
1884 979 1915 1007 et
1940 973 2020 1007 elar-

1265 1024 1382 1068 gimur.

1309 1079 1324 1121 ξ
1344 1079 1397 1111 sit).
1420 1079 1589 1112 Praeterea
1609 1080 1849 1113 commissarios
1865 1085 1895 1114 et
1914 1080 2020 1125 inqui·
2057 1098 2218 1119 emmam„

1265 1131 1378 1165 sitores
1395 1132 1575 1166 haereticae
1597 1133 1759 1176 pravitatis
1778 1134 1863 1166 intra
1882 1139 1914 1167 et
1933 1139 2020 1168 extra
2034 1130 2135 1181 J'Jssfssmss
2151 1133 2219 1181 ,ξζζζῗ

1264 1184 1386 1218 Italiam
1407 1186 1667 1230 quibuscumque
1693 1187 1725 1219 in
1750 1187 1862 1228 terris,
1885 1187 2019 1221 civitati·
2035 1195 2103 1217 mm}

1264 1238 1324 1272 bus
1350 1244 1377 1271 et
1407 1239 1508 1280 locis,
1532 1244 1629 1284 prout
1656 1239 1877 1273 necessarium
1905 1246 1936 1274 et
1960 1252 2019 1286 op-

1265 1297 1442 1336 portunum
1462 1293 1550 1326 vobis
1576 1293 1883 1337 successoribusque
1907 1294 2020 1328 vestris

1264 1346 1365 1378 visum
1387 1346 1483 1379 fuerit
1497 1373 1504 1386 ,
1527 1346 1663 1380 clericos
1689 1347 1870 1380 saeculares
1890 1348 2018 1391 regula-

1264 1410 1351 1432 resve
1373 1399 1607 1441 constituendi,
1631 1411 1767 1443 eosque,
1791 1411 1865 1433 cum
1886 1401 2019 1445 placue-

1264 1453 1323 1492 rit,
1344 1453 1546 1493 removendi,
1564 1465 1601 1486 ac
1617 1452 1712 1486 etiam
1734 1459 1798 1486 tam
1818 1453 1905 1498 ipsos
1921 1465 2018 1498 quam

1264 1517 1375 1539 omncs
1396 1512 1426 1540 et
1448 1506 1591 1550 singulos
1606 1507 1708 1551 ipsius
1725 1507 1826 1540 sancti
1842 1507 1939 1541 officii
1961 1508 2020 1541 mi-

1264 1560 1391 1601 nistros,
1415 1560 1439 1594 si
1460 1561 1492 1593 in
1513 1560 1619 1594 officio
1640 1571 1698 1594 suo
1716 1560 1944 1604 delinquerint,
1960 1573 2018 1606 pu-

1263 1613 1394 1653 niendi,
1425 1614 1571 1658 aliosque
1601 1614 1816 1647 substituendi
1850 1625 1924 1648 cum
1958 1626 2016 1656 ea,

1263 1678 1326 1711 qua
1345 1667 1434 1701 vobis
1460 1668 1562 1701 visum
1591 1667 1708 1708 fuerit,
1732 1668 1883 1702 facultate
1909 1673 1940 1702 et
1959 1680 2018 1713 po-

1264 1726 1387 1755 testate.

1307 1776 1322 1819 g
1342 1775 1356 1808 ‘l
1368 1776 1394 1808 1.
1418 1775 1530 1809 Omnia
1551 1775 1689 1819 denique
1706 1775 1767 1809 alia
1782 1776 1908 1820 agendi,
1924 1788 2017 1821 quae,

1263 1828 1301 1861 ad
1332 1828 1534 1873 extirpandas
1562 1829 1733 1870 haereses,
1756 1829 1949 1873 apostasias‚
1981 1842 2017 1864 ac

1263 1881 1424 1925 sortilegia
1448 1882 1633 1915 huiusmodi
1654 1883 1911 1927 reprimendum,
1934 1890 1963 1917 et
1979 1884 2017 1917 ad

1262 1941 1402 1968 vestrum
1415 1935 1559 1969 officium
1571 1936 1782 1979 fungendum,
1793 1937 1906 1980 quovis
1921 1938 2017 1971 modo

1263 1989 1443 2022 necessaria
1472 1994 1693 2033 opportunave
1721 1989 1857 2031 fuerint,
1878 1990 2015 2034 agendi,

1262 2043 1420 2085 gerendi,
1451 2043 1651 2083 mandandi,
1686 2044 1857 2077 exercendi
1883 2049 1914 2077 et
1942 2055 2016 2078 exe-

1263 2096 1394 2139 quendi.
1808 2137 1815 2139 4

1306 2150 1320 2192 ξ
1341 2149 1393 2182 12.
1416 2150 1578 2183 Praelatos
1602 2161 1750 2193 quoque,
1773 2150 1916 2195 aliasque
1942 2161 2016 2195 per·
2030 2147 2237 2202 1d„„e„„mp„,·'

1263 2213 1356 2235 sonas
1377 2203 1407 2235 in
1437 2203 1589 2246 dignitate
1619 2203 1835 2237 ecclesiastica
1859 2204 2016 2238 constitu·
2030 2212 2133 2258 mmm
2150 2211 2216 2233 ψ’·

1263 2262 1330 2297 tas,
1359 2258 1538 2300 theologiae
1576 2258 1745 2301 magistros
1777 2263 1832 2291 aut
1867 2258 2015 2292 decreto—

1263 2321 1335 2343 rum
1365 2311 1525 2351 doctores,
1557 2311 1737 2345 licentiatos
1763 2317 1817 2345 aut
1844 2312 2016 2345 baccalau-

1263 2375 1347 2404 reos,
1367 2365 1524 2398 eiusmodi
1544 2365 1654 2398 titulos
1675 2373 1704 2399 et
1725 2366 1843 2409 gradus
1862 2365 1894 2398 in
1906 2366 2015 2410 aliquo

1262 2419 1404 2460 generali
1434 2419 1598 2463 gymnasio
1619 2425 1810 2453 consecutos
1824 2448 1831 2461 ,
1854 2425 1908 2452 aut
1936 2420 2016 2453 alias

1262 2468 1350 2500 vobis
1370 2468 1534 2511 probatos,
1557 2479 1638 2511 quos
1655 2473 1767 2509 aetate,
1790 2468 1963 2512 prudentia
1986 2474 2017 2502 et

1264 2516 1408 2549 moribus
1428 2516 1560 2549 idoncos
1581 2528 1660 2558 esse,
1683 2528 1719 2549 ac
1739 2517 1794 2549 Dei
1814 2518 1965 2551 timorem
1985 2523 2016 2551 et

1263 2565 1454 2599 christianae
1487 2566 1560 2599 fidei
1590 2568 1694 2601 zelum
1714 2567 1834 2599 habere
1856 2577 2014 2609 cognove-

1263 2613 1342 2654 ritis,
1360 2615 1544 2648 assumendi
1560 2621 1588 2649 et
1604 2615 1692 2648 vobis
1707 2616 1739 2647 in
1754 2615 1814 2648 hac
1831 2615 1915 2649 alma
1930 2617 2015 2650 Urbe

1263 2674 1376 2696 eorum
1398 2675 1496 2707 opera
1522 2663 1650 2705 utendi,
1673 2665 1720 2698 vel
1747 2665 2015 2709 quotiescumque

2058 1798 2134 1820 Omnia
2155 1799 2216 1819 deni-

2033 1836 2074 1857 que
2097 1836 2160 1856 agere
2190 1830 2216 1851 nd
2236 1829 2237 1834 ¹

2032 1862 2167 1889 exiirpaiion.
2176 1862 2218 1881 lim·

2032 1899 2110 1919 resum,
2127 1896 2174 1919 σίας
