2237 3100
48 273 97 301 An.
114 271 145 299 C.
162 271 228 299 ¹558

57 2344 68 2347 -
82 2317 157 2344 sicque
173 2322 233 2344 pruc-

52 2350 103 2376 cipit
122 2351 210 2376 εοῐνιῐίς

924 267 992 292 PIUS
1011 268 1029 291 V
1048 269 1096 292 PP-

242 319 352 365 quavis
369 319 539 353 occasione
558 319 605 352 vel
617 330 713 353 causa
734 320 814 360 latis,
832 320 857 354 si
877 321 995 365 quibus

242 372 488 418 quomodolibet
517 373 688 406 innodatus
713 374 828 415 existit,
851 374 890 407 ad
917 375 995 408 effe-

243 432 330 461 ctum
360 426 578 470 praesentium
606 427 770 460 dumtaxat
793 438 994 471 consequen-

242 481 332 522 dum,
355 481 471 514 harum
492 480 574 514 serie
595 481 794 515 absolventes
815 487 845 515 ct
865 482 994 515 absolu-

243 541 310 568 tum
326 535 393 568 sore
410 539 597 568 censentes:
621 545 749 568 necnon
765 535 945 569 litterarum
966 541 993 569 et

243 593 436 622 statutorum
446 593 476 622 et
486 582 689 622 instrumenti
699 600 755 621 seu
764 589 994 623 instrumento-

245 652 317 675 rum
345 642 532 675 huiusmodi
561 642 708 675 omnium
730 648 760 675 et
793 643 994 686 singulorum

242 706 280 728 ac
300 706 585 739 quarumcumque
605 695 839 739 scripturarum
857 697 997 741 desuper

242 749 464 782 confectarum
493 754 524 781 et
548 749 623 782 inde
650 754 835 783 secutorum
857 756 994 791 tenores⁷

242 813 280 835 ac
298 801 324 834 si
336 802 560 846 praesentibus
571 802 610 835 dc
627 803 723 836 verbo
744 804 782 836 ad
800 804 932 837 verbum
946 804 995 837 in-

242 861 439 897 sererentur,
454 856 678 901 praesentibus
699 868 757 901 pro
769 858 925 902 expressis
938 859 994 891 ha-

242 910 364 951 bentes,
384 910 572 943 huiusmodi
592 911 885 955 supplicationibus
906 911 995 944 ineli-

242 963 320 1004 nati,
346 963 468 997 litteras
483 969 514 997 et
535 969 652 998 statuta
675 976 713 998 ac
746 964 994 998 instrumentum

242 1027 299 1050 seu
319 1017 534 1051 instrumenta
545 1023 575 1052 et
592 1018 769 1063 scripturas
781 1019 943 1062 praedicta
959 1029 996 1051 ac

241 1071 351 1104 omnia
371 1076 402 1104 et
417 1071 543 1115 singula
570 1072 603 1105 in
634 1071 679 1105 eis
699 1077 848 1106 contenta
873 1077 904 1105 et
924 1072 996 1104 inde

242 1131 352 1159 secuta
371 1137 611 1171 quaecumque,
624 1126 710 1160 licita
722 1127 907 1167 ethonesta,
921 1137 997 1170 apo-

243 1179 355 1213 stolica
374 1180 564 1214 auctoritate
584 1180 759 1225 praedicta,
773 1187 882 1214 tenore
904 1191 996 1224 prae-

243 1233 394 1275 sentium,
415 1240 572 1279 perpetuo
593 1234 811 1279 approbamus
832 1241 861 1268 et
882 1235 997 1268 coufir-

245 1298 382 1329 mamus,
405 1299 442 1322 ac
461 1288 524 1321 illis
548 1293 724 1333 perpetuae
750 1293 780 1321 et
805 1288 998 1322 inviolabilis

244 1341 403 1375 firmitatis
433 1342 534 1375 robur
560 1342 741 1383 adiicimus,
764 1352 940 1386 omnesque
968 1348 998 1376 et

242 1395 386 1439 singulos
409 1395 488 1429 iuris
501 1401 531 1429 et
547 1396 620 1430 sacti
640 1396 795 1436 desectus,
809 1395 834 1428 si
855 1397 909 1440 qui
936 1397 998 1430 sor-

244 1459 300 1482 san
320 1449 550 1483 intervenerint
574 1450 607 1483 in
631 1450 765 1491 eisdem,
788 1452 995 1494 supplemus3

243 1514 371 1537 necnon
390 1504 671 1549 approbationem,
694 1505 994 1546 confirmationem,

243 1556 469 1599 adiectionem,
489 1558 728 1602 suppletionem
746 1565 996 1603 praesentesque

244 1611 364 1644 litteras
384 1612 422 1645 de
442 1612 655 1657 surreptionis
670 1613 718 1646 vel
730 1613 928 1657 obreptionis
944 1620 998 1647 aut

244 1665 400 1699 nullitatis
424 1666 525 1700 aliove
549 1666 625 1700 vitio
646 1677 702 1700 seu
727 1667 914 1700 intentionis
938 1678 996 1700 no-

244 1723 327 1752 strae
354 1719 481 1754 defectu
503 1721 722 1764 notari‚argui
742 1722 789 1754 vel
814 1721 997 1765 impugnari

244 1783 310 1806 non
334 1784 439 1818 posse,
471 1775 525 1808 sed
551 1775 621 1808 illas
649 1775 768 1808 validas
798 1781 829 1808 et
852 1776 998 1809 efficaces

246 1828 323 1869 sore,
343 1839 484 1873 suosque
510 1829 672 1873 plenarios
696 1834 727 1863 et
752 1829 894 1873 integros
921 1830 997 1863 ell'e-

246 1886 316 1915 ctus
335 1882 453 1923 sortiri,
476 1888 507 1916 et
526 1883 565 1916 ad
586 1883 717 1917 illorum
743 1883 997 1916 observationem

246 1946 377 1980 pueros,
395 1936 550 1970 maiorem
562 1937 689 1977 domus,
702 1936 807 1970 minist
816 1947 864 1969 ros
876 1942 906 1969 et
921 1937 999 1969 alias

245 1988 407 2022 dictorum
427 1989 639 2033 collegiorum
661 2000 814 2034 personas
830 1989 998 2033 praefatas,

245 2043 342 2076 etiam
363 2043 423 2076 sub
439 2044 585 2078 censuris
604 2044 759 2088 etpoenis
774 2043 999 2077 ecelesiasticis

246 2097 382 2141 aliisque
402 2099 595 2142 opportunis
619 2098 699 2131 iuris
719 2097 881 2138 remediis,
907 2097 1000 2130 toties

246 2151 374 2196 quoties
403 2152 661 2187 contravenerint
687 2151 903 2191 incurrendis,
930 2151 1000 2195 cogi

247 2211 279 2240 et
302 2205 455 2250 compelli
479 2217 584 2251 posse.

292 2260 307 2303 ἓ
327 2260 358 2294 5.
380 2260 418 2293 Et
438 2260 481 2294 ita
501 2271 559 2305 per
578 2270 804 2305 quoscumque
830 2259 952 2292 iudices
972 2263 1002 2292 et

249 2313 500 2356 commissarios,
523 2314 634 2359 quavis
653 2313 843 2347 auctoritate
864 2313 1000 2356 fungen-

249 2373 308 2409 tes,
329 2368 454 2401 sublata
474 2368 519 2402 eis
539 2373 569 2402 et
598 2378 711 2402 eorum
740 2366 872 2400 cuilibet
893 2366 1002 2409 quavis

248 2421 342 2455 aliter
365 2421 529 2455 iiulicandi
550 2427 581 2455 et
600 2420 831 2465 interpretandi
860 2419 1001 2453 auctori-

249 2476 325 2512 tate,
348 2471 500 2512 iudicari,
523 2471 650 2504 definiri
672 2477 702 2504 et
721 2470 926 2514 interpretari
945 2470 1001 2501 de-

249 2521 339 2562 bere,
362 2531 399 2554 ac
424 2531 461 2554 ex
485 2531 572 2554 nunc
593 2520 748 2565 quicquid
773 2530 866 2553 secus
882 2530 899 2552 a
920 2529 1002 2562 quo-

249 2580 347 2613 quam
363 2570 544 2613 superiore,
558 2570 669 2613 quavis
680 2569 883 2610 auctoritate,
902 2568 1003 2601 seien-

252 2624 300 2651 ter
331 2619 380 2652 vel
407 2619 606 2662 ignoranter,
633 2619 780 2652 attentari
813 2619 1002 2662 contigerit,

251 2667 378 2705 irritum
398 2672 429 2702 et
448 2667 544 2702 inane
563 2667 781 2702 decernimus.

1081 322 1096 365 ξ
1116 321 1229 355 &Non
1250 320 1451 354 obstantibus
1462 319 1627 363 quibusvis
1638 320 1790 364 apostoli-

1037 376 1098 416 cis,
1133 385 1270 415 necnon,
1292 375 1324 407 in
1360 373 1611 418 provincialibus
1636 378 1667 407 et
1694 385 1788 419 syno-

1037 429 1163 462 dalibus
1193 428 1338 461 conciliis
1363 427 1472 467 editis,
1502 426 1707 470 generalibus
1742 427 1790 461 vel

1037 483 1231 527 specialibus
1251 480 1791 515 constitutionibusetordinationi-

1037 538 1107 577 bus,
1129 536 1299 570 contrariis
1314 536 1595 580 quibuscumque3
1614 539 1670 568 aut
1689 534 1713 567 si
1732 535 1790 568 ali-

1037 589 1168 633 quibus,
1192 589 1407 623 eomrmmiter
1418 589 1465 621 vel
1486 587 1622 627 divisim,
1645 588 1685 621 ab
1705 588 1790 632 Apo-

1038 643 1148 676 stoliea
1169 643 1208 676 sit
1228 644 1309 677 Sede
1340 642 1501 675 indultum
1521 641 1609 685 quod
1629 641 1790 682 interdici,

1037 697 1188 740 suspendi
1211 698 1257 730 vel
1283 696 1558 730 excommunicari
1579 706 1644 729 non
1669 695 1792 739 possint

1038 761 1095 794 per
1116 751 1236 783 litteras
1256 750 1448 793 apostolicas
1468 759 1533 782 non
1554 750 1706 782 facientes
1725 749 1791 793 ple-

1038 814 1111 836 nam
1134 809 1164 837 et
1184 814 1367 847 expressam
1384 814 1420 836 ac
1433 803 1470 836 de
1483 803 1577 836 verbo
1598 803 1638 835 ad
1657 803 1790 836 verbum

1037 858 1076 890 de
1097 857 1221 890 indulto
1238 857 1424 890 huiusmodi
1445 857 1654 890 mentionem.

1082 912 1142 954 §T
1164 912 1250 945 Nulli
1264 922 1340 954 ergo
1361 911 1675 944 omninoliominum
1697 911 1788 944 liceat

1038 965 1122 998 liano
1138 966 1285 1009 paginam
1307 970 1493 998 nostrorum
1508 964 1751 1008 approbationis
1761 970 1792 998 et

1039 1019 1307 1059 confirmationis,
1330 1018 1541 1059 adiectionis,
1577 1019 1791 1063 suppletionis

1039 1078 1065 1105 et
1079 1072 1200 1105 decreti
1215 1072 1399 1116 infringere,
1415 1073 1463 1105 vel
1476 1072 1504 1104 ei
1520 1082 1601 1105 ausu
1618 1073 1791 1106 temerario

1038 1126 1212 1159 contraire.
1224 1126 1255 1159 Si
1265 1126 1452 1170 quisautem
1464 1126 1525 1158 hoc
1535 1131 1691 1159 attentare
1699 1137 1792 1170 prae-

1038 1180 1223 1224 sumpserit,
1234 1179 1487 1222 imlignationem
1501 1179 1791 1224 omnipotentisDei

1038 1244 1075 1266 ae
1095 1234 1263 1267 beatorum
1289 1233 1372 1266 Petri
1398 1238 1429 1265 et
1453 1233 1543 1266 Pauli
1568 1234 1790 1277 apostolorum

1039 1288 1108 1321 eius
1129 1298 1160 1320 se
1183 1287 1304 1321 noverit
1326 1288 1547 1320 incursurum.

1082 1342 1197 1375 Datum
1220 1342 1340 1375 Romae
1365 1341 1452 1386 apud
1473 1341 1625 1374 Sanctum
1647 1341 1790 1382 Petrum,

1039 1406 1123 1428 anno
1149 1395 1382 1428 Inearnationis
1412 1395 1595 1428 dominicae
1620 1395 1793 1428 millesimo

1039 1449 1298 1493 sptingentesimo
1324 1448 1521 1491 sexagesimo
1546 1454 1676 1489 octavo,
1707 1459 1793 1482 nono

1040 1503 1194 1536 kalendas
1209 1502 1362 1543 octobris,
1376 1502 1582 1546 pontificatus
1593 1502 1693 1536 nostri
1709 1513 1794 1536 anno

1040 1557 1145 1590 terlio.

1109 1615 1168 1645 ltat.
1188 1616 1234 1646 die
1253 1615 1291 1645 ⁶23
1305 1619 1378 1654 sept.
1395 1615 1481 1652 1508,
1501 1615 1604 1655 pontif.
1627 1625 1674 1646 an.
1691 1625 1730 1646 111.

1365 1791 1464 1825 CXIV.

1040 1869 1085 1901 De
1104 1869 1322 1912 ‹le'ynae'lalibus
1341 1873 1370 1901 el
1382 1870 1575 1911 praebendis
1591 1870 1795 1903 ecclesiarum

1085 1923 1210 1955 insulae
1238 1922 1414 1955 Sardiniae
1435 1923 1511 1955 allis
1531 1923 1667 1956 ecclesiis
1686 1925 1795 1957 unita-

1085 1987 1173 2016 rnm,
1193 1987 1365 2019 earumque
1383 1977 1625 2019 suppressione,
1649 1982 1678 2010 el
1696 1988 1793 2020 paro-

1085 2030 1243 2063 rlzz'alimn
1267 2031 1310 2063 ad
1325 2031 1531 2073 primaevum
1554 2035 1673 2064 statum
1700 2031 1793 2065 reclu-

1085 2084 1201 2123 rtt'one,
1228 2095 1264 2116 ac
1291 2084 1485 2116 rimrioremt
1504 2085 1536 2116 ite
1551 2085 1795 2127 pmorlzialitms

1086 2149 1164 2181 quate
1183 2142 1417 2171 suntunntzrcte
1432 2138 1648 2182 difflu‘latibus
1667 2143 1724 2172 etc.
1747 2139 1796 2172 ‹le-

1084 2192 1265 2235 putatione.

1139 2273 1200 2301 Pius
1219 2273 1362 2309 episcopus
1377 2279 1471 2301 servus
1486 2279 1628 2301 servorum
1637 2273 1693 2306 Dei,

1189 2328 1223 2356 ad
1241 2329 1402 2364 perpetuam
1420 2326 1462 2355 rei
1479 2327 1648 2355 memoriam.

1087 2400 1247 2439 Quantum
1268 2399 1450 2432 animarum
1480 2410 1558 2432 eura
1579 2404 1701 2432 ceteras
1725 2409 1795 2432 om-

1045 2464 1101 2487 nes
1121 2459 1251 2498 superat
1272 2458 1302 2486 et
1322 2453 1460 2493 excellit,
1482 2457 1570 2486 tanto
1591 2463 1649 2486 nos
1669 2453 1796 2497 impen-

1045 2507 1110 2540 sius
1130 2507 1299 2551 providere
1320 2518 1451 2540 necesse
1472 2507 1606 2540 estutid
1626 2507 1723 2540 officii
1743 2518 1796 2551 ge-

1045 2572 1117 2601 nus,
1140 2561 1227 2594 omni
1248 2561 1368 2604 ubique
1388 2560 1530 2594 adhibita
1550 2560 1720 2601 industria,
1742 2571 1796 2593 cx-

1046 2616 1182 2648 colatur.
1210 2615 1252 2647 Ex
1288 2614 1397 2647 multis
1424 2615 1510 2647 enim
1539 2614 1795 2654 offensionibus,

1045 2680 1128 2712 quae
1148 2668 1187 2702 ad
1208 2672 1348 2701 nostram
1365 2667 1507 2711 quotidie
1526 2667 1673 2702 notitiam
1689 2669 1796 2713 perfe-

1679 257 1742 291 719
1800 265 1853 294 Aa.
1869 266 1897 294 c.
1918 266 1986 294 {56ss

1875 325 1986 350 Obsi-ntia

1803 359 1867 381 101111..

1829 924 1947 945 clausulae.

1836 2411 1902 2433 Causa
1918 2413 1995 2433 consti>

1810 2444 1905 2465 tutionis.
