2237 3100
190 277 241 311 An‘.
258 284 287 311 c.
307 283 376 310 ¹566
433 273 498 308 500

189 345 277 366 *roncas
291 346 311 366 in
327 351 375 366 eau-
389 346 529 379 nemque
550 335 809 380 iurisperitorum
832 337 1027 368 dubietatem
1049 342 1075 367 et
1095 336 1140 367 al-

191 377 374 433 ῘᾸΞΠᾞΞἽῘΓΞ
391 390 612 429 tercationem,
626 401 661 422 ac
674 400 899 432 quaecumque
913 388 1140 432 ii‘upedimenta

190 444 250 491 *ΜΓ
288 441 373 491 “““1ῗ“ζ
389 448 419 475 et
440 443 617 481 obstacula,
647 449 778 486 propter
802 452 884 484 quac
906 447 1014 474 sancta
1036 442 1142 484 lnqui-

189 477 308 523 ῗζιῖῐῖζῗξ
331 478 374 522 {¹1¹}
389 495 460 528 sitio
486 496 667 528 haereticae
695 495 858 538 pravitatis
880 495 1140 537 quomodocum-

189 536 307 584 lssffissiissn}
344 539 374 584 Ἓξ
388 559 451 591 que
481 554 509 581 et
540 547 821 591 qualitercumque
852 547 1065 591 impediretur
1093 549 1139 580 vel

188 594 373 649 ζξζιθέζᾜζζῖξζζζ
389 601 620 639 retardaretur,
641 600 753 632 tollere
765 600 918 639 volentes,
937 605 1026 633 motu
1045 600 1140 633 simili

188 657 241 691 51¹¹0d
258 658 370 692 sementis
387 658 417 685 et
437 664 472 685 ex
494 658 581 685 certa
602 658 711 686 nostra
733 652 866 686 scientia
892 664 929 686 ac
957 654 995 686 de
1016 659 1141 697 aposto-

186 693 317 745 isstsiiti'rrffi
340 695 372 739 ’ῐῖ-
386 706 466 739 licae
484 706 650 750 potestatis
664 706 875 750 plenitudine,
896 706 928 738 in
946 706 1059 749 primis
1074 718 1137 739 om-

187 755 264 801 ξῗζιῐῗζ,
297 753 371 801 ζῗῖῗζξζ
386 769 442 791 nes
453 764 480 792 et
495 759 637 802 singulas
656 770 693 791 ac
705 769 928 803 quascumque
948 759 1056 793 literas
1066 772 1142 804 apo·

186 814 233 863 :zm
251 812 369 864 {332⁵ssth
386 812 526 853 stolicas,
558 813 617 845 sub
646 823 853 856 quacumque
883 813 1057 846 verborum
1080 815 1142 847 sor-

184 873 285 894 tcrendae
312 880 369 894 num·
385 875 449 905 ma,
476 866 571 898 etiam
593 865 624 898 in
641 866 813 909 praedictis
834 876 871 899 ac
886 866 1052 910 quibusvis
1071 867 1142 900 aliis

184 906 369 956 iffiffaiiiiffiim
385 917 490 951 causis
511 918 664 958 haeresis,
693 919 788 952 etiam
812 924 900 952 motu
925 920 1060 964 proprio
1080 926 1137 953 etc.

384 982 421 1004 ac
441 971 536 1004 etiam
557 972 824 1005 consistorialiter
844 976 900 1004 etr.
920 977 950 1005 et
970 973 1140 1016 aliasque-

384 1024 561 1058 modolibet
581 1030 756 1061 emanatas,
779 1035 907 1058 necnon
928 1026 1023 1058 etiam
1044 1026 1139 1059 desu-

385 1088 442 1121 per
462 1077 601 1120 signatas
621 1083 770 1111 motuum
796 1078 1005 1121 propriorum
1022 1084 1052 1112 et
1063 1080 1141 1112 alias

383 1130 514 1164 cedulas
535 1131 706 1173 quaslibet,
738 1131 775 1163 ad
798 1131 847 1163 ius
867 1136 898 1163 et
918 1131 1069 1164 iustitiam
1104 1144 1139 1165 ac

384 1183 464 1217 iuris
492 1184 648 1217 terminos
678 1184 881 1223 reducentes
909 1195 1035 1218 necnon
1062 1185 1140 1217 fisco

385 1237 539 1280 praedicti
553 1237 653 1270 sancti
669 1237 771 1270 Otticii
788 1238 1006 1280 Inquisitionis
1018 1245 1048 1272 et
1063 1239 1140 1273 alio-

385 1301 456 1322 rum
488 1290 729 1323 ordinariorum
751 1297 781 1324 et
801 1291 1023 1333 delegatorum
1055 1292 1138 1324 iudi—

383 1354 456 1376 cum
475 1344 625 1376 adversus
645 1344 824 1387 praedictas
845 1344 968 1384 literas,
990 1355 1027 1377 ac
1043 1345 1137 1378 etiam

383 1397 663 1439 derogatoriarum
709 1398 946 1439 derogatorias,
995 1398 1138 1442 aliasque

383 1450 546 1483 clausulas
570 1450 730 1494 quaslibet
751 1462 785 1482 os
802 1451 996 1495 operientes,
1012 1458 1038 1484 et
1057 1464 1137 1496 qua-

384 1509 478 1536 tenus
498 1503 732 1544 iurisdictioni,
761 1504 962 1548 dispositioni
991 1506 1038 1538 vel
1059 1507 1137 1549 stylo

383 1557 458 1589 dicti
475 1557 572 1590 oflicii
588 1556 647 1590 sint
661 1557 852 1598 contrariae,
875 1558 944 1591 illas
965 1559 1093 1602 penitus
1109 1566 1136 1591 et

383 1616 541 1655 perpetuo
559 1616 756 1652 revocantes,
779 1611 839 1644 hac
856 1616 964 1645 nostra
980 1618 1138 1656 perpetua

382 1670 605 1709 perpetuoque
626 1664 763 1698 valitura
788 1664 961 1698 universali
981 1667 1137 1700 constitu-

383 1719 481 1759 tione,
509 1729 622 1753 omnes
637 1725 668 1753 et.
688 1719 830 1762 singulas
850 1725 880 1753 et
900 1732 1135 1766 quascumque,

382 1772 476 1806 etiam
503 1785 539 1807 ex
561 1774 664 1818 capite
688 1779 827 1806 assertae
850 1774 1053 1808 innocentiae
1082 1777 1137 1809 ab-

382 1827 565 1867 solutorias,
596 1828 643 1861 vel
671 1827 781 1867 etiam,
804 1829 1016 1871 praecedente
1038 1842 1136 1864 cano-

383 1880 453 1914 nica
476 1881 676 1925 purgatione,
706 1882 765 1913 snb
795 1892 1002 1927 quacumque
1023 1885 1136 1917 verbo-

382 1945 453 1967 rum
473 1936 575 1967 forma
592 1935 819 1969 declaratorias
835 1937 1020 1977 sententias,
1040 1938 1135 1971 etiam

381 1987 574 2029 diffinitivas,
593 1994 623 2022 et
644 1989 773 2022 decreta
794 1990 824 2021 in
846 1992 1035 2024 eorumdem
1063 2003 1135 2025 reo—

382 2052 453 2074 rum
475 2042 703 2086 inquisitorum
725 2048 752 2075 et
786 2044 966 2077 delatorum
995 2046 1134 2080 savorem

381 2106 438 2138 per
468 2096 670 2140 praedictum
713 2097 951 2130 sanctissimum
986 2100 1133 2133 Officium

380 2148 524 2192 aliosque
552 2148 675 2182 iudices
700 2149 881 2183 ordinarios
902 2157 929 2183 ct
956 2152 1132 2196 delegatos,

379 2214 416 2235 ac
428 2203 522 2235 etiam
540 2204 702 2237 Romanos
718 2203 890 2236 Pontifices
911 2205 989 2237 latas
1010 2211 1036 2238 et
1061 2207 1134 2246 lata,

379 2260 432 2288 aut
455 2256 486 2289 in
504 2257 662 2297 futurum,
687 2268 744 2299 per
764 2267 822 2289 nos
837 2258 932 2290 etiam
954 2264 984 2291 et
1005 2271 1133 2293 succes-

378 2320 467 2342 sores
487 2315 614 2343 nostros
624 2310 787 2343 Romanos
798 2311 969 2345 Pontifices
983 2324 1039 2355 pro
1058 2319 1133 2347 tem-

380 2373 455 2405 pore
473 2363 642 2396 existentes
663 2364 811 2397 ferendas
827 2370 857 2397 et
873 2366 1015 2404 serenda,
1041 2378 1134 2399 num-

377 2427 473 2458 quam
491 2416 602 2450 fecisse
624 2427 683 2450 nec
698 2417 730 2449 in
750 2417 896 2451 futurum
915 2430 1006 2461 posse
1028 2420 1132 2453 facore

378 2469 546 2502 transitum
573 2470 604 2502 in
634 2481 701 2503 rem
733 2471 919 2511 iudicatam,
954 2474 1130 2515 apostolica

377 2519 567 2552 auctoritate
588 2519 803 2561 declaramus,
826 2520 1043 2562 decernimus,
1067 2528 1130 2557 sta-

378 2566 498 2600 tuimus
518 2574 549 2600 et
571 2568 772 2602 ordinamus.

420 2616 435 2660 g
457 2616 486 2649 2.
511 2617 728 2661 Praesatisque
749 2618 914 2652 sententiis
934 2625 963 2652 et
984 2619 1130 2661 decretis,

375 2671 407 2698 et
439 2675 647 2710 quacumque
674 2677 733 2711 per
768 2668 876 2702 literas
914 2669 1107 2713 apostolicas
1120 2698 1127 2711 ‚

988 281 1169 306 BULLARIUM
1188 281 1340 306 ROMANUM

1958 283 2005 310 An.
2021 284 2051 311 C.
2069 284 2138 313 ¹⁸66

1183 335 1277 367 etiam
1312 334 1341 367 in
1375 336 1478 368 forma
1509 337 1645 379 gratiosa
1658 363 1665 373 ‚
1693 337 1786 370 etiam
1817 337 1939 372 iteratis
1984 345 2090 380 facultas
2104 347 2137 368 in-

1182 388 1315 426 vicibus‚
1332 400 1369 420 ac
1385 389 1480 421 etiam
1497 400 1513 421 a
1532 390 1680 432 pluribus
1696 391 1848 424 Romanis
1858 391 1938 424 Pon·
1953 380 2137 430 fflini’ris'i'iiieffii

1184 441 1322 473 titii-ibus
1351 442 1518 482 emanatis,
1542 442 1740 475 confirmatis
1755 444 1801 476 vel
1818 444 1937 476 confir-
1953 439 2138 491 ssff‘ssuffi331's'0usgssj

1184 494 1319 533 mandis,
1348 505 1422 526 cnm
1445 494 1618 537 praedictis
1637 496 1685 527 vel
1706 496 1777 529 aliis
1803 496 1937 539 quibus—
1954 501 2027 522 tentiis
2045 508 2060 536 ,ὃ
2081 500 2136 523 ⁵0⁶⁰

1183 558 1336 590 cumque,
1359 547 1454 579 etiam
1472 548 1749 590 derogatoriarum
1771 549 1938 593 derogato-
1953 532 2078 584 iifriiiislica
2088 538 2138 554 Μ’

1182 600 1249 639 riis,
1272 611 1309 632 ac
1335 600 1430 633 etiam
1458 600 1658 634 irritantibus
1687 601 1822 646 aliisque
1849 603 1938 636 clau-

1183 653 1260 686 sulis
1282 659 1310 686 et
1337 654 1487 693 decretis,
1520 664 1646 687 necnon
1676 655 1937 697 inhibitionibus,

1182 718 1218 739 ac
1236 707 1330 739 etiam
1349 707 1514 741 canonicis
1537 707 1770 748 sanctionibus,
1797 719 1938 752 quorum

1182 760 1329 792 omnium
1350 765 1381 793 et
1399 760 1603 804 singulorum
1623 760 1829 805 aliorumque
1858 772 1939 806 prae-

1183 813 1354 845 missorum
1383 818 1412 845 ct
1431 813 1505 846 inde
1526 818 1712 847 secutorum
1738 819 1878 856 tenores,
1901 826 1938 849 ac

1182 867 1206 898 si
1227 866 1265 898 de
1287 866 1383 899 verbo
1404 867 1443 899 ad
1458 866 1592 899 verbum
1605 866 1836 908 insererentur,
1854 879 1938 912 prae-

1182 919 1326 952 sentibus
1365 920 1477 952 haberi
1512 920 1660 953 volumus
1688 931 1746 964 pro
1781 922 1939 965 expressis

1181 983 1217 1004 ac
1231 972 1370 1005 totaliter
1392 972 1530 1013 insertis,
1554 973 1734 1016 ceterisque
1750 973 1782 1007 in
1807 979 1937 1009 contra-

1182 1025 1267 1058 rium
1288 1025 1481 1059 t'acientibus
1501 1025 1764 1069 quibuscumque
1788 1038 1854 1061 non
1882 1027 1937 1061 ob-

1181 1075 1348 1117 stantibus,
1361 1079 1626 1122 perpraedictum
1635 1085 1781 1113 sanctum
1789 1080 1937 1114 Officium

1181 1137 1310 1164 sant-tae
1326 1132 1559 1176 inquisitionis,
1573 1144 1611 1165 ac
1627 1132 1760 1166 dilectos
1775 1133 1859 1167 filios
1870 1144 1937 1167 mo-

1181 1186 1299 1217 dernos
1321 1191 1352 1218 et
1381 1196 1438 1228 pro
1464 1192 1609 1230 tempore
1629 1186 1799 1219 existentes
1819 1191 1937 1220 sanctae

1180 1238 1343 1271 Romanae
1368 1238 1530 1272 Ecclesiae
1557 1239 1736 1272 cardinales
1755 1239 1938 1274 haereticae

1182 1290 1345 1334 pravitatis
1366 1292 1574 1334 inquisitores
1595 1298 1622 1325 et
1646 1303 1744 1336 super
1763 1293 1850 1326 dicto
1865 1292 1937 1327 Offi-

1181 1344 1230 1376 cio
1252 1355 1339 1377 nunc
1360 1350 1386 1377 et
1405 1356 1464 1388 pro
1481 1350 1627 1389 tempore
1648 1345 1830 1389 deputatos,
1857 1357 1935 1380 con-

1182 1403 1227 1429 tra
1249 1398 1378 1431 eosdem
1400 1405 1426 1431 ct
1450 1410 1533 1439 reos,
1559 1399 1680 1432 delatos
1700 1404 1731 1432 et
1750 1399 1933 1443 inquisitos,

1180 1451 1275 1483 etiam
1297 1451 1320 1483 si
1343 1452 1463 1485 suerint
1483 1458 1513 1485 et
1533 1452 1595 1485 sint
1620 1452 1780 1496 episcopi,
1809 1453 1936 1487 archie-

1180 1504 1315 1548 piscopi,
1346 1505 1561 1548 patriarchae,
1593 1505 1758 1549 primates,
1790 1505 1934 1540 eiusdem

1179 1562 1307 1590 sanctae
1346 1558 1509 1592 Romanae
1554 1559 1716 1593 Ecclesiae
1755 1560 1935 1594 cardinales

1179 1610 1285 1653 legati,
1309 1612 1405 1645 etiam
1427 1613 1465 1645 de
1485 1613 1597 1654 latere,
1621 1614 1767 1655 comites,
1784 1614 1934 1656 barones,

1179 1666 1396 1708 marchiones,
1419 1668 1530 1708 duces,
1552 1678 1645 1711 reges
1665 1673 1695 1701 et
1706 1668 1931 1712 imperatores,

1178 1726 1241 1752 tam
1264 1721 1302 1753 de
1323 1722 1464 1765 antiquis
1483 1733 1580 1766 quam
1602 1723 1738 1763 noviter,
1757 1722 1853 1755 etiam
1878 1732 1933 1756 su-

1178 1786 1237 1818 per
1257 1775 1376 1809 eisdem
1389 1777 1545 1817 articulis,
1569 1777 1706 1822 receptis
1716 1778 1934 1822 velrecipien—

1177 1829 1226 1862 dis
1255 1830 1389 1863 testibus
1415 1830 1552 1874 aliisque
1581 1831 1792 1874 argumentis,
1814 1832 1932 1875 proba-

1179 1883 1321 1916 tionibus
1336 1889 1367 1916 et
1378 1884 1515 1925 indiciis,
1534 1884 1621 1918 iuxta
1633 1885 1801 1918 facultates
1812 1885 1933 1919 eisdem

1178 1937 1397 1970 cardinalibus
1440 1937 1686 1981 inquisitoribus
1727 1949 1785 1983 per
1814 1949 1874 1973 nos
1903 1944 1934 1973 et

1177 2002 1402 2034 quoscumque
1430 1992 1695 2035 praedecessores
1716 1998 1746 2025 et
1766 2003 1932 2028 successo-

1178 2056 1228 2077 res
1249 2049 1376 2078 nostros
1395 2045 1558 2079 Romanos
1582 2046 1755 2080 Pontifices
1774 2057 1834 2090 pro
1855 2052 1933 2081 tem-

1177 2109 1255 2142 pore
1299 2099 1468 2132 existentes
1503 2110 1539 2132 ac
1570 2099 1684 2132 Sedem
1714 2100 1930 2144 Apostolieam

1175 2152 1420 2195 quomodolibet
1447 2163 1616 2186 concessas
1645 2159 1675 2185 et
1700 2153 1807 2194 datas,
1837 2166 1874 2187 ac
1899 2155 1931 2188 in

1175 2206 1321 2238 futurum
1344 2206 1518 2250 respective
1548 2207 1668 2239 dandas
1696 2212 1727 2239 et
1751 2209 1931 2243 conceden-

1175 2259 1242 2299 das,
1274 2260 1381 2292 denuo
1416 2259 1535 2302 inquiri
1566 2265 1596 2293 et
1625 2261 1756 2303 procedi
1786 2273 1879 2306 posse
1899 2268 1931 2296 et

1174 2313 1304 2353 debere,
1332 2313 1427 2346 etiam
1451 2313 1483 2345 in
1508 2314 1660 2346 omnibus
1682 2319 1709 2347 et
1732 2325 1791 2358 per
1806 2316 1926 2357 omnia,

1174 2366 1308 2410 perinde
1342 2378 1378 2399 ac
1401 2367 1424 2399 si
1447 2367 1631 2412 praedictae
1660 2368 1848 2409 sententiae,
1871 2370 1927 2404 de-

1174 2426 1260 2453 creta
1282 2425 1311 2453 et
1333 2421 1443 2454 literae
1477 2421 1673 2465 apostolicae
1702 2433 1739 2456 ac
1760 2423 1855 2456 etiam
1876 2435 1927 2457 ca-

1173 2474 1308 2507 nonicae
1330 2475 1538 2518 purgationes
1556 2475 1586 2507 in
1604 2475 1844 2519 praedictorum
1857 2487 1927 2510 reo-

1173 2534 1245 2555 rum
1280 2524 1461 2557 delatorum
1492 2530 1522 2557 et
1553 2524 1793 2569 inquisitorum,
1830 2532 1925 2560 ettam

1172 2572 1410 2616 episcoporum,
1431 2574 1766 2619 archiepiscoporum,
1788 2575 1924 2618 patriar-

1172 2622 1318 2662 charum,
1343 2622 1533 2666 primatum,
1556 2622 1781 2663 cardinalium,
1803 2624 1924 2667 legato-

1171 2681 1258 2711 rum,
1286 2672 1452 2712 comitum,
1482 2672 1655 2713 baronum,
1683 2673 1923 2715 marchionum,
