2237 3100
182 232 232 260 An.
252 232 278 260 C.
295 234 363 262 1⁸6⁷

179 1422 362 1482 ωυειζῖἰοὲιιὲξιὲἓ
377 1425 487 1449 sarum
507 1415 659 1451 Gamerae
671 1417 872 1462 Apostolicae
889 1419 1030 1461 generali
1042 1419 1133 1453 audi-

179 1485 275 1507 collatas.

427 223 492 258 616

383 287 517 327 nabunt,
540 288 632 321 toties
659 288 689 321 in
716 287 885 331 pristinum
905 292 1021 320 statum
1042 287 1131 320 resti-

382 347 476 381 tutas,
504 342 661 385 repositas
685 347 715 374 et
735 341 879 385 plenarie
899 341 1128 384 reintegratas,

380 394 476 428 etiam
498 395 557 427 sub
582 396 653 427 data
680 394 773 427 etiam
802 404 858 436 per
875 394 961 437 ipsos
986 393 1132 437 eligenda

380 449 419 481 de
440 458 522 481 novo
543 458 711 481 concessas
736 457 814 486 esse,
836 453 866 480 et
885 447 927 480 ita
948 447 1131 481 incommu-

381 501 485 535 tabilis
496 501 666 534 voluntatis
677 506 705 533 et
717 500 902 534 intentionis
913 507 1040 534 nostrae
1050 512 1130 537 esse:

381 560 411 587 et
435 555 474 587 ad
495 555 567 593 hoc,
598 560 631 587 ut
665 561 820 598 perpetua
846 555 997 588 firmitate
1027 556 1132 589 subsi-

381 614 486 648 stant,
513 608 574 641 vim
608 608 703 641 validi
724 614 754 641 et
779 609 918 642 efficacis
950 616 1133 644 contractus

381 663 465 695 inter
484 662 598 696 Sedem
615 662 831 707 Apostolicam
858 668 886 696 et
914 664 1131 708 praefatorum

380 715 536 749 Ordinum
553 716 802 749 Mendicantium
820 717 1006 751 huiusmodi
1020 719 1133 752 fratres

380 769 500 803 habere
520 769 647 803 debere.
686 770 804 815 Sicque
825 782 881 815 per
908 782 1133 816 quoscumque

380 823 503 857 iudices
518 829 547 857 et
560 824 809 865 commissarios,
821 825 933 868 quavis
943 826 1133 860 auctoritate

381 877 550 921 fungentes
567 904 575 918 ,
602 877 697 911 etiam
724 889 895 912 causarum
917 879 1027 913 Palatii
1048 880 1132 924 Apo-

379 930 484 964 stolici
501 931 676 972 auditores,
696 943 731 965 ac
747 932 882 966 Sanctae
898 933 1061 967 Romanae
1077 934 1133 968 Ec-

379 983 496 1018 clesiae
530 984 725 1026 cardinales,
759 986 883 1019 sublata
904 986 948 1020 eis
969 993 997 1020 et
1019 998 1132 1021 eorum

379 1038 511 1073 cuilibet
530 1040 640 1084 quavis
661 1040 753 1074 aliter
787 1040 950 1074 iudicandi
975 1048 1002 1074 et
1033 1042 1131 1075 inter-

379 1093 527 1137 pretandi
548 1094 697 1128 facultate
719 1100 748 1127 et
773 1094 974 1136 auctoritate,
998 1096 1132 1129 iudicari

379 1146 509 1187 debere;
526 1147 653 1181 irritum
670 1159 800 1193 quoque
817 1154 847 1182 et
868 1149 962 1183 inane
978 1150 1132 1194 quicquid
1152 1173 1155 1180 ,

379 1210 472 1234 secus
487 1211 585 1245 super
597 1200 645 1234 his
665 1213 682 1234 a
702 1212 879 1245 quoquam,
902 1202 1132 1246 quavisaucto-
1152 1186 1155 1218 ι

379 1254 483 1294 ritate,
511 1254 650 1287 scienter
670 1255 716 1288 vel
739 1255 935 1298 ignoranter,
964 1256 1131 1300 contigerit

381 1308 543 1341 attentari.
1153 1327 1155 1340 .

422 1362 437 1406 ἓ
462 1362 492 1396 5.
516 1362 686 1402 Quocirca,
707 1363 830 1397 dilectis
843 1364 916 1397 filiis
929 1364 1044 1398 Curiae
1059 1377 1134 1399 cau-

377 1470 453 1511 tori,
477 1481 602 1505 necnon
624 1482 918 1516 quarumcumque,
943 1478 1006 1506 tam
1025 1474 1133 1508 cathe-

379 1525 517 1559 dralium
534 1536 633 1570 quam
647 1526 906 1569 collegiatarum,
922 1528 1133 1561 ecclesiarum

379 1579 522 1620 decanis,
541 1580 746 1625 praepositis,
765 1581 1063 1627 archipresbyteris,
1082 1594 1134 1616 ar-

379 1634 588 1674 chidiaconis,
608 1635 819 1670 thesaurariis
843 1641 872 1669 ot
893 1636 1135 1681 quibusvisaliis

379 1689 412 1722 in
424 1688 544 1723 eisdem
556 1689 700 1723 ecclesiis
714 1689 883 1733 dignitates
899 1691 1132 1731 obtinentibus,

380 1742 516 1776 ubilibet
537 1749 568 1776 et
592 1744 624 1776 in
651 1744 913 1788 quibuscumque
934 1745 1131 1789 regionibus,

379 1797 474 1830 terris
490 1803 520 1831 et
540 1798 618 1831 locis
635 1797 854 1839 existentibus,
878 1811 935 1843 per
952 1807 1135 1844 praesentes

381 1857 470 1885 motu
501 1852 597 1886 simili
623 1853 814 1886 mandamus
839 1860 998 1897 quatenus
1025 1855 1084 1898 ipsi
1106 1859 1156 1899 et}

380 1916 494 1940 eorum
511 1905 658 1950 quilibet,
676 1917 732 1950 per
749 1918 780 1940 se
798 1907 843 1940 vel
861 1907 959 1940 alium
974 1919 1029 1941 seu
1045 1909 1133 1948 alios,

382 1965 567 2003 praesentes
587 1960 695 1994 literas
715 1967 743 1994 et
761 1961 792 1993 in
814 1962 859 1994 eis
873 1968 1134 2006 contentaquae-

381 2024 543 2057 cumque,
573 2014 628 2047 ubi
653 2019 683 2048 et
703 2015 833 2058 quando
855 2026 936 2059 opus
957 2016 1071 2055 suerit,
1099 2029 1135 2051 ac

380 2068 507 2111 quoties
528 2079 585 2112 pro
619 2073 707 2112 parte
733 2068 891 2102 dictorum
926 2070 1062 2103 fratrum
1088 2072 1134 2104 rel

381 2121 518 2156 alicuius
538 2133 651 2155 eorum
663 2121 783 2156 fuerint
804 2123 961 2166 requisiti,
985 2124 1135 2157 solemni-

381 2182 428 2209 ter
470 2176 671 2219 publicantes
695 2204 702 2213 ,
737 2177 846 2221 eisque
886 2177 916 2210 in
953 2178 1136 2221 praemissis

382 2229 532 2263 omnibus
547 2236 620 2270 etc„
633 2230 767 2275 pacifice
781 2231 843 2264 frui
858 2236 887 2263 et
898 2232 1053 2274 gaudere,
1070 2243 1134 2265 non

382 2284 603 2327 permittentes
619 2294 673 2317 eos
688 2285 735 2317 vel
748 2295 861 2318 eorum
879 2286 1065 2328 quempiam
1084 2298 1135 2319 su-

383 2347 440 2381 per
460 2337 777 2381 illisquomodolibet
797 2338 936 2371 indebite
957 2340 1130 2372 molestari.

381 2390 641 2424 Contradictores
670 2391 828 2435 quoslibet
862 2397 892 2424 et
916 2391 1052 2425 rebelles
1077 2383 1157 2456 peri

382 2440 567 2481 sententias,
595 2452 748 2474 censuras
781 2447 811 2473 et
843 2452 961 2484 poenas
982 2442 1134 2474 ecclcsia-

382 2489 487 2529 sticas,
506 2490 633 2534 aliaque
650 2497 832 2535 opportuna
854 2490 933 2523 iuris
953 2496 981 2523 et
1003 2491 1075 2524 sacti
1088 2503 1134 2524 re·
1154 2457 1157 2518 i

382 2539 486 2572 media
507 2566 514 2577 ,
543 2540 758 2584 appellatione
786 2540 973 2584 postposita,
1002 2551 1155 2585 compes

382 2588 512 2622 scendo.
538 2589 574 2621 Et
602 2589 812 2623 nihilominus
831 2618 838 2630 ,
866 2589 1017 2633 legitimis
1039 2563 1157 2649 super!

381 2636 430 2670 his
442 2637 598 2670 habendis
610 2638 739 2671 servatis
752 2638 970 2682 processibus,
983 2649 1135 2671 censuras
1155 2662 1156 2666 ,

978 232 1159 258 BULLARIUM
1183 234 1334 259 ROMANUM

1169 294 1202 334 ⁵et
1217 288 1429 333 poenasipsas
1442 289 1535 322 etiam
1550 292 1762 333 aggravando,
1779 290 1923 325 invocato

1172 341 1267 374 etiam
1289 341 1328 374 ad
1352 342 1425 382 hoc,
1443 342 1467 374 si
1489 353 1570 386 opus
1585 343 1693 380 fuerit.
1716 345 1835 378 auxilio
1849 345 1922 378 bra-

1173 395 1235 428 chii
1257 396 1441 429 saecularis.

1218 450 1232 492 ξ
1260 449 1290 483 6.
1318 449 1387 482 Non
1417 450 1617 484 obstantibus
1647 450 1748 484 felicis
1773 453 1924 486 recorda-

1173 502 1269 535 tionis
1290 502 1442 536 Bonisacii
1462 503 1565 548 Papae
1579 503 1655 544 VIII,
1669 504 1926 548 praedecessoris

1172 557 1295 596 nostri,
1323 556 1360 590 de
1383 567 1444 590 una
1464 584 1470 597 ,
1495 563 1524 590 et
1545 557 1674 591 concilii
1700 558 1858 601 generalis
1887 559 1926 592 de

1174 610 1299 644 duabus
1319 610 1442 651 diaetis,
1466 612 1641 645 dummodo
1661 612 1746 645 ultra
1762 618 1826 646 tres
1841 612 1926 647 diae-

1172 670 1220 697 tas
1235 665 1320 708 quis,
1342 664 1449 709 vigore
1466 665 1697 710 praesentium,
1715 666 1754 699 ad
1769 665 1925 699 iudicium

1175 728 1237 751 non
1263 718 1422 759 trahatur,
1446 725 1472 751 ct
1496 719 1565 752 aliis
1580 719 1777 764 apostolicis,
1800 730 1927 754 necnon

1173 772 1205 804 in
1226 771 1478 815 provincialibus
1509 778 1539 806 et
1562 773 1767 817 synodalibus
1782 773 1927 807 conciliis

1174 824 1277 866 editis,
1293 826 1490 869 specialibus
1504 827 1551 860 vel
1572 827 1789 871 generalibus,
1806 827 1925 861 consti-

1174 879 1351 912 tutionibus
1372 885 1401 913 et
1418 880 1688 921 ordinationibus,
1699 892 1736 914 ac
1751 881 1927 925 quibusvis,

1174 933 1269 966 etiam
1282 933 1477 970 iuramento,
1486 934 1730 968 confirmatione
1742 935 1927 980 apostolica,

1173 987 1220 1019 vel
1242 987 1352 1031 quavis
1372 987 1524 1023 firmitate
1534 988 1597 1021 alia
1612 989 1782 1030 roboratis,
1803 991 1928 1024 statutis

1174 1046 1201 1074 et
1233 1041 1521 1075 consuetudinibus
1540 1054 1547 1080 ς
1574 1042 1748 1086 privilegiis
1771 1054 1926 1087 quoque.

1174 1095 1306 1128 indultis
1327 1102 1355 1128 et
1377 1095 1478 1129 literis
1499 1096 1694 1140 apostolicis,
1718 1096 1777 1129 sub
1797 1097 1929 1141 quibus—

1174 1160 1315 1193 cumque
1336 1149 1504 1183 tenoribus
1524 1155 1554 1183 et
1574 1150 1697 1190 formis,
1715 1161 1751 1184 ac
1769 1161 1843 1184 cum
1859 1151 1929 1195 qui-

1174 1202 1290 1243 busvis,
1307 1203 1400 1237 etiam
1418 1203 1698 1246 derogatoriarum
1715 1205 1929 1248 derogatoriis

1174 1255 1308 1299 aliisque
1321 1256 1556 1290 efficacioribus
1564 1257 1752 1298 etinsolitis,
1767 1259 1929 1299 clausulis,

1175 1309 1438 1355 irritantibusque
1451 1316 1481 1343 et
1497 1310 1567 1344 aliis
1587 1311 1736 1353 decretis,
1760 1311 1792 1345 in
1812 1323 1930 1356 genere

1175 1364 1220 1396 vel
1248 1363 1278 1396 in
1301 1364 1406 1408 specie
1426 1391 1432 1403 ,
1462 1365 1555 1398 etiam
1578 1370 1667 1398 motu
1694 1365 1814 1407 simili,
1844 1371 1874 1400 et
1894 1377 1931 1400 ex

1175 1423 1261 1450 corta
1293 1418 1450 1457 scientia,
1479 1430 1514 1451 ac
1541 1419 1736 1463 apostolicae
1766 1421 1931 1464 potestatis

1175 1471 1388 1516 plenitudine,
1412 1484 1448 1505 ac
1470 1473 1547 1506 alias
1562 1473 1820 1516 quomodolibet,
1834 1474 1930 1509 etiam

1175 1526 1440 1560 consistorialiter
1452 1528 1625 1568 concessis,
1641 1528 1839 1572 approbatis,
1858 1540 1932 1563 con·

1175 1580 1322 1621 firmatis,
1336 1587 1367 1614 et.
1375 1582 1503 1625 saepius
1515 1581 1820 1626 innovatisssuibus
1829 1583 1932 1617 omni-

1175 1634 1246 1674 bus,
1270 1634 1363 1668 etiam
1391 1636 1414 1668 si
1441 1636 1478 1668 de
1500 1636 1563 1668 illis
1584 1636 1780 1680 illorumque
1801 1637 1932 1671 totiste-

1176 1689 1310 1722 noribus
1339 1689 1511 1733 specialis„
1546 1690 1695 1734 specifica
1726 1695 1756 1724 et
1781 1701 1931 1735 expressa

1154 1744 1296 1790 fmcntio
1337 1754 1392 1777 seu
1427 1743 1534 1788 aliqua
1555 1744 1616 1777 alia
1647 1744 1802 1788 exquisita
1828 1745 1931 1779 forma

1175 1798 1286 1831 adhoc
1303 1798 1457 1831 seri-anda
1478 1800 1558 1832 soret
1574 1800 1715 1842 (tenores
1731 1799 1929 1839 huiusmodi,

1176 1864 1211 1885 ac
1233 1852 1257 1884 si
1279 1852 1316 1885 de
1338 1852 1433 1885 verbo
1455 1852 1494 1884 ad
1514 1852 1647 1885 verbum
1669 1878 1675 1892 ,
1699 1851 1779 1885 nihil
1802 1853 1930 1896 penitus

1176 1905 1306 1947 omisso,
1330 1912 1357 1939 et
1380 1906 1483 1940 forma
1500 1906 1532 1939 in
1550 1906 1738 1940 illistradita
1750 1906 1927 1947 observata,

1178 1961 1287 1994 inserti
1308 1961 1422 2000 forent,
1445 1960 1668 2004 praesentibus
1689 1971 1748 2004 pro
1773 1962 1930 2005 expressis

1176 2015 1330 2048 hahentes
1347 2041 1355 2053 ,
1379 2015 1442 2047 illis
1476 2015 1554 2047 alias
1574 2014 1607 2047 in
1628 2025 1686 2047 suo
1714 2015 1830 2048 robore
1855 2026 1929 2059 per-

1176 2068 1362 2111 mansuris),
1382 2070 1441 2102 hac
1463 2069 1528 2102 vice
1549 2068 1725 2108 dumtaxat,
1749 2068 1931 2112 specialiter

1176 2129 1206 2155 et
1225 2133 1374 2166 expresse
1390 2123 1595 2165 derogamus,
1610 2122 1779 2155 contrariis
1795 2122 1928 2166 quibus·

1176 2188 1328 2220 cumque.
1345 2178 1405 2209 Aut
1421 2178 1445 2209 si
1456 2177 1628 2219 aliquibus,
1651 2176 1869 2210 communiter
1881 2178 1928 2210 vel

1176 2231 1313 2270 divisim,
1326 2231 1364 2263 ab
1386 2231 1497 2264 eadem
1515 2230 1551 2263 sit
1574 2230 1654 2264 Sede
1671 2230 1832 2263 indultum
1843 2231 1928 2275 quod

1176 2285 1338 2321 interdici,
1352 2284 1505 2329 suspendi
1515 2285 1561 2317 vel
1575 2283 1848 2317 excommunicari
1864 2294 1928 2317 non

1176 2339 1295 2383 possint
1315 2349 1373 2383 per
1386 2338 1494 2370 literas
1510 2337 1712 2381 apostolicas,
1731 2348 1795 2370 non
1811 2337 1928 2370 sacien—

1176 2399 1222 2426 tes
1242 2393 1369 2436 plenam
1392 2398 1421 2425 et
1442 2402 1636 2435 expressam,
1659 2402 1696 2424 ac
1716 2391 1754 2423 de
1775 2390 1870 2423 verbo
1889 2391 1927 2424 ad

1175 2442 1307 2475 verbum
1339 2442 1376 2474 de
1409 2441 1534 2474 indulto
1570 2439 1756 2473 huiusmodi
1791 2439 1928 2473 mentio—

1176 2502 1261 2524 nem.

1220 2542 1234 2583 ξ
1255 2541 1284 2574 7.
1310 2542 1463 2574 Volumus
1483 2546 1589 2573 autem
1607 2539 1693 2583 quod
1710 2539 1926 2583 praesentium
1943 2547 2127 2600 Γυζτῗῑιὲὶιέωμιο-

1176 2591 1387 2634 transumptis
1407 2595 1463 2623 etc.

1219 2640 1232 2681 ξ
1254 2639 1283 2671 8.
1301 2639 1455 2683 Quodque
1476 2639 1595 2671 caffdem
1617 2643 1802 2681 praesente>
1824 2638 1927 2670 inval-

1940 237 1989 264 Αη.
2004 237 2033 264 C.
2055 236 2124 264 1567

1967 459 2080 480 clausulae
2090 459 2125 480 de-

1902 505 1907 512 .
1941 491 2070 517 rogator-lae.
