2237 3100
255 277 303 304 An.
321 276 351 304 C.
370 276 436 303 {562²

291 706 438 726 l'intuilvitiouc

253 738 330 763 aliquid
355 744 364 755 a
388 744 412 756 1.11
421 738 438 756 i-

319 774 326 785 ]
352 777 355 785 ,
378 775 380 778 -
409 773 438 785 ⁴1¹-
454 754 725 798 particularibus,
766 754 821 787 etsi
853 760 965 798 sponte
1003 755 1079 787 dare
1099 755 1207 794 velint,

254 799 353 824 ripicndi,

299 974 440 994 observantia

253 1004 294 1025 hut.
311 1004 367 1024 Pauli
380 1004 405 1024 lll
421 1004 438 1029 t,

291 1242 440 1263 Declaratioue

257 1275 342 1294 termini
352 1280 389 1300 pro
398 1279 442 1293 ser-

257 1308 311 1328 vato,

314 1990 448 2010 &inmanius

264 2023 407 2047 attendendis,

313 2205 451 2231 Expeditisme

267 2242 375 2256 causarum
384 2242 394 2254 a
403 2236 453 2255 dito-

266 2267 304 2286 tms
316 2267 381 2286 scutis
391 2266 451 2289 iutra,

298 2562 410 2582 (lai-cerum
427 2561 456 2581 1-1-

272 2594 380 2618 titutione,

495 266 559 300 ⁶21ss

451 340 567 370 unum,
590 334 722 374 excepto
747 329 894 362 auditore
914 328 1078 363 Gamerae,
1101 327 1207 371 quoad

452 383 521 416 eius
541 383 758 426 expeditiones
779 388 882 415 taxam
900 381 1100 424 requirentes
1116 380 1208 412 dum-

454 442 546 469 taxat.
584 437 618 468 In
652 435 801 468 civilibus
834 440 954 473 autem,
984 433 1207 477 unusquisque

453 490 555 531 exigat
577 489 662 521 iuxta
683 489 825 521 solitum.
848 489 909 520 Pro
930 487 1034 530 sigillo
1055 487 1086 519 in
1112 498 1207 531 expc-

454 542 641 581 ditionibus,
655 552 737 584 quae
754 541 836 573 siunt,
857 541 887 572 in
908 539 1016 581 Curia,
1030 551 1104 573 cum
1123 540 1209 573 clau-

456 595 523 627 sula
548 594 586 627 Se*
605 595 695 636 quis,
719 593 811 626 nibil.

498 650 512 689 ς’
548 647 595 680 to.
636 648 657 679 A
688 646 844 689 barigello
884 652 912 679 ct
939 647 1103 690 quibusvis
1141 647 1210 679 aliis

454 700 681 733 executoribus
695 727 702 737 ,
738 701 833 733 etiam
878 700 1042 733 curiarum
1077 712 1209 734 suarum

454 808 512 839 sub
534 806 646 850 quovis
667 812 847 850 praetextu,
870 807 949 839 nihil
972 818 1106 851 prorsus
1127 808 1210 842 rcci-

455 871 530 904 pere
552 867 770 903 praesumant.

498 915 512 955 ξ
533 914 585 946 11.
624 914 660 946 Et
680 914 786 957 quoad
809 914 1045 957 expeditionem
1067 926 1212 947 carcera-

454 973 562 1000 torum
592 967 761 1000 observent
781 968 814 1000 in
835 968 986 1000 omnibus
1005 974 1036 1000 et
1063 980 1121 1012 per
1141 979 1211 1000 otn-

454 1019 506 1052 nia
528 1025 650 1053 motum
672 1021 842 1064 proprium
862 1031 879 1052 a
896 1020 996 1053 felic-is
1016 1021 1213 1053 recordatio-

454 1074 504 1106 nis
524 1074 623 1106 Paulo
648 1074 685 1106 lll
712 1074 798 1107 circa
819 1075 1008 1107 eorumdem
1030 1080 1212 1107 carcerato-

456 1138 527 1159 rum
550 1127 785 1171 expeditionem
811 1127 944 1159 editum.

500 1182 514 1222 ξ
541 1181 588 1213 12.
613 1181 777 1224 lidentque
799 1181 941 1221 iudices,
966 1186 1029 1213 tam
1052 1181 1083 1213 in
1105 1181 1213 1213 crimi-

457 1234 585 1267 nalibus
605 1245 703 1278 quam
722 1234 753 1266 in
775 1233 933 1273 civilibus,
951 1234 1006 1276 qui
1027 1234 1212 1274 sententias,

456 1292 554 1330 prout.
574 1287 607 1319 in
637 1287 765 1325 cedula,
788 1286 884 1326 serre,
917 1292 947 1319 et¹
981 1287 1136 1319 terminos
1156 1297 1215 1330 pro

458 1340 588 1372 servatis
620 1340 739 1372 habere
774 1345 1024 1380 consueverunt,
1056 1340 1216 1372 dictarum

457 1393 687 1426 sententiarum
715 1393 845 1426 cedulas
870 1393 1073 1426 subscribere
1098 1399 1128 1426 et
1151 1398 1215 1426 ter-

458 1446 563 1478 minos
583 1456 642 1490 pro
664 1445 794 1479 servatis
814 1446 940 1479 habitos
956 1446 1216 1479 declarareintra

458 1499 571 1531 dec-em
592 1500 660 1533 dies
680 1500 813 1532 omnino
835 1504 1017 1532 teneantur.
1054 1500 1118 1532 Nec
1139 1501 1217 1533 cita-

460 1553 582 1593 tiones,
606 1553 637 1585 in
663 1564 801 1597 quarum
824 1553 970 1586 terminis
999 1553 1218 1596 pronunciare

459 1608 505 1640 vel
527 1618 639 1640 earum
661 1607 818 1640 terminos
854 1618 912 1651 pro
947 1607 1077 1640 servatis
1104 1607 1219 1641 haberi

460 1660 641 1703 contigerit,
660 1672 759 1704 penes
779 1672 811 1694 se
829 1661 913 1705 ipsos
928 1660 1066 1694 retinere
1082 1661 1217 1704 possint,

460 1714 514 1747 sed
547 1725 646 1757 penes
679 1714 822 1747 notarios
856 1715 1018 1747 actuarios
1044 1714 1216 1748 dimittant.

461 1768 610 1811 Alioquin
628 1768 803 1801 sententiae
824 1773 852 1800 et
876 1768 1005 1801 termini
1027 1768 1099 1811 ipsi,
1122 1768 1221 1811 lapsis

462 1821 555 1853 dictis
588 1821 699 1854 decem
735 1821 868 1859 diebus,
895 1832 954 1865 pro
990 1821 1222 1854 circumductis

462 1876 655 1907 habeantur.

507 1929 521 1970 ξ,
540 1927 595 1961 13.
618 1928 686 1960 Νο11
703 1928 867 1961 attendant
893 1928 1077 1967 nullitates,
1101 1928 1160 1961 nisi
1186 1940 1222 1961 ex

463 1982 590 2014 defectu
612 1981 789 2021 citationis,
811 1981 1042 2013 iurisdictionis
1061 1982 1109 2014 vel
1131 1993 1222 2014 man-

464 2036 548 2075 dati,
572 2035 645 2073 sed,
668 2034 731 2067 illis
755 2045 821 2067 non
843 2034 1062 2073 obstantibus,
1085 2036 1123 2068 ad
1146 2047 1222 2069 cau-

466 2099 575 2120 sarum
597 2087 833 2132 expeditionem
855 2088 1044 2131 procedant.

511 2142 525 2185 g
551 2141 597 2174 lli.
622 2141 799 2185 Expediant
819 2152 932 2174 causas
947 2152 965 2174 a
981 2141 1110 2174 duobus
1126 2142 1226 2175 scutis

467 2194 549 2227 infra
583 2194 778 2234 summarie,
809 2204 906 2227 manu
940 2195 1044 2237 regia,
1082 2195 1227 2238 partibus

469 2254 593 2281 tantum
615 2253 767 2280 oretenus
786 2247 904 2280 auditis
937 2253 967 2280 et
992 2247 1059 2280 sine
1081 2248 1225 2292 scriptis,

470 2301 530 2334 nisi
551 2301 643 2333 aliter
664 2300 740 2344 ipsis
760 2311 796 2333 ex
817 2300 999 2333 rationabili
1017 2312 1114 2333 causa
1124 2301 1226 2333 visum

470 2354 584 2393 fuerit,
607 2365 704 2397 quam
725 2353 833 2396 Burgi,
848 2354 886 2387 de
905 2354 1056 2393 Sabellis,
1080 2354 1178 2398 Ripae
1200 2360 1230 2387 ct

471 2406 617 2449 Ripettae
647 2407 770 2440 iudices
804 2408 983 2451 exprimere
1018 2407 1048 2439 in
1081 2407 1161 2440 actis
1182 2413 1229 2440 te-

473 2460 621 2487 neantur.

519 2504 533 2545 §
554 2504 606 2537 15.
629 2503 832 2537 Gubernator
853 2505 951 2537 semel
972 2505 1003 2536 in
1025 2515 1148 2543 mense,
1167 2516 1231 2537 una

474 2564 548 2586 cum
576 2564 757 2597 pauperum
780 2564 814 2585 ac
836 2553 904 2586 fisci
925 2554 1084 2587 advocatis
1105 2560 1131 2587 et
1156 2565 1231 2598 pro-

475 2602 682 2635 curatoribus
701 2612 737 2634 ac
758 2602 910 2645 deputato
936 2613 954 2635 a
978 2603 1128 2636 socictate
1148 2602 1233 2635 Cari-

513 2665 523 2691 t
547 2664 613 2693 Vide
630 2667 693 2691 tom.
717 2670 756 2696 vt,
774 2671 830 2699 pag.
852 2663 912 2691 3815.

1047 275 1227 300 BULLARIUM
1246 275 1398 299 ROMANPM

2018 279 2066 306 An.
2085 278 2114 305 C.
2132 277 2202 306 ¹562

1247 327 1330 366 tatis,
1351 328 1436 360 ultra
1460 327 1673 360 visitationem
1707 328 1870 361 ordinarii·v
1905 329 2004 363 semel

1248 379 1278 411 in
1299 380 1501 413 hebdomada
1522 381 1592 413 ficri
1613 381 1748 421 solitam,
1770 382 1872 414 visitet
1892 393 2003 416 carce-

1249 443 1316 471 res,
1340 438 1401 465 tam
1431 439 1571 466 secretos
1592 445 1688 477 quam
1710 434 1869 478 publicos,
1885 446 1942 478 per
1953 447 2003 469 se-

1249 485 1367 529 ipsum,
1386 497 1425 519 ne
1446 487 1602 519 carcerati
1623 487 1762 520 indebite
1783 499 1800 521 a
1816 489 2005 522 custodibus

1249 550 1417 572 carcerum
1438 540 1680 583 opprimantur;
1703 552 1739 574 ac
1761 546 1795 574 ut
1816 542 1924 574 tabula
1944 553 2003 575 no-

1248 592 1376 625 vissime
1396 604 1413 625 a
1433 593 1549 625 dilecto
1571 592 1636 625 filio
1653 593 1755 627 Guido
1771 594 1920 635 Ascanio,
1935 605 2006 627 san-

1250 651 1318 679 ctae
1348 646 1510 678 Romanae
1538 646 1698 680 Ecclesiae
1720 647 1874 680 cardinali
1899 652 1930 681 et
1950 659 2004 681 ca-

1251 700 1388 732 merario
1401 706 1522 738 nostro,
1541 700 1623 732 edita
1636 706 1665 733 et
1680 700 1711 733 in
1728 700 1804 744 ipsis
1820 702 2006 735 carceribus

1250 753 1342 785 affixa
1363 753 1499 786 tenenda
1520 753 1719 793 observetur,
1741 754 1917 798 provideat.

1295 807 1309 849 ξς
1335 807 1382 839 16.
1407 807 1574 839 Protector
1602 817 1676 840 vero
1697 808 1843 841 Caritatis
1863 814 1893 842 et.
1920 809 2006 843 illius
2077 821 2206 842 Medicorum

1251 860 1407 903 deputati,
1431 871 1505 892 cum
1527 860 1706 893 interventu
1727 861 1952 903 gubernatoris
1976 868 2008 896 et
2022 853 2207 904 EJ‘XQUQJOEMZ

1253 913 1473 957 procuratoris
1494 913 1573 953 fisci,
1597 913 1693 956 eligat
1712 914 1793 947 duos
1805 914 1948 949 medicos
1968 916 2006 949 fi·
2022 919 2117 939 ¹¹¹¹¹¹¹⁰‘⁰‘

1252 967 1339 999 deles
1360 972 1390 999 et
1410 972 1577 1010 expertos,
1602 978 1703 999 unum
1733 967 1879 1001 videlicet
1899 968 2007 1013 physi—

1254 1031 1340 1059 cum,
1364 1021 1500 1052 alterum
1522 1031 1596 1053 vero
1618 1019 1853 1064 chirurgicum,
1871 1022 2010 1065 quivisi-

1253 1079 1320 1106 tent
1336 1079 1518 1107 carceratos
1539 1074 1687 1107 infirmos
1707 1079 1737 1107 et
1753 1085 1808 1107 eos
1828 1081 1956 1116 curent,
1973 1087 2011 1109 ac

1254 1128 1292 1160 de
1313 1138 1426 1160 eorum
1457 1127 1656 1168 infirmitate,
1685 1138 1758 1160 cum
1780 1138 1862 1171 opus
1887 1128 1984 1162 fuerit
2000 1156 2008 1169 ,

1255 1180 1351 1212 tidem
1386 1180 1504 1212 faciant
1529 1180 1633 1212 eidem
1654 1179 1864 1222 gubernatori
1892 1185 1923 1213 et
1942 1181 2012 1215 aliis

1256 1233 1431 1273 iudicibus,
1460 1233 1692 1277 provideatque
1714 1233 1833 1266 eisdem
1855 1233 1893 1268 de
1922 1245 2011 1268 com-

1256 1287 1376 1330 petenti
1411 1287 1527 1319 salario
1561 1298 1597 1320 ex
1630 1286 1743 1331 poenis
1776 1287 2012 1321 maleficiorum

1257 1340 1422 1373 solvendo.

1301 1394 1316 1437 ξ
1340 1394 1392 1426 17.
1418 1393 1450 1425 Et
1475 1393 1506 1425 in
1527 1393 1640 1436 primis
1656 1393 1751 1436 eligat.
1766 1393 1907 1437 aliquem
1925 1405 2014 1437 pres·
2062 1417 2211 1438 Confe„0,„m

1256 1448 1403 1491 byternm
1431 1448 1629 1480 saecularem
1650 1448 1697 1480 vel
1722 1448 1904 1490 regularem
1922 1475 1930 1489 ‚
1958 1448 2013 1493 qui
2028 1449 2212 1502 ssfgcfigssssfflm

1258 1501 1476 1534 consessiones
1498 1500 1641 1544 ipsorum
1670 1500 1875 1534 infirmorum
1904 1503 1952 1535 vel
1978 1513 2012 1536 a-
2137 1496 2143 1506 '

1258 1554 1377 1588 liorum
1403 1560 1657 1595 carceratorum,
1684 1565 1750 1587 non
1770 1560 1879 1588 tamen
1899 1555 2014 1589 ultimo

1259 1607 1420 1652 supplicio
1441 1608 1681 1649 damnatorum,
1705 1613 1876 1652 postquam
1897 1609 1930 1642 in
1951 1620 2016 1643 ma-

1260 1662 1354 1695 nibus
1372 1667 1581 1695 exccutorum
1600 1661 1777 1705 consignati
1790 1662 1921 1703 suerint,
1933 1674 2015 1707 quo-

1260 1727 1333 1749 rum
1352 1726 1429 1749 cura
1450 1716 1677 1748 adcont‘ratres
1688 1715 1855 1748 Societatis
1871 1716 1903 1749 S.
1926 1716 2017 1750 Ioan-

1262 1770 1310 1802 nis
1318 1769 1464 1813 Baptistfe
1481 1769 1707 1802 Misericordise
1723 1774 1928 1812 nuncupatos
1944 1781 2016 1814 spe-

1262 1828 1336 1863 ctat,
1358 1822 1477 1862 audiat,
1501 1822 1631 1855 eosdem
1653 1827 1834 1855 carceratos
1853 1821 1968 1862 visitet,
1981 1833 2019 1856 ac

1263 1876 1472 1921 spiritualiter
1489 1876 1687 1909 consoletur.

1307 1930 1321 1973 ἓ
1342 1929 1394 1963 18.
1418 1930 1532 1962 Nullus
1551 1929 1710 1969 iudicum,
1733 1929 1827 1962 etiam
1848 1929 1962 1972 Burgi,
1980 1930 2039 1978 de·
2060 1941 2220 1977 Fiscoyettam'to

1264 1984 1410 2023 Sabellis,
1438 1983 1537 2027 Ripae
1559 1989 1589 2017 et,
1603 1984 1760 2027 Ripettae‚
1784 1984 1816 2016 in
1838 1984 1943 2018 causis
1959 1984 2020 2018 cri·
2034 1978 2154 2029 ζωζὶῖῗωῗ
2172 1978 2216 1993 ⁰¹¹*

1264 2037 1437 2070 minalibus
1457 2036 1610 2081 procedat
1630 2047 1685 2069 seu
1707 2037 1897 2070 sententiam
1926 2037 2017 2079 ferat,

1265 2092 1325 2124 nisi
1351 2092 1428 2124 fisco
1455 2091 1486 2123 in
1508 2090 1658 2123 omnibus
1678 2090 1766 2131 actis,
1788 2090 1821 2123 in
1844 2091 1962 2135 quibus
1981 2090 2020 2124 de

1268 2144 1336 2177 iure
1353 2143 1443 2176 citari
1465 2143 1570 2183 debet,
1595 2143 1735 2186 legitime
1757 2140 1863 2177 citato.

1311 2198 1393 2241 git).
1416 2198 1484 2230 Non
1508 2197 1666 2230 retineant
1686 2197 1773 2230 domi
1789 2208 1864 2231 suae
1884 2196 2020 2230 familia·
2049 2211 2163 2233 Advocatts
2179 2214 2217 2232 «ιο.

1268 2251 1344 2284 riter
1364 2251 1503 2294 aliquem
1539 2256 1785 2295 procuratorem
1805 2262 1865 2284 nec
1889 2250 2022 2284 advoca·
2036 2243 2219 2299 22:¹¹oegssssffi'sn

1268 2311 1335 2337 tum
1353 2315 1413 2338 nec
1434 2305 1529 2338 etiam
1554 2304 1716 2337 notarium
1734 2315 1809 2337 suae
1830 2304 1950 2337 curiae.
2213 2292 2220 2304 ¹

1313 2359 1328 2401 ξ
1348 2358 1400 2391 ⁶20.
1424 2359 1520 2391 ludex
1532 2359 1570 2390 de
1591 2358 1726 2391 Sabellis
1742 2358 1847 2390 nullas
1867 2358 2022 2401 pecunias
2063 2371 2224 2392 Iudicis-desa-

1270 2421 1329 2455 pro
1350 2411 1524 2444 obtinendo
1552 2411 1712 2444 iudicatus
1742 2410 1885 2444 osticium
1916 2421 2021 2444 mare·
2036 2403 2104 2460 }'fflij'
2135 2403 2224 2430 ‘¹⁹¹'ffl'

1271 2461 1370 2493 scallo
1390 2471 1450 2503 pro
1467 2465 1612 2503 tempore
1633 2459 1777 2492 existenti
1794 2460 1953 2503 persolvat
1968 2465 2024 2493 aut

1272 2509 1313 2548 ei,
1333 2509 1428 2541 etiam
1437 2514 1509 2552 post
1520 2513 1702 2541 assecutum
1712 2507 1869 2548 officinm,
1884 2513 2022 2549 mutuet,

1274 2568 1332 2589 nec
1353 2558 1411 2589 sub
1421 2557 1532 2600 quotis
1544 2560 1709 2600 praetextu
1722 2555 1896 2599 quicquam
1918 2556 1946 2589 ei
1959 2557 2022 2598 det,

1274 2606 1380 2639 minus
1400 2606 1467 2650 ipse
1488 2605 1695 2638 marescallus
1715 2604 1754 2636 ab
1775 2604 1888 2637 eodem
1904 2605 2022 2646 iudice,

1276 2654 1385 2699 quavis
1405 2654 1575 2688 occasione
1590 2654 1639 2687 vel
1659 2664 1768 2694 causa,
1791 2653 1886 2686 etiam
1906 2654 1939 2687 in
1961 2654 2026 2687 vim
