2237 3100
88 261 142 288 Am
156 260 186 286 C.
204 258 272 287 156⁷

964 249 1032 274 PIUS
1054 249 1074 272 V
1098 248 1146 272 ΡΡ.

285 308 448 342 cariorum
465 312 493 339 ct
516 306 715 346 officialium,
742 303 992 338 locatenentium
1014 307 1041 335 et

287 362 445 401 iudicum,
468 371 555 393 nunc
585 367 615 393 et.
645 371 703 404 pro
729 366 875 404 tempore
905 358 1042 391 existen-

286 415 366 448 tium
387 414 637 459 quorumlibet:
673 424 801 447 necnon
837 424 854 445 a
882 413 1042 445 solutione

285 474 316 502 et
336 468 499 502 exactione
521 467 671 512 passagii,
693 463 861 509 arreragii‚
884 466 1041 509 gabellae,

284 522 373 562 datii,
391 528 524 563 tractae,
544 519 973 564 collectae,procurationis,
996 519 1044 551 iu-

285 575 384 609 cundi
408 576 564 608 adventus
582 602 589 615 ,
613 575 733 608 iurium
753 602 759 613 ,
787 575 885 607 etiam
906 574 1042 617 synoda-

286 629 376 670 lium,
398 640 555 663 censuum
577 635 608 662 ct
627 629 841 665 decimarum,
865 628 961 661 etiam
983 638 1042 660 no-

285 683 414 724 valium,
425 683 521 716 etiam
534 684 718 723 hortorum,
733 688 915 726 pratorum,
939 681 1042 725 pisca-

285 737 409 770 tionum
436 743 465 771 et
495 736 785 776 molendinorum,
821 741 917 779 atque
952 736 1042 769 cuili-

284 791 337 823 bet
355 801 517 830 accessus,
541 791 738 826 nullatenus.
754 789 875 823 directe
893 791 941 822 vel
962 789 1043 821 indi-

283 850 380 881 recte,
390 845 556 889 prohiberi
578 844 713 888 possint,
729 850 757 877 et
775 849 1043 888 terrarum,quas

285 910 342 942 per
362 898 484 941 seipsos
503 899 550 931 vel
585 899 666 931 alios
692 908 805 931 eorum
827 897 1015 931 nominibus
1033 926 1040 935 ,

283 952 378 986 etiam
400 953 552 991 colonos,
586 951 825 985 ari-eadatarios
855 957 883 983 et
911 952 1043 996 emphy-

283 1007 410 1039 tlicutas
425 1007 571 1039 excolent
588 1011 619 1038 et
634 1006 672 1038 de.
692 1005 811 1048 quibus
832 1005 956 1038 fructus·
972 1016 1044 1049 per-

283 1059 414 1104 cipient,
442 1060 567 1092 ratione
600 1058 835 1092 beneficiorum
876 1059 1042 1102 hospitalis

283 1114 391 1147 Sancti
412 1113 521 1146 Lazari
542 1113 729 1146 huiusmodi
755 1118 786 1145 et
806 1113 946 1146 cuiusvis
966 1114 1042 1146 alte-

283 1167 351 1201 rius
376 1167 484 1200 oneris
509 1167 706 1211 personalis,
728 1166 823 1199 realis
850 1177 906 1200 seu
935 1166 1039 1203 mixti,

283 1221 440 1255 ordinarii
460 1221 509 1254 vel
535 1220 782 1254 extraordinarii
806 1247 813 1259 ,
842 1220 1042 1264 ubicumque

283 1281 315 1308 et
332 1285 542 1319 quacumque
567 1285 663 1307 causa
689 1273 832 1317 impositi
857 1275 905 1306 vel
937 1274 1043 1318 impo-

283 1329 382 1362 nendi
402 1339 461 1372 pro
483 1334 642 1372 tempore,
666 1327 759 1361 liberi
781 1334 811 1360 et
831 1328 982 1372 exempti,
1006 1340 1042 1361 ae

283 1382 377 1415 nobis
400 1388 432 1416 et
451 1382 555 1415 dictae
585 1382 659 1415 Sedi
694 1381 879 1414 immediate
907 1382 1042 1415 subiecti

283 1436 429 1470 existant.
453 1436 497 1469 lta
513 1436 600 1480 quod
620 1436 869 1479 archiepiscopi,
883 1436 1040 1480 episcopi,

283 1490 430 1534 praelati,
454 1489 623 1529 ordinarii,
645 1489 769 1530 vicarii,
792 1489 971 1529 officiales,
995 1490 1042 1522 lo-

282 1549 469 1578 catenentes
504 1550 535 1577 et
570 1543 694 1577 iudices
733 1543 765 1575 in
805 1542 1040 1587 spiritualibus,

282 1598 377 1632 ctiam
399 1598 526 1631 ratione
547 1597 655 1630 delicti
666 1597 859 1640 (dummodo
881 1597 960 1630 illud
977 1608 1042 1630 non

282 1651 321 1685 sit
341 1652 380 1685 de
400 1651 631 1694 atrocioribus)
650 1652 699 1685 vel
711 1655 908 1690 contractus,
924 1661 979 1683 seu
997 1651 1043 1684 rei

281 1706 320 1740 de
340 1717 404 1750 qua
424 1710 562 1749 agetur,
588 1705 789 1748 ubicumque
823 1704 1044 1738 committatur

281 1756 448 1795 delictum,
471 1755 592 1788 iniatur
608 1759 805 1794 contractus,
828 1760 883 1787 aut
903 1765 954 1787 res
975 1754 1042 1798 ipsa

281 1805 447 1845 consistat,
469 1804 495 1837 si
516 1815 674 1849 personae
700 1804 788 1848 ipsae
809 1804 892 1836 intra
913 1804 1042 1846 regula-

281 1855 329 1888 ria
349 1855 421 1888 loca
441 1854 606 1898 praedicta
626 1853 755 1896 degent,
779 1859 806 1885 et
829 1853 871 1884 ibi
893 1852 1009 1896 aliquis
1026 1863 1043 1885 a

281 1904 367 1937 dicto
388 1904 542 1946 magistro
577 1908 605 1935 ct
627 1907 787 1936 conventu
804 1902 843 1934 ad
865 1902 894 1934 id
917 1902 1042 1945 specia—

282 1954 356 1987 liter
376 1964 450 1986 cum
477 1952 702 1986 iurisdictione
724 1952 898 1994 deputatus
918 1951 1015 1984 suerit,
1033 1978 1040 1990 ,

283 2009 454 2048 postquam
475 2008 653 2036 conventus
670 2001 837 2045 hospitalis
855 2000 1042 2033 huiusmodi

281 2054 398 2087 dictam
412 2053 521 2087 sedem
542 2052 730 2089 babuci-inu
752 2051 947 2094 temporales
967 2062 1042 2084 vero

282 2103 405 2137 iudices
424 2108 455 2136 et
475 2102 598 2135 domini
615 2100 761 2144 praefati,
785 2100 878 2133 etiam
892 2110 1040 2140 exnunc,

282 2154 405 2187 nullam
427 2152 460 2185 in
481 2163 536 2185 eos
556 2152 603 2184 vel
629 2161 666 2184 ea
683 2150 953 2190 iurisdictionem,
973 2160 1044 2182 cor-

283 2202 461 2235 rectionem
496 2211 553 2234 seu
579 2205 771 2243 potestatem
793 2198 900 2241 (salvis
935 2204 1042 2232 tamen

282 2251 419 2284 decretis
439 2249 569 2283 concilii
595 2247 788 2290 Tridentini)
809 2258 972 2288 exercere,
989 2253 1043 2281 aut

283 2298 628 2334 excommunicationis
641 2297 757 2330 aliasve
770 2297 956 2337 sententias,
970 2308 1043 2331 cen-

283 2361 375 2383 suras
386 2355 416 2383 et
427 2359 549 2393 poenas
561 2347 785 2392 promulgare,
799 2351 852 2379 aut
868 2346 977 2385 etiam,
994 2358 1043 2380 ra-

283 2398 369 2432 tione
380 2407 595 2442 personarum
605 2396 653 2429 vel
663 2407 737 2428 reru
744 2406 786 2434 m,
801 2395 991 2428 animalium
1006 2407 1042 2429 ac

283 2448 445 2481 bonorum
483 2448 561 2490 (non
600 2452 706 2479 tamen
737 2445 1040 2489 patrimonialium)‚

283 2498 322 2531 ad
333 2498 476 2541 aliquam
494 2496 689 2529 solutionem
701 2495 860 2538 pontium,
872 2494 1039 2535 fontium,1

229 2540 236 2547 ’
284 2557 466 2586 murorum,
483 2557 540 2579 seu
557 2545 652 2578 etiam
664 2544 801 2577 aliarum
819 2543 1042 2585 ecclesiarum,

284 2607 382 2640 quam
404 2595 507 2629 dictae
528 2593 703 2637 Religionis
722 2619 729 2633 ,
761 2592 857 2625 etiam
884 2592 909 2624 si
934 2592 1042 2626 forsan

322 2655 332 2680 ¹
352 2653 418 2681 Bull.
440 2653 469 2681 S.
489 2653 548 2679 Laz.
570 2652 645 2679 addit
663 2652 813 2686 suricorum
827 2651 865 2686 (a.
884 2651 932 2685 T.).

366 2697 530 2729 Bulmtom.
552 2697 608 2727 Vol.
630 2696 688 2727 Vll.
891 2695 929 2725 66

1735 232 1793 266 5211

1085 301 1243 333 hactenus
1273 309 1330 343 per
1354 298 1491 331 abusum
1525 307 1580 329 seu
1608 296 1739 328 alterius
1774 295 1841 338 pri-

1086 354 1237 397 vilegium
1266 357 1321 385 aut
1341 351 1580 395 negligentiam,
1597 350 1692 382 etiam
1707 350 1843 393 perlon-

1085 407 1253 451 gissimum
1270 411 1409 449 tempus,
1421 405 1528 438 taliter
1546 404 1749 437 observatum
1777 413 1843 435 non

1087 460 1289 499 suerit.Quae
1302 459 1423 499 omnia,
1443 459 1537 492 ctiam
1556 456 1840 501 praescriptiones,

1086 515 1176 547 nullo
1198 520 1291 557 pacto
1313 514 1424 546 saltem
1456 512 1487 545 in
1524 517 1688 555 posterum
1717 511 1840 543 obstent

1086 578 1150 610 quo
1172 567 1280 600 minus
1300 565 1571 610 exemptionibus,
1594 564 1713 608 quibus
1724 563 1777 596 alii
1795 574 1843 596 re-

1085 622 1213 664 gulares
1225 620 1462 663 cuiuscumque
1470 618 1604 652 militiae
1614 617 1731 651 milites
1743 623 1842 650 utun-

1086 681 1148 714 tur,
1166 680 1196 707 et
1217 675 1329 707 eodem
1353 675 1448 707 modo
1477 684 1542 716 quo
1566 672 1626 713 illi,
1650 671 1695 704 uti
1721 671 1842 715 possint

1086 739 1140 761 eos
1160 733 1339 767 coarctare,
1356 733 1408 760 aut
1431 727 1483 760 alii
1505 727 1717 770 quicumque,
1732 725 1842 758 cuius-

1086 792 1226 825 cumque
1257 781 1493 814 ecelesiasticae
1514 781 1562 814 vel
1584 780 1768 813 mundanae
1794 778 1842 811 di-

1085 836 1214 878 gnitatis
1252 842 1305 868 aut
1337 835 1600 879 praeeminentiae
1613 862 1620 874 ,
1657 839 1756 867 status
1796 835 1841 866 vel

1086 889 1278 922 conditionis
1299 889 1445 926 existant,
1469 889 1563 922 etiam
1585 889 1617 920 in
1638 888 1716 921 locis
1737 893 1764 920 et
1782 893 1844 920 ter-

1086 943 1128 976 ris
1158 949 1286 975 sanctae
1306 943 1470 976 Romanae
1491 942 1663 976 Ecclesiae,
1680 941 1774 975 etiam
1787 942 1843 974 im-

1086 998 1225 1030 mediate
1255 996 1423 1035 subiectis,
1445 1002 1471 1029 et
1508 997 1546 1028 ad
1573 996 1757 1043 instantiam
1789 1007 1844 1029 cu-

1085 1051 1279 1094 iuscumque
1300 1050 1458 1094 principis
1485 1060 1541 1082 seu
1577 1049 1818 1082 communitatis
1835 1076 1842 1084 ,

1085 1105 1144 1137 sub
1166 1103 1512 1137 excommunicationis
1532 1103 1614 1135 latae
1635 1103 1813 1135 sententiae
1834 1130 1840 1141 ,

1086 1170 1141 1191 seu
1163 1157 1350 1201 quadrupli,
1374 1157 1457 1189 ultra
1479 1156 1595 1189 damna
1620 1161 1650 1189 et
1670 1167 1840 1199 expensas.

1086 1211 1297 1244 restitutionis
1314 1210 1437 1253 poenis,
1450 1220 1509 1253 per
1520 1209 1789 1242 contrafacientes
1806 1221 1842 1242 eo

1085 1265 1155 1310 ipso
1176 1264 1395 1299 incurrendis,
1418 1263 1525 1300 cosin
1539 1263 1658 1296 iudicio
1675 1265 1722 1297 vel
1743 1270 1841 1300 extra,

1086 1330 1184 1363 super
1199 1318 1384 1362 praemissis
1394 1318 1443 1350 vel
1455 1328 1568 1350 eorum
1579 1328 1640 1350 usu
1652 1328 1708 1350 seu
1721 1328 1841 1362 posses-

1086 1374 1174 1407 sione
1182 1374 1229 1406 xel
1239 1373 1342 1416 quasi,
1355 1372 1475 1405 directe
1486 1372 1533 1405 vel
1546 1371 1713 1412 indirecte,
1729 1372 1842 1415 quovis

1085 1427 1221 1471 quaesito
1242 1427 1351 1460 colore
1367 1426 1413 1459 vel
1430 1425 1571 1469 ingenio,
1583 1426 1769 1463 molestare.
1783 1426 1842 1458 im-

1086 1481 1209 1525 pedire,
1233 1491 1346 1513 vexare
1362 1486 1417 1513 aut
1434 1479 1511 1512 alias
1525 1479 1769 1522 quomodolibet
1785 1479 1844 1511 im-

1086 1540 1194 1578 petere
1229 1538 1437 1578 praesumant
1455 1559 1462 1573 ,
1483 1532 1622 1565 debeant
1655 1543 1712 1566 seu
1746 1533 1841 1566 etiam

1085 1588 1221 1627 valeant;
1245 1587 1299 1620 sed
1319 1586 1456 1632 priores,
1477 1586 1594 1619 milites
1614 1592 1643 1619 et
1665 1586 1746 1619 aliae
1772 1597 1843 1630 per-

1086 1652 1183 1675 sonae
1204 1641 1372 1685 hospitalis
1401 1645 1432 1673 et
1452 1639 1585 1673 militiae
1606 1639 1713 1674 Sancti
1735 1640 1843 1673 Lazari

1084 1694 1271 1728 huiusmodi
1288 1694 1333 1728 sic
1345 1694 1509 1737 degentes,
1528 1699 1597 1737 post
1614 1694 1776 1726 firmatam
1795 1694 1842 1726 di-

1086 1755 1169 1782 ctam
1191 1750 1312 1789 sedem,
1335 1749 1374 1782 de
1392 1748 1630 1791 iustitia'coram
1641 1748 1709 1781 solo
1726 1759 1843 1792 magno

1085 1804 1239 1847 magistro
1260 1809 1288 1837 et
1311 1809 1484 1843 conventu,
1502 1802 1674 1836 veleorum
1690 1803 1844 1846 deputato

1085 1857 1242 1901 (alioquin
1263 1863 1292 1890 et
1314 1857 1456 1896 interim,
1480 1857 1581 1889 done(¹
1605 1857 1705 1900 ipsam
1736 1857 1842 1890 sedem

1086 1906 1270 1946 habuerint,
1293 1917 1401 1939 coram
1424 1906 1595 1938 ordinariis
1607 1906 1753 1938 locorum
1766 1911 1845 1939 tam-

1085 1968 1182 2000 quam
1201 1957 1290 1991 Sedis
1311 1957 1513 2000 Apostolicae
1535 1956 1701 1999 delegatis)
1714 1967 1845 2000 respon-

1085 2007 1161 2039 dere
1183 2007 1330 2039 debeant.
1368 2007 1402 2039 Et
1439 2006 1639 2049 quicumque
1674 2016 1846 2050 processus

1086 2061 1197 2088 contra
1218 2056 1291 2088 illos
1305 2056 1355 2088 vel
1379 2066 1493 2089 eorum
1510 2055 1666 2098 aliquem,
1681 2065 1740 2098 per
1760 2055 1846 2098 ipsos

1085 2105 1234 2138 locorum
1256 2104 1439 2137 ordinarios
1458 2105 1507 2137 vel
1541 2115 1655 2137 eorum
1681 2104 1818 2137 vicarios
1837 2131 1843 2140 ,

1085 2154 1164 2187 alias
1183 2165 1280 2198 quam
1302 2159 1336 2186 ut
1359 2154 1579 2197 praemittitur
1596 2181 1604 2193 ,
1627 2164 1683 2185 seu
1718 2153 1846 2196 quosvis

1086 2203 1165 2239 alios
1186 2214 1245 2247 pro
1265 2210 1412 2247 tempore
1422 2203 1507 2239 sacti,
1521 2208 1550 2235 et
1570 2202 1730 2246 quaelibet
1750 2202 1845 2235 etiam

1086 2252 1431 2286 excommunicationis
1445 2253 1494 2286 vel
1517 2251 1739 2296 suspensionis
1752 2251 1846 2284 aliae-

1085 2313 1148 2345 que
1168 2302 1345 2335 sententiae
1366 2302 1590 2345 promulgatae
1613 2327 1620 2341 ‚
1644 2300 1724 2333 nulli
1742 2305 1772 2333 et
1796 2299 1845 2333 in-

1085 2351 1192 2391 validi,
1205 2351 1392 2394 nulliusque
1409 2350 1535 2383 roboris
1556 2355 1584 2382 et
1596 2349 1752 2382 momenti
1768 2350 1842 2382 sint.

1129 2402 1144 2443 §
1164 2400 1218 2434 15.
1241 2401 1274 2433 In
1288 2400 1412 2433 delictis
1428 2404 1536 2432 autem
1553 2398 1780 2439 atrocioribus,
1798 2399 1844 2432 in-

1085 2456 1133 2483 ter
1154 2460 1308 2493 magnum
1329 2449 1520 2492 magistrum
1535 2458 1589 2481 seu
1614 2447 1784 2492 deputatos
1805 2448 1844 2481 ab

1085 2509 1122 2532 eo
1143 2525 1150 2538 ,
1187 2510 1223 2532 ac
1259 2499 1407 2532 locorum
1432 2525 1439 2538 ,
1462 2503 1526 2530 tam
1554 2497 1586 2530 in
1622 2497 1844 2541 spiritualibus

1084 2559 1182 2591 quam
1204 2547 1449 2592 temporalibus,
1471 2546 1652 2579 ordinarios
1673 2547 1715 2579 ita
1742 2558 1844 2580 serve-

1085 2603 1149 2638 tur,
1174 2603 1209 2631 ut
1228 2597 1283 2641 qui
1305 2609 1342 2631 ex
1362 2597 1407 2630 eis
1428 2596 1643 2641 praevenerit,
1662 2596 1730 2629 eius
1751 2596 1790 2629 sit
1809 2595 1840 2629 in

1084 2647 1309 2691 delinquentes
1330 2646 1522 2680 iurisdictio.

1859 240 1910 266 An.
1927 240 1957 267 C.
1976 239 2044 267 ¹56⁷

1901 2407 1920 2428 si
1946 2409 2044 2428 dsuetum

1860 2439 1922 2459 suoru
1939 2442 2044 2462 atrocius,

1860 2477 1879 2489 ιιι
1891 2472 1936 2490 eius
1949 2472 1973 2489 sit
1986 2476 2046 2489 ιιιιιι-

1860 2502 1918 2523 dicl..
1939 2502 1962 2520 ad
1984 2506 2044 2527 quem

1860 2533 1925 2558 prima
1942 2537 2044 2558 pervent·-

1859 2566 1892 2583 rit.
