<?xml version="1.0" encoding="UTF-8"?>
<!DOCTYPE html PUBLIC "-//W3C//DTD XHTML 1.0 Transitional//EN"
    "http://www.w3.org/TR/xhtml1/DTD/xhtml1-transitional.dtd">
<html xmlns="http://www.w3.org/1999/xhtml" xml:lang="en" lang="en">
 <head>
  <title>
</title>
<meta http-equiv="Content-Type" content="text/html;charset=utf-8" />
  <meta name='ocr-system' content='tesseract 3.04.00' />
  <meta name='ocr-capabilities' content='ocr_page ocr_carea ocr_par ocr_line ocrx_word'/>
</head>
<body>
  <div class='ocr_page' id='page_1' title='image "./bullarumdiplomat07cath_0685.png"; bbox 0 0 2237 3100; ppageno 0'>
   <div class='ocr_carea' id='block_1_1' title="bbox 9 273 189 301">
    <p class='ocr_par' dir='ltr' id='par_1_1' title="bbox 9 273 189 301">
     <span class='ocr_line' id='line_1_1' title="bbox 9 273 189 301; baseline -0.006 0"><span class='ocrx_word' id='word_1_1' title='bbox 9 274 58 301; x_wconf 77' lang='lat' dir='ltr'>An.</span> <span class='ocrx_word' id='word_1_2' title='bbox 75 273 106 301; x_wconf 84' lang='lat' dir='ltr'>G.</span> <span class='ocrx_word' id='word_1_3' title='bbox 123 273 189 301; x_wconf 72' lang='lat'>¹867</span> 
     </span>
    </p>
   </div>
   <div class='ocr_carea' id='block_1_2' title="bbox 200 323 968 2718">
    <p class='ocr_par' dir='ltr' id='par_1_2' title="bbox 200 323 968 2718">
     <span class='ocr_line' id='line_1_2' title="bbox 203 323 952 365; baseline -0.004 -6"><span class='ocrx_word' id='word_1_4' title='bbox 203 326 256 360; x_wconf 90' lang='lat' dir='ltr'>illa</span> <span class='ocrx_word' id='word_1_5' title='bbox 281 325 453 365; x_wconf 86' lang='lat' dir='ltr'>uniuntur,</span> <span class='ocrx_word' id='word_1_6' title='bbox 482 325 607 358; x_wconf 83' lang='lat' dir='ltr'>facilius</span> <span class='ocrx_word' id='word_1_7' title='bbox 632 334 729 358; x_wconf 82' lang='lat' dir='ltr'>onera</span> <span class='ocrx_word' id='word_1_8' title='bbox 757 323 876 357; x_wconf 82' lang='lat' dir='ltr'>eisdem</span> <span class='ocrx_word' id='word_1_9' title='bbox 904 324 952 356; x_wconf 89' lang='lat' dir='ltr'>in-</span> 
     </span>
     <span class='ocr_line' id='line_1_3' title="bbox 203 377 952 423; baseline -0.004 -11"><span class='ocrx_word' id='word_1_10' title='bbox 203 379 386 413; x_wconf 87' lang='lat' dir='ltr'>cumbentia</span> <span class='ocrx_word' id='word_1_11' title='bbox 413 384 653 423; x_wconf 73' lang='lat' dir='ltr'>supportentur,</span> <span class='ocrx_word' id='word_1_12' title='bbox 681 384 708 411; x_wconf 84' lang='lat' dir='ltr'>et</span> <span class='ocrx_word' id='word_1_13' title='bbox 737 377 916 421; x_wconf 83' lang='lat' dir='ltr'>promptius</span> <span class='ocrx_word' id='word_1_14' title='bbox 936 388 952 409; x_wconf 87' lang='lat' dir='ltr'>a</span> 
     </span>
     <span class='ocr_line' id='line_1_4' title="bbox 203 431 953 466; baseline -0.004 0"><span class='ocrx_word' id='word_1_15' title='bbox 203 432 355 466; x_wconf 74' lang='lat' dir='ltr'>ministris</span> <span class='ocrx_word' id='word_1_16' title='bbox 389 432 613 466; x_wconf 84' lang='lat' dir='ltr'>ecclesiasticis</span> <span class='ocrx_word' id='word_1_17' title='bbox 640 432 672 464; x_wconf 91' lang='lat' dir='ltr'>in</span> <span class='ocrx_word' id='word_1_18' title='bbox 700 432 819 464; x_wconf 82' lang='lat' dir='ltr'>eisdem</span> <span class='ocrx_word' id='word_1_19' title='bbox 849 431 953 463; x_wconf 85' lang='lat' dir='ltr'>divina</span> 
     </span>
     <span class='ocr_line' id='line_1_5' title="bbox 202 485 951 530; baseline -0.005 -9"><span class='ocrx_word' id='word_1_20' title='bbox 202 487 306 521; x_wconf 85' lang='lat' dir='ltr'>officia</span> <span class='ocrx_word' id='word_1_21' title='bbox 331 487 547 527; x_wconf 79' lang='lat' dir='ltr'>celebremur,</span> <span class='ocrx_word' id='word_1_22' title='bbox 575 485 774 530; x_wconf 69' lang='lat' dir='ltr'>hospitalitas</span> <span class='ocrx_word' id='word_1_23' title='bbox 798 490 951 525; x_wconf 83' lang='lat' dir='ltr'>servetur,</span> 
     </span>
     <span class='ocr_line' id='line_1_6' title="bbox 201 541 953 585; baseline -0.005 -11"><span class='ocrx_word' id='word_1_24' title='bbox 201 541 328 585; x_wconf 84' lang='lat' dir='ltr'>aliaque</span> <span class='ocrx_word' id='word_1_25' title='bbox 362 541 502 574; x_wconf 88' lang='lat' dir='ltr'>caritatis</span> <span class='ocrx_word' id='word_1_26' title='bbox 531 550 629 584; x_wconf 88' lang='lat' dir='ltr'>opera</span> <span class='ocrx_word' id='word_1_27' title='bbox 663 544 888 577; x_wconf 81' lang='lat' dir='ltr'>exerceantur,</span> <span class='ocrx_word' id='word_1_28' title='bbox 917 550 953 571; x_wconf 85' lang='lat' dir='ltr'>ac</span> 
     </span>
     <span class='ocr_line' id='line_1_7' title="bbox 201 592 954 628; baseline -0.005 0"><span class='ocrx_word' id='word_1_29' title='bbox 201 594 296 628; x_wconf 88' lang='lat' dir='ltr'>etiam</span> <span class='ocrx_word' id='word_1_30' title='bbox 307 594 560 628; x_wconf 89' lang='lat' dir='ltr'>utnihilominus</span> <span class='ocrx_word' id='word_1_31' title='bbox 571 604 648 626; x_wconf 88' lang='lat' dir='ltr'>cura</span> <span class='ocrx_word' id='word_1_32' title='bbox 661 592 842 625; x_wconf 85' lang='lat' dir='ltr'>animarum</span> <span class='ocrx_word' id='word_1_33' title='bbox 857 592 954 625; x_wconf 83' lang='lat' dir='ltr'>(licta-</span> 
     </span>
     <span class='ocr_line' id='line_1_8' title="bbox 202 646 954 692; baseline -0.004 -10"><span class='ocrx_word' id='word_1_34' title='bbox 202 660 273 681; x_wconf 89' lang='lat' dir='ltr'>rum</span> <span class='ocrx_word' id='word_1_35' title='bbox 294 647 529 692; x_wconf 78' lang='lat' dir='ltr'>parochialium</span> <span class='ocrx_word' id='word_1_36' title='bbox 557 646 763 680; x_wconf 77' lang='lat' dir='ltr'>laudabiliter</span> <span class='ocrx_word' id='word_1_37' title='bbox 787 656 954 679; x_wconf 79' lang='lat' dir='ltr'>exercere-</span> 
     </span>
     <span class='ocr_line' id='line_1_9' title="bbox 201 700 954 745; baseline -0.005 -10"><span class='ocrx_word' id='word_1_38' title='bbox 201 708 274 743; x_wconf 90' lang='lat' dir='ltr'>tur,</span> <span class='ocrx_word' id='word_1_39' title='bbox 306 707 396 735; x_wconf 91' lang='lat' dir='ltr'>motu</span> <span class='ocrx_word' id='word_1_40' title='bbox 427 700 560 745; x_wconf 86' lang='lat' dir='ltr'>proprio</span> <span class='ocrx_word' id='word_1_41' title='bbox 595 705 626 733; x_wconf 87' lang='lat' dir='ltr'>et</span> <span class='ocrx_word' id='word_1_42' title='bbox 661 711 695 732; x_wconf 84' lang='lat' dir='ltr'>ex</span> <span class='ocrx_word' id='word_1_43' title='bbox 730 706 816 732; x_wconf 82' lang='lat' dir='ltr'>certa</span> <span class='ocrx_word' id='word_1_44' title='bbox 846 705 954 732; x_wconf 80' lang='lat' dir='ltr'>nostra</span> 
     </span>
     <span class='ocr_line' id='line_1_10' title="bbox 201 752 955 797; baseline -0.007 -8"><span class='ocrx_word' id='word_1_45' title='bbox 201 755 345 796; x_wconf 90' lang='lat' dir='ltr'>scientia,</span> <span class='ocrx_word' id='word_1_46' title='bbox 359 754 549 788; x_wconf 88' lang='lat' dir='ltr'>auctoritate</span> <span class='ocrx_word' id='word_1_47' title='bbox 565 752 752 797; x_wconf 84' lang='lat' dir='ltr'>apostolica,</span> <span class='ocrx_word' id='word_1_48' title='bbox 770 753 831 785; x_wconf 84' lang='lat' dir='ltr'>hac</span> <span class='ocrx_word' id='word_1_49' title='bbox 846 758 955 785; x_wconf 81' lang='lat' dir='ltr'>nostra</span> 
     </span>
     <span class='ocr_line' id='line_1_11' title="bbox 201 806 956 853; baseline -0.005 -11"><span class='ocrx_word' id='word_1_50' title='bbox 201 814 359 853; x_wconf 88' lang='lat' dir='ltr'>perpetuo</span> <span class='ocrx_word' id='word_1_51' title='bbox 378 808 514 841; x_wconf 87' lang='lat' dir='ltr'>valitura</span> <span class='ocrx_word' id='word_1_52' title='bbox 539 806 767 840; x_wconf 85' lang='lat' dir='ltr'>constitutione</span> <span class='ocrx_word' id='word_1_53' title='bbox 787 806 956 839; x_wconf 74' lang='lat' dir='ltr'>statuimus</span> 
     </span>
     <span class='ocr_line' id='line_1_12' title="bbox 200 859 955 903; baseline -0.007 -7"><span class='ocrx_word' id='word_1_54' title='bbox 200 868 231 896; x_wconf 86' lang='lat' dir='ltr'>et</span> <span class='ocrx_word' id='word_1_55' title='bbox 246 861 434 896; x_wconf 77' lang='lat' dir='ltr'>ordinamus</span> <span class='ocrx_word' id='word_1_56' title='bbox 450 872 487 894; x_wconf 89' lang='lat' dir='ltr'>ac</span> <span class='ocrx_word' id='word_1_57' title='bbox 507 861 722 900; x_wconf 80' lang='lat' dir='ltr'>declaramus,</span> <span class='ocrx_word' id='word_1_58' title='bbox 746 859 955 903; x_wconf 87' lang='lat' dir='ltr'>quemadmo-</span> 
     </span>
     <span class='ocr_line' id='line_1_13' title="bbox 200 912 955 958; baseline -0.005 -9"><span class='ocrx_word' id='word_1_59' title='bbox 200 916 278 949; x_wconf 90' lang='lat' dir='ltr'>dum</span> <span class='ocrx_word' id='word_1_60' title='bbox 299 915 394 949; x_wconf 87' lang='lat' dir='ltr'>etiam</span> <span class='ocrx_word' id='word_1_61' title='bbox 411 914 449 948; x_wconf 90' lang='lat' dir='ltr'>de</span> <span class='ocrx_word' id='word_1_62' title='bbox 465 914 566 958; x_wconf 87' lang='lat' dir='ltr'>ipsius</span> <span class='ocrx_word' id='word_1_63' title='bbox 586 912 715 947; x_wconf 88' lang='lat' dir='ltr'>concilii</span> <span class='ocrx_word' id='word_1_64' title='bbox 736 917 841 946; x_wconf 88' lang='lat' dir='ltr'>mente</span> <span class='ocrx_word' id='word_1_65' title='bbox 858 912 955 945; x_wconf 82' lang='lat' dir='ltr'>fuisse</span> 
     </span>
     <span class='ocr_line' id='line_1_14' title="bbox 202 966 957 1013; baseline -0.007 -10"><span class='ocrx_word' id='word_1_66' title='bbox 202 968 395 1013; x_wconf 82' lang='lat' dir='ltr'>colligimus,</span> <span class='ocrx_word' id='word_1_67' title='bbox 418 968 629 1012; x_wconf 72' lang='lat' dir='ltr'>patriarchas,</span> <span class='ocrx_word' id='word_1_68' title='bbox 650 966 912 1010; x_wconf 78' lang='lat' dir='ltr'>archiepiscopos</span> <span class='ocrx_word' id='word_1_69' title='bbox 927 972 957 999; x_wconf 86' lang='lat' dir='ltr'>et</span> 
     </span>
     <span class='ocr_line' id='line_1_15' title="bbox 201 1020 957 1068; baseline -0.007 -11"><span class='ocrx_word' id='word_1_70' title='bbox 201 1023 370 1068; x_wconf 86' lang='lat' dir='ltr'>episcopos</span> <span class='ocrx_word' id='word_1_71' title='bbox 386 1021 548 1066; x_wconf 82' lang='lat' dir='ltr'>praefatos</span> <span class='ocrx_word' id='word_1_72' title='bbox 563 1021 595 1054; x_wconf 92' lang='lat' dir='ltr'>in</span> <span class='ocrx_word' id='word_1_73' title='bbox 610 1020 824 1063; x_wconf 72' lang='lat' dir='ltr'>assignatione</span> <span class='ocrx_word' id='word_1_74' title='bbox 840 1020 957 1063; x_wconf 89' lang='lat' dir='ltr'>portio-</span> 
     </span>
     <span class='ocr_line' id='line_1_16' title="bbox 201 1073 957 1121; baseline -0.004 -11"><span class='ocrx_word' id='word_1_75' title='bbox 201 1076 250 1110; x_wconf 89' lang='lat' dir='ltr'>nis</span> <span class='ocrx_word' id='word_1_76' title='bbox 275 1076 352 1121; x_wconf 91' lang='lat' dir='ltr'>ipsis</span> <span class='ocrx_word' id='word_1_77' title='bbox 382 1075 509 1109; x_wconf 87' lang='lat' dir='ltr'>vicariis</span> <span class='ocrx_word' id='word_1_78' title='bbox 533 1074 711 1120; x_wconf 88' lang='lat' dir='ltr'>perpetuis,</span> <span class='ocrx_word' id='word_1_79' title='bbox 735 1084 771 1106; x_wconf 81' lang='lat' dir='ltr'>ex</span> <span class='ocrx_word' id='word_1_80' title='bbox 792 1073 957 1117; x_wconf 89' lang='lat' dir='ltr'>praedicto</span> 
     </span>
     <span class='ocr_line' id='line_1_17' title="bbox 201 1126 956 1174; baseline -0.005 -11"><span class='ocrx_word' id='word_1_81' title='bbox 201 1130 338 1164; x_wconf 90' lang='lat' dir='ltr'>concilio</span> <span class='ocrx_word' id='word_1_82' title='bbox 359 1130 506 1174; x_wconf 89' lang='lat' dir='ltr'>ipsorum</span> <span class='ocrx_word' id='word_1_83' title='bbox 525 1129 745 1173; x_wconf 86' lang='lat' dir='ltr'>praelatorum</span> <span class='ocrx_word' id='word_1_84' title='bbox 761 1126 894 1160; x_wconf 88' lang='lat' dir='ltr'>arbitrio</span> <span class='ocrx_word' id='word_1_85' title='bbox 911 1127 956 1159; x_wconf 86' lang='lat' dir='ltr'>fa-</span> 
     </span>
     <span class='ocr_line' id='line_1_18' title="bbox 201 1180 956 1223; baseline -0.007 -5"><span class='ocrx_word' id='word_1_86' title='bbox 201 1184 330 1223; x_wconf 89' lang='lat' dir='ltr'>cienda,</span> <span class='ocrx_word' id='word_1_87' title='bbox 353 1184 396 1216; x_wconf 87' lang='lat' dir='ltr'>ita</span> <span class='ocrx_word' id='word_1_88' title='bbox 415 1194 448 1216; x_wconf 90' lang='lat' dir='ltr'>se</span> <span class='ocrx_word' id='word_1_89' title='bbox 469 1183 635 1216; x_wconf 89' lang='lat' dir='ltr'>continere</span> <span class='ocrx_word' id='word_1_90' title='bbox 663 1187 694 1215; x_wconf 90' lang='lat' dir='ltr'>et</span> <span class='ocrx_word' id='word_1_91' title='bbox 721 1180 871 1214; x_wconf 88' lang='lat' dir='ltr'>arbitrari</span> <span class='ocrx_word' id='word_1_92' title='bbox 900 1182 956 1214; x_wconf 88' lang='lat' dir='ltr'>de-</span> 
     </span>
     <span class='ocr_line' id='line_1_19' title="bbox 201 1235 959 1278; baseline -0.005 -6"><span class='ocrx_word' id='word_1_93' title='bbox 201 1238 290 1278; x_wconf 86' lang='lat' dir='ltr'>bere,</span> <span class='ocrx_word' id='word_1_94' title='bbox 313 1243 433 1270; x_wconf 91' lang='lat' dir='ltr'>utnon</span> <span class='ocrx_word' id='word_1_95' title='bbox 458 1236 561 1270; x_wconf 89' lang='lat' dir='ltr'>maior</span> <span class='ocrx_word' id='word_1_96' title='bbox 590 1240 738 1275; x_wconf 82' lang='lat' dir='ltr'>centum,</span> <span class='ocrx_word' id='word_1_97' title='bbox 767 1246 826 1268; x_wconf 91' lang='lat' dir='ltr'>nec</span> <span class='ocrx_word' id='word_1_98' title='bbox 852 1235 959 1268; x_wconf 91' lang='lat' dir='ltr'>minor</span> 
     </span>
     <span class='ocr_line' id='line_1_20' title="bbox 203 1291 957 1336; baseline -0.007 -11"><span class='ocrx_word' id='word_1_99' title='bbox 203 1291 437 1336; x_wconf 84' lang='lat' dir='ltr'>quinquaginta</span> <span class='ocrx_word' id='word_1_100' title='bbox 461 1295 628 1323; x_wconf 87' lang='lat' dir='ltr'>scutorum</span> <span class='ocrx_word' id='word_1_101' title='bbox 656 1299 841 1322; x_wconf 87' lang='lat' dir='ltr'>annuorum</span> <span class='ocrx_word' id='word_1_102' title='bbox 869 1298 957 1321; x_wconf 90' lang='lat' dir='ltr'>sum-</span> 
     </span>
     <span class='ocr_line' id='line_1_21' title="bbox 202 1341 959 1389; baseline -0.007 -10"><span class='ocrx_word' id='word_1_103' title='bbox 202 1355 271 1386; x_wconf 87' lang='lat' dir='ltr'>ma,</span> <span class='ocrx_word' id='word_1_104' title='bbox 302 1344 496 1389; x_wconf 88' lang='lat' dir='ltr'>computatis</span> <span class='ocrx_word' id='word_1_105' title='bbox 520 1343 683 1383; x_wconf 88' lang='lat' dir='ltr'>omnibus,</span> <span class='ocrx_word' id='word_1_106' title='bbox 707 1343 802 1376; x_wconf 85' lang='lat' dir='ltr'>etiam</span> <span class='ocrx_word' id='word_1_107' title='bbox 827 1341 959 1375; x_wconf 86' lang='lat' dir='ltr'>incertis</span> 
     </span>
     <span class='ocr_line' id='line_1_22' title="bbox 203 1396 959 1433; baseline -0.007 0"><span class='ocrx_word' id='word_1_108' title='bbox 203 1399 431 1433; x_wconf 79' lang='lat' dir='ltr'>emolumentis</span> <span class='ocrx_word' id='word_1_109' title='bbox 451 1404 482 1432; x_wconf 89' lang='lat' dir='ltr'>et</span> <span class='ocrx_word' id='word_1_110' title='bbox 505 1398 576 1431; x_wconf 88' lang='lat' dir='ltr'>aliis</span> <span class='ocrx_word' id='word_1_111' title='bbox 600 1396 846 1431; x_wconf 84' lang='lat' dir='ltr'>obventionibus</span> <span class='ocrx_word' id='word_1_112' title='bbox 873 1407 959 1429; x_wconf 91' lang='lat' dir='ltr'>com-</span> 
     </span>
     <span class='ocr_line' id='line_1_23' title="bbox 203 1449 958 1497; baseline -0.007 -10"><span class='ocrx_word' id='word_1_113' title='bbox 203 1453 346 1487; x_wconf 90' lang='lat' dir='ltr'>muniter</span> <span class='ocrx_word' id='word_1_114' title='bbox 369 1452 493 1497; x_wconf 83' lang='lat' dir='ltr'>percipi</span> <span class='ocrx_word' id='word_1_115' title='bbox 520 1451 634 1492; x_wconf 91' lang='lat' dir='ltr'>solitis,</span> <span class='ocrx_word' id='word_1_116' title='bbox 657 1451 703 1484; x_wconf 91' lang='lat' dir='ltr'>eis</span> <span class='ocrx_word' id='word_1_117' title='bbox 722 1450 856 1484; x_wconf 89' lang='lat' dir='ltr'>omnino</span> <span class='ocrx_word' id='word_1_118' title='bbox 881 1449 958 1483; x_wconf 86' lang='lat' dir='ltr'>assi-</span> 
     </span>
     <span class='ocr_line' id='line_1_24' title="bbox 203 1503 960 1550; baseline -0.005 -10"><span class='ocrx_word' id='word_1_119' title='bbox 203 1512 332 1550; x_wconf 82' lang='lat' dir='ltr'>gnetur,</span> <span class='ocrx_word' id='word_1_120' title='bbox 359 1506 421 1540; x_wconf 90' lang='lat' dir='ltr'>nisi</span> <span class='ocrx_word' id='word_1_121' title='bbox 445 1505 572 1538; x_wconf 85' lang='lat' dir='ltr'>vicariis</span> <span class='ocrx_word' id='word_1_122' title='bbox 600 1504 729 1538; x_wconf 90' lang='lat' dir='ltr'>solitum</span> <span class='ocrx_word' id='word_1_123' title='bbox 756 1503 867 1537; x_wconf 87' lang='lat' dir='ltr'>fuisset</span> <span class='ocrx_word' id='word_1_124' title='bbox 887 1504 960 1548; x_wconf 89' lang='lat' dir='ltr'>plus</span> 
     </span>
     <span class='ocr_line' id='line_1_25' title="bbox 204 1558 961 1604; baseline -0.005 -10"><span class='ocrx_word' id='word_1_125' title='bbox 204 1558 369 1604; x_wconf 82' lang='lat' dir='ltr'>assignari,</span> <span class='ocrx_word' id='word_1_126' title='bbox 386 1559 449 1593; x_wconf 88' lang='lat' dir='ltr'>sive</span> <span class='ocrx_word' id='word_1_127' title='bbox 464 1559 497 1592; x_wconf 91' lang='lat' dir='ltr'>in</span> <span class='ocrx_word' id='word_1_128' title='bbox 517 1559 694 1602; x_wconf 86' lang='lat' dir='ltr'>quantitate</span> <span class='ocrx_word' id='word_1_129' title='bbox 712 1562 767 1591; x_wconf 86' lang='lat' dir='ltr'>aut</span> <span class='ocrx_word' id='word_1_130' title='bbox 782 1563 881 1601; x_wconf 90' lang='lat' dir='ltr'>quota</span> <span class='ocrx_word' id='word_1_131' title='bbox 895 1558 961 1590; x_wconf 87' lang='lat' dir='ltr'>sru-</span> 
     </span>
     <span class='ocr_line' id='line_1_26' title="bbox 205 1611 960 1658; baseline -0.005 -10"><span class='ocrx_word' id='word_1_132' title='bbox 205 1619 327 1655; x_wconf 89' lang='lat' dir='ltr'>ctuum,</span> <span class='ocrx_word' id='word_1_133' title='bbox 348 1613 552 1658; x_wconf 83' lang='lat' dir='ltr'>pecuniaque</span> <span class='ocrx_word' id='word_1_134' title='bbox 574 1617 761 1651; x_wconf 87' lang='lat' dir='ltr'>numerata,</span> <span class='ocrx_word' id='word_1_135' title='bbox 784 1611 884 1645; x_wconf 84' lang='lat' dir='ltr'>t&#39;undo</span> <span class='ocrx_word' id='word_1_136' title='bbox 904 1622 960 1645; x_wconf 89' lang='lat' dir='ltr'>seu</span> 
     </span>
     <span class='ocr_line' id='line_1_27' title="bbox 204 1665 961 1711; baseline -0.004 -10"><span class='ocrx_word' id='word_1_137' title='bbox 204 1668 266 1701; x_wconf 86' lang='lat' dir='ltr'>alia</span> <span class='ocrx_word' id='word_1_138' title='bbox 285 1678 320 1701; x_wconf 91' lang='lat' dir='ltr'>re</span> <span class='ocrx_word' id='word_1_139' title='bbox 340 1667 446 1701; x_wconf 90' lang='lat' dir='ltr'>stabili</span> <span class='ocrx_word' id='word_1_140' title='bbox 467 1666 572 1711; x_wconf 89' lang='lat' dir='ltr'>portio</span> <span class='ocrx_word' id='word_1_141' title='bbox 587 1665 774 1700; x_wconf 88' lang='lat' dir='ltr'>huiusmodi</span> <span class='ocrx_word' id='word_1_142' title='bbox 790 1665 961 1699; x_wconf 87' lang='lat' dir='ltr'>constitua-</span> 
     </span>
     <span class='ocr_line' id='line_1_28' title="bbox 204 1719 960 1765; baseline -0.003 -11"><span class='ocrx_word' id='word_1_143' title='bbox 204 1727 270 1763; x_wconf 87' lang='lat' dir='ltr'>tur,</span> <span class='ocrx_word' id='word_1_144' title='bbox 292 1721 530 1765; x_wconf 86' lang='lat' dir='ltr'>cuiuscumque</span> <span class='ocrx_word' id='word_1_145' title='bbox 556 1720 673 1754; x_wconf 86' lang='lat' dir='ltr'>valoris</span> <span class='ocrx_word' id='word_1_146' title='bbox 693 1719 889 1764; x_wconf 86' lang='lat' dir='ltr'>parochialis</span> <span class='ocrx_word' id='word_1_147' title='bbox 908 1730 960 1753; x_wconf 87' lang='lat' dir='ltr'>ec-</span> 
     </span>
     <span class='ocr_line' id='line_1_29' title="bbox 205 1772 962 1815; baseline -0.003 -6"><span class='ocrx_word' id='word_1_148' title='bbox 205 1775 303 1809; x_wconf 86' lang='lat' dir='ltr'>clesia</span> <span class='ocrx_word' id='word_1_149' title='bbox 320 1775 412 1812; x_wconf 79' lang='lat' dir='ltr'>nnita</span> <span class='ocrx_word' id='word_1_150' title='bbox 427 1775 535 1815; x_wconf 87' lang='lat' dir='ltr'>suerit,</span> <span class='ocrx_word' id='word_1_151' title='bbox 553 1779 584 1808; x_wconf 88' lang='lat' dir='ltr'>et</span> <span class='ocrx_word' id='word_1_152' title='bbox 597 1774 706 1807; x_wconf 87' lang='lat' dir='ltr'>habita</span> <span class='ocrx_word' id='word_1_153' title='bbox 726 1772 821 1807; x_wconf 88' lang='lat' dir='ltr'>etiam</span> <span class='ocrx_word' id='word_1_154' title='bbox 837 1773 962 1807; x_wconf 89' lang='lat' dir='ltr'>ratione</span> 
     </span>
     <span class='ocr_line' id='line_1_30' title="bbox 205 1827 962 1872; baseline -0.003 -10"><span class='ocrx_word' id='word_1_155' title='bbox 205 1828 391 1862; x_wconf 85' lang='lat' dir='ltr'>reddituum</span> <span class='ocrx_word' id='word_1_156' title='bbox 411 1835 443 1862; x_wconf 89' lang='lat' dir='ltr'>et</span> <span class='ocrx_word' id='word_1_157' title='bbox 461 1839 598 1862; x_wconf 80' lang='lat' dir='ltr'>onerum</span> <span class='ocrx_word' id='word_1_158' title='bbox 618 1828 694 1869; x_wconf 87' lang='lat' dir='ltr'>loci,</span> <span class='ocrx_word' id='word_1_159' title='bbox 719 1827 771 1861; x_wconf 86' lang='lat' dir='ltr'>cui</span> <span class='ocrx_word' id='word_1_160' title='bbox 791 1827 962 1872; x_wconf 87' lang='lat' dir='ltr'>parochia-</span> 
     </span>
     <span class='ocr_line' id='line_1_31' title="bbox 206 1882 963 1928; baseline -0.004 -10"><span class='ocrx_word' id='word_1_161' title='bbox 206 1884 244 1918; x_wconf 91' lang='lat' dir='ltr'>lis</span> <span class='ocrx_word' id='word_1_162' title='bbox 263 1884 334 1928; x_wconf 86' lang='lat' dir='ltr'>ipsa</span> <span class='ocrx_word' id='word_1_163' title='bbox 352 1883 443 1917; x_wconf 88' lang='lat' dir='ltr'>unita</span> <span class='ocrx_word' id='word_1_164' title='bbox 470 1883 584 1916; x_wconf 82' lang='lat' dir='ltr'>fuerit:</span> <span class='ocrx_word' id='word_1_165' title='bbox 613 1883 656 1916; x_wconf 90' lang='lat' dir='ltr'>ita</span> <span class='ocrx_word' id='word_1_166' title='bbox 676 1882 762 1926; x_wconf 91' lang='lat' dir='ltr'>quod</span> <span class='ocrx_word' id='word_1_167' title='bbox 798 1882 963 1927; x_wconf 83' lang='lat' dir='ltr'>portiones</span> 
     </span>
     <span class='ocr_line' id='line_1_32' title="bbox 207 1938 962 1980; baseline -0.003 -9"><span class='ocrx_word' id='word_1_168' title='bbox 207 1938 291 1972; x_wconf 88' lang='lat' dir='ltr'>ultra</span> <span class='ocrx_word' id='word_1_169' title='bbox 314 1938 362 1971; x_wconf 88' lang='lat' dir='ltr'>vel</span> <span class='ocrx_word' id='word_1_170' title='bbox 389 1938 471 1980; x_wconf 85' lang='lat' dir='ltr'>infra</span> <span class='ocrx_word' id='word_1_171' title='bbox 497 1938 598 1971; x_wconf 88' lang='lat' dir='ltr'>dictas</span> <span class='ocrx_word' id='word_1_172' title='bbox 624 1947 767 1970; x_wconf 83' lang='lat' dir='ltr'>summas</span> <span class='ocrx_word' id='word_1_173' title='bbox 796 1941 962 1970; x_wconf 88' lang='lat' dir='ltr'>scutorum</span> 
     </span>
     <span class='ocr_line' id='line_1_33' title="bbox 208 1991 964 2035; baseline -0.004 -9"><span class='ocrx_word' id='word_1_174' title='bbox 208 1998 338 2030; x_wconf 81' lang='lat' dir='ltr'>centum</span> <span class='ocrx_word' id='word_1_175' title='bbox 347 1997 378 2026; x_wconf 84' lang='lat' dir='ltr'>et</span> <span class='ocrx_word' id='word_1_176' title='bbox 386 1996 553 2033; x_wconf 84' lang='lat' dir='ltr'>scutorum</span> <span class='ocrx_word' id='word_1_177' title='bbox 566 1991 964 2035; x_wconf 84' lang='lat' dir='ltr'>quinquagintahactenus</span> 
     </span>
     <span class='ocr_line' id='line_1_34' title="bbox 208 2044 963 2090; baseline -0.004 -10"><span class='ocrx_word' id='word_1_178' title='bbox 208 2046 403 2090; x_wconf 82' lang='lat' dir='ltr'>assignatae,</span> <span class='ocrx_word' id='word_1_179' title='bbox 429 2046 478 2079; x_wconf 90' lang='lat' dir='ltr'>vel</span> <span class='ocrx_word' id='word_1_180' title='bbox 502 2045 536 2078; x_wconf 88' lang='lat' dir='ltr'>in</span> <span class='ocrx_word' id='word_1_181' title='bbox 560 2051 726 2090; x_wconf 86' lang='lat' dir='ltr'>posterum</span> <span class='ocrx_word' id='word_1_182' title='bbox 753 2045 861 2078; x_wconf 81' lang='lat' dir='ltr'>forsan</span> <span class='ocrx_word' id='word_1_183' title='bbox 885 2044 963 2078; x_wconf 88' lang='lat' dir='ltr'>assi-</span> 
     </span>
     <span class='ocr_line' id='line_1_35' title="bbox 208 2099 963 2146; baseline -0.005 -11"><span class='ocrx_word' id='word_1_184' title='bbox 208 2101 376 2146; x_wconf 81' lang='lat' dir='ltr'>gnandae,</span> <span class='ocrx_word' id='word_1_185' title='bbox 407 2101 515 2144; x_wconf 83' lang='lat' dir='ltr'>quoad</span> <span class='ocrx_word' id='word_1_186' title='bbox 546 2110 711 2134; x_wconf 69' lang='lat' dir='ltr'>excessum</span> <span class='ocrx_word' id='word_1_187' title='bbox 742 2104 773 2132; x_wconf 84' lang='lat' dir='ltr'>et</span> <span class='ocrx_word' id='word_1_188' title='bbox 802 2099 963 2132; x_wconf 82' lang='lat' dir='ltr'>desectum</span> 
     </span>
     <span class='ocr_line' id='line_1_36' title="bbox 209 2152 965 2195; baseline -0.004 -7"><span class='ocrx_word' id='word_1_189' title='bbox 209 2154 406 2195; x_wconf 87' lang='lat' dir='ltr'>huiusmodi,</span> <span class='ocrx_word' id='word_1_190' title='bbox 440 2153 562 2187; x_wconf 86' lang='lat' dir='ltr'>nullius</span> <span class='ocrx_word' id='word_1_191' title='bbox 594 2153 720 2187; x_wconf 84' lang='lat' dir='ltr'>roboris</span> <span class='ocrx_word' id='word_1_192' title='bbox 750 2158 782 2186; x_wconf 86' lang='lat' dir='ltr'>et</span> <span class='ocrx_word' id='word_1_193' title='bbox 811 2152 965 2186; x_wconf 86' lang='lat' dir='ltr'>momenti</span> 
     </span>
     <span class='ocr_line' id='line_1_37' title="bbox 209 2206 964 2251; baseline -0.005 -8"><span class='ocrx_word' id='word_1_194' title='bbox 209 2209 356 2250; x_wconf 81' lang='lat' dir='ltr'>existant,</span> <span class='ocrx_word' id='word_1_195' title='bbox 379 2213 410 2242; x_wconf 87' lang='lat' dir='ltr'>et</span> <span class='ocrx_word' id='word_1_196' title='bbox 429 2208 469 2241; x_wconf 91' lang='lat' dir='ltr'>ad</span> <span class='ocrx_word' id='word_1_197' title='bbox 489 2218 632 2241; x_wconf 83' lang='lat' dir='ltr'>summas</span> <span class='ocrx_word' id='word_1_198' title='bbox 660 2206 841 2251; x_wconf 86' lang='lat' dir='ltr'>praedictas</span> <span class='ocrx_word' id='word_1_199' title='bbox 868 2207 964 2240; x_wconf 88' lang='lat' dir='ltr'>redu-</span> 
     </span>
     <span class='ocr_line' id='line_1_38' title="bbox 209 2259 966 2305; baseline -0.007 -8"><span class='ocrx_word' id='word_1_200' title='bbox 209 2269 278 2297; x_wconf 87' lang='lat' dir='ltr'>ctae</span> <span class='ocrx_word' id='word_1_201' title='bbox 299 2268 329 2296; x_wconf 90' lang='lat' dir='ltr'>et</span> <span class='ocrx_word' id='word_1_202' title='bbox 349 2267 462 2296; x_wconf 87' lang='lat' dir='ltr'>auctae</span> <span class='ocrx_word' id='word_1_203' title='bbox 480 2261 655 2305; x_wconf 87' lang='lat' dir='ltr'>respective</span> <span class='ocrx_word' id='word_1_204' title='bbox 676 2266 883 2299; x_wconf 80' lang='lat' dir='ltr'>censeantur,</span> <span class='ocrx_word' id='word_1_205' title='bbox 906 2259 966 2292; x_wconf 87' lang='lat' dir='ltr'>nisi</span> 
     </span>
     <span class='ocr_line' id='line_1_39' title="bbox 207 2313 968 2359; baseline -0.005 -9"><span class='ocrx_word' id='word_1_206' title='bbox 207 2323 318 2356; x_wconf 74' lang='lat' dir='ltr'>‚tamen</span> <span class='ocrx_word' id='word_1_207' title='bbox 326 2316 415 2349; x_wconf 87' lang='lat' dir='ltr'>valor</span> <span class='ocrx_word' id='word_1_208' title='bbox 428 2326 556 2349; x_wconf 88' lang='lat' dir='ltr'>annuus</span> <span class='ocrx_word' id='word_1_209' title='bbox 568 2315 670 2359; x_wconf 84' lang='lat' dir='ltr'>ipsius</span> <span class='ocrx_word' id='word_1_210' title='bbox 682 2314 880 2358; x_wconf 88' lang='lat' dir='ltr'>parochialis</span> <span class='ocrx_word' id='word_1_211' title='bbox 896 2313 968 2346; x_wconf 90' lang='lat' dir='ltr'>uni-</span> 
     </span>
     <span class='ocr_line' id='line_1_40' title="bbox 211 2367 968 2411; baseline -0.007 -7"><span class='ocrx_word' id='word_1_212' title='bbox 211 2376 272 2411; x_wconf 86' lang='lat' dir='ltr'>tae,</span> <span class='ocrx_word' id='word_1_213' title='bbox 295 2370 402 2403; x_wconf 88' lang='lat' dir='ltr'>habita</span> <span class='ocrx_word' id='word_1_214' title='bbox 438 2369 561 2402; x_wconf 89' lang='lat' dir='ltr'>ratione</span> <span class='ocrx_word' id='word_1_215' title='bbox 591 2374 626 2401; x_wconf 89' lang='lat' dir='ltr'>ut</span> <span class='ocrx_word' id='word_1_216' title='bbox 646 2368 837 2411; x_wconf 88' lang='lat' dir='ltr'>praefertur,</span> <span class='ocrx_word' id='word_1_217' title='bbox 861 2367 968 2400; x_wconf 90' lang='lat' dir='ltr'>minor</span> 
     </span>
     <span class='ocr_line' id='line_1_41' title="bbox 211 2421 966 2468; baseline -0.007 -9"><span class='ocrx_word' id='word_1_218' title='bbox 211 2425 251 2459; x_wconf 88' lang='lat' dir='ltr'>sit</span> <span class='ocrx_word' id='word_1_219' title='bbox 269 2423 504 2468; x_wconf 75' lang='lat' dir='ltr'>quinquaginta</span> <span class='ocrx_word' id='word_1_220' title='bbox 532 2422 649 2463; x_wconf 85' lang='lat' dir='ltr'>scutis;</span> <span class='ocrx_word' id='word_1_221' title='bbox 677 2433 742 2465; x_wconf 89' lang='lat' dir='ltr'>quo</span> <span class='ocrx_word' id='word_1_222' title='bbox 763 2433 839 2455; x_wconf 87' lang='lat' dir='ltr'>casu</span> <span class='ocrx_word' id='word_1_223' title='bbox 860 2421 966 2465; x_wconf 87' lang='lat' dir='ltr'>portio</span> 
     </span>
     <span class='ocr_line' id='line_1_42' title="bbox 212 2471 964 2518; baseline -0.007 -10"><span class='ocrx_word' id='word_1_224' title='bbox 212 2474 370 2518; x_wconf 81' lang='lat' dir='ltr'>assignata</span> <span class='ocrx_word' id='word_1_225' title='bbox 380 2474 429 2507; x_wconf 91' lang='lat' dir='ltr'>vel</span> <span class='ocrx_word' id='word_1_226' title='bbox 444 2473 633 2516; x_wconf 79' lang='lat' dir='ltr'>assignanda</span> <span class='ocrx_word' id='word_1_227' title='bbox 653 2471 773 2505; x_wconf 87' lang='lat' dir='ltr'>vicario</span> <span class='ocrx_word' id='word_1_228' title='bbox 793 2476 964 2515; x_wconf 86' lang='lat' dir='ltr'>perpetuo,</span> 
     </span>
     <span class='ocr_line' id='line_1_43' title="bbox 212 2522 966 2557; baseline -0.005 0"><span class='ocrx_word' id='word_1_229' title='bbox 212 2534 276 2557; x_wconf 91' lang='lat' dir='ltr'>non</span> <span class='ocrx_word' id='word_1_230' title='bbox 306 2523 421 2557; x_wconf 88' lang='lat' dir='ltr'>debeat</span> <span class='ocrx_word' id='word_1_231' title='bbox 451 2522 606 2556; x_wconf 75' lang='lat' dir='ltr'>excedere</span> <span class='ocrx_word' id='word_1_232' title='bbox 634 2531 793 2555; x_wconf 86' lang='lat' dir='ltr'>summam</span> <span class='ocrx_word' id='word_1_233' title='bbox 825 2531 966 2554; x_wconf 83' lang='lat' dir='ltr'>annuam</span> 
     </span>
     <span class='ocr_line' id='line_1_44' title="bbox 211 2570 968 2617; baseline -0.003 -12"><span class='ocrx_word' id='word_1_234' title='bbox 211 2572 328 2617; x_wconf 87' lang='lat' dir='ltr'>valoris</span> <span class='ocrx_word' id='word_1_235' title='bbox 358 2573 461 2606; x_wconf 85' lang='lat' dir='ltr'>dictae</span> <span class='ocrx_word' id='word_1_236' title='bbox 496 2570 712 2616; x_wconf 85' lang='lat' dir='ltr'>parochialis,</span> <span class='ocrx_word' id='word_1_237' title='bbox 744 2570 798 2603; x_wconf 89' lang='lat' dir='ltr'>sed</span> <span class='ocrx_word' id='word_1_238' title='bbox 830 2570 968 2603; x_wconf 87' lang='lat' dir='ltr'>sufficiat</span> 
     </span>
     <span class='ocr_line' id='line_1_45' title="bbox 213 2619 966 2667; baseline -0.005 -10"><span class='ocrx_word' id='word_1_239' title='bbox 213 2622 300 2667; x_wconf 90' lang='lat' dir='ltr'>quod</span> <span class='ocrx_word' id='word_1_240' title='bbox 323 2633 436 2656; x_wconf 89' lang='lat' dir='ltr'>omnes</span> <span class='ocrx_word' id='word_1_241' title='bbox 460 2622 585 2655; x_wconf 86' lang='lat' dir='ltr'>fructus</span> <span class='ocrx_word' id='word_1_242' title='bbox 605 2621 675 2654; x_wconf 89' lang='lat' dir='ltr'>eius</span> <span class='ocrx_word' id='word_1_243' title='bbox 694 2620 858 2657; x_wconf 77' lang='lat' dir='ltr'>dumtaxat</span> <span class='ocrx_word' id='word_1_244' title='bbox 878 2619 966 2653; x_wconf 88' lang='lat' dir='ltr'>attri-</span> 
     </span>
     <span class='ocr_line' id='line_1_46' title="bbox 213 2672 759 2718; baseline -0.007 -11"><span class='ocrx_word' id='word_1_245' title='bbox 213 2672 354 2707; x_wconf 88' lang='lat' dir='ltr'>buantur</span> <span class='ocrx_word' id='word_1_246' title='bbox 373 2672 433 2718; x_wconf 90' lang='lat' dir='ltr'>ipsi</span> <span class='ocrx_word' id='word_1_247' title='bbox 452 2672 570 2706; x_wconf 88' lang='lat' dir='ltr'>vicario</span> <span class='ocrx_word' id='word_1_248' title='bbox 590 2674 759 2716; x_wconf 88' lang='lat' dir='ltr'>perpetuo.</span> 
     </span>
    </p>
   </div>
   <div class='ocr_carea' id='block_1_3' title="bbox 875 269 1046 293">
    <p class='ocr_par' dir='ltr' id='par_1_3' title="bbox 875 269 1046 293">
     <span class='ocr_line' id='line_1_47' title="bbox 875 269 1046 293; baseline -0.006 0"><span class='ocrx_word' id='word_1_249' title='bbox 875 269 942 293; x_wconf 86' lang='lat' dir='ltr'>PIUS</span> <span class='ocrx_word' id='word_1_250' title='bbox 961 269 980 293; x_wconf 91' lang='lat' dir='ltr'>V</span> <span class='ocrx_word' id='word_1_251' title='bbox 999 269 1046 292; x_wconf 74' lang='lat' dir='ltr'>Pr.</span> 
     </span>
    </p>
   </div>
   <div class='ocr_carea' id='block_1_4' title="bbox 1040 257 1951 366">
    <p class='ocr_par' dir='ltr' id='par_1_4' title="bbox 1040 257 1951 366">
     <span class='ocr_line' id='line_1_48' title="bbox 1641 257 1949 294; baseline 0.01 -3"><span class='ocrx_word' id='word_1_252' title='bbox 1641 257 1704 291; x_wconf 69' lang='lat'>6⁶29</span> <span class='ocrx_word' id='word_1_253' title='bbox 1765 266 1816 293; x_wconf 69' lang='lat' dir='ltr'>An.</span> <span class='ocrx_word' id='word_1_254' title='bbox 1837 265 1867 293; x_wconf 84' lang='lat' dir='ltr'>c,</span> <span class='ocrx_word' id='word_1_255' title='bbox 1884 265 1949 294; x_wconf 73' lang='lat'><strong>¹5⁶7</strong></span> 
     </span>
     <span class='ocr_line' id='line_1_49' title="bbox 1040 320 1951 366; baseline 0 -11"><span class='ocrx_word' id='word_1_256' title='bbox 1040 323 1054 365; x_wconf 65' lang='grc' dir='ltr'>ξ</span> <span class='ocrx_word' id='word_1_257' title='bbox 1075 322 1105 355; x_wconf 82' lang='grc'>3.</span> <span class='ocrx_word' id='word_1_258' title='bbox 1130 322 1166 355; x_wconf 87' lang='lat' dir='ltr'>Et</span> <span class='ocrx_word' id='word_1_259' title='bbox 1181 321 1333 366; x_wconf 88' lang='lat' dir='ltr'>quoniam</span> <span class='ocrx_word' id='word_1_260' title='bbox 1354 320 1502 364; x_wconf 81' lang='lat' dir='ltr'>iniquum</span> <span class='ocrx_word' id='word_1_261' title='bbox 1519 325 1678 361; x_wconf 86' lang='lat' dir='ltr'>cssetcos,</span> <span class='ocrx_word' id='word_1_262' title='bbox 1694 321 1750 364; x_wconf 84' lang='lat' dir='ltr'>qui</span> <span class='ocrx_word' id='word_1_263' title='bbox 1795 327 1817 348; x_wconf 75' lang='lat' dir='ltr'>Et</span> <span class='ocrx_word' id='word_1_264' title='bbox 1845 328 1869 348; x_wconf 68' lang='lat' dir='ltr'>ad</span> <span class='ocrx_word' id='word_1_265' title='bbox 1900 334 1951 355; x_wconf 73' lang='lat' dir='ltr'>quos</span> 
     </span>
    </p>
   </div>
   <div class='ocr_carea' id='block_1_5' title="bbox 996 361 1963 2714">
    <p class='ocr_par' dir='ltr' id='par_1_5' title="bbox 996 361 1951 1816">
     <span class='ocr_line' id='line_1_50' title="bbox 996 361 1951 420; baseline 0.001 -11"><span class='ocrx_word' id='word_1_266' title='bbox 996 376 1174 409; x_wconf 84' lang='lat' dir='ltr'>commodis</span> <span class='ocrx_word' id='word_1_267' title='bbox 1201 375 1378 420; x_wconf 79' lang='lat' dir='ltr'>privantur,</span> <span class='ocrx_word' id='word_1_268' title='bbox 1406 374 1516 407; x_wconf 85' lang='lat' dir='ltr'>eadem</span> <span class='ocrx_word' id='word_1_269' title='bbox 1535 384 1645 414; x_wconf 78' lang='lat' dir='ltr'>onera,</span> <span class='ocrx_word' id='word_1_270' title='bbox 1668 361 1864 418; x_wconf 58' lang='lat' dir='ltr'>quaessssifssi&#39;ffi</span> <span class='ocrx_word' id='word_1_271' title='bbox 1890 365 1951 416; x_wconf 51' lang='lat' dir='ltr'>q⁰uriffi</span> 
     </span>
     <span class='ocr_line' id='line_1_51' title="bbox 996 420 1950 478; baseline -0.001 -17"><span class='ocrx_word' id='word_1_272' title='bbox 996 430 1086 473; x_wconf 85' lang='lat' dir='ltr'>prins</span> <span class='ocrx_word' id='word_1_273' title='bbox 1106 430 1322 469; x_wconf 82' lang='lat' dir='ltr'>sustinebant,</span> <span class='ocrx_word' id='word_1_274' title='bbox 1346 428 1464 461; x_wconf 81' lang='lat' dir='ltr'>debere</span> <span class='ocrx_word' id='word_1_275' title='bbox 1486 428 1638 467; x_wconf 76' lang='lat' dir='ltr'>sufferre,</span> <span class='ocrx_word' id='word_1_276' title='bbox 1660 429 1750 461; x_wconf 88' lang='lat' dir='ltr'>volu·</span> <span class='ocrx_word' id='word_1_277' title='bbox 1766 420 1950 478; x_wconf 49' lang='lat' dir='ltr'>ssssssssffi&#39;fflf‘ffl</span> 
     </span>
     <span class='ocr_line' id='line_1_52' title="bbox 997 481 1752 526; baseline -0.003 -10"><span class='ocrx_word' id='word_1_278' title='bbox 997 495 1069 516; x_wconf 87' lang='lat' dir='ltr'>mus</span> <span class='ocrx_word' id='word_1_279' title='bbox 1089 489 1117 516; x_wconf 87' lang='lat' dir='ltr'>et</span> <span class='ocrx_word' id='word_1_280' title='bbox 1139 483 1309 516; x_wconf 85' lang='lat' dir='ltr'>statuimus</span> <span class='ocrx_word' id='word_1_281' title='bbox 1333 482 1420 526; x_wconf 86' lang='lat' dir='ltr'>quod</span> <span class='ocrx_word' id='word_1_282' title='bbox 1448 481 1616 521; x_wconf 87' lang='lat' dir='ltr'>ecclesiae,</span> <span class='ocrx_word' id='word_1_283' title='bbox 1639 492 1752 515; x_wconf 89' lang='lat' dir='ltr'>mona-</span> 
     </span>
     <span class='ocr_line' id='line_1_53' title="bbox 997 535 1753 580; baseline -0.001 -11"><span class='ocrx_word' id='word_1_284' title='bbox 997 537 1103 576; x_wconf 73' lang='lat' dir='ltr'>steria,</span> <span class='ocrx_word' id='word_1_285' title='bbox 1126 537 1279 580; x_wconf 77' lang='lat' dir='ltr'>collegia,</span> <span class='ocrx_word' id='word_1_286' title='bbox 1301 535 1459 569; x_wconf 87' lang='lat' dir='ltr'>beneficia</span> <span class='ocrx_word' id='word_1_287' title='bbox 1480 542 1510 568; x_wconf 89' lang='lat' dir='ltr'>et</span> <span class='ocrx_word' id='word_1_288' title='bbox 1529 535 1583 580; x_wconf 84' lang='lat' dir='ltr'>pia</span> <span class='ocrx_word' id='word_1_289' title='bbox 1602 535 1674 568; x_wconf 85' lang='lat' dir='ltr'>loca</span> <span class='ocrx_word' id='word_1_290' title='bbox 1694 536 1753 568; x_wconf 87' lang='lat' dir='ltr'>hu-</span> 
     </span>
     <span class='ocr_line' id='line_1_54' title="bbox 996 589 1754 634; baseline 0 -12"><span class='ocrx_word' id='word_1_291' title='bbox 996 590 1148 629; x_wconf 76' lang='lat' dir='ltr'>iusmodi,</span> <span class='ocrx_word' id='word_1_292' title='bbox 1172 590 1203 623; x_wconf 90' lang='lat' dir='ltr'>in</span> <span class='ocrx_word' id='word_1_293' title='bbox 1223 601 1364 634; x_wconf 88' lang='lat' dir='ltr'>quorum</span> <span class='ocrx_word' id='word_1_294' title='bbox 1391 589 1632 633; x_wconf 86' lang='lat' dir='ltr'>parochialibus</span> <span class='ocrx_word' id='word_1_295' title='bbox 1652 590 1754 623; x_wconf 88' lang='lat' dir='ltr'>eccle-</span> 
     </span>
     <span class='ocr_line' id='line_1_55' title="bbox 997 642 1756 686; baseline 0 -10"><span class='ocrx_word' id='word_1_296' title='bbox 997 644 1051 676; x_wconf 91' lang='lat' dir='ltr'>siis</span> <span class='ocrx_word' id='word_1_297' title='bbox 1082 644 1180 676; x_wconf 83' lang='lat' dir='ltr'>unitis</span> <span class='ocrx_word' id='word_1_298' title='bbox 1214 644 1379 686; x_wconf 79' lang='lat' dir='ltr'>contingat</span> <span class='ocrx_word' id='word_1_299' title='bbox 1408 642 1542 676; x_wconf 88' lang='lat' dir='ltr'>vicarias</span> <span class='ocrx_word' id='word_1_300' title='bbox 1575 643 1756 684; x_wconf 81' lang='lat' dir='ltr'>praedictas</span> 
     </span>
     <span class='ocr_line' id='line_1_56' title="bbox 997 696 1756 741; baseline 0 -12"><span class='ocrx_word' id='word_1_301' title='bbox 997 697 1089 740; x_wconf 73' lang='lat' dir='ltr'>erigi,</span> <span class='ocrx_word' id='word_1_302' title='bbox 1108 708 1167 741; x_wconf 86' lang='lat' dir='ltr'>pro</span> <span class='ocrx_word' id='word_1_303' title='bbox 1185 697 1418 740; x_wconf 80' lang='lat' dir='ltr'>quantitatibus</span> <span class='ocrx_word' id='word_1_304' title='bbox 1437 697 1603 730; x_wconf 89' lang='lat' dir='ltr'>fructuum</span> <span class='ocrx_word' id='word_1_305' title='bbox 1620 696 1697 741; x_wconf 89' lang='lat' dir='ltr'>ipsis</span> <span class='ocrx_word' id='word_1_306' title='bbox 1713 696 1756 729; x_wconf 90' lang='lat' dir='ltr'>vi-</span> 
     </span>
     <span class='ocr_line' id='line_1_57' title="bbox 998 750 1755 795; baseline 0 -12"><span class='ocrx_word' id='word_1_307' title='bbox 998 750 1092 784; x_wconf 87' lang='lat' dir='ltr'>cariis</span> <span class='ocrx_word' id='word_1_308' title='bbox 1112 750 1278 795; x_wconf 87' lang='lat' dir='ltr'>perpetuis</span> <span class='ocrx_word' id='word_1_309' title='bbox 1298 750 1546 793; x_wconf 82' lang='lat' dir='ltr'>assignatorum,</span> <span class='ocrx_word' id='word_1_310' title='bbox 1565 751 1604 783; x_wconf 88' lang='lat' dir='ltr'>ad</span> <span class='ocrx_word' id='word_1_311' title='bbox 1621 750 1755 783; x_wconf 89' lang='lat' dir='ltr'>solutio-</span> 
     </span>
     <span class='ocr_line' id='line_1_58' title="bbox 998 803 1756 847; baseline 0.001 -11"><span class='ocrx_word' id='word_1_312' title='bbox 998 815 1071 837; x_wconf 86' lang='lat' dir='ltr'>nem</span> <span class='ocrx_word' id='word_1_313' title='bbox 1099 803 1394 847; x_wconf 83' lang='lat' dir='ltr'>quindenniorum,</span> <span class='ocrx_word' id='word_1_314' title='bbox 1417 815 1514 847; x_wconf 81' lang='lat' dir='ltr'>quam</span> <span class='ocrx_word' id='word_1_315' title='bbox 1540 803 1633 837; x_wconf 90' lang='lat' dir='ltr'>nobis</span> <span class='ocrx_word' id='word_1_316' title='bbox 1651 809 1681 837; x_wconf 89' lang='lat' dir='ltr'>et</span> <span class='ocrx_word' id='word_1_317' title='bbox 1700 803 1756 837; x_wconf 80' lang='lat' dir='ltr'>C&#39;a-</span> 
     </span>
     <span class='ocr_line' id='line_1_59' title="bbox 998 857 1755 902; baseline 0 -12"><span class='ocrx_word' id='word_1_318' title='bbox 998 868 1106 891; x_wconf 88' lang='lat' dir='ltr'>merae</span> <span class='ocrx_word' id='word_1_319' title='bbox 1134 857 1336 902; x_wconf 88' lang='lat' dir='ltr'>Apostolicae</span> <span class='ocrx_word' id='word_1_320' title='bbox 1362 858 1504 897; x_wconf 87' lang='lat' dir='ltr'>solvunt,</span> <span class='ocrx_word' id='word_1_321' title='bbox 1534 857 1671 891; x_wconf 89' lang='lat' dir='ltr'>ulterius</span> <span class='ocrx_word' id='word_1_322' title='bbox 1689 868 1755 891; x_wconf 90' lang='lat' dir='ltr'>non</span> 
     </span>
     <span class='ocr_line' id='line_1_60' title="bbox 998 911 1754 952; baseline 0 -8"><span class='ocrx_word' id='word_1_323' title='bbox 998 916 1180 952; x_wconf 79' lang='lat' dir='ltr'>teneantur,</span> <span class='ocrx_word' id='word_1_324' title='bbox 1205 911 1260 944; x_wconf 88' lang='lat' dir='ltr'>sed</span> <span class='ocrx_word' id='word_1_325' title='bbox 1281 911 1326 943; x_wconf 86' lang='lat' dir='ltr'>eis</span> <span class='ocrx_word' id='word_1_326' title='bbox 1350 911 1506 944; x_wconf 87' lang='lat' dir='ltr'>detractio</span> <span class='ocrx_word' id='word_1_327' title='bbox 1522 911 1577 944; x_wconf 88' lang='lat' dir='ltr'>fiat</span> <span class='ocrx_word' id='word_1_328' title='bbox 1597 912 1636 944; x_wconf 89' lang='lat' dir='ltr'>ad</span> <span class='ocrx_word' id='word_1_329' title='bbox 1652 916 1754 944; x_wconf 88' lang='lat' dir='ltr'>ratam</span> 
     </span>
     <span class='ocr_line' id='line_1_61' title="bbox 999 964 1755 1009; baseline 0 -11"><span class='ocrx_word' id='word_1_330' title='bbox 999 970 1175 1004; x_wconf 81' lang='lat' dir='ltr'>certorum,</span> <span class='ocrx_word' id='word_1_331' title='bbox 1194 975 1278 1008; x_wconf 91' lang='lat' dir='ltr'>quae</span> <span class='ocrx_word' id='word_1_332' title='bbox 1294 964 1333 997; x_wconf 92' lang='lat' dir='ltr'>de</span> <span class='ocrx_word' id='word_1_333' title='bbox 1348 964 1507 998; x_wconf 89' lang='lat' dir='ltr'>fructibus</span> <span class='ocrx_word' id='word_1_334' title='bbox 1522 965 1682 998; x_wconf 88' lang='lat' dir='ltr'>dictarum</span> <span class='ocrx_word' id='word_1_335' title='bbox 1701 976 1755 1009; x_wconf 89' lang='lat' dir='ltr'>pa-</span> 
     </span>
     <span class='ocr_line' id='line_1_62' title="bbox 999 1017 1754 1063; baseline 0.001 -11"><span class='ocrx_word' id='word_1_336' title='bbox 999 1019 1191 1052; x_wconf 88' lang='lat' dir='ltr'>rochialium</span> <span class='ocrx_word' id='word_1_337' title='bbox 1214 1017 1453 1063; x_wconf 88' lang='lat' dir='ltr'>percipiuntur.</span> <span class='ocrx_word' id='word_1_338' title='bbox 1477 1019 1521 1051; x_wconf 89' lang='lat' dir='ltr'>lta</span> <span class='ocrx_word' id='word_1_339' title='bbox 1542 1024 1647 1052; x_wconf 88' lang='lat' dir='ltr'>tamen</span> <span class='ocrx_word' id='word_1_340' title='bbox 1668 1020 1754 1063; x_wconf 90' lang='lat' dir='ltr'>quod</span> 
     </span>
     <span class='ocr_line' id='line_1_63' title="bbox 998 1071 1757 1117; baseline -0.001 -11"><span class='ocrx_word' id='word_1_341' title='bbox 998 1072 1106 1106; x_wconf 89' lang='lat' dir='ltr'>vicarii</span> <span class='ocrx_word' id='word_1_342' title='bbox 1127 1072 1288 1116; x_wconf 85' lang='lat' dir='ltr'>perpetui,</span> <span class='ocrx_word' id='word_1_343' title='bbox 1307 1071 1362 1115; x_wconf 84' lang='lat' dir='ltr'>qui</span> <span class='ocrx_word' id='word_1_344' title='bbox 1380 1082 1437 1116; x_wconf 88' lang='lat' dir='ltr'>pro</span> <span class='ocrx_word' id='word_1_345' title='bbox 1458 1077 1603 1116; x_wconf 87' lang='lat' dir='ltr'>tempore</span> <span class='ocrx_word' id='word_1_346' title='bbox 1624 1073 1757 1117; x_wconf 88' lang='lat' dir='ltr'>deputa·</span> 
     </span>
     <span class='ocr_line' id='line_1_64' title="bbox 999 1126 1756 1171; baseline 0.001 -12"><span class='ocrx_word' id='word_1_347' title='bbox 999 1127 1138 1166; x_wconf 82' lang='lat' dir='ltr'>buntur,</span> <span class='ocrx_word' id='word_1_348' title='bbox 1162 1131 1334 1159; x_wconf 88' lang='lat' dir='ltr'>teneantur</span> <span class='ocrx_word' id='word_1_349' title='bbox 1361 1126 1508 1169; x_wconf 88' lang='lat' dir='ltr'>accipere</span> <span class='ocrx_word' id='word_1_350' title='bbox 1528 1137 1546 1158; x_wconf 88' lang='lat' dir='ltr'>a</span> <span class='ocrx_word' id='word_1_351' title='bbox 1566 1126 1645 1159; x_wconf 87' lang='lat' dir='ltr'>Sede</span> <span class='ocrx_word' id='word_1_352' title='bbox 1671 1127 1756 1171; x_wconf 81' lang='lat' dir='ltr'>Apo-</span> 
     </span>
     <span class='ocr_line' id='line_1_65' title="bbox 1000 1179 1756 1224; baseline 0 -11"><span class='ocrx_word' id='word_1_353' title='bbox 1000 1180 1111 1213; x_wconf 88' lang='lat' dir='ltr'>stolica</span> <span class='ocrx_word' id='word_1_354' title='bbox 1138 1190 1252 1213; x_wconf 85' lang='lat' dir='ltr'>novam</span> <span class='ocrx_word' id='word_1_355' title='bbox 1281 1179 1497 1224; x_wconf 87' lang='lat' dir='ltr'>provisionem</span> <span class='ocrx_word' id='word_1_356' title='bbox 1526 1190 1602 1212; x_wconf 82' lang='lat' dir='ltr'>suae</span> <span class='ocrx_word' id='word_1_357' title='bbox 1622 1180 1756 1224; x_wconf 89' lang='lat' dir='ltr'>deputa-</span> 
     </span>
     <span class='ocr_line' id='line_1_66' title="bbox 1000 1234 1759 1277; baseline -0.001 -10"><span class='ocrx_word' id='word_1_358' title='bbox 1000 1234 1115 1274; x_wconf 85' lang='lat' dir='ltr'>tionis,</span> <span class='ocrx_word' id='word_1_359' title='bbox 1139 1239 1169 1267; x_wconf 88' lang='lat' dir='ltr'>et</span> <span class='ocrx_word' id='word_1_360' title='bbox 1189 1234 1312 1266; x_wconf 88' lang='lat' dir='ltr'>solvere</span> <span class='ocrx_word' id='word_1_361' title='bbox 1340 1238 1491 1266; x_wconf 89' lang='lat' dir='ltr'>annatam</span> <span class='ocrx_word' id='word_1_362' title='bbox 1521 1243 1580 1277; x_wconf 92' lang='lat' dir='ltr'>pro</span> <span class='ocrx_word' id='word_1_363' title='bbox 1609 1234 1759 1277; x_wconf 88' lang='lat' dir='ltr'>portione</span> 
     </span>
     <span class='ocr_line' id='line_1_67' title="bbox 1000 1287 1759 1331; baseline -0.001 -10"><span class='ocrx_word' id='word_1_364' title='bbox 1000 1288 1179 1328; x_wconf 82' lang='lat' dir='ltr'>fructuum,</span> <span class='ocrx_word' id='word_1_365' title='bbox 1198 1287 1384 1320; x_wconf 90' lang='lat' dir='ltr'>reddituum</span> <span class='ocrx_word' id='word_1_366' title='bbox 1405 1292 1435 1319; x_wconf 90' lang='lat' dir='ltr'>et</span> <span class='ocrx_word' id='word_1_367' title='bbox 1456 1292 1670 1331; x_wconf 90' lang='lat' dir='ltr'>proventuum</span> <span class='ocrx_word' id='word_1_368' title='bbox 1692 1298 1759 1320; x_wconf 85' lang='lat' dir='ltr'>cer-</span> 
     </span>
     <span class='ocr_line' id='line_1_68' title="bbox 1000 1340 1761 1385; baseline 0 -10"><span class='ocrx_word' id='word_1_369' title='bbox 1000 1347 1108 1375; x_wconf 88' lang='lat' dir='ltr'>torum</span> <span class='ocrx_word' id='word_1_370' title='bbox 1137 1341 1194 1374; x_wconf 87' lang='lat' dir='ltr'>sibi</span> <span class='ocrx_word' id='word_1_371' title='bbox 1223 1340 1394 1384; x_wconf 82' lang='lat' dir='ltr'>assignata,</span> <span class='ocrx_word' id='word_1_372' title='bbox 1421 1346 1452 1373; x_wconf 88' lang='lat' dir='ltr'>et</span> <span class='ocrx_word' id='word_1_373' title='bbox 1476 1340 1626 1385; x_wconf 86' lang='lat' dir='ltr'>expedire</span> <span class='ocrx_word' id='word_1_374' title='bbox 1653 1341 1761 1375; x_wconf 80' lang='lat' dir='ltr'>literas</span> 
     </span>
     <span class='ocr_line' id='line_1_69' title="bbox 1001 1394 1760 1439; baseline -0.003 -10"><span class='ocrx_word' id='word_1_375' title='bbox 1001 1394 1206 1439; x_wconf 75' lang='lat' dir='ltr'>apostolicas,</span> <span class='ocrx_word' id='word_1_376' title='bbox 1222 1396 1283 1427; x_wconf 90' lang='lat' dir='ltr'>n&#39;ec</span> <span class='ocrx_word' id='word_1_377' title='bbox 1303 1394 1382 1427; x_wconf 86' lang='lat' dir='ltr'>alias</span> <span class='ocrx_word' id='word_1_378' title='bbox 1397 1394 1435 1427; x_wconf 88' lang='lat' dir='ltr'>ad</span> <span class='ocrx_word' id='word_1_379' title='bbox 1457 1394 1692 1438; x_wconf 88' lang='lat' dir='ltr'>possessionem</span> <span class='ocrx_word' id='word_1_380' title='bbox 1712 1395 1760 1428; x_wconf 92' lang='lat' dir='ltr'>di-</span> 
     </span>
     <span class='ocr_line' id='line_1_70' title="bbox 1002 1448 1760 1492; baseline -0.001 -10"><span class='ocrx_word' id='word_1_381' title='bbox 1002 1455 1128 1482; x_wconf 88' lang='lat' dir='ltr'>ctarum</span> <span class='ocrx_word' id='word_1_382' title='bbox 1147 1448 1341 1481; x_wconf 88' lang='lat' dir='ltr'>vicariarum</span> <span class='ocrx_word' id='word_1_383' title='bbox 1363 1454 1595 1492; x_wconf 86' lang='lat' dir='ltr'>perpetuarum</span> <span class='ocrx_word' id='word_1_384' title='bbox 1616 1452 1646 1482; x_wconf 85' lang='lat' dir='ltr'>et</span> <span class='ocrx_word' id='word_1_385' title='bbox 1666 1448 1760 1482; x_wconf 86' lang='lat' dir='ltr'>servi·</span> 
     </span>
     <span class='ocr_line' id='line_1_71' title="bbox 1002 1501 1762 1546; baseline 0 -10"><span class='ocrx_word' id='word_1_386' title='bbox 1002 1508 1107 1537; x_wconf 85' lang='lat' dir='ltr'>tutum</span> <span class='ocrx_word' id='word_1_387' title='bbox 1119 1502 1306 1536; x_wconf 89' lang='lat' dir='ltr'>earumdem</span> <span class='ocrx_word' id='word_1_388' title='bbox 1315 1502 1551 1546; x_wconf 84' lang='lat' dir='ltr'>parochialium</span> <span class='ocrx_word' id='word_1_389' title='bbox 1561 1501 1683 1535; x_wconf 86' lang='lat' dir='ltr'>admitti</span> <span class='ocrx_word' id='word_1_390' title='bbox 1691 1513 1762 1546; x_wconf 85' lang='lat' dir='ltr'>pos-</span> 
     </span>
     <span class='ocr_line' id='line_1_72' title="bbox 1003 1555 1762 1600; baseline -0.001 -10"><span class='ocrx_word' id='word_1_391' title='bbox 1003 1558 1076 1597; x_wconf 85' lang='lat' dir='ltr'>sint,</span> <span class='ocrx_word' id='word_1_392' title='bbox 1094 1556 1154 1590; x_wconf 81' lang='lat' dir='ltr'>nisi</span> <span class='ocrx_word' id='word_1_393' title='bbox 1170 1557 1274 1590; x_wconf 88' lang='lat' dir='ltr'>soluta</span> <span class='ocrx_word' id='word_1_394' title='bbox 1293 1560 1411 1589; x_wconf 87' lang='lat' dir='ltr'>annata</span> <span class='ocrx_word' id='word_1_395' title='bbox 1438 1561 1468 1589; x_wconf 90' lang='lat' dir='ltr'>et</span> <span class='ocrx_word' id='word_1_396' title='bbox 1488 1555 1642 1600; x_wconf 88' lang='lat' dir='ltr'>expeditis</span> <span class='ocrx_word' id='word_1_397' title='bbox 1661 1555 1762 1590; x_wconf 80' lang='lat' dir='ltr'>literis</span> 
     </span>
     <span class='ocr_line' id='line_1_73' title="bbox 1004 1609 1759 1655; baseline -0.001 -11"><span class='ocrx_word' id='word_1_398' title='bbox 1004 1610 1189 1655; x_wconf 83' lang='lat' dir='ltr'>apostolicis</span> <span class='ocrx_word' id='word_1_399' title='bbox 1208 1621 1309 1643; x_wconf 86' lang='lat' dir='ltr'>novae</span> <span class='ocrx_word' id='word_1_400' title='bbox 1337 1609 1542 1654; x_wconf 87' lang='lat' dir='ltr'>provisionis,</span> <span class='ocrx_word' id='word_1_401' title='bbox 1565 1615 1600 1642; x_wconf 89' lang='lat' dir='ltr'>ut</span> <span class='ocrx_word' id='word_1_402' title='bbox 1615 1610 1759 1654; x_wconf 79' lang='lat' dir='ltr'>praefer-</span> 
     </span>
     <span class='ocr_line' id='line_1_74' title="bbox 1005 1663 1760 1708; baseline -0.003 -11"><span class='ocrx_word' id='word_1_403' title='bbox 1005 1670 1068 1705; x_wconf 85' lang='lat' dir='ltr'>tur,</span> <span class='ocrx_word' id='word_1_404' title='bbox 1086 1664 1230 1708; x_wconf 84' lang='lat' dir='ltr'>alioquin</span> <span class='ocrx_word' id='word_1_405' title='bbox 1247 1664 1409 1706; x_wconf 78' lang='lat' dir='ltr'>integrum</span> <span class='ocrx_word' id='word_1_406' title='bbox 1430 1663 1667 1706; x_wconf 87' lang='lat' dir='ltr'>quindennium</span> <span class='ocrx_word' id='word_1_407' title='bbox 1683 1663 1760 1697; x_wconf 82' lang='lat' dir='ltr'>solvi</span> 
     </span>
     <span class='ocr_line' id='line_1_75' title="bbox 1004 1716 1761 1761; baseline -0.001 -10"><span class='ocrx_word' id='word_1_408' title='bbox 1004 1718 1138 1759; x_wconf 88' lang='lat' dir='ltr'>debere,</span> <span class='ocrx_word' id='word_1_409' title='bbox 1169 1729 1229 1752; x_wconf 89' lang='lat' dir='ltr'>nec</span> <span class='ocrx_word' id='word_1_410' title='bbox 1255 1717 1364 1751; x_wconf 88' lang='lat' dir='ltr'>vicarii</span> <span class='ocrx_word' id='word_1_411' title='bbox 1395 1716 1551 1761; x_wconf 88' lang='lat' dir='ltr'>praedicti</span> <span class='ocrx_word' id='word_1_412' title='bbox 1575 1722 1669 1751; x_wconf 87' lang='lat' dir='ltr'>antea</span> <span class='ocrx_word' id='word_1_413' title='bbox 1696 1722 1761 1750; x_wconf 86' lang='lat' dir='ltr'>tuta</span> 
     </span>
     <span class='ocr_line' id='line_1_76' title="bbox 1005 1770 1691 1816; baseline -0.003 -10"><span class='ocrx_word' id='word_1_414' title='bbox 1005 1772 1201 1806; x_wconf 87' lang='lat' dir='ltr'>conscientia</span> <span class='ocrx_word' id='word_1_415' title='bbox 1220 1773 1345 1805; x_wconf 81' lang='lat' dir='ltr'>fructus</span> <span class='ocrx_word' id='word_1_416' title='bbox 1364 1771 1533 1816; x_wconf 85' lang='lat' dir='ltr'>percipere</span> <span class='ocrx_word' id='word_1_417' title='bbox 1558 1770 1691 1816; x_wconf 84' lang='lat' dir='ltr'>possint.</span> 
     </span>
    </p>

    <p class='ocr_par' dir='ltr' id='par_1_6' title="bbox 1006 1825 1960 2195">
     <span class='ocr_line' id='line_1_77' title="bbox 1050 1825 1960 1871; baseline -0.005 -11"><span class='ocrx_word' id='word_1_418' title='bbox 1050 1828 1115 1871; x_wconf 58' lang='lat' dir='ltr'>gli.</span> <span class='ocrx_word' id='word_1_419' title='bbox 1143 1826 1300 1860; x_wconf 79' lang='lat' dir='ltr'>Volumus</span> <span class='ocrx_word' id='word_1_420' title='bbox 1328 1826 1480 1870; x_wconf 89' lang='lat' dir='ltr'>insuper,</span> <span class='ocrx_word' id='word_1_421' title='bbox 1508 1830 1539 1858; x_wconf 90' lang='lat' dir='ltr'>et</span> <span class='ocrx_word' id='word_1_422' title='bbox 1557 1825 1601 1858; x_wconf 89' lang='lat' dir='ltr'>ita</span> <span class='ocrx_word' id='word_1_423' title='bbox 1628 1826 1761 1859; x_wconf 86' lang='lat' dir='ltr'>manda·</span> <span class='ocrx_word' id='word_1_424' title='bbox 1822 1834 1960 1871; x_wconf 51' lang='lat' dir='ltr'>niueumque</span> 
     </span>
     <span class='ocr_line' id='line_1_78' title="bbox 1006 1872 1875 1926; baseline -0.003 -11"><span class='ocrx_word' id='word_1_425' title='bbox 1006 1893 1089 1922; x_wconf 84' lang='lat' dir='ltr'>mus,</span> <span class='ocrx_word' id='word_1_426' title='bbox 1117 1881 1203 1926; x_wconf 85' lang='lat' dir='ltr'>quod</span> <span class='ocrx_word' id='word_1_427' title='bbox 1224 1880 1300 1914; x_wconf 91' lang='lat' dir='ltr'>dicti</span> <span class='ocrx_word' id='word_1_428' title='bbox 1320 1879 1429 1913; x_wconf 89' lang='lat' dir='ltr'>vicarii</span> <span class='ocrx_word' id='word_1_429' title='bbox 1458 1879 1605 1923; x_wconf 90' lang='lat' dir='ltr'>perpetui</span> <span class='ocrx_word' id='word_1_430' title='bbox 1633 1889 1697 1913; x_wconf 89' lang='lat' dir='ltr'>non</span> <span class='ocrx_word' id='word_1_431' title='bbox 1724 1879 1764 1912; x_wconf 86' lang='lat' dir='ltr'>ad</span> <span class='ocrx_word' id='word_1_432' title='bbox 1777 1872 1875 1892; x_wconf 57' lang='lat'><strong>&#39;¹⁰³¹¹⁰⁵&#39;</strong></span> 
     </span>
     <span class='ocr_line' id='line_1_79' title="bbox 1006 1932 1763 1973; baseline -0.005 -4"><span class='ocrx_word' id='word_1_433' title='bbox 1006 1936 1139 1969; x_wconf 85' lang='lat' dir='ltr'>liberam</span> <span class='ocrx_word' id='word_1_434' title='bbox 1161 1934 1403 1968; x_wconf 89' lang='lat' dir='ltr'>ordinariorum</span> <span class='ocrx_word' id='word_1_435' title='bbox 1424 1933 1630 1973; x_wconf 84' lang='lat' dir='ltr'>electionem,</span> <span class='ocrx_word' id='word_1_436' title='bbox 1648 1933 1707 1966; x_wconf 79' lang='lat' dir='ltr'>sed</span> <span class='ocrx_word' id='word_1_437' title='bbox 1724 1932 1763 1966; x_wconf 88' lang='lat' dir='ltr'>ad</span> 
     </span>
     <span class='ocr_line' id='line_1_80' title="bbox 1006 1987 1771 2031; baseline -0.005 -8"><span class='ocrx_word' id='word_1_438' title='bbox 1006 1989 1262 2023; x_wconf 88' lang='lat' dir='ltr'>nominationem</span> <span class='ocrx_word' id='word_1_439' title='bbox 1284 1988 1428 2027; x_wconf 90' lang='lat' dir='ltr'>illorum,</span> <span class='ocrx_word' id='word_1_440' title='bbox 1448 1987 1479 2020; x_wconf 91' lang='lat' dir='ltr'>in</span> <span class='ocrx_word' id='word_1_441' title='bbox 1500 1997 1640 2031; x_wconf 89' lang='lat' dir='ltr'>quorum</span> <span class='ocrx_word' id='word_1_442' title='bbox 1662 1987 1771 2020; x_wconf 41' lang='lat' dir='ltr'>eccle*</span> 
     </span>
     <span class='ocr_line' id='line_1_81' title="bbox 1008 2040 1763 2088; baseline -0.005 -11"><span class='ocrx_word' id='word_1_443' title='bbox 1008 2044 1060 2077; x_wconf 91' lang='lat' dir='ltr'>siis</span> <span class='ocrx_word' id='word_1_444' title='bbox 1080 2043 1179 2077; x_wconf 90' lang='lat' dir='ltr'>unitis</span> <span class='ocrx_word' id='word_1_445' title='bbox 1203 2048 1383 2088; x_wconf 87' lang='lat' dir='ltr'>ponentur,</span> <span class='ocrx_word' id='word_1_446' title='bbox 1407 2052 1481 2075; x_wconf 91' lang='lat' dir='ltr'>cum</span> <span class='ocrx_word' id='word_1_447' title='bbox 1502 2040 1647 2085; x_wconf 89' lang='lat' dir='ltr'>ipsorum</span> <span class='ocrx_word' id='word_1_448' title='bbox 1675 2040 1763 2074; x_wconf 77' lang='lat' dir='ltr'>ordi-</span> 
     </span>
     <span class='ocr_line' id='line_1_82' title="bbox 1008 2094 1763 2138; baseline -0.004 -8"><span class='ocrx_word' id='word_1_449' title='bbox 1008 2097 1173 2131; x_wconf 88' lang='lat' dir='ltr'>nariorum</span> <span class='ocrx_word' id='word_1_450' title='bbox 1198 2108 1254 2131; x_wconf 77' lang='lat' dir='ltr'>seu</span> <span class='ocrx_word' id='word_1_451' title='bbox 1275 2107 1389 2130; x_wconf 88' lang='lat' dir='ltr'>eorum</span> <span class='ocrx_word' id='word_1_452' title='bbox 1409 2095 1616 2135; x_wconf 88' lang='lat' dir='ltr'>vicariorum,</span> <span class='ocrx_word' id='word_1_453' title='bbox 1635 2094 1763 2138; x_wconf 81' lang='lat' dir='ltr'>praevio</span> 
     </span>
     <span class='ocr_line' id='line_1_83' title="bbox 1008 2150 1667 2195; baseline -0.008 -10"><span class='ocrx_word' id='word_1_454' title='bbox 1008 2151 1165 2192; x_wconf 79' lang='lat' dir='ltr'>examine,</span> <span class='ocrx_word' id='word_1_455' title='bbox 1189 2150 1439 2195; x_wconf 86' lang='lat' dir='ltr'>approbatione,</span> <span class='ocrx_word' id='word_1_456' title='bbox 1462 2150 1667 2193; x_wconf 87' lang='lat' dir='ltr'>deputentur.</span> 
     </span>
    </p>

    <p class='ocr_par' dir='ltr' id='par_1_7' title="bbox 1009 2202 1963 2714">
     <span class='ocr_line' id='line_1_84' title="bbox 1053 2202 1958 2249; baseline -0.009 -10"><span class='ocrx_word' id='word_1_457' title='bbox 1053 2207 1067 2249; x_wconf 62' lang='grc' dir='ltr'>ξ</span> <span class='ocrx_word' id='word_1_458' title='bbox 1096 2206 1126 2239; x_wconf 84' lang='grc'>5.</span> <span class='ocrx_word' id='word_1_459' title='bbox 1164 2205 1197 2238; x_wconf 89' lang='lat' dir='ltr'>Et</span> <span class='ocrx_word' id='word_1_460' title='bbox 1226 2206 1251 2238; x_wconf 88' lang='lat' dir='ltr'>si</span> <span class='ocrx_word' id='word_1_461' title='bbox 1281 2204 1386 2238; x_wconf 86' lang='lat' dir='ltr'>dictae</span> <span class='ocrx_word' id='word_1_462' title='bbox 1420 2202 1621 2248; x_wconf 87' lang='lat' dir='ltr'>parochiales</span> <span class='ocrx_word' id='word_1_463' title='bbox 1656 2202 1763 2235; x_wconf 86' lang='lat' dir='ltr'>unitae</span> <span class='ocrx_word' id='word_1_464' title='bbox 1792 2210 1958 2247; x_wconf 24' lang='lat' dir='ltr'>*raoni-nasum-</span> 
     </span>
     <span class='ocr_line' id='line_1_85' title="bbox 1009 2242 1963 2301; baseline -0.004 -9"><span class='ocrx_word' id='word_1_465' title='bbox 1009 2265 1104 2293; x_wconf 86' lang='lat' dir='ltr'>erunt</span> <span class='ocrx_word' id='word_1_466' title='bbox 1124 2259 1327 2292; x_wconf 82' lang='lat' dir='ltr'>monasteriis</span> <span class='ocrx_word' id='word_1_467' title='bbox 1356 2257 1554 2301; x_wconf 77' lang='lat' dir='ltr'>regularium</span> <span class='ocrx_word' id='word_1_468' title='bbox 1583 2255 1763 2290; x_wconf 86' lang='lat' dir='ltr'>Mendican-</span> <span class='ocrx_word' id='word_1_469' title='bbox 1777 2242 1963 2294; x_wconf 54' lang='grc' dir='ltr'>ξξωῖἶξξῗῖζξῖζζ</span> 
     </span>
     <span class='ocr_line' id='line_1_86' title="bbox 1010 2305 1960 2358; baseline -0.004 -12"><span class='ocrx_word' id='word_1_470' title='bbox 1010 2313 1108 2354; x_wconf 85' lang='lat' dir='ltr'>tium,</span> <span class='ocrx_word' id='word_1_471' title='bbox 1145 2313 1267 2358; x_wconf 90' lang='lat' dir='ltr'>possint</span> <span class='ocrx_word' id='word_1_472' title='bbox 1295 2324 1313 2345; x_wconf 86' lang='lat' dir='ltr'>a</span> <span class='ocrx_word' id='word_1_473' title='bbox 1346 2310 1569 2356; x_wconf 88' lang='lat' dir='ltr'>superioribus</span> <span class='ocrx_word' id='word_1_474' title='bbox 1602 2309 1763 2343; x_wconf 88' lang='lat' dir='ltr'>dictorum</span> <span class='ocrx_word' id='word_1_475' title='bbox 1778 2305 1895 2357; x_wconf 46' lang='grc' dir='ltr'>ξζζῖοωω</span> <span class='ocrx_word' id='word_1_476' title='bbox 1912 2306 1960 2326; x_wconf 71' lang='lat'>‘¹¹¹⁵&#39;</span> 
     </span>
     <span class='ocr_line' id='line_1_87' title="bbox 1009 2363 1764 2407; baseline -0.007 -6"><span class='ocrx_word' id='word_1_477' title='bbox 1009 2367 1280 2401; x_wconf 86' lang='lat' dir='ltr'>monasteriorum</span> <span class='ocrx_word' id='word_1_478' title='bbox 1309 2364 1468 2399; x_wconf 86' lang='lat' dir='ltr'>nominari</span> <span class='ocrx_word' id='word_1_479' title='bbox 1490 2375 1526 2397; x_wconf 79' lang='lat' dir='ltr'>ex</span> <span class='ocrx_word' id='word_1_480' title='bbox 1549 2363 1626 2407; x_wconf 85' lang='lat' dir='ltr'>ipsis</span> <span class='ocrx_word' id='word_1_481' title='bbox 1646 2363 1764 2397; x_wconf 85' lang='lat' dir='ltr'>Mendi-</span> 
     </span>
     <span class='ocr_line' id='line_1_88' title="bbox 1011 2417 1762 2462; baseline -0.005 -8"><span class='ocrx_word' id='word_1_482' title='bbox 1011 2422 1169 2455; x_wconf 88' lang='lat' dir='ltr'>cantibus.</span> <span class='ocrx_word' id='word_1_483' title='bbox 1193 2422 1290 2461; x_wconf 82' lang='lat' dir='ltr'>Quos,</span> <span class='ocrx_word' id='word_1_484' title='bbox 1309 2420 1333 2453; x_wconf 90' lang='lat' dir='ltr'>si</span> <span class='ocrx_word' id='word_1_485' title='bbox 1354 2417 1522 2458; x_wconf 83' lang='lat' dir='ltr'>ordinarii,</span> <span class='ocrx_word' id='word_1_486' title='bbox 1544 2417 1673 2462; x_wconf 88' lang='lat' dir='ltr'>praevio</span> <span class='ocrx_word' id='word_1_487' title='bbox 1689 2428 1762 2451; x_wconf 86' lang='lat' dir='ltr'>exa-</span> 
     </span>
     <span class='ocr_line' id='line_1_89' title="bbox 1010 2466 1760 2515; baseline -0.007 -11"><span class='ocrx_word' id='word_1_488' title='bbox 1010 2471 1095 2504; x_wconf 89' lang='lat' dir='ltr'>mine</span> <span class='ocrx_word' id='word_1_489' title='bbox 1118 2481 1177 2515; x_wconf 89' lang='lat' dir='ltr'>per</span> <span class='ocrx_word' id='word_1_490' title='bbox 1192 2481 1224 2504; x_wconf 86' lang='lat' dir='ltr'>se</span> <span class='ocrx_word' id='word_1_491' title='bbox 1245 2474 1300 2503; x_wconf 89' lang='lat' dir='ltr'>aut</span> <span class='ocrx_word' id='word_1_492' title='bbox 1317 2479 1430 2502; x_wconf 86' lang='lat' dir='ltr'>eorum</span> <span class='ocrx_word' id='word_1_493' title='bbox 1445 2466 1582 2500; x_wconf 89' lang='lat' dir='ltr'>vicarios</span> <span class='ocrx_word' id='word_1_494' title='bbox 1598 2466 1760 2505; x_wconf 86' lang='lat' dir='ltr'>faciendo,</span> 
     </span>
     <span class='ocr_line' id='line_1_90' title="bbox 1010 2516 1760 2554; baseline -0.008 0"><span class='ocrx_word' id='word_1_495' title='bbox 1010 2521 1143 2554; x_wconf 86' lang='lat' dir='ltr'>idoneos</span> <span class='ocrx_word' id='word_1_496' title='bbox 1160 2520 1199 2554; x_wconf 87' lang='lat' dir='ltr'>ad</span> <span class='ocrx_word' id='word_1_497' title='bbox 1217 2530 1329 2554; x_wconf 88' lang='lat' dir='ltr'>curam</span> <span class='ocrx_word' id='word_1_498' title='bbox 1345 2518 1527 2552; x_wconf 89' lang='lat' dir='ltr'>animarum</span> <span class='ocrx_word' id='word_1_499' title='bbox 1548 2516 1760 2550; x_wconf 86' lang='lat' dir='ltr'>exercendam</span> 
     </span>
     <span class='ocr_line' id='line_1_91' title="bbox 1010 2564 1763 2612; baseline -0.008 -9"><span class='ocrx_word' id='word_1_500' title='bbox 1010 2569 1204 2611; x_wconf 83' lang='lat' dir='ltr'>invenerint,</span> <span class='ocrx_word' id='word_1_501' title='bbox 1231 2574 1261 2602; x_wconf 89' lang='lat' dir='ltr'>et</span> <span class='ocrx_word' id='word_1_502' title='bbox 1289 2568 1331 2601; x_wconf 87' lang='lat' dir='ltr'>ita</span> <span class='ocrx_word' id='word_1_503' title='bbox 1356 2577 1415 2612; x_wconf 91' lang='lat' dir='ltr'>pro</span> <span class='ocrx_word' id='word_1_504' title='bbox 1450 2565 1574 2599; x_wconf 89' lang='lat' dir='ltr'>idoneis</span> <span class='ocrx_word' id='word_1_505' title='bbox 1604 2564 1763 2610; x_wconf 88' lang='lat' dir='ltr'>approba-</span> 
     </span>
     <span class='ocr_line' id='line_1_92' title="bbox 1010 2615 1762 2660; baseline -0.009 -6"><span class='ocrx_word' id='word_1_506' title='bbox 1010 2621 1124 2660; x_wconf 85' lang='lat' dir='ltr'>verint,</span> <span class='ocrx_word' id='word_1_507' title='bbox 1158 2625 1331 2653; x_wconf 88' lang='lat' dir='ltr'>teneantur</span> <span class='ocrx_word' id='word_1_508' title='bbox 1359 2617 1391 2651; x_wconf 91' lang='lat' dir='ltr'>in</span> <span class='ocrx_word' id='word_1_509' title='bbox 1415 2615 1563 2656; x_wconf 50' lang='lat' dir='ltr'>vicarios</span> <span class='ocrx_word' id='word_1_510' title='bbox 1586 2615 1762 2648; x_wconf 83' lang='lat' dir='ltr'>adnutum</span> 
     </span>
     <span class='ocr_line' id='line_1_93' title="bbox 1010 2663 1773 2714; baseline -0.008 -11"><span class='ocrx_word' id='word_1_511' title='bbox 1010 2675 1117 2703; x_wconf 84' lang='lat' dir='ltr'>tamen</span> <span class='ocrx_word' id='word_1_512' title='bbox 1152 2669 1357 2714; x_wconf 88' lang='lat' dir='ltr'>superiorum</span> <span class='ocrx_word' id='word_1_513' title='bbox 1393 2676 1538 2700; x_wconf 82' lang='lat' dir='ltr'>suorum</span> <span class='ocrx_word' id='word_1_514' title='bbox 1561 2663 1773 2704; x_wconf 85' lang='lat' dir='ltr'>amovibiles‚-·</span> 
     </span>
    </p>
   </div>
  </div>
 </body>
</html>
