2237 3100
16 317 68 345 Au.
85 317 116 346 C.
131 317 198 345 1⁸62

31 697 200 719 Contnveuien-

14 729 70 750 tibus
118 734 199 756 poenas

14 761 110 788 imponit.

21 1709 89 1731 lus-io
104 1714 132 1730 ne
147 1714 197 1731 ear·
210 1705 272 1740 hug

12 1740 94 1762 diunt-s
110 1744 132 1762 et
147 1746 197 1762 ora·
281 1734 289 1748 '

12 1775 71 1793 tores
86 1772 136 1793 talia
150 1778 197 1800 pei·-

12 1804 103 1825 mittant.

12 2147 122 2169 ctausuiae
138 2148 200 2170 dero-

12 2179 116 2205 gatoriao.

890 313 957 338 PIUS
980 314 1012 337 iv
1035 313 1082 337 Pr.

1656 297 1720 332 167
1780 307 1829 334 An.
1846 306 1876 333 c.
1895 305 1962 332 1552

213 365 360 400 officium
382 370 493 399 contra
509 365 594 406 illos,
617 365 711 399 etiam
722 365 755 398 in
772 365 922 398 domibus
942 371 971 398 et,
1014 364 1139 398 decimo
1166 362 1318 396 kalendas
1343 361 1461 401 martii,
1484 360 1690 404 pontificatus
1709 370 1766 393 no-

213 420 293 453 locis
309 419 548 453 circumvicinis
564 418 735 463 praedictis,
748 419 849 451 libere
861 424 889 451 et
903 419 970 451 siue
1014 419 1068 452 stri
1091 428 1174 451 anno
1195 426 1240 449 111.

212 474 279 507 ulla
290 484 423 518 prorsus
441 473 693 506 contradictione
705 472 819 515 exequi
836 473 968 515 possint,

212 527 325 572 quovis
349 527 457 568 modo,
483 527 603 560 directe
614 528 661 560 vel
685 526 851 566 indirecte,
870 525 971 569 impe-

214 581 287 614 dire
303 587 523 625 praesumant.

257 635 273 679 ἓ
297 635 328 668 4,
356 635 509 678 Alioquin
535 639 736 678 receptantes
760 639 815 667 aut
848 634 969 667 securi-

214 693 311 722 tatem
337 693 554 732 praestantes,
583 700 637 721 seu
668 688 762 721 etiam
785 693 971 721 executores

214 742 354 776 iustitiae
365 742 619 785 quomodolibet,
632 747 663 774 ut
677 741 902 785 praemittitur,
912 742 971 774 im-

213 796 399 841 pedienteS‚
429 806 556 829 necnon
577 796 644 839 qui,
679 794 891 828 cardinalium
916 801 969 827 aut

213 855 380 884 oratorum
398 861 454 883 seu
475 854 662 893 magnatum
684 849 967 893 quorumlibetno-

214 913 288 936 men
312 903 539 939 acclamando,
568 908 679 936 contra
707 903 808 935 dictos
832 902 969 935 iustitiae

213 956 378 990 ministros
396 956 626 998 invocaverint,
649 961 705 989 aut
719 956 796 989 alias
812 956 971 999 quoslibet

212 1010 293 1044 alios
317 1010 350 1043 in
376 1010 506 1044 eosdem
533 1011 697 1043 ministros
722 1010 967 1047 concitaverint,

211 1064 299 1097 velut
318 1063 463 1097 criminis
478 1065 582 1097 laesae.
600 1064 772 1097 maiestatis
782 1064 841 1104 rei,
863 1064 971 1097 condi-

212 1116 283 1161 gnis
295 1116 408 1161 poenis
419 1117 613 1156 afficiantur3
627 1123 738 1151 contra
759 1128 841 1161 quos
858 1128 971 1151 omnes

213 1176 244 1204 et
263 1170 409 1214 singulos
428 1171 467 1204 ad
479 1171 679 1215 supradictas
691 1176 721 1203 et
736 1170 830 1203 etiam
843 1171 881 1204 ad
894 1171 971 1204 alias

212 1233 346 1268 poenas,
363 1224 396 1257 in
416 1224 534 1268 quibus
559 1225 782 1258 malefactores
805 1224 866 1268 ipsi
892 1236 969 1258 con-

213 1277 355 1311 demnati
380 1277 501 1311 fuerint
524 1278 572 1311 vel
604 1289 684 1322 quas
710 1279 967 1322 promeruerint,

213 1330 433 1374 interesseque
453 1337 482 1364 et
504 1331 620 1364 damna
641 1332 715 1365 inde
735 1332 968 1376 provenientia,

212 1395 340 1418 necnon
352 1385 392 1418 ad
401 1384 598 1419 creditorum
606 1385 865 1426 satisfactionem,
875 1387 969 1419 etiam

212 1449 250 1472 ex
278 1438 385 1472 officio
410 1443 441 1472 et
479 1439 518 1472 ad
544 1438 611 1472 fisci
637 1440 738 1472 nostri
771 1451 808 1473 ac
829 1441 969 1485 partium

212 1491 411 1533 instantiam,
428 1492 603 1537 respective
629 1493 750 1538 inquiri
771 1498 801 1527 et
825 1495 968 1538 procedi,

213 1550 244 1578 et
263 1545 442 1579 successive
463 1557 518 1580 eos
539 1547 749 1581 condemnari
761 1558 854 1591 posse
875 1554 905 1582 et
920 1549 971 1582 de-

211 1599 290 1633 bere
316 1600 467 1633 volumus
487 1605 583 1644 atque
605 1601 822 1635 decernimus.

256 1653 271 1697 ξ
299 1653 331 1688 5.
355 1654 540 1688 Mandantes
565 1655 778 1689 nihilominus
799 1656 970 1690 cardinali-

326 1708 510 1741 oratoribus
536 1714 566 1742 et
595 1709 664 1742 aliis
696 1710 884 1754 praedictis,
912 1711 970 1744 sub

211 1760 356 1795 eiusdem
381 1768 510 1796 nostrae
535 1763 764 1806 indignationis
789 1775 908 1808 poena,
938 1770 973 1797 ut

211 1815 388 1849 familiares
399 1827 475 1850 suos
486 1822 518 1849 et
529 1817 608 1850 alios
619 1817 651 1850 in
663 1817 808 1862 ipsorum
822 1818 971 1852 domibus

213 1875 470 1910 commorantes,
492 1881 532 1904 ne
552 1871 728 1915 praemissa
753 1873 968 1913 committant,

193 1918 346 1957 'omnino
371 1924 568 1959 admoneant
593 1931 623 1959 et
649 1937 724 1959 cum
746 1926 860 1960 effectu
883 1927 971 1960 cohi-

212 1978 321 2020 beant,
334 1990 440 2023 neque
452 1991 510 2025 per
522 1981 593 2015 illos
605 1980 725 2024 aliquid
737 1981 775 2014 de
787 1982 971 2025 praemissis

212 2033 283 2069 fieri
304 2035 416 2078 quovis
433 2035 529 2068 modo
542 2035 680 2069 tolerent
695 2047 750 2069 seu
770 2035 967 2079 permittant.

257 2089 272 2133 ἓ
301 2088 333 2122 6.
365 2089 434 2122 Non
463 2089 663 2123 obstantibus
687 2089 971 2124 constitutionibus

213 2148 244 2177 et
272 2143 529 2176 ordinationibus
558 2143 765 2187 apostolicis,
798 2143 972 2188 privilegiis

212 2207 347 2241 quoque
367 2202 398 2230 et
417 2197 562 2237 indultis,
580 2197 640 2231 sub
660 2208 866 2242 quacumque
881 2203 970 2232 teno-

213 2262 286 2285 rum
313 2251 417 2285 sorma
436 2251 682 2296 quomodolibet
709 2251 741 2284 in
770 2253 968 2285 contrarium

214 2305 393 2346 concessis,
422 2305 622 2338 confirmatis
648 2311 678 2338 et
705 2306 825 2339 iteratis
849 2307 970 2340 vicibus

213 2359 390 2400 innovatis,
412 2359 541 2393 assertis
562 2359 868 2400 consuetudinibus,
891 2371 970 2404 quas

214 2425 273 2459 per
305 2418 487 2458 praesentes
517 2407 760 2458 improbamus,
792 2414 969 2460 ceterisque

215 2472 385 2507 contrariis
405 2472 679 2516 quibuscumque.

259 2531 346 2565 Nulli
366 2541 443 2574 ergo
464 2535 520 2564 etc.

229 2591 234 2595 '
258 2590 374 2623 Datum
398 2589 518 2623 Romae
539 2590 626 2635 apud
652 2589 804 2623 Sanctum
824 2590 967 2631 Petrum,

215 2657 299 2683 anno
330 2648 563 2682 lncarnationis
590 2648 771 2682 dominicae
798 2649 969 2684 millesimo

1040 478 1099 506 liat.
1116 476 1162 506 die
1180 476 1215 504 18
1233 473 1375 503 februarii
1394 472 1480 508 1562,
1492 472 1594 511 pontis.
1612 481 1688 501 auno
1705 480 1744 501 ιιι.

1348 652 1432 685 LVII.

1013 728 1195 760 Decimi-atio
1216 733 1243 761 ct
1268 729 1424 761 limitatio
1444 727 1684 759 constitutionis
1704 727 1769 759 edi-

1058 787 1108 814 tae
1137 793 1154 813 a
1176 783 1278 814 Paulo
1306 783 1357 814 JV
1383 792 1477 824 saper
1506 781 1768 813 ordinationibus
1799 807 1803 810 .

1057 837 1262 868 observanda·
1288 847 1345 878 pm·
1372 837 1508 869 hebroeos
1529 835 1563 867 iit
1588 834 1685 867 Statu
1704 835 1768 867 Ec-

1057 890 1231 922 clesiastico
1252 890 1396 931 deflentes
1420 890 1442 921 ¹.

1012 971 1074 1000 Pius
1092 971 1162 1006 rapa
1186 970 1217 998 1v
1238 970 1373 999 universis
1387 971 1416 998 et
1432 969 1549 1005 singulis
1564 969 1709 1005 utriusque
1727 977 1767 997 se·

1055 1032 1109 1053 xus
1124 1025 1248 1053 hebraeis
1266 1024 1294 1052 in
1313 1024 1383 1052 alma
1400 1024 1468 1052 Urbe
1487 1022 1720 1051 commorantibus
1739 1023 1768 1050 et

1056 1078 1218 1107 commorari
1238 1078 1342 1108 solitis.
1359 1078 1431 1107 viam
1458 1077 1591 1106 veritatis
1611 1083 1767 1112 agnoscere,

1056 1134 1086 1162 et
1109 1133 1234 1168 agnitam
1254 1131 1403 1161 custodire.

1057 1204 1183 1237 Dudum
1205 1216 1223 1237 a
1238 1202 1586 1237 felicisrecordationis
1602 1202 1702 1235 Paulo
1713 1202 1770 1235 Pa·
1792 1218 1968 1240 pfflssuglvmup

1747 1256 1752 1261 “
1785 1254 1805 1271 ιιι
1820 1251 1893 1270 statuit
1912 1251 1971 1271 circa

1012 1269 1053 1302 pa
1062 1258 1110 1298 IV,
1125 1258 1371 1302 praedecessore
1382 1263 1504 1296 nostro,
1517 1257 1585 1289 zelo
1606 1255 1788 1299 religionis.

1784 1284 1907 1303 iudaeorum
1936 1282 1968 1302 vi-

1013 1312 1206 1345 christianae
1227 1317 1327 1348 moto,
1345 1311 1456 1344 literae
1477 1310 1673 1354 apostolicae
1685 1310 1771 1343 circa
1784 1313 1969 1369 {32213111032119152

1011 1371 1153 1399 vestrum
1188 1366 1394 1409 aliorumque
1418 1365 1626 1398 hebraeorum
1646 1363 1771 1397 vivendi
1785 1356 1969 1400 Mimnermi).

1014 1420 1160 1459 modum,
1175 1420 1233 1453 sub
1251 1420 1323 1452 data
1334 1419 1479 1452 videlicet
1492 1417 1594 1462 pridie
1606 1417 1678 1451 idus
1690 1417 1772 1458 iulii,

1014 1474 1220 1517 pontificatus
1246 1473 1294 1505 sui
1320 1483 1405 1506 anno
1430 1482 1450 1512 1,
1463 1477 1667 1511 emanarunt,
1694 1483 1771 1515 qua-

1014 1538 1100 1568 rum,
1120 1533 1150 1560 ut
1166 1527 1364 1570 accepimus,
1383 1531 1563 1571 praetextu,
1582 1526 1771 1569 percalum-

1013 1581 1100 1613 niam
1121 1586 1149 1613 et
1171 1580 1388 1614 cavillationes
1404 1580 1639 1613 nonnullorum
1660 1578 1771 1612 vestris

1014 1634 1220 1667 facultatibus
1248 1634 1459 1673 inhiantium,
1493 1632 1601 1665 literas
1630 1632 1715 1676 ipsas
1739 1632 1772 1665 in

1014 1688 1123 1721 multis
1135 1694 1263 1732 praeter
1279 1688 1379 1731 ipsius
1396 1686 1655 1731 praedecessoris
1670 1686 1771 1719 inten-

1013 1742 1135 1774 tionem
1164 1742 1443 1786 interpretantium
1457 1768 1464 1777 ,
1486 1751 1540 1773 vos
1560 1740 1773 1774 diversimode

1013 1795 1114 1828 vexati
1135 1800 1165 1828 et
1185 1796 1353 1840 inquietati
1375 1795 1489 1828 fuistis.

1057 1850 1072 1893 g
1093 1849 1122 1881 i.
1146 1849 1250 1888 Quare
1264 1860 1334 1887 nos,
1349 1849 1591 1882 considerantes
1601 1848 1688 1893 quod
1701 1859 1770 1882 san·
1796 1857 1974 1895 nscmodopop-

1013 1908 1063 1935 cta
1083 1908 1186 1936 mater
1204 1903 1347 1937 Ecclesia
1367 1903 1517 1943 hebraeis,
1542 1913 1624 1946 quos
1653 1902 1685 1935 in
1706 1889 1973 1943 nie-iiffi{,‘¹0⁶f1¹ffffic¹2

1014 1956 1149 1989 moriam
1161 1957 1319 1990 Passionis
1330 1957 1512 1990 dominicae
1528 1957 1655 1996 tolerat,
1670 1956 1770 1989 multa
1785 1953 1809 2010 {d
1840 1952 1908 1974 ¹⁰⁶¹¹¹¹¹
1933 1958 1971 1974 ⁶⁰⁵

1800 1989 1848 2004 0556

1014 2011 1207 2055 plerumque
1229 2011 1374 2044 concedit
1406 2016 1452 2049 ut,
1482 2010 1658 2043 christiana
1678 2010 1769 2043 beni·
1785 1983 1971 2038 birretutndereiiiff

1012 2065 1131 2108 gnitate
1139 2065 1256 2107 allecti,
1267 2076 1410 2098 errorem
1421 2075 1515 2098 suum
1526 2070 1770 2108 recognoscant,
1786 2053 1850 2073 grum.

1012 2124 1041 2152 et
1068 2119 1105 2152 ad
1131 2130 1262 2159 verum,
1285 2119 1371 2163 quod
1402 2125 1449 2152 est
1473 2118 1634 2158 Christus,
1660 2119 1770 2152 lumen

1012 2173 1141 2206 tandem
1163 2178 1403 2211 convertantur,
1432 2172 1648 2217 plurimorum
1675 2172 1769 2205 etiam

1012 2227 1299 2272 praedecessorum
1312 2232 1498 2260 nostrorum
1510 2226 1650 2269 vestigiis
1661 2226 1772 2260 inhae-

1013 2281 1126 2321 rendo,
1154 2281 1248 2314 statui
1272 2287 1375 2314 vestro
1397 2285 1579 2324 opportune
1601 2280 1769 2324 providere

1012 2336 1164 2374 volentes,
1188 2346 1224 2368 ac
1246 2335 1412 2367 literarum
1429 2333 1668 2378 praedictarum
1681 2340 1769 2367 teno—

1012 2400 1063 2422 res
1083 2389 1307 2433 praesentibus
1331 2399 1390 2433 pro
1416 2387 1573 2431 expressis
1592 2387 1765 2421 habentes:

1012 2449 1101 2476 motu
1112 2443 1258 2487 proprio,
1275 2453 1340 2475 non
1361 2443 1400 2475 ad
1415 2446 1552 2474 vestram
1568 2441 1616 2474 vel
1631 2441 1769 2475 alicuius

1011 2503 1151 2531 vestrum
1173 2503 1227 2531 aut
1244 2497 1376 2530 alterius
1396 2507 1455 2540 pro
1476 2495 1565 2528 vobis
1590 2506 1687 2539 super
1706 2496 1768 2529 hoc

1012 2551 1104 2585 nobis
1119 2551 1244 2585 oblatae
1263 2550 1426 2596 petitionis
1446 2549 1641 2589 instantiam,
1663 2550 1717 2582 sed
1729 2549 1768 2583 de

1012 2611 1120 2640 nostra
1133 2617 1221 2639 mera
1233 2604 1464 2639 deliberatione
1481 2608 1509 2637 et
1522 2614 1557 2637 ex
1569 2607 1655 2637 certa
1667 2603 1768 2636 scien-

1050 2675 1060 2700 ί
1089 2674 1126 2700 De
1147 2674 1254 2700 materia
1281 2672 1458 2699 hebraeorum
1480 2671 1540 2698 vide
1566 2671 1591 2697 in
1611 2671 1716 2698 constit.
1740 2678 1767 2697 iv

215 2707 474 2752 quingentesimo
496 2708 694 2753 sexagesimo
714 2708 869 2751 secund0,
886 2709 968 2744 duo·
1011 2718 1085 2747 Pauli
1103 2718 1148 2752 lv,
1164 2719 1230 2746 eum
1249 2720 1339 2751 nemis,
1360 2721 1425 2745 tom.
1447 2724 1488 2754 vi,
1503 2724 1561 2752 pag.
1583 2716 1644 2743 aas
