2237 3100
27 275 75 301 An.
92 273 121 300 C.
139 272 206 299 ¹567

66 1638 162 1660 clausula
177 1637 224 1658 suh·

41 1671 111 1691 infirm

98 2132 228 2153 Eieeuiores

47 2165 140 2191 depuum

894 263 961 288 PIUS
985 262 1003 285 V
1028 262 1075 285 PP.

223 322 347 363 notari,
381 321 430 355 vel
452 319 637 365 impugnari
657 319 841 353 nullatenus
860 328 972 362 posse⁷

223 377 366 410 minusve
382 376 442 409 sub
459 374 623 418 quibusvis
647 373 800 407 similium
821 373 868 406 vel
884 372 974 405 dissi-

224 432 351 465 milium
371 431 548 474 gratiarum
568 428 836 468 revocationibus,
870 428 974 460 modi-

224 485 445 525 ficationibus,
474 483 737 523 limitationibus‚
768 481 976 515 restitutioni-

225 538 286 573 bus
324 545 355 572 et
383 538 455 572 aliis
489 537 660 571 contrariis
690 534 973 579 dispositionibus,

225 598 290 626 tam
325 604 384 637 per
416 603 475 626 nos
503 602 600 636 quam
638 590 733 624 etiam
773 599 978 623 successores

226 651 353 680 nostros
375 646 632 690 quomodolibet,
650 657 687 678 ac
705 656 780 678 011111
801 644 977 687 quibusvis,

227 700 321 733 etiam
349 699 627 743 derogatoriarum
656 698 867 741 derogatoriis
891 697 977 731 aliis-

227 766 290 800 que
310 754 546 788 efficacioribus
579 759 609 787 et
638 753 784 792 insolitis,
812 752 977 791 clausulis,

228 809 494 853 irritantibusque
514 807 663 848 decretis,
686 817 745 851 pro
770 813 915 850 tempore
939 806 980 838 sa-

229 864 288 898 ctis
299 869 330 897 et
344 863 512 905 faciendis,
531 871 816 905 quorumcumque
829 866 980 893 tenorum

228 917 374 958 existant,
402 917 536 958 includi,
559 917 613 950 sed
624 916 686 949 illis
701 926 766 948 non
782 914 983 948 obstantibus

230 972 261 1005 in
291 972 356 1006 suis
380 972 498 1006 robore
519 976 549 1004 et
570 970 713 1004 efficacia
733 969 925 1014 persistere,
953 974 984 1002 et

230 1026 357 1071 quoties
376 1026 449 1059 illae
467 1025 662 1059 emanabunt
675 1051 682 1065 ,
706 1024 798 1057 toties
818 1024 850 1056 in
874 1023 983 1066 pristi-

230 1091 309 1113 num
329 1085 447 1114 statum
468 1079 646 1118 restitutas,
679 1077 836 1122 repositas
866 1083 896 1110 et
919 1077 984 1121 ple-

231 1133 320 1167 narie
354 1133 575 1176 reintegratus,
607 1133 703 1166 etiam
733 1131 792 1164 sub
826 1131 898 1163 data
928 1141 986 1174 per

231 1183 317 1228 ipsos
333 1183 446 1216 fratres
457 1182 584 1216 Ordinis
599 1181 807 1214 Minimorum
823 1179 983 1221 eligenda,

232 1232 271 1265 de
290 1242 373 1265 novo
394 1242 563 1265 concessas
583 1241 662 1272 esse,
687 1236 717 1263 et
737 1230 780 1262 ita
801 1229 986 1262 incommu-

232 1281 339 1315 tabilis
370 1280 544 1315 voluntatis
577 1286 608 1314 et
638 1278 826 1313 intentionis
858 1283 987 1311 nostrae

234 1342 314 1372 esse,
334 1336 365 1364 et
374 1331 413 1364 ad
429 1331 502 1371 hoc,
518 1335 554 1363 ut
570 1334 727 1374 perpetua
748 1328 900 1361 firmitate
917 1328 989 1361 sub-

235 1380 365 1421 sistant,
396 1380 458 1413 vim
478 1379 572 1412 validi
594 1385 623 1412 et
644 1377 783 1412 efficacis
803 1383 989 1410 contractus

235 1430 319 1464 inter
342 1429 460 1463 dictam
485 1429 601 1462 Sedent
634 1434 662 1461 et
690 1428 912 1472 praefatorum
934 1426 990 1459 Or-

235 1479 348 1513 dinum
378 1478 629 1512 Mendicantium
658 1478 772 1511 fratres
787 1476 987 1515 huiusmodi,

235 1528 368 1562 habere.

281 1579 347 1623 55.
379 1578 497 1623 Sicque
530 1589 590 1622 per
610 1587 838 1621 quoscumque
868 1576 992 1609 iudices

237 1634 268 1662 et
297 1628 547 1668 commissarios,
578 1627 690 1671 quavis
710 1626 901 1660 auctoritate
922 1626 993 1658 sun-

238 1684 360 1722 gentes,
382 1679 477 1712 etiam
497 1689 669 1712 causarum
690 1676 801 1710 Palatii
817 1676 993 1720 Apostoliei

238 1728 414 1769 auditores,
436 1739 473 1762 ac
498 1733 625 1761 sanctae
648 1727 811 1760 Romanae
833 1726 993 1758 Ecclesiae

239 1777 433 1817 cardinales,
469 1778 594 1811 sublata
609 1777 654 1809 eis
674 1782 703 1809 et
729 1786 843 1809 eorum
862 1774 995 1807 cuilibet

239 1827 350 1871 quavis
374 1827 467 1860 aliter
497 1826 662 1860 iudicandi
697 1831 727 1858 et
760 1823 995 1868 interpretandi

240 1877 392 1909 facultate
404 1882 434 1909 et
450 1876 651 1912 auctoritate,
666 1874 803 1908 iudicari
821 1880 849 1907 et
866 1874 995 1906 deliniri

241 1925 372 1965 debere,
392 1925 519 1958 irritum
534 1936 665 1969 quoque
677 1930 706 1957 et
720 1925 827 1964 inane,
847 1924 871 1956 51
888 1934 993 1963 secus,

241 1985 340 2018 super
355 1974 417 2014 his,
435 1985 453 2007 a
468 1984 645 2018 quoquam,
660 1973 769 2016 quavis
791 1972 994 2012 auctoritate,

243 2023 381 2056 scienter
391 2023 439 2055 vel
449 2023 644 2065 ignoranter,
655 2022 822 2064 contigerit
836 2021 994 2055 attentari.

288 2071 357 2115 ξὸ.
387 2072 545 2111 Quocirca
574 2072 812 2105 venerabilibus
846 2071 998 2105 fratribus

243 2122 490 2166 archiepiscopo
503 2122 672 2161 Τ11011111107
691 2127 721 2154 et
736 2122 890 2165 episeopo
906 2122 1000 2155 Ame-

244 2172 335 2212 rino,
370 2182 406 2204 ac
440 2170 557 2204 dilecto
583 2171 650 2203 silio
680 2170 793 2204 Curiae
828 2182 999 2203 causarum

244 2221 397 2255 Gamerae
411 2220 614 2264 Apostolicae
634 2221 775 2262 generali
788 2219 929 2253 auditori
943 2231 1001 2264 per

245 2276 431 2315 praesentes
477 2269 709 2303 committimus
746 2276 776 2302 et
809 2270 1001 2302 mandamus

246 2326 407 2364 quatenus
424 2320 484 2364 ipsi
504 2320 552 2352 vel
577 2320 641 2353 duo
671 2325 726 2351 aut.
758 2329 841 2352 unus
872 2330 999 2359 eorum,

248 2381 306 2414 per
336 2382 369 2403 sc
403 2371 451 2402 vel
471 2369 571 2402 alium
598 2379 653 2401 seu
684 2368 782 2407 alios,
815 2374 1003 2411 praesentes

247 2419 356 2453 literas
381 2424 411 2452 et
440 2419 471 2451 in
498 2418 543 2451 eis
571 2423 720 2450 contenta
754 2428 1001 2461 quaecumque,

248 2469 303 2502 ubi
325 2474 355 2502 et
388 2468 520 2511 quando
546 2478 627 2510 opus
661 2467 772 2507 fuerit,
807 2478 843 2499 ac
877 2466 1004 2510 quoties

249 2528 309 2561 pro
343 2522 433 2561 parte
472 2516 660 2549 eorumdem
700 2515 836 2548 fratrum
878 2515 1005 2548 Ordinis

249 2566 456 2600 Minimorum
477 2566 598 2600 suerint
622 2565 786 2608 requisiti,
818 2566 1006 2599 solemniter

251 2616 466 2660 publicantes,
489 2615 599 2660 eisque
619 2614 651 2647 in
668 2615 852 2659 praemissis
868 2614 1007 2647 efficacis

252 2666 448 2699 defensionis
475 2664 634 2709 praesidio
659 2665 853 2704 assistentes,
877 2664 1004 2703 iaciant,

1014 313 1203 348 auctoritate
1237 317 1356 352 nostra,
1389 311 1476 355 ipsos
1500 310 1613 342 fratres
1640 308 1769 342 Ordinis

1016 368 1221 401 Minimoruin
1238 365 1425 400 huiusmodi
1440 365 1615 404 voluntate,
1638 367 1768 402 statuto,

1017 421 1234 455 declaratione
1262 425 1293 454 et
1321 420 1392 453 aliis
1412 417 1596 463 praemissis
1621 417 1772 450 omnibus

1018 481 1048 509 et
1068 476 1203 519 singulis
1224 475 1357 519 pacifice
1386 473 1448 506 frui
1468 478 1500 506 et
1518 471 1671 516 gaudere.
1703 471 1772 503 Non

1018 530 1242 574 permittentes
1275 540 1330 563 eos
1358 539 1416 573 per
1440 536 1666 571 quoscumque
1690 535 1772 568 quo-

1020 583 1197 616 modolibet
1221 583 1362 616 indebite
1396 580 1572 615 molestari.
1609 578 1774 613 Contradi-

1021 643 1124 671 etores
1155 637 1317 681 quoslibet
1336 642 1367 670 et
1396 635 1545 675 rebelles,
1568 645 1627 679 per
1646 639 1774 667 senten-

1021 692 1093 732 tias,
1135 702 1289 725 censuras
1313 698 1344 725 et
1379 701 1498 734 poenas
1526 687 1776 727 ecclesiasticas,

1022 746 1148 789 aliaque
1169 752 1353 790 opportuna
1374 745 1452 777 iuris
1472 749 1503 777 et
1528 742 1601 776 facti
1623 741 1777 782 remedia,

1023 800 1238 844 appellatione
1257 798 1446 843 postposita,
1469 797 1718 841 compescendo.
1742 796 1779 829 Et

1024 854 1248 894 nihilominus,
1265 853 1416 896 legitimis
1436 863 1533 896 super
1552 851 1603 884 his
1621 851 1780 884 habendis

1025 907 1156 941 servatis
1184 907 1402 951 processibus,
1435 916 1589 939 censuras
1608 911 1640 938 et
1659 915 1780 950 poenas

1025 962 1120 1005 ipsas,
1147 961 1243 994 etiam
1271 961 1391 994 iteratis
1411 960 1545 1001 vicibus,
1568 959 1780 1002 aggravando,

1026 1015 1172 1048 invocato
1194 1016 1290 1048 etiam
1322 1015 1361 1048 ad
1386 1015 1469 1055 hoc,
1503 1014 1527 1047 si
1557 1024 1639 1058 opus
1670 1013 1779 1053 fuerit,

1027 1069 1146 1102 auxilio
1167 1069 1292 1101 brachii
1312 1068 1498 1102 saecularis.

1072 1124 1086 1165 ξ
1112 1123 1142 1155 7.
1175 1123 1245 1155 Non
1279 1122 1481 1156 obstantibus
1512 1122 1716 1166 praemissis,
1746 1131 1783 1154 ac

1029 1177 1131 1210 felicis
1151 1176 1386 1210 recordationis
1407 1175 1561 1209 Bonifacii
1581 1176 1686 1220 Papae
1704 1175 1781 1215 VIII,

1029 1231 1288 1274 praedecessoris
1308 1231 1421 1271 nostri,
1445 1231 1483 1263 de
1508 1240 1583 1267 una,
1604 1235 1635 1263 et
1655 1229 1784 1263 concilii

1029 1285 1189 1328 generalis
1201 1285 1239 1317 de
1255 1285 1380 1317 duabus
1401 1284 1522 1324 diaetis,
1544 1283 1722 1317 dummodo
1733 1283 1785 1316 ul-

1030 1344 1078 1372 tra
1100 1344 1163 1372 tres
1183 1339 1304 1372 diaetas
1324 1339 1406 1382 quis,
1426 1338 1535 1382 vigore
1551 1337 1784 1382 praesentium,

1031 1394 1071 1425 ad
1101 1393 1257 1426 iudicium
1286 1404 1350 1427 non
1374 1393 1533 1433 trahatur,
1556 1397 1587 1425 et
1607 1392 1690 1432 aliis;
1712 1402 1787 1424 nec-

1032 1458 1097 1480 non
1118 1448 1150 1480 in
1166 1447 1418 1492 provincialibus
1439 1452 1469 1479 et
1486 1446 1695 1491 synodalibus
1713 1456 1788 1478 con-

1033 1501 1115 1533 ciliis
1140 1501 1244 1542 editis,
1280 1500 1474 1545 specialibus
1493 1500 1542 1533 vel
1566 1499 1787 1543 generalibus,

1034 1555 1321 1589 constitutionibus
1337 1561 1366 1588 et
1386 1553 1657 1594 ordinationibus3
1672 1564 1708 1586 ac
1719 1553 1791 1597 qui-

1034 1610 1158 1650 busvis,
1185 1610 1280 1643 etiam
1308 1610 1508 1649 iuramento,
1543 1607 1790 1642 confirmatione

1035 1664 1212 1707 apostolica
1240 1664 1288 1696 vel
1304 1664 1415 1708 quavis
1435 1663 1587 1696 firmitate
1605 1662 1666 1695 alia
1694 1662 1791 1694 robo-

1036 1717 1122 1757 ratis,
1144 1717 1269 1750 statutis
1289 1722 1319 1750 et
1340 1716 1646 1757 consuetudinibus,
1663 1715 1793 1759 privile-

1036 1771 1096 1813 giis
1112 1782 1256 1814 quoque,
1279 1771 1412 1804 indultis
1431 1776 1461 1804 et
1476 1770 1578 1804 literis
1593 1769 1790 1814 apostolicis,

1037 1825 1096 1857 sub
1120 1825 1382 1869 quibuscumque
1407 1825 1576 1858 tenoribus
1606 1830 1637 1857 et
1661 1823 1792 1865 formis,

1038 1889 1074 1911 ac
1096 1889 1168 1912 cuin
1193 1879 1370 1923 quibusvis,
1391 1878 1487 1912 etiam
1513 1878 1793 1921 derogatoriarum

1039 1931 1250 1975 derogatoriis
1304 1932 1442 1976 aliisque
1481 1931 1719 1965 efficacioribus
1766 1935 1796 1963 et

1040 1985 1177 2019 insolitis
1193 2013 1200 2027 ,
1233 1986 1405 2027 clausulis,
1450 1985 1719 2029 irritantibusque
1767 1988 1798 2016 et

1040 2040 1110 2072 aliis
1139 2041 1296 2081 decretis,
1326 2040 1359 2073 in
1383 2050 1502 2083 genere
1531 2040 1580 2073 vel
1609 2039 1642 2072 in
1675 2037 1795 2082 specie,

1041 2099 1071 2126 et.
1095 2094 1363 2138 quomodolibet,
1391 2105 1450 2138 per
1481 2103 1708 2137 quoscumque
1737 2091 1798 2124 Ro-

1043 2158 1154 2181 manos
1184 2148 1356 2182 Pontifices
1380 2148 1647 2192 praedecessores
1672 2152 1799 2180 nostros

1043 2204 1203 2246 praefatos
1236 2214 1273 2236 ac
1302 2214 1362 2236 nos
1391 2208 1422 2236 et
1450 2202 1567 2236 Sedent
1601 2201 1798 2246 praefatam,

1043 2256 1139 2289 etiam
1161 2262 1251 2290 motu
1274 2256 1406 2301 proprio
1438 2262 1518 2290 etex
1539 2260 1627 2289 certa
1647 2254 1797 2295 scientia,

1044 2309 1140 2342 etiarn
1161 2309 1428 2343 consistorialiter
1456 2315 1486 2342 et
1516 2309 1554 2342 de
1580 2310 1716 2342 fratrum
1744 2319 1802 2342 no·

1045 2368 1187 2397 strorum
1209 2364 1356 2404 consilio,
1379 2374 1505 2397 necnon
1531 2363 1726 2407 apostolicae
1746 2374 1802 2407 po-

1046 2418 1166 2450 testatis
1190 2411 1391 2462 plenitudine
1418 2417 1596 2457 concessis,
1629 2416 1801 2450 confirma-

1046 2466 1085 2499 tis
1102 2472 1132 2500 et
1146 2467 1316 2501 innovatis.
1339 2467 1461 2507 Quibus
1482 2467 1646 2507 omnihus,
1661 2467 1758 2500 etiam
1776 2466 1801 2500 si

1046 2516 1085 2548 de
1109 2516 1178 2560 ἱ11115
1212 2527 1393 2560 eorumque
1423 2517 1496 2549 totis
1526 2515 1693 2549 tenoribus
1728 2527 1801 2560 spe-

1048 2564 1154 2605 cialis,
1184 2565 1335 2609 specifica
1356 2572 1385 2598 et
1415 2576 1565 2609 expressa
1584 2565 1718 2605 mentio,
1744 2575 1800 2598 seu

1048 2614 1155 2658 aliqua
1185 2615 1246 2648 alia
1271 2614 1427 2659 exquisita
1457 2616 1560 2647 t'orma
1584 2614 1623 2647 ad
1647 2614 1709 2647 hoc
1739 2624 1802 2646 ser-

1050 2665 1150 2697 vanda
1172 2666 1263 2703 t‘oret,
1289 2670 1417 2698 tenores
1438 2663 1638 2703 huiusmodi,
1660 2674 1697 2696 ac
1720 2663 1744 2695 si
1763 2663 1801 2696 de

1659 246 1723 281 635
1782 252 1834 279 An.
1850 250 1877 278 c.
1895 250 1961 277 ¹567

1821 1130 1938 1151 conti-:tritu
1948 1128 1985 1149 de-

1799 1165 1868 1189 rogat.
