2237 3100
77 276 133 304 An.
148 275 178 303 C.
197 274 263 303 ¹568

325 328 340 371 ἓ
364 327 396 361 3.
422 327 492 361 Non
504 327 704 361 obstantibus
715 327 899 372 praemissis
916 327 1033 361 consti-

150 386 263 422 nerogatio
280 377 460 410 tutionibus
488 382 519 410 et
549 377 825 418 ordinationibus,
859 376 1032 420 privilegiis

76 421 242 440 ⁰⁰³¹¹⁸¹¹⁰‘¹¹⁰‘'
278 437 421 470 quoque,
435 426 566 460 indultis
580 431 611 460 et
625 426 738 460 litteris
749 425 931 470 apostolicis
942 435 1033 470 prac-

280 475 374 509 dictis
393 481 424 509 et
436 475 506 509 aliis
517 476 682 519 quibusvis
697 475 942 520 quomodolibet
954 485 1033 508 con-

279 524 395 566 cessis,
429 525 614 569 approbatis
639 531 669 558 et
694 525 868 564 innovatis,
896 524 1033 568 quibus,

280 573 411 607 illorum
433 580 575 615 tenores,
595 579 652 608 etc.
681 585 740 618 pro
767 574 962 607 sufficienter
981 584 1035 606 ex-

280 623 397 666 pressis
439 623 611 663 habentes,
649 623 859 666 derogamus,
896 622 1033 665 illaque,

280 672 387 714 quoad
409 673 584 715 praemissa,
603 683 781 712 cassamus,
797 682 984 705 revocamus
1007 677 1037 704 et

279 721 497 762 annullamus,
514 722 702 766 ctetcrisque
717 721 886 755 contrariis
901 721 1036 764 quibus-

281 780 434 813 cumque.

326 819 340 862 ἓ
364 820 397 852 4.
424 820 580 853 Volumus
604 825 711 852 autem
741 819 829 863 quod
858 819 1038 862 praesentis

96 878 208 914 εις-,1111111
222 877 267 898 sola
281 868 381 901 nostri
402 874 509 901 motus
530 869 666 913 proprii,
689 868 784 902 etiam
810 867 930 911 absque
951 868 1038 901 illius

84 909 166 931 'uffiffl'
282 916 354 950 data
374 923 405 950 et
424 917 647 960 registratura,
670 918 737 951 sola
758 917 924 961 signatura
948 917 1037 950 suffi-

283 966 357 1008 ciat,
384 972 414 999 et
431 967 551 1010 ubique
574 967 669 1000 tidem
690 967 795 1007 saciat,
815 971 879 999 tam
902 965 934 998 in
955 965 1038 999 iudi-

283 1016 334 1050 cio
354 1028 451 1061 quarn
476 1023 576 1058 extra,
603 1027 812 1060 quacumque
834 1015 958 1059 regula,
981 1027 1038 1049 seu

283 1067 514 1100 constitutione
525 1066 703 1110 apostolica
724 1066 887 1100 contraria
900 1076 965 1099 non
982 1066 1037 1099 ob-

285 1120 400 1149 stante.

330 1165 345 1206 ,Q
370 1165 400 1198 5.
433 1165 588 1198 Volumus
622 1169 729 1197 autem
767 1164 857 1207 quod
886 1174 1038 1206 praesens

108 1219 177 1256 lussio
201 1218 271 1246 publi·
285 1218 396 1246 noster
415 1218 522 1246 motus
541 1213 695 1257 proprius
712 1213 744 1245 in
765 1213 961 1246 Cancellaria
983 1223 1038 1246 no-

87 1252 156 1273 “n‘h'
286 1268 351 1295 stra
377 1262 560 1306 Apostolica
589 1267 619 1295 et
649 1262 681 1294 in
709 1262 778 1295 acie
796 1261 907 1306 Campi
927 1262 1038 1295 Florae

286 1311 326 1344 de
338 1322 428 1344 more
439 1311 636 1355 publicetur,
652 1316 682 1344 et
699 1311 781 1344 inter
793 1311 1039 1344 constitutiones

285 1366 461 1405 perpetuas
480 1361 692 1394 describatur.

330 1410 345 1454 ξ
370 1409 400 1443 6.
429 1410 466 1443 Et
485 1409 560 1453 quia
576 1409 707 1443 difficile
728 1410 810 1443 soret
833 1419 985 1453 praesens
1000 1410 1039 1443 ad

120 1462 182 1484 Fides
198 1467 271 1484 uem-
285 1459 412 1503 singula
424 1470 573 1502 quaeque
592 1460 664 1493 loca
684 1459 815 1501 deferri,
837 1460 986 1492 volumus
1010 1464 1040 1492 et

91 1495 180 1522 ''mun''
287 1509 382 1542 etiam
403 1509 606 1542 declaramus
623 1509 710 1553 quod
726 1509 794 1542 eius
814 1508 1037 1552 transumptis,

287 1558 382 1591 etiam
397 1558 575 1602 impressis,
590 1569 687 1591 manu
701 1558 839 1591 alicuius
852 1557 966 1592 notarii
982 1569 1040 1601 pu-

286 1606 362 1640 blici
382 1607 572 1651 subscriptis
583 1619 619 1641 ac
633 1607 736 1651 sigillo
757 1608 1039 1651 alicuiuspraelati

287 1657 431 1697 munitis,
458 1658 571 1691 eadem
596 1668 730 1702 prorsus
745 1658 824 1691 fides
835 1657 1036 1698 adhibeatur,

287 1718 370 1751 quae
383 1707 541 1751 praesenti
553 1708 655 1741 motui
672 1707 805 1751 proprio
821 1707 1038 1747 adhiberetur,

289 1757 314 1790 si
334 1757 416 1790 soret
435 1756 594 1790 exhibitus
608 1758 656 1790 vel
676 1763 833 1790 ostensus.

437 1806 555 1839 Placet.
579 1805 663 1839 Motu
688 1806 834 1850 proprio,
862 1806 899 1838 M.

332 1854 446 1887 Datum
472 1855 592 1888 Romae
616 1855 703 1899 apud
723 1855 755 1888 S.
778 1855 927 1894 Petrum,
954 1864 1039 1887 anno

288 1901 521 1937 Incarnationis
545 1903 727 1937 dominicae
747 1904 918 1936 millesimo
942 1903 1039 1947 quin-

288 1953 465 1995 gentesimo
486 1954 682 1997 sexagesimo
707 1958 829 1992 octavo,
857 1953 982 1985 decima
994 1963 1041 1986 se-

287 2002 388 2045 ptima
408 2003 561 2036 kalendas
584 2002 723 2046 augusti,
741 2002 948 2046 pontificatus
968 2013 1040 2035 nos-

289 2052 328 2084 tri
349 2062 432 2085 anno
454 2063 499 2086 111.

338 2104 398 2135 Dat.
420 2106 466 2136 die
488 2106 525 2136 16
547 2105 611 2135 111111
629 2104 927 2144 ⁴1508,pontis.anuo
946 2113 989 2134 111.

631 2207 702 2240 CIV.

291 2260 488 2304 Approbatz'o
508 2260 753 2303 reformationis
771 2260 914 2302 fratrum
934 2259 1040 2292 Mino-

334 2321 408 2344 rum
429 2311 702 2344 Contvntualz'um
723 2310 857 2344 Ordinis
876 2310 910 2342 S.
934 2310 963 2342 F
963 2320 1041 2342 run-

335 2360 422 2400 εἰδοί,
443 2361 480 2393 in
500 2360 640 2403 capitulo
661 2359 798 2392 ciusdem
828 2358 961 2392 Ordinis
984 2370 1043 2402 per

337 2420 385 2443 eos
406 2410 602 2453 praefinitae
620 2409 643 2441 l.

381 2473 443 2501 Pius
459 2472 599 2508 episcopus
613 2477 710 2500 servus
726 2477 864 2499 servorum
882 2469 941 2503 Dei,

441 2523 474 2551 ad
493 2523 655 2558 perpetuam
671 2522 713 2550 rei
731 2520 900 2549 memoriam.

338 2575 394 2610 Illa
414 2587 472 2610 nos
501 2587 580 2609 cura
600 2576 682 2608 inter
703 2580 807 2608 cetera
827 2574 987 2615 sollicitat,
1010 2580 1045 2608 ut

331 2635 342 2660 1
366 2635 448 2661 Aliam
466 2633 681 2661 reformationem
700 2632 761 2659 vide
777 2640 856 2667 supra
874 2632 899 2658 iu
916 2632 1044 2659 constitu-

296 2673 366 2701 tione
383 2683 468 2707 xcvn,
485 2675 526 2702 Aa
542 2675 724 2707 extirpandos,
741 2680 799 2709 pag.
818 2672 878 2700 670.

955 273 1023 298 PIUS
1046 273 1065 297 V
1088 273 1136 298 PP.

1713 260 1773 295 691
1837 271 1888 298 An.
1906 270 1933 297 c.
1954 271 2022 299 ¹568

1874 331 1911 353 Hic
1926 332 2023 353 Pontifex

1075 326 1214 370 optimae
1234 325 1420 369 disciplinae
1441 325 1546 358 cultus
1563 324 1595 357 in
1611 323 1761 357 omnibus
1774 335 1824 357 re·
1867 364 1870 367 v
1888 364 1891 367 ¹

1075 379 1264 423 ligiosorum
1285 377 1506 412 sodalitatibus
1528 378 1690 411 nutriatur
1704 383 1734 411 et
1749 388 1825 411 con·
1838 363 2024 421 iti'tili‘mteiiizmtiiss

1077 433 1235 466 firmetur.
1265 433 1355 472 Quod
1390 432 1522 476 quidem
1542 442 1601 465 nos
1633 431 1759 475 pridem
1793 431 1824 464 in
1838 425 1968 478 ἓξιςζῖιζῃᾱ
1989 431 2025 445 ‘¹¹'

1076 487 1273 530 amplissimo
1288 486 1406 520 Ordine
1422 487 1556 519 fratrum
1572 485 1730 518 Minorum
1746 484 1826 518 Con-

1076 540 1271 573 ventualium
1318 545 1581 584 nuncupatorum
1631 548 1827 583 magnopere

1077 600 1272 636 expetentes,
1295 605 1404 627 rerum
1425 593 1571 627 omnium
1598 592 1827 637 proprietatem

1078 646 1139 679 illis
1153 647 1342 688 ademimus,
1357 648 1523 692 multaque
1538 652 1706 692 praeterea
1721 646 1760 679 de
1780 656 1829 678 ra-

1078 700 1165 733 tione
1190 700 1311 733 vivendi
1337 706 1368 734 et
1387 701 1500 734 officiis
1522 700 1710 734 eorumdem
1729 699 1829 733 edidi-

1078 763 1163 794 mus,
1175 753 1361 798 litterasque
1374 760 1498 787 nostras
1510 764 1608 797 super
1617 753 1656 786 iis
1669 754 1831 787 consectas

1079 806 1111 839 in
1136 818 1249 840 eorum
1275 808 1416 852 capitulo
1436 808 1589 851 generali,
1610 807 1696 851 apud
1721 806 1831 839 basili-

1080 871 1150 893 cam
1162 861 1337 894 Duodecim
1359 862 1587 905 Apostolorum
1603 861 1641 894 de
1662 860 1746 894 Urbe
1758 871 1833 904 pro-

1080 913 1163 947 xime
1183 914 1356 956 celebrato,
1376 916 1483 959 palam
1504 914 1655 949 omnibus
1679 913 1832 947 iussimus

1080 967 1293 1011 promulgari.

1124 1021 1139 1064 ξ
1160 1021 1191 1054 sl.
1213 1021 1285 1062 Qui,
1308 1021 1371 1054 illis
1390 1032 1427 1055 ea
1447 1032 1512 1065 qua
1527 1021 1636 1055 decuit
1651 1020 1832 1054 obedientia
1888 1063 1892 1066 ᾖ
1908 1030 1994 1066 rfatres⁴
2008 1031 2029 1051 in

1081 1075 1231 1118 receptis,
1267 1075 1307 1108 ad
1336 1076 1477 1109 tollenda
1497 1082 1528 1109 et
1561 1075 1754 1118 corrigenda
1772 1074 1834 1107 alia
1847 1062 2030 1115 ffiffifflmf'hffl

1080 1134 1247 1172 praeterea
1262 1129 1387 1171 intenti,
1401 1141 1483 1173 quac
1495 1130 1534 1163 ad
1545 1129 1643 1162 huius
1659 1129 1835 1172 Religionis

1081 1187 1198 1215 statum
1230 1182 1262 1215 in
1297 1194 1354 1216 sua
1386 1184 1568 1227 integritate
1603 1182 1832 1216 continendum

1081 1236 1218 1269 maxime
1252 1237 1363 1271 obesse
1394 1237 1665 1280 intelligebamus,
1699 1238 1834 1270 nonulla

1081 1290 1164 1323 iuter
1184 1301 1251 1323 sese
1271 1296 1411 1325 statuere
1433 1292 1626 1335 cogitarunt.
1645 1290 1834 1332 Verum,in-

1082 1349 1183 1377 stante
1217 1344 1279 1377 iam
1318 1345 1419 1389 ipsius
1458 1345 1590 1388 capituli
1611 1344 1832 1385 conclusione,

1082 1408 1155 1430 cum
1177 1397 1333 1441 temporis
1361 1399 1507 1441 angustia
1528 1399 1559 1432 id
1580 1398 1687 1431 minus
1706 1404 1833 1442 patere-

1081 1455 1146 1490 tur,
1168 1451 1334 1494 negotium
1355 1452 1540 1486 universum
1561 1452 1601 1485 ad
1620 1451 1790 1485 arbitrium
1806 1457 1836 1485 et

1081 1505 1306 1538 auctoritatem
1340 1506 1500 1549 generalis
1533 1511 1563 1539 et
1588 1505 1835 1550 provincialium

1082 1558 1324 1601 magistrorum,
1355 1570 1483 1593 necnon
1516 1559 1726 1593 definitorum
1758 1558 1835 1592 dicti

1081 1612 1209 1645 Ordinis
1228 1623 1265 1645 ex
1284 1614 1448 1647 voluntate
1477 1620 1586 1647 nostra
1606 1613 1834 1647 demandatum

1082 1671 1137 1706 cst,
1171 1666 1227 1709 qui
1260 1667 1398 1700 diversas
1417 1668 1495 1701 alias
1516 1667 1739 1712 praesentibus
1759 1667 1836 1700 sub-

1082 1718 1179 1752 iectas
1212 1721 1470 1762 constitutiones,
1505 1722 1545 1754 ab
1579 1721 1649 1765 ipso
1684 1721 1836 1764 magistro

1081 1774 1222 1816 generali
1244 1774 1441 1819 subscriptas
1465 1775 1668 1808 ordinarunt.

1125 1827 1140 1870 g
1161 1827 1290 1866 &Quas
1305 1838 1417 1861 omnes
1434 1829 1540 1872 (salvis
1555 1829 1634 1861 alias
1648 1828 1764 1862 litteris
1779 1839 1837 1861 no-
1850 1840 1914 1866 Quam
1925 1840 1958 1860 hit?
1975 1841 2029 1861 tuem

1082 1880 1155 1913 stris
1184 1881 1368 1924 praedictis)
1405 1882 1626 1925 praesentium
1646 1881 1836 1915 auctoritate
1851 1871 2033 1930 ξ’ζᾞᾞῗζρῖῗζξξ

1081 1934 1301 1977 approbamus
1322 1940 1352 1968 et
1372 1936 1614 1968 confirmamus.
1643 1936 1837 1979 Supplentes

1082 1998 1194 2021 omnes
1223 1994 1253 2021 et
1270 1999 1496 2033 quoscumque
1516 1989 1579 2022 sivo
1596 1988 1836 2022 solemnitatum

1082 2041 1288 2082 emissarum,
1324 2042 1388 2075 sive
1408 2043 1488 2076 alios
1508 2042 1588 2076 iuris
1608 2048 1639 2075 et
1658 2042 1731 2075 sacti
1752 2042 1837 2075 dese-

1083 2101 1164 2136 ctus,
1195 2097 1251 2139 qui
1281 2095 1511 2130 intervenerint
1532 2096 1565 2129 in
1598 2096 1731 2129 eisdem.
1755 2095 1838 2134 Quin

1082 2149 1177 2181 ctiam
1198 2149 1269 2182 illas
1285 2160 1406 2189 omnes,
1423 2155 1520 2194 prout
1533 2149 1733 2193 conscriptae
1749 2154 1835 2190 sunt,

1083 2203 1246 2236 sancimus
1266 2209 1296 2236 et
1309 2203 1508 2243 ordinamus,
1522 2203 1738 2247 iubemusque
1753 2202 1838 2247 ipsas

1083 2267 1185 2300 aeque
1195 2262 1291 2300 atque
1304 2263 1429 2290 nostras
1440 2257 1472 2290 in
1486 2257 1637 2290 omnibus
1652 2256 1837 2300 provinciis,

1084 2310 1250 2351 custodiis,
1285 2310 1435 2343 domibus
1456 2315 1487 2343 et
1517 2310 1608 2351 locis,
1640 2321 1767 2344 necnon
1799 2311 1838 2343 ab

1084 2363 1235 2397 omnibus
1255 2369 1286 2397 et
1306 2364 1440 2407 singulis
1453 2363 1606 2397 fratribus
1619 2364 1695 2397 dicti
1711 2364 1839 2398 Ordinis

1085 2417 1222 2450 firmiter
1251 2418 1426 2457 observari3
1448 2429 1485 2450 ac
1515 2428 1754 2462 quoscumque,
1782 2417 1838 2461 qui

1085 2466 1147 2499 illis
1179 2477 1243 2500 non
1276 2467 1452 2511 paruerint,
1487 2467 1632 2501 censuris
1665 2472 1696 2500 et
1726 2467 1839 2511 poenis

1085 2516 1247 2555 omnibus,
1259 2527 1341 2559 quae
1362 2516 1474 2549 litteris
1491 2516 1662 2559 praedictis
1674 2516 1838 2550 continen-

1086 2570 1149 2605 tur,
1172 2576 1209 2598 eo
1231 2565 1300 2608 ipso
1314 2565 1461 2597 volumus
1482 2565 1659 2598 subiacere.

1131 2615 1146 2656 ξ
1166 2613 1197 2647 3,
1221 2614 1257 2647 Et
1277 2614 1489 2647 nihilomiuus
1509 2615 1625 2648 dilecto
1646 2614 1712 2648 filio
1729 2620 1838 2648 nostro
1894 2627 2023 2648 metatores

1087 2663 1214 2704 Carolo,
1237 2664 1319 2697 tituli
1341 2664 1371 2697 S.
1391 2664 1541 2698 praxedis
1552 2664 1739 2709 presbytero
1768 2675 1838 2698 car·
1854 2664 1893 2685 ‘¹¹¹⁰
1911 2659 2008 2685 d⁰¹¹¹¹‘¹¹³
