2237 3100
42 327 93 355 Λα.
110 326 139 354 C.
158 327 225 355 1562

67 1183 198 1205 Prooemtum.

72 2148 162 2171 ministri
192 2155 232 2171 ec-

48 2181 161 2202 etesiarum
198 2182 230 2201 in-

48 2213 168 2234 stitutarum
187 2214 231 2233 sive

49 2245 177 2271 dependent.
207 2243 231 2263 ab

49 2275 148 2302 bnspttali
161 2274 232 2295 Sancti

50 2305 139 2333 Spiritus
151 2306 233 2326 velmo-

50 2338 137 2358 naslei-ii
156 2336 176 2357 S.
193 2336 234 2358 Se-

49 2367 139 2388 bastiant
156 2369 180 2389 ad
195 2368 233 2388 Ca-

50 2400 158 2420 incumbas
189 2401 233 2420 sive

51 2431 142 2458 capitato
164 2430 234 2452 sancit

50 2461 135 2483 loannis
166 2461 234 2482 Later.

50 2493 75 2514 de
97 2492 150 2514 Urbe
172 2499 235 2520 prae-

51 2524 166 2545 tendebant
199 2530 236 2545 ex—

51 2557 132 2582 emptos
157 2561 204 2576 esse
226 2562 237 2575 a

51 2585 153 2607 iurisdirt.
179 2586 237 2607 ordi-

51 2617 156 2638 uariorum
168 2616 186 2637 1.

908 325 975 349 PIUS
994 325 1024 349 lv
1048 324 1096 349 ΡΡ.

570 378 658 414 LXX.

238 457 321 489 Loca
348 456 407 499 pia
431 460 461 489 et
485 456 788 498 confraterm'ccctes,
815 456 914 488 etiam
939 456 991 487 in-

281 510 415 543 stitutae
433 510 482 542 vel
501 509 710 552 dependentes
730 520 750 541 α
774 509 914 552 capitulo
944 504 993 541 ἕα-

283 565 467 595 crosanctae
491 563 721 595 Lateraneast's
753 562 914 595 Ecclesiae
946 562 994 594 vel

281 616 398 649 Sancti
420 616 564 660 Spiritus
589 621 644 649 ctat
668 616 785 649 Sancti
807 615 996 648 Sebastiam

283 671 326 703 ad
347 670 560 703 catacumbas
585 671 621 703 de
656 670 749 709 Urbe,
775 670 994 701 subiiciuutm·

283 724 504 757 iurisdz'ctioni
532 728 561 757 et
591 724 788 756 obedientiae
813 722 995 755 ordinario-

282 787 356 809 rum
376 788 413 810 ac
432 782 591 810 rectorum
608 777 860 820 parochialium.
878 776 908 808 E
912 780 921 808 t
938 776 995 808 eis-

282 831 354 863 dem
374 832 526 874 capitulis
542 831 735 874 prohibetur
754 831 791 863 (Ie
815 834 914 863 cetero
934 830 995 862 eri-

282 894 353 927 9ere
377 884 444 916 loca
467 885 526 927 pia
545 889 575 917 et
599 885 755 923 ecclesius,
769 884 816 916 vet
832 884 867 916 in
886 894 996 916 eorum

284 937 429 969 membra
450 938 600 981 recipere.

328 1008 390 1037 Pius
417 1009 557 1045 episcopus
577 1016 672 1038 servus
692 1015 833 1037 servorum
850 1008 906 1041 Dei.

389 1063 422 1091 ad
441 1065 606 1099 perpetuam
621 1064 662 1092 rei
681 1063 848 1091 memoriam.

284 1125 445 1168 Regimini
470 1125 660 1158 universalis
684 1125 863 1163 Ecclesiae,
891 1123 997 1156 divina

240 1178 364 1211 favente
386 1179 568 1218 clementia,
592 1178 822 1222 praesidentes,
841 1178 923 1210 inter
943 1189 996 1211 ce-
1017 1179 1018 1220 ξ
1040 1179 1173 1217 taribus,
1197 1180 1405 1213 societatibus
1426 1186 1455 1213 et
1477 1180 1796 1214 cousi‘aternitatiluls

241 1237 321 1271 tera,
342 1231 381 1264 ad
401 1243 485 1276 quae
506 1231 607 1265 nostri
628 1231 799 1276 pastoralis
820 1231 915 1264 officii
946 1242 996 1263 ra·
1040 1231 1246 1274 impartiendi
1286 1239 1316 1266 et
1342 1233 1618 1273 communicandi,
1658 1234 1798 1277 desuper

240 1284 328 1318 tione
362 1290 530 1326 tenemur,
568 1285 600 1317 in
639 1284 752 1328 primis
787 1285 996 1327 satagendum
1017 1282 1019 1323 ξ
1040 1284 1147 1317 forsan
1169 1297 1398 1319 concessorum
1422 1286 1676 1330 privilegiorum,
1700 1288 1798 1320 sacul-

239 1338 332 1372 nobis
364 1339 433 1371 sore
468 1338 676 1378 arbitramur,
700 1343 732 1371 ut
757 1349 796 1371 ne
816 1339 894 1383 quid
915 1349 997 1383 quo·
1018 1345 1020 1385 ζ
1040 1343 1140 1370 tatum
1163 1344 1193 1371 et
1214 1339 1413 1372 indultorum
1428 1345 1592 1383 praetextu
1607 1366 1614 1379 ,
1635 1341 1684 1373 vel
1705 1341 1794 1381 alias,

1019 1392 1135 1434 ,etiam
1175 1403 1249 1425 cum
1289 1392 1476 1425 huiusmodi
1514 1393 1734 1437 impartitione
1768 1399 1799 1428 et

238 1391 361 1425 rumvis
392 1391 652 1436 priviiegiorum,
680 1392 869 1425 facultatum
896 1398 926 1425 et
948 1394 997 1425 in-

240 1444 404 1478 dultorum
435 1445 691 1488 apostolicorum
724 1445 890 1487 quibusvis
925 1456 997 1488 per-

241 1499 327 1531 sonis
347 1504 377 1532 et
397 1499 487 1539 locis,
502 1499 542 1532 oh
554 1498 692 1542 quasvis,
710 1499 806 1531 etiam
827 1504 1000 1542 quantum·
1019 1505 1020 1510 ¹

239 1551 319 1584 libet
346 1551 428 1596 pias,
451 1562 564 1585 causas
585 1561 828 1591 concessorum,
857 1557 911 1584 aut
936 1552 998 1584 alio

240 1606 394 1649 quopiam
417 1612 596 1649 praetextu,
621 1611 684 1638 tam
707 1605 738 1638 in
760 1616 872 1638 corum
887 1632 894 1645 ,
917 1616 1000 1648 quos
1020 1621 1022 1633 2

241 1658 274 1691 in
294 1664 418 1702 partem
440 1659 630 1692 universalis
651 1659 813 1692 Ecclesiae
834 1659 1001 1701 regiminis
1021 1650 1022 1675 ἶ

241 1711 301 1745 sibi
334 1713 432 1746 Sedes
464 1712 650 1757 Apostolica
679 1712 869 1755 assumpsit,
902 1723 1000 1756 quani

241 1766 380 1799 aliorum
406 1766 595 1810 quorumvis
616 1766 849 1799 iurisdictionis
870 1767 1000 1810 praeiu-

242 1819 363 1853 dicium
383 1821 430 1853 vel
452 1819 651 1853 auctoritatis
675 1819 926 1853 diminutionem
955 1826 1000 1853 te—

242 1884 331 1907 mere
347 1885 364 1906 a
380 1884 545 1917 quoquam
562 1874 697 1916 agendo,
715 1879 900 1914 attentetur,
919 1879 949 1906 et
965 1885 1002 1906 ex

242 1938 327 1971 quo,
355 1927 492 1971 sumptis
517 1927 745 1960 scandalorum
772 1927 898 1967 causis,
927 1927 1001 1960 uni—

241 1991 353 2014 versus
369 1981 628 2014 christifidelium
650 1987 761 2014 coetus
782 1992 856 2014 cun]
878 1981 1001 2014 anima-

245 2044 319 2067 rum
343 2034 490 2078 periculo
516 2033 756 2077 coinquinetur.

289 2088 303 2131 ξ
333 2088 363 2120 (1.
401 2087 481 2121 Cum
515 2087 643 2131 itaque,
676 2087 759 2120 sicut
789 2097 903 2130 magna
929 2098 1002 2120 cum

246 2139 345 2173 animi
369 2140 470 2173 nostri
496 2139 643 2173 molestia
664 2139 868 2183 accepimus,
892 2151 1005 2183 quarn-

247 2194 381 2238 plurimi
406 2194 637 2233 ecclesiarum,
665 2193 908 2237 cappellarum,
931 2205 1004 2238 cap-

247 2247 481 2292 pellaniarum,
504 2247 742 2286 oratoriorum,
766 2246 930 2287 altarium,
953 2257 1004 2280 so-

248 2301 402 2334 cietatum
435 2306 465 2333 et
494 2300 795 2334 confraternitatum
820 2300 1005 2343 archipres-

248 2354 362 2398 byteri,
388 2360 548 2393 rectores,
580 2353 716 2397 priores,
751 2353 1003 2395 gubernatores,

248 2408 435 2452 guardiam,
461 2408 649 2447 societates,
677 2407 830 2440 officiales
856 2413 883 2440 et
911 2407 1006 2440 niini-

250 2463 318 2503 stri,
341 2473 379 2495 ex
399 2473 437 2496 eo
458 2463 566 2495 forsan
587 2461 674 2504 quod
700 2472 813 2494 eorum
834 2461 1005 2501 ecclesiae,

251 2511 429 2555 cappellae,
453 2510 684 2555 cappellaniac,
706 2510 858 2550 oratoria,
881 2511 1006 2551 altaria,

251 2561 420 2593 societates
439 2571 476 2593 ac
497 2559 778 2592 confraternitates
802 2559 1006 2600 huiusmodi,

251 2620 269 2642 a
289 2608 452 2653 primaeva
476 2608 607 2641 illorum
643 2607 806 2641 erectione
830 2612 861 2641 et
881 2608 1008 2641 institu-

290 2677 300 2702 1
320 2676 419 2702 Multae
436 2675 494 2702 lites
510 2679 585 2702 ortae
602 2675 709 2701 luerunt
735 2675 803 2701 inter
823 2674 881 2702 illos
896 2678 922 2702 et
939 2675 1011 2702 loco-

254 2724 315 2743 rum
331 2715 490 2743 ordinarios.

1681 313 1738 346 stt

1035 378 1121 411 tione
1140 378 1189 410 vel
1209 377 1298 418 alias,
1321 377 1353 410 in
1376 377 1520 409 membra
1554 387 1610 409 seu
1641 375 1790 417 grangias

1035 443 1092 475 per
1114 436 1358 476 praeceptorem
1378 429 1546 474 hospitalis
1580 429 1687 462 Sancti
1717 429 1789 472 Spi-

1036 486 1116 518 ritus
1137 486 1169 518 in
1190 485 1283 519 Saxia
1303 486 1341 518 de
1362 485 1456 524 Urbe,
1479 483 1586 517 Sancti
1620 483 1789 526 Augustini

1036 544 1066 572 et
1086 539 1234 572 abbatem
1255 538 1441 571 monasterii
1473 538 1581 571 Sancti
1613 537 1791 571 Sebastiani

1035 593 1074 625 ad
1094 592 1315 631 Catacunibas,
1334 603 1434 635 prope
1447 597 1477 625 et
1501 596 1589 624 extra
1613 602 1724 624 muros
1743 591 1791 624 di-

1036 651 1104 679 ctae
1125 646 1229 686 Urbis,
1244 645 1464 679 Cisterciensis
1483 646 1658 685 Ordinum,
1682 657 1718 679 ac
1739 657 1791 679 ca-

1036 699 1177 744 pitulum
1199 700 1355 733 ecclesiae
1382 699 1490 733 Sancti
1514 700 1642 733 loannis
1663 701 1792 733 Latera-

1037 752 1144 786 nensis
1174 753 1212 786 de
1242 754 1354 787 eadem
1375 753 1472 793 Urbe,
1495 754 1713 796 quorumdam
1734 764 1793 798 per

1038 807 1213 840 nonnullos
1234 808 1499 850 praedecessores
1524 814 1650 841 nostros
1674 808 1792 841 Roma-

1806 325 1854 349 An.
1874 322 1900 348 C.
1924 322 1990 349 itio-P.

1037 869 1096 892 nos
1130 860 1301 893 Pontifices
1326 872 1362 893 ac
1387 861 1502 893 Sedent
1528 861 1726 904 praedictam
1756 868 1814 894 ac'

1037 912 1144 945 forsan
1167 924 1224 946 nos
1251 913 1372 946 eisdem
1399 914 1572 957 hospitali,
1597 915 1794 948 monasterio

1038 970 1068 997 et
1089 976 1146 1008 pro
1167 971 1314 1009 tempore
1335 967 1545 999 existentibus
1566 967 1695 1000 illorum
1714 979 1794 1012 pree-

1039 1019 1161 1062 ceptori
1183 1026 1213 1052 et
1232 1020 1338 1052 abbati
1360 1031 1396 1053 ac
1413 1021 1567 1053 ecclesiae
1588 1022 1795 1054 Lateranensi

1038 1076 1067 1103 et
1081 1072 1234 1115 capitulo,
1259 1084 1333 1105 cum
1355 1073 1504 1105 facultate
1526 1073 1579 1105 illa
1599 1074 1669 1106 aliis
1690 1075 1795 1107 eccle-

1039 1124 1104 1163 siis,
1128 1126 1295 1169 cappellis,
1319 1126 1541 1169 cappellanus,
1564 1127 1725 1167 oratoriis,
1748 1128 1794 1160 al-

1041 1446 1352 1485 communicatfflne,
1380 1452 1509 1489 recepta
1531 1446 1671 1479 existunt
1697 1458 1734 1480 ac
1759 1446 1798 1480 ab

1041 1498 1086 1531 eis
1106 1499 1309 1541 dependent,
1333 1510 1368 1532 ac
1394 1499 1472 1531 alias
1501 1510 1534 1532 se
1563 1510 1599 1532 ac
1627 1499 1796 1540 ecclesias,

1042 1553 1216 1595 cappellus,
1239 1552 1392 1592 oratoria,
1415 1552 1540 1592 altaria,
1565 1553 1796 1596 cappellanias‚

1042 1605 1210 1638 societates
1230 1616 1267 1638 ac
1288 1606 1569 1639 confraternitates
1590 1606 1797 1645 huiusmodi,

1043 1659 1240 1703 illorumque
1260 1660 1345 1692 bona
1364 1671 1592 1703 quaecumque
1613 1660 1652 1692 ab
1672 1660 1801 1693 ordina-

1043 1712 1098 1745 riis
1115 1713 1260 1745 locorum
1278 1724 1458 1756 eorumque
1476 1713 1710 1754 iuiisdictione,
1725 1714 1801 1747 obe·

1043 1766 1160 1799 dientia
1182 1773 1212 1799 ct
1228 1767 1406 1800 visitatione
1423 1778 1460 1800 ac
1477 1767 1679 1800 correctione
1696 1778 1800 1800 exem-

1045 1826 1115 1864 ptos
1149 1825 1179 1853 et
1213 1826 1360 1863 exempta
1395 1831 1464 1853 esse
1499 1821 1731 1864 praetendant,
1764 1832 1799 1854 ac

1045 1874 1191 1917 proinde,
1211 1874 1300 1906 nulla
1316 1875 1355 1906 al)
1371 1874 1416 1906 eis
1437 1874 1590 1918 requisita
1608 1875 1655 1907 vel
1672 1875 1803 1908 obtenta

1044 1927 1185 1967 licentia,
1205 1927 1236 1960 in
1257 1927 1418 1967 ecclesiis,
1442 1929 1616 1971 cappellis,
1640 1929 1802 1971 cappella-

1045 1981 1118 2020 niis,
1141 1981 1289 2014 oratoriis
1310 1987 1340 2014 et
1360 1982 1516 2013 altaribus
1532 1982 1731 2021 huiusmodi,
1746 1992 1804 2025 per

1045 2034 1201 2078 quosdam
1241 2045 1282 2067 sa«
1297 2035 1424 2067 erdotcs
1444 2034 1669 2073 conductitios,
1687 2035 1725 2067 ad
1748 2045 1802 2068 eo-

1046 2098 1117 2120 rum
1140 2094 1255 2120 nutum
1277 2087 1477 2127 amorihiles,
1501 2087 1606 2120 divina
1627 2087 1731 2120 officia
1752 2099 1803 2121 ce-

1046 2141 1172 2174 lebrare
1190 2152 1227 2174 ac
1248 2141 1508 2174 christifidelium
1526 2142 1714 2174 eorumden]
1729 2152 1805 2175 con·

1047 2195 1202 2227 sessiones
1222 2195 1347 2233 audire,
1362 2195 1472 2237 eisque
1485 2194 1722 2227 sanctissimum
1740 2194 1803 2227 Eu-

1047 2247 1217 2280 charistiae
1248 2258 1374 2280 necnon
1396 2247 1598 2290 Baptisinatis
1616 2252 1646 2279 et
1666 2247 1728 2279 alia
1754 2258 1804 2279 sa-

1048 2307 1213 2333 cramenta
1234 2301 1451 2333 ecclesiastica
1472 2299 1667 2339 ministrare,
1689 2299 1804 2332 defun-

1049 2360 1174 2387 ctorum
1197 2354 1363 2395 cadavera,
1382 2359 1468 2386 certa
1485 2354 1705 2386 emolumenta
1721 2364 1806 2386 mor-

1051 2408 1153 2441 tuaria
1175 2414 1360 2451 nuncupata
1379 2407 1587 2451 percipiendo
1600 2407 1680 2440 acin
1692 2417 1805 2439 eorum

1051 2462 1220 2494 utilitatem
1232 2461 1461 2501 convertendo,
1476 2460 1624 2504 sepelire,
1639 2472 1675 2493 ac
1684 2460 1806 2493 diversa

1051 2511 1122 2550 alia,
1136 2511 1168 2543 in
1180 2511 1421 2544 ordinariorum
1444 2510 1684 2554 praedictorum
1701 2520 1738 2542 ac
1755 2520 1807 2553 pa-

1052 2560 1245 2593 rochialium
1275 2559 1487 2593 ecclesiarum
1516 2564 1700 2599 rectorum,
1724 2558 1809 2590 iufra

1052 2619 1193 2650 quorum
1209 2609 1394 2642 dioecesum
1406 2614 1436 2641 ct
1446 2607 1674 2652 parochiarum
1693 2607 1809 2639 limites

1054 2658 1227 2699 ecclesiae,
1251 2658 1436 2702 cappellae,
1459 2657 1618 2695 oratoria,
1646 2656 1809 2699 cappella-

1055 2706 1126 2739 niae
1147 2712 1178 2739 et
1197 2707 1365 2740 societates
1389 2717 1425 2740 ac
1451 2705 1730 2740 confraternitates
1748 2705 1810 2737 hu-
