2237 3100
64 296 115 324 An.
131 296 161 325 C.
179 295 242 325 1561

935 295 1003 320 PIUS
1025 296 1057 320 1v
1080 296 1127 321 ιη).
1702 286 1767 320 109
1827 293 1878 321 An.
1894 294 1925 322 c.
1942 294 2005 323 1561

263 347 504 389 concernentia,
523 358 675 382 exercere
686 349 918 393 quoquomodo
929 360 1012 393 prze-

261 408 401 443 sumant‚
420 402 596 436 districtius
616 403 811 437 inhibemus.

305 455 370 499 §9.
398 456 437 489 Et
461 455 515 496 ita,
534 455 566 488 in
591 456 776 500 praemissis
803 457 955 490 omnibus
985 462 1015 490 et

79 513 113 534 Sic
128 518 167 540 ver
182 518 246 540 ‹11102-
261 508 405 552 singulis,
425 520 484 553 per
507 521 731 553 quoscumque
747 511 881 551 iudices,
904 511 1014 555 quavis

62 549 150 572 cumque
164 545 246 565 iudices

62 575 208 597 definiendum.

260 562 449 596 auctoritate
470 564 650 606 fungentes,
667 564 762 597 etiam
773 575 944 597 causarum
954 565 1013 597 Pa—

259 615 327 648 latii
347 616 523 661 Apostolici
545 618 708 652 auditores
727 630 764 651 ac
775 619 918 652 eiusdem
941 629 1013 652 san-

260 675 329 704 ctae
348 671 512 705 Romanae
532 672 695 706 Ecclesiae
716 673 907 713 cardinales,
941 673 1015 706 sub-

259 725 323 758 lata
342 724 389 759 eis
404 731 435 758 et
455 737 568 759 eorum
582 727 715 760 cuilibet
733 727 843 771 quavis
863 727 956 760 aliter
966 727 1013 760 iu-

259 778 387 812 dicandi
401 784 432 813 et
444 779 677 824 interpretandi
694 782 844 814 facultate
855 787 883 814 et
901 787 1012 815 aucto-

259 831 364 873 ritate,
386 832 565 867 iudicariet
584 834 718 867 diffiniri
735 835 911 875 debere3ac
932 835 957 868 si
967 847 1013 869 se-

260 898 317 921 cus
337 898 435 931 super
453 887 503 920 his
523 898 541 920 a
567 899 744 932 quoquam,
767 889 876 932 quavis
900 896 1012 924 aucto-

259 941 363 981 ritate,
387 941 526 975 scienter
545 942 593 975 vel
615 942 813 985 ignoranter,
843 944 1013 987 contigerit

260 995 420 1035 attentari,
444 995 572 1028 irritum
593 1001 623 1029 et
644 995 740 1029 inane
761 996 977 1030 decernimus.

303 1049 318 1092 ξ
337 1048 390 1082 10.
411 1048 481 1082 Non
501 1048 702 1082 obstantibus
730 1049 1012 1084 constitutionibus

73 1100 185 1128 ⁰⁰r⁰8⁸²³⁰
195 1107 245 1122 ⁶⁰¹¹-
259 1102 555 1136 etordinationibus
570 1101 765 1147 apostolicis,
784 1103 879 1135 etiam
895 1103 934 1137 de
946 1115 1011 1138 non

61 1132 180 1154 turici-um.

258 1156 401 1189 tollendo
422 1156 492 1189 iure
512 1156 668 1200 quaesito,
681 1167 717 1189 ac
734 1156 836 1200 ipsius
856 1158 1011 1192 ecclesiae

258 1209 433 1251 Theafinae,
447 1210 541 1243 etiam
551 1209 746 1249 iuramento,
765 1210 1011 1245 confirmatione

258 1264 435 1306 apostolica
460 1264 509 1296 vel
533 1262 643 1306 quavis
664 1262 814 1296 firmitate
834 1264 896 1297 alia
917 1265 1013 1298 robo-

258 1318 347 1358 ratis,
369 1316 494 1350 statutis
513 1321 544 1350 et
564 1317 865 1358 consuetudinibus,
886 1319 1012 1363 privile-

258 1370 316 1413 giis
335 1380 477 1414 quoque,
500 1369 634 1403 indultis
654 1376 685 1403 et
704 1370 805 1404 literis
827 1372 1012 1415 apostolicis

258 1423 503 1467 archiepiscopo
525 1428 556 1456 et
581 1423 722 1467 capitulo
743 1435 781 1457 ac
801 1425 901 1465 clero,
925 1436 1011 1459 com-

258 1477 406 1510 munitati
427 1482 458 1510 et
472 1477 659 1510 hominibus
669 1478 852 1520 praedictis,
867 1479 926 1511 sul]
942 1479 1011 1522 qui-

256 1530 374 1571 busvis,
398 1530 493 1563 etiam
506 1530 783 1574 derogatoriarum
801 1532 1012 1575 derogatoriis

257 1583 392 1627 aliisque
408 1583 644 1617 efficacioribus
660 1590 689 1617 et
706 1584 842 1618 insolitis
858 1586 1011 1619 clausulis

257 1647 385 1670 necnon
420 1637 620 1670 irritantibus
646 1642 675 1670 et
695 1637 765 1670 aliis
793 1638 954 1679 decretis,
983 1651 1011 1672 e-

258 1690 332 1723 tiam
354 1696 444 1724 motu
478 1690 611 1735 proprio
633 1696 663 1723 et
692 1702 728 1724 ex
762 1698 849 1725 certa
879 1692 1010 1726 scicntia

257 1744 429 1785 concessis,
447 1744 635 1788 approbatis
660 1750 690 1777 et
710 1745 878 1785 innovatis,
893 1746 1011 1790 quibus

256 1797 420 1840 omnibus,
447 1798 584 1839 etiamsi,
608 1809 666 1842 pro
688 1798 819 1832 illorum
837 1799 1009 1833 sufficienti

253 1851 483 1895 derogatione,
506 1852 545 1885 de
566 1852 629 1884 illis
654 1862 834 1896 eorumque
869 1854 943 1886 totis
964 1859 1010 1886 te-

253 1907 389 1940 noribus
415 1905 562 1949 specialis
582 1932 589 1945 ,
617 1905 768 1949 specifica
788 1912 815 1939 et
847 1906 1010 1940 individua

254 1972 290 1995 ac
311 1961 350 1994 de
368 1960 467 1993 verbo
493 1960 531 1992 ad
551 1960 684 1993 verbum
703 1987 709 2000 ,
731 1971 795 1994 non
817 1966 926 1993 autem
952 1973 1010 2005 per

253 2014 414 2047 clausulas
447 2014 614 2056 generales
654 2013 738 2046 idem
770 2014 982 2058 importantes
999 2042 1006 2055 ,

254 2066 374 2100 mentio
395 2078 452 2100 seu
467 2067 597 2111 quaevis
606 2066 666 2099 alia
679 2067 840 2110 expressio
861 2068 1008 2101 habenda

253 2125 308 2154 aut
343 2120 451 2163 aliqua
476 2120 631 2163 exquisita
653 2122 756 2153 forma
785 2121 824 2154 ad
851 2122 914 2154 hoc
940 2133 1007 2155 ser-

252 2173 353 2207 vanda
374 2174 468 2214 foret,
491 2179 619 2207 tenores
644 2173 844 2214 huiusmodi,
866 2185 903 2207 ac
923 2175 948 2207 si
969 2175 1008 2208 de

251 2227 348 2260 verbo
369 2226 408 2259 ad
428 2226 562 2259 verbum
584 2227 804 2260 insererentur
824 2254 830 2267 ‚
854 2239 1007 2272 praesen-

251 2280 338 2313 tibus
357 2290 416 2323 pro
442 2280 641 2314 sufficienter
661 2281 819 2325 expressis
840 2282 1004 2323 habentes,

251 2333 315 2367 illis
334 2333 413 2366 alias
432 2333 465 2366 in
486 2344 544 2367 suo
565 2335 681 2367 robore
703 2335 934 2378 permansuris,
947 2336 1007 2369 hac

251 2386 318 2420 vice
338 2387 515 2427 dumtaxat,
538 2387 720 2431 specialiter
741 2393 770 2420 et
791 2399 938 2433 expresse
951 2389 1006 2422 de-

251 2451 414 2484 rogamus³
449 2440 631 2484 ceterisque
666 2441 837 2475 contrariis
870 2441 1005 2486 quibus-

251 2501 404 2534 cumque.

295 2540 310 2583 g
339 2540 393 2573 11.
435 2540 594 2579 Quocirca
621 2540 763 2583 capitulo
793 2546 824 2573 et
849 2541 935 2574 clero
970 2552 1006 2574 ac

1056 349 1161 382 tulum
1191 348 1293 382 eidem
1314 348 1480 382 Leonardo
1501 347 1615 388 electo,
1641 352 1811 392 tamquam
1827 356 1935 393 [epasmo
1975 364 2011 394 ις-

1057 403 1139 447 patri
1150 409 1179 437 et
1196 403 1316 447 pastori
1332 403 1514 436 animarum
1531 412 1663 436 suarum
1693 413 1730 435 ac
1746 413 1812 436 me·
1825 388 2011 447 ζῗῗᾞξξρᾎᾈῖἱῖ

1056 457 1252 501 tropolitano
1262 463 1293 490 et
1302 457 1333 490 in
1344 456 1627 501 archiepiscopum
1641 456 1810 489 electohu-
1825 454 1928 503 ffjjnd‘gf'
1945 451 2011 472 ‘²¹¹³‘

1058 511 1177 544 militer
1195 511 1408 552 intendentes,
1428 510 1599 544 exhibeant
1615 511 1686 551 sibi,
1715 511 1811 544 etiam

1057 564 1089 596 in
1105 564 1142 597 iis
1158 576 1241 608 quae
1266 565 1537 609 metropoliticam
1551 569 1579 597 et
1591 564 1811 608 archiepisco-

1056 618 1161 661 palem
1201 618 1458 652 iurisdictionem
1488 630 1525 652 ac
1551 618 1811 662 superioritatem

1057 679 1269 711 concernunt,
1293 673 1508 706 obedientiam
1540 678 1572 706 et
1600 672 1811 706 reverentiam

1056 725 1178 759 debitas
1208 732 1238 759 et
1262 728 1411 766 devotas;
1443 737 1479 759 ac
1511 727 1617 760 clerus
1641 738 1728 767 eum,
1752 737 1811 770 pro

1056 784 1164 812 nostra
1176 785 1205 812 et
1226 781 1329 813 dictae
1349 781 1628 814 Sedisreverentia
1643 807 1650 821 ,
1672 781 1811 824 benigne

1056 831 1248 875 recipientes
1258 839 1286 866 et
1298 834 1478 867 honorifice
1496 839 1740 878 pertractantes,
1755 845 1812 867 sua

1056 885 1197 918 salubria
1217 887 1338 920 monita
1350 892 1380 920 et
1391 888 1541 920 mandata
1559 888 1735 932 suscipiant
1749 889 1810 921 hu-

1056 939 1186 981 militer,
1205 946 1234 973 et
1251 941 1424 974 efficaciter
1433 942 1610 985 adimplere
1619 949 1809 986 procurent;

1055 995 1196 1038 populus
1205 1006 1291 1035 vero,
1301 1000 1466 1039 tamquam
1476 1001 1600 1039 patrem
1609 1001 1637 1029 et
1649 1002 1810 1040 pastorem

1055 1048 1237 1081 animarum
1260 1059 1393 1081 suarum
1418 1049 1529 1082 devote
1550 1050 1762 1094 suscipientes
1781 1055 1811 1083 et

1054 1101 1160 1134 debita
1187 1102 1435 1135 honorificentia
1462 1108 1712 1147 prosequentes,
1745 1104 1811 1136 suis

1054 1155 1184 1188 monitis
1205 1161 1235 1188 et
1255 1155 1413 1189 mandatis
1442 1156 1626 1189 salubribus
1645 1156 1812 1189 humiliter

1054 1209 1232 1251 intendant,
1251 1209 1293 1242 ita
1304 1210 1391 1253 quod
1407 1210 1475 1254 ipse
1486 1210 1672 1243 Leonardus
1689 1211 1811 1244 electus

1054 1263 1086 1296 in
1106 1263 1151 1297 eis
1167 1263 1344 1297 devotionis
1369 1263 1464 1304 filios,
1493 1269 1523 1297 et
1548 1264 1609 1307 ipsi
1633 1264 1667 1297 in
1691 1274 1728 1297 eo
1752 1275 1811 1308 per

1054 1328 1255 1362 consequens
1280 1324 1403 1362 patrem
1430 1318 1623 1352 benevolum
1652 1317 1809 1351 invenisse

1053 1372 1225 1414 gaudea11t3
1237 1372 1362 1406 vassalli
1373 1378 1480 1405 autem
1492 1371 1660 1416 praedicti,
1674 1383 1749 1405 eum
1758 1372 1811 1405 de-

1053 1424 1119 1458 bito
1135 1425 1259 1458 honore
1281 1431 1524 1469 prosequentes
1543 1425 1602 1458 sibi
1621 1425 1809 1458 fidelitatem

1054 1473 1192 1514 solitam,
1215 1485 1343 1507 necnon
1357 1481 1511 1507 consueta
1536 1473 1664 1507 servitia
1684 1484 1721 1506 ac
1739 1473 1810 1506 iura

1054 1522 1113 1555 sibi
1134 1523 1172 1555 ab
1194 1523 1239 1555 eis
1259 1523 1364 1556 debita
1380 1523 1502 1567 integre
1524 1523 1674 1556 exhibere
1695 1533 1812 1566 procu-

1054 1577 1141 1609 rent3
1173 1571 1316 1615 alioquin
1345 1572 1535 1605 sententiam
1563 1571 1626 1604 sive.
1653 1581 1809 1615 poenam,

1053 1631 1149 1663 quam
1163 1620 1266 1653 dictus
1279 1620 1466 1653 Leonardus
1485 1621 1607 1653 electus
1625 1620 1684 1652 rite
1701 1619 1811 1653 tulerit

1054 1669 1267 1701 seu'statuerit
1278 1668 1310 1701 in
1322 1669 1470 1709 rebelles,
1482 1674 1583 1702 ratam
1601 1669 1792 1702 habebimus
1801 1695 1808 1708 ,

1054 1722 1080 1749 ct
1100 1717 1267 1757 faciemus,
1280 1724 1412 1750 auctore
1424 1718 1573 1757 Domino,
1586 1728 1689 1761 usque
1709 1718 1748 1750 ad
1760 1728 1809 1750 sa-

1053 1765 1266 1799 tisfactionem
1287 1766 1481 1810 condignam
1502 1766 1728 1801 inviolabiliter
1752 1766 1809 1800 ol)-

1053 1825 1184 1848 servari.

1096 1864 1180 1896 Nulli
1202 1875 1277 1907 ergo
1295 1865 1428 1898 omnino
1446 1866 1616 1899 hominum
1637 1870 1694 1899 etc.

1096 1914 1209 1947 Datum
1232 1914 1352 1947 Romae
1377 1916 1463 1958 apud
1488 1916 1641 1949 Sanctum
1662 1916 1805 1956 Petrum,

1052 1973 1136 1995 anno
1164 1963 1399 1997 lncarnationis
1426 1965 1607 1998 dominicae
1634 1965 1807 1999 millesimo

1051 2011 1309 2055 quingentesimo
1340 2014 1663 2058 sexagesimoprimo,
1695 2014 1808 2057 quinto

1051 2061 1123 2093 idus
1143 2061 1292 2103 ianuarii,
1308 2062 1514 2105 pontificatus
1535 2063 1634 2096 nostri
1662 2073 1747 2096 anno
1771 2073 1804 2096 11.

1073 2113 1134 2144 Dat.
1155 2115 1201 2145 die
1224 2116 1242 2145 9
1265 2115 1390 2146 ianuarii
1408 2117 1498 2153 1501,
1522 2116 1624 2156 pontis.
1651 2126 1727 2146 anno
1756 2126 1785 2146 ιι.

1049 2293 1232 2327 Declaratz'o
1252 2298 1282 2327 et
1302 2294 1468 2337 ampliatio
1485 2295 1722 2328 iurisdictionis
1736 2306 1808 2328 con*

1092 2343 1199 2376 sulum
1229 2345 1312 2377 artis
1341 2345 1538 2377 mer-cantiae
1560 2355 1747 2387 pannorum
1771 2345 1808 2376 sle

1097 2392 1179 2425 Urbe
1199 2393 1227 2426 ’1.

1152 2451 1215 2479 Pius
1239 2451 1311 2487 Papa
1334 2451 1375 2484 tv,
1401 2453 1480 2480 motu
1505 2451 1625 2487 proprio.
1646 2452 1702 2480 etc.

1093 2501 1240 2534 Volentes
1260 2501 1394 2534 dilectos
1414 2501 1499 2534 filios
1518 2507 1715 2535 mercatores
1727 2511 1807 2545 pan·
1829 2516 2005 2540 eonnrmmoiu-

1048 2560 1166 2582 norum
1187 2551 1291 2583 almae
1330 2550 1423 2583 Urbis
1443 2556 1571 2584 nostrae
1597 2561 1663 2584 non
1688 2550 1806 2584 minori
1822 2548 1959 2570 ‘i'dic'i‘m‘ffi

51 2587 187 2640 ess⁶h⁰t²³²⁵⁰
210 2588 234 2611 ¹³⁰¹
250 2588 372 2632 populo
393 2589 555 2632 praefatis,
570 2599 697 2622 necnon
714 2589 837 2622 dilectis
851 2589 926 2623 sniis
936 2600 1006 2623 ras·
1085 2618 1095 2643 ¹
1115 2617 1136 2643 H
1206 2618 1210 2622 .
1251 2617 1296 2644 *d‘
1332 2618 1336 2622 .
1468 2618 1471 2622 .
1538 2618 1541 2621 .
1572 2618 1595 2631 .-
1633 2618 1636 2622 .
1700 2628 1702 2631 Ι
1788 2617 1795 2624 ,

86 2625 131 2641 rum
167 2625 235 2647 popu·
313 2636 318 2642 .
371 2637 376 2642 .
570 2637 576 2643 .
715 2637 720 2642 .
829 2637 834 2643 .
1139 2625 1187 2644 ane
1206 2626 1271 2644 iuris
1293 2621 1418 2644 {ctionem
1434 2625 1520 2652 primo
1538 2621 1651 2644 instituit
1671 2618 1751 2644 Mart.
1774 2617 1805 2649 l,

49 2650 135 2679 ¹⁰mq¹¹0
150 2650 235 2673 Lancia·
251 2636 337 2669 sauls
347 2637 449 2670 (hetae
462 2638 616 2671 eccleSIae
626 2638 853 2671 LanclanenSls
862 2649 1007 2682 pel'apo-
1049 2660 1077 2682 ut
1097 2658 1122 2683 in
1139 2658 1196 2684 eius
1212 2658 1404 2686 constitutione
1421 2666 1481 2691 vin,
1499 2660 1565 2685 Cum
1583 2661 1665 2690 inter,
1684 2663 1750 2685 tom.
1766 2665 1804 2690 iv,

49 2683 236 2710 ⁰⁹¹¹·‘¹⁶¹'⁸¹‘¹¹‘¹⁰
250 2685 364 2720 stolica
385 2688 503 2730 scripta
524 2687 716 2721 mandamus
735 2692 896 2730 quatenus
917 2688 1006 2732 capi·
1048 2704 1107 2732 pag.
1127 2696 1190 2725 696.

237 2760 249 2806 l
