2237 3100
894 224 991 249 mnnx
1015 224 1122 249 RERUM
1678 216 1765 251 ‘1023

254 273 398 308 Vicarius
417 274 522 318 Papae
543 274 756 308 confirmatur
776 275 808 308 in
829 275 962 319 antiqua
984 276 1208 310 iurisdictione
1230 276 1315 309 eirca
1337 276 1552 320 obligationes
1572 282 1603 310 et
1623 283 1809 311 contractus

343 326 439 360 initos
459 327 491 360 in
518 327 622 361 forma
642 327 794 361 Gamerae
816 329 1030 372 Apostolieae‚
1056 329 1155 374 Ripae
1176 335 1207 363 et
1226 329 1385 373 Ripettae,
1400 330 1506 373 quoad
1529 330 1600 364 loca
1619 331 1672 374 pia
1693 337 1722 364 et
1735 342 1809 375 per-

343 391 438 414 sonas
454 381 704 422 ecclesiasticas,
721 381 787 415 484
800 394 830 415 α.

253 433 439 468 visitatores
459 445 628 468 carcerum
649 435 752 468 almae
773 435 867 468 Urbis
895 435 1067 469 dilationes
1097 436 1136 469 ad
1158 437 1348 470 solvendum
1370 437 1549 471 concedere
1573 444 1707 481 possunt
1736 449 1810 471 aero

341 489 448 522 alieno
468 489 607 532 gravatis
627 490 736 533 obque
756 489 788 522 id
810 489 932 522 carceri
955 489 1156 532 mancipatis,
1170 491 1232 523 788
1253 491 1444 529 a;relaxa1·e
1469 491 1633 525 debitores
1653 492 1810 532 inlu-mos,

341 542 421 575 ibid.
440 543 479 581 b,·
504 553 664 587 pauperes
684 554 750 576 non
770 543 926 576 habentes
949 543 1100 576 alimenta
1121 555 1138 576 a
1159 545 1389 583 creditoribus,
1413 545 1634 589 mulieresque
1659 545 1811 578 honestas

341 607 400 639 pro
421 597 530 630 debito
552 597 635 630 civili
657 598 814 636 detentas,
838 597 935 637 ibid.;
959 597 1133 638 debitores,
1157 598 1225 641 qui,
1248 599 1288 632 ob
1301 604 1449 632 naturam
1472 600 1585 640 debiti,
1602 600 1641 633 de
1657 599 1727 633 iure
1746 610 1810 633 non

341 654 493 683 tenentur
514 645 599 683 ultra
620 650 651 683 id
671 651 757 694 quod
774 650 880 684 facere
891 655 1037 694 possunt,
1062 651 1155 689 ibid.;
1171 651 1332 685 debitores
1353 658 1520 696 suspectos
1540 653 1579 686 de
1591 653 1676 695 suga,
1691 653 1738 685 vol
1760 663 1811 686 ce-

341 703 455 736 dentes
475 704 580 743 bonis,
604 704 651 737 vel
673 704 805 737 nulliter
826 704 946 736 ‹;·are‹;·ri
969 703 1182 747 mancipatos,
1202 703 1265 737 689
1287 716 1318 737 a.
1347 705 1554 739 Visitatorum
1580 706 1751 740 arbitrium
1778 707 1809 740 in

340 756 536 800 quibusdam
552 757 691 797 casibus,
705 757 783 790 ibid.
798 757 826 789 b.
841 757 966 790 ludices
978 767 1043 790 non
1062 757 1216 789 obediant
1225 757 1443 791 visitatoribus
1456 759 1578 803 aliquid
1593 765 1706 793 contra
1719 771 1811 804 prae-

341 809 437 842 missa
463 810 726 851 decernentibus,
735 811 814 843 ibid.
829 810 1058 853 Eleemosynae
1073 821 1132 853 pro
1145 821 1276 843 carcere
1295 811 1485 855 mancipatis
1498 813 1528 844 in
1544 812 1628 845 Urbe
1644 813 1809 856 quomodo

339 862 581 906 expendendae,
602 862 661 897 801
691 863 719 895 b.
747 863 893 896 Hortatio
918 862 1083 896 Pontitieis
1115 869 1150 895 ut
1170 863 1396 896 nosocomium
1420 864 1451 897 in
1471 865 1584 897 Turris
1604 865 1712 898 Nonae
1741 876 1810 898 car-

340 915 472 948 ceribus
503 916 664 960 erigatur,
699 918 779 949 ibid.
813 916 992 950 Prohibitio
1026 917 1166 960 aliquem
1197 916 1321 950 carceri
1354 918 1560 962 mancipandi
1597 930 1655 962 pro
1691 919 1808 952 minori

340 979 468 1002 summa
488 975 610 1014 septem
631 981 822 1009 aureorum,
844 970 923 1003 ibid.

250 1021 397 1057 Vitellius
418 1025 603 1058 cardinalis.
633 1025 667 1059 V.
690 1025 867 1059 Duodecim
890 1025 1120 1069 Apostolorum
1141 1025 1219 1069 (Ss.)
1239 1026 1436 1059 sodalitium.
