2237 3100
0 266 48 308 kn.
63 279 94 306 c.
108 279 178 308 isca

237 331 252 375 ς
270 330 301 363 4.
320 330 389 363 Non
405 330 606 364 obstantibus
616 330 801 374 praemissis
815 341 853 365 ac
868 342 943 365 con-

21 390 178 426 Clausfssaede-
193 384 413 418 stitutionibus
429 389 459 417 et
471 384 730 418 ordinationibus
745 385 940 429 apostolicis,

0 425 123 449 '⁰⁸³¹⁰'¹³⁰'
193 437 373 481 ceterisque
389 437 557 470 contrariis
577 437 851 481 quibuscumque.

237 491 302 535 ἐξ).
331 491 392 524 Per
417 491 480 524 hoc
510 497 617 524 tamen
652 502 716 524 non
746 491 944 525 intendimus

60 556 178 593 animno
193 546 280 590 quod
313 545 374 590 ipsi
403 545 515 579 Graeci
545 546 584 578 ab
609 556 723 579 eorum
751 546 943 589 graecanico

0 589 158 617 ⁹¹³⁰³¹⁰³⁰¹¹¹¹²³‘
194 599 257 632 ritu
277 598 509 639 distrahantur,
531 600 579 632 vel
603 600 681 632 alias
706 599 845 643 desuper
864 610 943 642 quo-

193 652 356 696 quomodo
392 663 450 696 per
484 653 631 685 locorum
671 652 851 686 ordinarios
888 659 942 686 aut

193 706 273 740 alios
292 705 521 750 impediantur.

236 760 252 804 ἓ
272 759 303 793 6.
326 760 362 793 Et
382 760 458 803 quia
478 759 608 793 difficile
629 760 709 793 foret
729 764 785 793 etc.

235 814 350 848 Datum
377 814 496 847 Romae
531 814 616 858 apud
645 814 676 847 S.
708 815 856 854 Petrum,
884 814 943 847 sub

191 868 313 902 annulo
327 868 509 909 Piscatoris,
524 868 573 901 die
583 878 633 901 xvl
649 868 802 901 februarii
817 878 943 909 MDwa,

192 921 399 967 pontificatus
418 922 518 956 nostri
543 933 627 956 anno
647 933 676 955 v.

225 980 286 1011 Dat.
299 981 346 1011 die
365 981 402 1011 16
418 980 560 1011 februarii
578 980 668 1017 1564,
685 980 788 1020 pontif.
805 989 882 1010 anno
898 989 923 1009 v.

0 765 56 786 Fides
72 769 176 787 transum-

0 800 84 825 plorum.

533 1122 608 1157 XCI.

197 1203 317 1236 Decisio
338 1203 374 1235 in
398 1201 542 1244 savorem
568 1201 827 1244 conqreyatiom‘s
853 1200 946 1233 Late-

238 1255 388 1290 ranensz's
408 1255 637 1288 canonicorum
661 1254 860 1297 reputari-itm
886 1253 945 1287 Or-

238 1310 327 1343 dinis
354 1308 389 1342 S.
417 1309 603 1352 Αιιςιιετὶηιῖ,
632 1318 726 1351 super
755 1307 826 1350 lite„
849 1318 947 1351 quam

238 1364 275 1396 de
295 1363 523 1407 praecedentia
550 1362 686 1394 habebat
716 1372 786 1394 cum
816 1371 946 1404 conyre-

237 1417 367 1461 yatione
389 1416 588 1455 Cctssz'nensi,
611 1416 695 1449 alias
718 1415 752 1448 S.
778 1415 944 1456 Iustinae,

238 1471 472 1505 monachorum
493 1470 626 1505 Ordinis
645 1469 679 1503 S.
703 1469 881 1503 Benedicti.

249 1554 311 1584 Pius
324 1554 396 1589 Papa
413 1553 457 1586 IV,
477 1553 510 1581 ad
524 1552 649 1581 futuram
667 1552 708 1580 rei
725 1552 894 1581 memoriam.

23 1685 141 1708 ⁸¹⁰rdium·
196 1686 314 1726 specta,
335 1690 374 1713 ne
390 1689 505 1713 rursus
527 1689 580 1719 ea,
604 1689 686 1722 quae
707 1679 740 1712 in
761 1684 948 1712 controver-

196 1735 251 1770 siis
271 1735 355 1768 inter
383 1744 536 1778 personas
565 1733 817 1772 ecclesiasticas,
854 1743 948 1777 prae-

196 1790 306 1825 sertim
327 1789 488 1822 Altissimo
509 1788 568 1821 sub
589 1788 729 1831 regulari
751 1788 949 1831 professione

196 1845 401 1885 famulantes,
427 1843 560 1883 exortis,
592 1853 651 1887 pro
682 1842 856 1886 tranquillo
877 1842 951 1875 reli-

197 1895 301 1939 gionis
323 1899 406 1927 statu
428 1893 604 1937 prudenter
624 1892 798 1930 ordinavit,
823 1891 854 1923 in
881 1902 949 1924 mo-

197 1946 293 1978 lestos
313 1943 529 1978 contentionis
554 1942 718 1975 anfractus
747 1942 949 1981 relabantur,

197 1993 353 2027 maiorem
379 1993 469 2033 solet,
492 1993 570 2025 dum
591 1991 623 2024 id
643 2002 694 2024 res
714 1991 783 2035 ipsa
798 1991 947 2035 requirit,

197 2043 350 2076 adhibere
371 2042 569 2075 cautionem.

241 2093 256 2136 ἓ
275 2092 306 2125 1.
330 2092 413 2125 Sane
428 2102 534 2135 nuper
550 2096 733 2134 postquam,
757 2089 840 2122 sicut
859 2089 952 2122 nohis
972 2097 973 2114 t

53 2148 87 2171 Lis
108 2153 182 2171 exorta

0 2180 34 2208 (de
52 2187 91 2208 qua
106 2183 127 2202 iu
144 2189 181 2202 ru-

3 2212 77 2240 Μαι).

198 2142 399 2181 innotuerat,
431 2140 469 2173 ab
503 2139 647 2183 antiquis
672 2150 774 2183 usque
795 2139 951 2183 tempori-

197 2192 270 2232 bus,
301 2190 397 2224 etiam
421 2200 519 2233 supra
541 2194 673 2222 centum
699 2198 800 2221 annos
829 2194 951 2221 retroa-

199 2246 278 2280 ctos,
299 2240 338 2273 lis
363 2245 394 2273 et
419 2249 515 2272 causa
540 2248 596 2270 seu
623 2237 841 2270 controversia
870 2237 953 2270 inter

199 2290 334 2324 dilectos
354 2290 437 2323 filios
457 2293 617 2321 rectorem
642 2286 826 2330 generalem
849 2292 877 2320 et
903 2298 954 2320 ca-

200 2340 334 2373 nonicos
363 2339 529 2382 regulares
549 2337 581 2371 S.
608 2337 792 2379 Augustini,
820 2348 953 2381 congre-

199 2389 337 2432 gationis
356 2388 591 2427 Lateianensis,
615 2398 652 2419 ex
670 2397 749 2426 una,
778 2397 815 2419 ac
843 2398 953 2421 mona-

200 2449 255 2472 cos
271 2438 301 2476 S.
314 2437 492 2477 Benedicti,
507 2436 635 2471 Ordinis
647 2435 857 2475 cassinensis,
875 2436 953 2470 alias

200 2488 334 2522 Sanctae
362 2488 502 2521 Iustinae
524 2486 562 2519 de
583 2486 707 2525 Padua,
731 2487 952 2529 congregatio-

201 2548 280 2571 num
299 2537 447 2582 partibus
472 2547 508 2570 ex
532 2537 651 2576 altera,
689 2546 787 2580 super
820 2536 951 2571 illorum

202 2586 427 2631 praecedentia
443 2596 499 2619 seu
511 2584 751 2630 praecedendit
770 2585 912 2627 suborta,
923 2592 954 2620 et

202 2647 311 2670 coram
331 2636 463 2670 diversis
481 2635 657 2677 iudicibus,
677 2635 774 2668 etiam
795 2635 827 2667 in
843 2641 953 2670 nostro

239 2692 249 2718 1
271 2693 336 2717 Iure
352 2690 391 2726 (n.
412 2690 460 2725 τ.).

281 2734 356 2768 Bull.
371 2733 449 2766 Rom.
468 2734 523 2766 Vol.
546 2734 603 2766 VII.
797 2733 835 2765 35

860 278 928 302 1²1th
951 279 983 303 IV
1006 281 1052 304 PP.

1629 266 1694 300 273

984 332 1095 364 Palatii
1120 330 1295 375 Apostolici
1321 329 1494 370 auditorio,
1516 329 1678 367 ventilata,
1701 340 1738 362 ac

984 385 1128 425 demum,
1152 395 1216 418 non
1232 384 1301 418 sine
1329 383 1427 417 animi
1453 382 1552 416 nostri
1576 383 1734 422 molestia,

986 440 1018 472 in
1041 438 1243 473 oecumenico
1265 437 1402 470 concilio
1423 436 1631 476 Tridentino,
1654 436 1737 470 inter

986 493 1173 526 earumdem
1208 491 1495 535 congregationum
1511 491 1653 530 abbates,
1686 501 1736 524 re-

985 553 1095 580 vocata
1114 547 1229 579 fuerat.

1030 601 1044 643 g
1064 600 1095 633 2.
1119 600 1198 639 Nos,
1234 599 1474 632 considerantes
1502 598 1573 631 lites
1600 604 1631 631 et
1658 609 1736 632 con·
1752 616 1816 642 Quam
1832 616 1936 637 imm.

985 654 1154 686 troversias
1169 653 1357 686 huiusmodi
1374 653 1404 684 in
1420 653 1576 692 Ecclesia,
1594 663 1738 697 praescr·
1753 647 1802 668 ’Μ’
1818 649 1901 668 mie*
1915 651 1935 667 ⁰¹

1753 679 1790 698 sibi
1802 679 1935 699 referendam

986 707 1042 739 tim
1071 706 1155 739 inter
1184 706 1348 749 religiosas
1368 711 1398 738 et
1418 706 1606 739 reformatas
1630 717 1738 750 perso·
1753 711 1856 732 cmm—<ss
1870 710 1935 730 ΨΜ

986 770 1054 800 nas,
1077 770 1172 803 quae,
1195 759 1314 793 relictis
1334 759 1446 792 mundi
1459 759 1666 800 vanitatibus,
1689 771 1739 793 v0-
1753 741 1935 793 ἶιῖᾞῖἓῖξῖξυωο

986 819 1054 846 tum
1075 824 1170 846 suum
1192 814 1224 846 in
1244 813 1435 847 humilitatis
1461 814 1575 857 spiritu
1601 813 1738 847 Domino

986 874 1014 901 et
1045 868 1108 901 Deo
1136 874 1263 907 nostro,
1291 868 1346 911 qui
1376 879 1409 901 se
1439 879 1495 911 pro
1521 868 1615 901 nobis
1635 879 1738 911 usque

986 922 1066 955 adeo
1090 920 1289 961 humiliavit,
1323 926 1353 953 ut
1383 922 1520 954 sormam
1549 922 1629 954 servi
1655 922 1739 955 acci-

986 980 1089 1019 peret,
1115 975 1296 1018 persolvere
1318 974 1523 1018 profitentur,
1550 985 1615 1008 non
1635 974 1738 1008 modi-

988 1040 1062 1061 cum
1092 1028 1138 1061 illi
1173 1029 1359 1073 praeclarae
1403 1029 1533 1073 Deoque
1564 1030 1740 1074 praecipue

987 1082 1122 1116 dilectae
1142 1083 1263 1123 virtuti,
1281 1093 1364 1126 quae
1381 1088 1427 1116 est
1441 1083 1620 1123 humilitas,
1634 1083 1739 1117 labem

988 1136 1180 1177 infundere,
1212 1136 1401 1181 populoque
1431 1137 1618 1170 scandalum
1646 1147 1742 1179 gene-

988 1200 1072 1230 rare,
1092 1201 1129 1223 ac
1149 1196 1321 1234 propterea
1337 1190 1408 1223 illas
1428 1191 1516 1224 omni
1532 1191 1656 1224 ratione
1668 1191 1741 1224 sub-

988 1244 1172 1284 movendas,
1209 1243 1422 1288 publicaeque
1456 1244 1621 1287 religionis
1654 1250 1741 1278 tran-

988 1297 1158 1342 quillitati,
1186 1309 1222 1331 ac
1256 1297 1479 1331 ministrorum
1508 1298 1564 1331 Dei
1598 1299 1742 1332 reconci-

989 1352 1111 1386 liationi
1146 1358 1177 1386 et
1210 1358 1342 1386 mutuae
1375 1352 1541 1386 dilectioni
1574 1352 1742 1397 quampri-

988 1417 1078 1439 mum
1100 1406 1337 1440 consulendum
1358 1417 1425 1440 esse
1453 1407 1525 1447 rati,
1551 1412 1641 1440 motu
1666 1417 1742 1451 pro-

989 1461 1061 1505 prio
1083 1460 1184 1494 dictas
1217 1471 1331 1494 causas
1351 1466 1382 1494 et
1415 1460 1650 1494 controversias
1674 1460 1744 1493 ubi-

1753 274 1801 301 Διὶ.
1819 272 1846 300 C.
1867 274 1934 301 156&

967 1538 970 1587 1
990 1515 1068 1548 libet
1088 1521 1118 1548 et.
1138 1525 1247 1548 corani
1268 1514 1434 1559 quibusvis
1454 1514 1617 1548 iudicibus
1643 1519 1746 1548 motas

968 1574 1021 1610 ¹et
1046 1569 1079 1602 in
1105 1569 1270 1613 quibusvis
1296 1568 1455 1602 instantiis
1482 1569 1641 1603 indecisas
1667 1579 1746 1614 pen-

240 1625 330 1660 Sedis
355 1624 558 1669 Apostolicae
581 1624 781 1668 providentia
806 1624 947 1657 circum·
968 1613 970 1628 ¹

990 1623 1118 1663 dentes,
1165 1623 1204 1656 ab
1252 1623 1372 1656 eisdem
1408 1623 1570 1656 iudicibus
1610 1623 1648 1656 ad
1686 1633 1745 1656 nos

992 1677 1209 1716 avocavimus,
1232 1678 1367 1720 illasque
1389 1676 1513 1709 dilectis
1534 1676 1608 1709 filiis
1629 1675 1745 1710 nostris

992 1732 1102 1765 Ioanni
1137 1732 1281 1764 Michaeli
1308 1731 1339 1765 S.
1369 1732 1551 1765 Anastasiae
1574 1731 1745 1772 Saraceno,

992 1786 1101 1819 loanni
1124 1786 1281 1830 Baptistae
1302 1786 1334 1820 S.
1358 1785 1530 1819 Clementis
1549 1785 1692 1825 cicadae,
1709 1797 1745 1820 ac

992 1840 1193 1888 B·ernardino
1206 1840 1298 1873 Scuto
1311 1840 1518 1884 nuncupatis,
1542 1845 1669 1873 sanctae
1686 1840 1746 1873 Ro-

993 1906 1106 1928 manae
1120 1895 1279 1928 Ecclesiae
1296 1895 1488 1938 presbyteris
1510 1895 1742 1935 cardinalibus,

993 1951 1180 1989 audiendas,
1224 1951 1462 1992 cognoscendas
1493 1956 1521 1983 et
1543 1950 1746 1990 decidendas,

972 2047 973 2050 Ἴ
994 2016 1051 2049 per
1071 2006 1243 2048 quamdam
1268 2011 1373 2038 motus
1393 2004 1514 2048 proprii
1537 2004 1743 2045 schedulam,

972 2055 973 2082 3
994 2064 1022 2091 et
1044 2059 1159 2092 deinde
1185 2059 1254 2092 illas
1275 2070 1333 2104 per
1356 2059 1442 2091 aliud
1464 2065 1611 2091 nostrum
1632 2058 1746 2091 rescri-

972 2118 1086 2157 =ptum
1111 2112 1231 2146 eisdem
1266 2113 1483 2146 cardinalibus
1517 2123 1574 2157 per
1604 2122 1658 2145 eos
1692 2123 1747 2144 au*

972 2166 974 2185 ¹
994 2167 1125 2200 diendas
1140 2172 1276 2208 tantum,
1293 2167 1450 2212 nobisque
1463 2167 1647 2200 referendas
1663 2177 1747 2199 com-

973 2220 974 2247 Ῑ
995 2220 1153 2254 misimus.

1039 2276 1054 2319 ξ
1072 2275 1104 2309 3.
1127 2276 1186 2315 Qui
1207 2275 1340 2319 quidem
1362 2275 1551 2315 cardinales,
1568 2273 1660 2307 dictis
1676 2285 1748 2319 par-

972 2329 1080 2362 ttibus
1108 2340 1259 2363 earumve
1297 2328 1564 2374 procuratoribus
1595 2334 1625 2362 et
1655 2329 1748 2361 advo-

973 2399 974 2406 *
995 2384 1073 2417 catis
1092 2384 1214 2428 pluries
1234 2384 1366 2424 auditis,
1392 2383 1563 2426 dubiisque
1584 2393 1749 2425 emergen-

994 2437 1080 2470 tibus
1107 2438 1146 2471 ad
1176 2439 1308 2483 plenum
1338 2437 1491 2471 discussis
1511 2442 1549 2484 et
1577 2436 1747 2477 resolutis,

996 2493 1163 2531 comperto
1188 2487 1263 2520 satis
1291 2498 1349 2531 per
1378 2496 1432 2520 eos
1458 2497 1496 2519 ex
1525 2486 1750 2530 compluribus

1789 2291 1827 2317 Qui
1849 2291 1948 2310 cardina-

1763 2322 1795 2344 les
1829 2323 1946 2342 retulerunt

1763 2353 1858 2374 Pontifici
1885 2359 1947 2379 prae-

1763 2385 1817 2405 satos
1833 2390 1948 2405 canonico·

1764 2417 1895 2441 praecedere
1911 2416 1948 2435 de·-

1764 2444 1824 2464 bere.

996 2536 1097 2569 literis
1129 2536 1324 2580 apostolocis
1363 2535 1559 2580 diversisque
1593 2535 1662 2568 aliis
1691 2535 1749 2568 do-

996 2585 1177 2626 cumentis,
1214 2585 1395 2618 rationibus
1424 2591 1454 2619 et
1489 2585 1746 2630 probationibus,

995 2635 1082 2679 quod
1102 2633 1161 2678 ipsi
1182 2634 1331 2668 canonici
1347 2635 1479 2668 suerunt
1499 2640 1529 2668 et
1545 2639 1618 2668 sunt
1633 2634 1672 2668 de
1688 2633 1749 2667 illis

995 2684 1121 2719 clericis
1140 2694 1158 2717 a
1178 2683 1210 2718 S.
1233 2684 1423 2729 Augustino,
1446 2683 1657 2730 quinimmoa
1676 2693 1748 2718 san-
