2237 3100
219 298 266 324 An.
287 296 314 323 C.
337 295 403 323 1555

253 1735 312 1755 Circa
323 1739 408 1760 genera-

227 1767 252 1785 lis
263 1769 282 1786 cl
294 1766 411 1791 prorinria-

226 1796 274 1815 Ιιιιιιι
291 1795 411 1815 [acnltate‘u

226 1826 360 1852 dispensandi
391 1832 410 1844 tu

228 1859 266 1881 bis,
277 1864 329 1885 quae
342 1859 360 1877 in
374 1857 411 1877 lte-

226 1891 273 1916 gula
297 1891 412 1913 contineu-

227 1926 230 1941 t
264 1930 266 1933 .

256 2273 315 2293 Cura
339 2277 397 2293 arce,

231 2310 274 2324 sum
308 2304 415 2328 generatis

231 2336 255 2354 ⁴ul
290 2336 414 2355 mitandum

232 2365 352 2391 Hispaniam
394 2369 414 2386 el

233 2391 388 2422 Portugallianu

463 282 527 316 418

421 343 524 377 malis.
546 343 716 376 Cori-ector
737 346 796 380 est,
814 337 987 372 continebit
1008 338 1040 369 in
1060 336 1124 369 tide
1144 342 1171 369 et

421 396 601 431 obedientia
622 400 749 427 sanetae
770 393 931 425 Romanae
947 389 1119 422 Ecclesiae.
1138 389 1173 422 In

420 451 469 483 liis
489 450 574 482 enim
603 447 778 480 auotoritas
803 445 872 477 cius
892 449 951 484 est,
976 443 1007 475 in
1034 443 1084 475 his
1104 442 1174 475 offi-

421 504 506 537 cium
532 512 627 535 suum
661 505 826 537 versatur,
856 502 889 530 ut
916 506 1064 539 expresse
1098 496 1176 528 dicit

421 558 535 589 beatus
554 553 743 586 Franciscus
764 552 795 583 in
812 551 874 583 hoc
889 549 1004 592 capite,
1019 554 1047 581 et
1068 549 1175 581 decla-

422 615 465 641 rat
488 606 659 649 Gregorius
674 606 723 645 lx,
745 605 822 637 alias
840 603 892 643 XI,
911 602 1035 646 primus
1049 602 1176 635 Ordinis

422 667 596 705 protector,
610 665 637 691 et
658 658 773 691 deinde
795 657 900 690 Sixtus
920 661 1054 699 quartus
1074 660 1103 689 et
1124 666 1175 689 re-

421 713 632 757 tiquiomnes,
655 712 711 754 qui
726 711 882 753 Regulam
899 709 1114 752 explic-arunt.
1133 709 1176 742 Te

422 767 529 808 igitur,
558 777 577 797 o
607 764 821 797 illustrissime
850 769 879 796 et
911 761 1176 796 reverendissime

420 819 531 851 tsslarole
543 819 738 857 Borromtee,
752 817 966 861 appellamus,
979 821 1067 847 tuam
1079 815 1175 851 fidem

420 878 447 905 et
477 871 706 914 benignitatem
729 871 945 910 obtestamur,
968 874 1000 902 ut
1018 874 1176 909 nos,tuae

421 936 517 958 curae
532 930 562 957 et
574 924 753 967 patrocinio
770 924 970 963 commissos,
992 923 1177 957 beatissimo

421 980 579 1013 avunculo
601 984 655 1010 tuo
676 984 706 1011 et
727 978 928 1011 sanctissimo
955 979 1037 1022 patri
1067 984 1177 1013 nostro

422 1035 477 1067 Pio
502 1040 618 1077 quarto
642 1032 884 1066 commendatos
904 1032 1017 1073 faeias3
1036 1033 1083 1066 Tu
1101 1044 1177 1067 vero

423 1087 620 1129 Religionem
642 1091 783 1119 nostram
805 1091 858 1119 tua
875 1086 1058 1129 prudentia,
1073 1087 1177 1120 eonsi-

422 1142 464 1173 lio
489 1146 515 1173 et
543 1139 733 1173 auctoritate
754 1145 922 1182 protegere
943 1150 1009 1172 non
1028 1140 1176 1181 desistas,

422 1201 467 1234 ut,
486 1195 525 1227 ab
547 1193 754 1226 inimicorum
773 1192 895 1225 insidiis
915 1198 992 1233 tuta,
1012 1193 1096 1226 beati
1120 1205 1176 1237 pa-

423 1248 477 1280 tris
497 1247 546 1279 sui
566 1245 728 1279 Francisci
743 1245 883 1288 vestigiis
898 1245 1108 1286 inhaerendo,
1127 1258 1176 1280 se-

421 1301 535 1333 dulum
557 1300 588 1332 in
609 1299 798 1331 humilitatis
824 1299 938 1342 spiritu
968 1300 1103 1333 reddere
1124 1311 1176 1333 ra-

422 1354 481 1385 leat
498 1353 634 1385 Domino
651 1352 852 1384 famulatum.
866 1352 1034 1385 Praeterea
1043 1353 1178 1397 cupiens

421 1406 570 1449 generale
592 1405 771 1448 capitulum
806 1411 839 1437 ut
869 1405 1072 1448 supradictae
1093 1407 1178 1450 leges

423 1464 449 1491 et
473 1458 717 1491 constitutiones
744 1464 806 1490 tam
829 1464 916 1490 extra
936 1458 1057 1491 Italiam
1080 1470 1177 1501 quam

422 1513 453 1544 in
475 1511 563 1544 ltalia
588 1511 627 1544 ab
648 1511 796 1543 universo
813 1511 960 1544 sodalitio
980 1517 1090 1545 nostro
1111 1522 1177 1545 ser-

422 1571 536 1598 ventur
560 1570 590 1597 et
619 1564 799 1598 executioni
833 1564 1082 1607 demandentur,
1118 1566 1178 1598 tria

423 1619 502 1651 liaeo
523 1618 697 1662 praecipua
717 1618 855 1650 decrevit
876 1628 913 1651 ac
934 1618 1035 1651 iussit.

468 1671 629 1711 Primum,
650 1682 689 1704 ne
710 1671 869 1714 generalis
889 1676 920 1705 et
948 1672 1050 1705 multo
1072 1672 1179 1707 minus

424 1725 636 1768 provinciales
647 1724 769 1768 possint
779 1724 965 1768 dispensare
981 1725 1013 1757 in
1030 1725 1079 1758 his
1097 1737 1179 1769 quae

427 1784 497 1810 sunt
525 1778 562 1810 de
585 1778 721 1810 essentia
741 1778 882 1820 Regulae
896 1804 903 1817 ‚
926 1783 959 1810 ut
980 1784 1076 1821 puta,
1097 1790 1180 1822 quae

426 1829 599 1873 respiciunt
613 1830 672 1862 tria
679 1836 750 1862 vota
760 1830 952 1870 essentialia,
965 1831 1178 1872 obedientiae,

426 1883 559 1923 seilicet,
583 1883 780 1926 paupertatis
805 1889 833 1916 et
856 1884 1018 1925 eastitatis,
1048 1885 1103 1918 scd
1123 1896 1180 1919 ne-

427 1948 489 1981 que
506 1937 537 1968 in
555 1937 636 1978 aliis,
656 1937 714 1969 nisi
729 1947 765 1969 ex
782 1937 909 1979 urgenti
930 1938 1117 1971 necessitate
1133 1940 1180 1971 vel

427 1990 534 2033 aliqua
549 1990 638 2023 valde
656 1990 837 2023 rationabili
855 2001 963 2031 eausa,
975 2002 1059 2034 quae
1074 1997 1181 2025 tamen

428 2043 564 2076 decretis
584 2044 787 2076 Tridentinae
813 2044 923 2087 synodi
949 2055 1013 2077 non
1034 2045 1180 2079 adverse-

429 2103 599 2140 tur,super
622 2108 686 2141 quo
703 2098 847 2140 ipsorum
869 2098 1075 2141 superiorum
1104 2109 1180 2132 eon-

430 2150 577 2183 scientias
602 2156 750 2184 oneratas
768 2151 879 2183 voluit.

473 2204 676 2241 Secundum,
700 2205 787 2248 quod
813 2205 946 2248 quilibet
973 2207 1130 2248 generalis
1149 2207 1182 2240 in

431 2257 524 2301 primi
542 2258 637 2291 otttcii
654 2259 702 2291 sui
720 2259 869 2298 triennio,
885 2266 1027 2291 cessante
1040 2260 1182 2303 legitimo

431 2312 660 2354 impedimento
677 2312 836 2346 bellorum
856 2316 910 2344 aut
927 2312 1034 2356 pestis,
1054 2314 1182 2356 provin-

432 2364 495 2397 cias
520 2364 746 2408 Hispaniarum
772 2371 802 2398 et
822 2365 1035 2407 Portugalliae
1056 2366 1087 2399 in
1109 2377 1182 2409 per-

432 2428 509 2449 sona
530 2418 661 2461 propria
680 2418 807 2450 visitare
823 2423 981 2451 teneatur.
1004 2418 1093 2457 Quod
1110 2420 1135 2452 si
1147 2431 1183 2453 ex

432 2476 488 2498 sua
509 2466 701 2508 negligentia
722 2477 785 2499 non
807 2466 928 2507 feccrit,
952 2477 1015 2499 non
1032 2468 1130 2511 possit
1152 2469 1183 2502 in

431 2515 614 2556 generalem
644 2515 754 2557 reeligi
775 2525 834 2558 pro
863 2516 1006 2548 seeundo
1026 2516 1181 2556 triennio;

431 2562 486 2595 sed
502 2563 583 2595 alius
605 2563 752 2606 eligatur,
775 2564 830 2607 qui
851 2565 927 2597 huic
947 2565 1076 2599 decreto
1096 2567 1183 2600 satis-

430 2611 534 2644 faeiat.

475 2660 607 2693 Ministri
638 2672 721 2699 veto,
742 2663 797 2705 qui
823 2663 854 2695 in
881 2663 1069 2697 executione
1089 2674 1182 2708 prae—

1015 284 1196 309 BULLARIUM
1220 283 1372 308 ROMANUM

1984 279 2035 305 An.
2051 278 2079 305 C.
2097 278 2166 307 1565

1214 336 1312 369 sentis
1336 336 1574 369 reformationis
1593 346 1611 369 a
1630 335 1772 378 generali
1791 334 1839 368 vel
1859 334 1967 367 visita·
2009 345 2168 382 campanino-

1215 389 1339 422 toribus
1359 389 1467 421 minus
1491 388 1658 431 diligentes
1678 388 1796 421 inventi
1824 387 1943 421 suerint
1958 414 1966 428 ,
1984 379 2169 435 {ifissisg'ssiit'iitiiaif'ssss

1215 442 1254 474 ab
1275 441 1388 475 officiis
1408 441 1474 474 suis
1494 441 1621 482 cadant,
1638 441 1856 474 etredtlantur
1874 441 1967 474 inlia-
1984 440 2169 492 pgflnffffm'ssjffilf*

1215 494 1296 527 biles
1325 495 1420 527 etiam
1441 494 1480 527 ad
1500 494 1642 526 minores
1667 493 1786 536 gradus
1814 499 1843 526 et
1863 493 1968 526 officia
2039 484 2044 491 ⁸
2133 487 2139 496 '

1216 547 1353 581 Ordinis.
1376 547 1560 580 visitatores
1580 552 1700 587 autem,
1718 546 1774 589 qui
1794 545 1969 589 provincia-

1216 600 1296 633 lium
1317 606 1423 645 partes
1450 600 1641 644 implebunt,
1672 599 1768 633 etiam
1789 599 1969 644 provincia-

1216 655 1295 688 lium
1318 654 1505 697 magistratu
1526 654 1702 697 potiantur.

1261 708 1414 747 Tertium,
1448 707 1535 750 quod
1569 706 1814 740 constitutiones
1844 706 1973 740 Ordinis
1998 714 2172 750 ‘Circarovoeq-

1217 761 1318 794 nostri
1339 770 1547 804 quocumque
1570 765 1715 803 tempore
1734 760 1853 800 sactae,
1875 760 1970 794 etiam
1988 748 2172 800 iiiiiiiimcmiitiic

1217 814 1242 847 si
1263 814 1439 857 apostolica
1459 813 1649 847 auctoritate
1665 813 1728 846 sint
1748 812 1970 853 confirmatae,
1989 806 2174 858 ζζξῗζζῖξῖὶῗῗξεζῑ

1218 867 1249 900 in
1273 867 1336 908 his,
1359 878 1441 911 quae
1467 867 1604 901 decretis
1623 866 1812 900 huiusmodi
1836 866 2032 901 'Puden-⁶1¹⁰
2056 869 2172 889 ‘'¹¹¹'‘“011‘

1218 920 1274 953 tini
1296 920 1425 953 concilii
1446 925 1637 964 repugnant,
1660 919 1791 953 omnino
1813 919 1923 953 irritae
1942 925 1974 954 et
1988 902 2047 920 ‘mm'

1217 974 1389 1017 abrogatae
1405 984 1473 1007 esse
1494 973 1726 1017 intelligantur,
1744 978 1840 1017 atque
1859 983 1973 1008 omnes

1217 1028 1256 1061 ad
1281 1028 1399 1061 limites
1427 1034 1458 1061 et
1485 1027 1756 1072 praescriptiones
1780 1027 1917 1061 istarum
1942 1033 1973 1062 et

1218 1081 1348 1115 concilii
1369 1083 1517 1116 redactae
1538 1086 1742 1115 censeantur.

1262 1136 1427 1169 Postremo
1453 1146 1470 1169 a
1496 1135 1680 1168 beatissimo
1704 1134 1837 1168 domino
1863 1140 1973 1169 nostro
2043 1142 2173 1176 Sunssteatio

1218 1189 1272 1222 Pio
1306 1195 1421 1233 quarto
1451 1188 1613 1232 supplices
1642 1188 1783 1232 petimus
1807 1193 1843 1221 ut
1866 1188 1975 1223 iubeat
1989 1176 2174 1225 Kss⁰nio¹552¹1¹331

1218 1242 1420 1287 principibus
1436 1247 1467 1276 et
1476 1241 1714 1285 magistratibus
1728 1251 1769 1274 ne
1790 1242 1890 1275 ullam
1906 1252 1976 1276 mo·
1989 1240 2057 1287 {¹1:22⁰
2077 1235 2173 1256 ⁰¹⁷¹¹¹³¹²u⁵

1218 1296 1342 1328 lestiam
1374 1296 1421 1334 vet
1455 1295 1724 1339 impedimentum
1755 1293 1894 1328 inserant
1924 1295 1974 1329 vel

1218 1349 1330 1381 int'erri
1360 1348 1477 1388 sinant,
1505 1359 1570 1392 quo
1601 1348 1709 1381 minus
1735 1348 1974 1393 suprascriptae

1219 1402 1400 1435 sanctiones
1414 1402 1446 1434 in
1457 1402 1524 1435 suis
1535 1401 1686 1435 dominiis
1694 1401 1874 1435 executioni
1885 1412 1974 1435 man-

1219 1455 1348 1496 dentur,
1375 1456 1429 1489 sed
1456 1456 1562 1499 potius
1587 1456 1731 1495 faveant,
1761 1461 1792 1489 et
1817 1455 1974 1489 auxilium

1219 1519 1314 1541 suum
1336 1508 1537 1552 impendant,
1561 1512 1619 1541 etc.

1529 1663 1645 1697 CXXII.

1220 1740 1373 1773 Rescissio
1389 1739 1640 1779 alienationum,
1662 1738 1926 1780 infeudatiomtm
1945 1743 1974 1773 et

1265 1793 1501 1825 concessionum
1523 1797 1683 1826 terrarum
1699 1796 1728 1825 et
1744 1792 1884 1826 Iocorum
1900 1803 1975 1826 san-
1987 1769 2029 1810 ᾳ

1265 1850 1333 1879 ctae
1349 1846 1516 1878 Romanae.
1536 1845 1698 1878 Ecclesiae
1713 1855 1750 1877 ac
1764 1844 1857 1878 Sedis
1874 1850 1903 1879 et
1916 1845 1977 1879 Ca-

1266 1909 1372 1931 merac
1391 1898 1603 1942 Apostolicae,
1625 1899 1694 1931 sine
1714 1899 1907 1942 competenti
1926 1909 1976 1932 rc-

1266 1962 1444 1995 compensa,
1463 1956 1518 1984 ttttt
1530 1952 1714 1985 necessitate
1723 1952 1771 1985 vel
1780 1952 1874 1985 ctictae
1885 1951 1978 1986 Sedis

1268 2006 1409 2039 utilitate
1428 2006 1463 2038 id
1483 2016 1547 2038 non
1569 2005 1726 2048 em'qence,
1748 2005 1924 2046 factarum.

1301 2087 1364 2115 Pius
1387 2087 1528 2122 episeopus
1554 2093 1650 2114 servus
1669 2092 1809 2115 servorum
1827 2085 1890 2120 Dei,

1366 2136 1400 2164 ad
1422 2137 1585 2171 perpetuam
1605 2135 1646 2164 roi
1662 2135 1832 2164 memoriam.

1267 2207 1469 2251 Apostolicae
1490 2206 1649 2241 servitutis
1673 2206 1829 2248 officium,
1851 2206 1926 2241 fidei
1945 2212 1976 2240 et
2015 2212 2135 2235 Exordium-

1223 2260 1406 2303 diligentiae
1427 2266 1555 2294 nostrae
1576 2260 1727 2293 divinitus
1738 2259 1976 2301 traditu1n‚nos

1223 2314 1415 2358 iampridem
1446 2314 1560 2347 excitat
1588 2319 1618 2347 et
1641 2313 1779 2357 impellit
1804 2318 1839 2347 ut
1871 2313 1975 2358 ipsam

1224 2368 1337 2402 Sedem
1359 2373 1388 2401 et
1408 2367 1573 2401 Cameram
1595 2366 1823 2411 Apostolicam,
1841 2376 1909 2400 non
1927 2377 1977 2401 so-

1224 2422 1291 2454 lum
1313 2421 1549 2454 suturisrcrum
1565 2431 1698 2454 suarum
1718 2419 1849 2454 iacturis
1858 2426 1975 2454 sartam

1224 2476 1339 2503 tectam
1371 2475 1546 2514 praestare,
1568 2470 1622 2504 sed
1646 2470 1741 2503 etiam
1762 2469 1913 2503 adversus
1935 2470 1975 2504 il-
2006 2492 2009 2494 -

1224 2520 1286 2552 lata
1306 2519 1365 2552 sibi
1386 2519 1588 2558 detrimenta,
1602 2517 1731 2552 semotis
1739 2518 1890 2552 omnibus
1904 2529 1976 2553 om-

1224 2567 1314 2600 nium
1339 2568 1465 2601 iniustis
1484 2568 1664 2607 affectibus,
1686 2567 1793 2610 quoad
1817 2566 1886 2601 eius
1905 2567 1976 2602 fieri

1225 2622 1337 2659 potest,
1358 2616 1517 2659 integrare
1537 2616 1732 2649 studeamus.

1268 2666 1283 2708 ἓ
1312 2665 1343 2698 t.
1371 2666 1465 2705 Sane,
1494 2665 1569 2698 licet
1587 2664 1620 2697 in
1644 2664 1851 2709 pontificatus
1875 2665 1975 2700 nostri
