2237 3100
898 254 994 280 iunnx
1018 255 1125 280 RERUM
1646 247 1729 282 1011

312 307 451 341 audeant
475 307 508 342 in
528 307 606 342 locis
626 307 794 351 exemptis,
820 307 885 341 450
910 319 941 341 α.
973 308 1159 342 Monialium
1189 308 1311 352 absque
1336 308 1466 342 licentia
1490 319 1508 342 e
1528 309 1678 343 clausura
1700 321 1774 345 exe·

314 361 443 394 untium
472 371 607 405 poenae,
633 360 711 394 ibid.
735 361 752 393 b
773 366 803 393 et
823 359 887 393 808
907 361 936 393 b.
964 360 1061 394 Casus
1082 361 1114 394 in
1135 362 1252 405 quibus
1273 361 1403 395 licentia
1423 362 1558 396 concedi
1578 368 1695 407 potest,
1712 363 1777 398 450

313 414 342 447 b.
365 414 551 447 Monialium
572 424 659 455 cura,
678 413 740 446 iam
762 419 855 446 antea
875 413 1025 446 fratribus
1039 413 1166 447 Ordinis
1183 414 1343 448 Minorum
1358 414 1626 448 Conventualium
1639 416 1775 457 credita,

314 467 347 500 in
366 467 513 500 locorum
524 467 704 501 ordinarios
716 467 908 500 transfertur
927 466 1011 499 aPio
1032 467 1066 507 V,
1084 467 1149 501 674
1168 468 1185 500 b
1202 474 1232 501 et
1251 469 1432 512 seq.;item‚
1446 469 1552 512 quoad
1570 469 1776 503 commissam

313 521 467 554 fratribus
495 520 695 561 Humiliatis‚
721 519 785 554 695
812 531 844 553 a.
874 519 1065 553 Monialibus
1091 521 1278 563 egrediendi
1305 522 1470 555 licentiam
1495 521 1638 556 indebite
1659 533 1776 558 conce-

313 574 472 615 dentium,
495 574 565 607 illas
586 573 809 607 comitantium
829 573 877 606 vel
898 573 1133 617 receptantium
1154 585 1290 617 poenae,
1313 575 1377 609 809
1397 586 1428 608 α.

224 627 376 662 Moniales
395 628 523 662 Ordinis
539 628 569 662 S.
596 627 770 661 Francisei.
800 626 833 660 V.
856 627 993 660 Minores
1013 626 1258 661 Conventuales.

223 681 458 716 Monomachia.
491 681 524 714 V.
548 680 779 721 Gladiatorum,
802 681 898 724 vulgo
917 680 1143 721 duellantium,
1166 691 1301 725 poenae.

223 735 337 769 Montis
356 734 469 768 Oliveti
489 734 522 767 B.
539 734 655 768 Mariae
675 733 932 778 congregationis
945 734 1080 778 praelati
1101 734 1265 768 absolvere
1286 741 1317 768 et
1330 735 1517 779 dispensare
1537 742 1672 780 possunt
1698 749 1774 772 suos

312 788 489 822 monachos
504 788 543 821 ab
564 788 813 831 irregularitate,
833 787 946 832 paucis
965 787 1108 832 exceptis
1127 787 1267 829 casibus,
1290 788 1331 822 26
1352 790 1380 821 b.
1410 790 1444 822 V.
1467 790 1653 832 Regulares.

221 841 370 876 Mulieres
389 842 515 885 ingredi
535 848 701 886 nequeunt
720 842 946 885 religiosorum
967 841 1174 882 monasteria,
1186 841 1250 875 487
1264 842 1470 876 b.Poenaein
1479 844 1771 886 contravenientes,

310 895 376 930 488
396 907 427 929 a.
448 895 630 929 Declaratio
649 896 734 929 circa
754 895 942 940 praemissa,
960 895 1040 928 ibid.
1068 895 1085 928 b
1106 901 1137 928 et
1156 905 1218 938 seq.

223 949 393 983 Mulierum
404 949 444 983 ad
455 950 623 984 meliorem
635 950 760 993 frugem
772 960 998 983 conversarum
1019 949 1126 993 (vulgo
1148 948 1365 993 Convertitae)
1376 949 1407 983 in
1417 950 1503 983 Urbe
1519 961 1645 985 caussas
1661 962 1772 986 omncs

312 1013 378 1036 non
402 1003 574 1036 instructas
598 1002 638 1036 ad
657 1013 691 1036 se
710 1003 843 1036 advocat
862 1003 936 1036 Pius
960 1003 1007 1043 IV,
1023 1002 1089 1036 173
1108 1014 1143 1043 α,·
1167 1013 1246 1046 quas
1258 1002 1451 1037 decidendas
1465 1005 1641 1038 committit
1664 1006 1770 1039 cardi-

313 1055 379 1088 nali
399 1056 589 1100 protectori,
611 1067 685 1089 eum
704 1056 857 1089 facultate
876 1055 1046 1089 inhibendi
1070 1056 1330 1099 quibuscumque
1346 1056 1506 1091 iudicibus
1527 1058 1632 1099 Urbis,
1651 1059 1730 1093 ibid.
1753 1060 1771 1093 b

314 1115 343 1142 et
363 1120 444 1153 seq.,·
461 1109 638 1143 sententias
657 1109 850 1153 exequendi,
871 1109 1093 1144 inobedientes
1114 1109 1299 1151 coercendi,
1322 1115 1494 1154 ceteraque
1522 1113 1703 1147 necessaria
1722 1113 1769 1146 fa-

315 1162 434 1204 ciendi,
460 1162 526 1196 174
545 1164 573 1196 b.

976 1352 1013 1392 N

218 1482 399 1518 Nardinum
419 1482 604 1526 collegium.
634 1481 668 1515 V.
690 1481 927 1526 Capranicense
947 1482 1135 1526 collegium.

217 1537 427 1581 Naufragium
447 1536 544 1580 passi.
574 1535 607 1569 V.
631 1535 717 1568 Bona
738 1535 1014 1579 naufragantium.

218 1591 421 1636 Neapolitani
442 1590 532 1634 regni
553 1589 738 1630 ordinariis,
765 1589 825 1622 sub
853 1589 1065 1623 severissimis
1085 1589 1210 1633 poenis,
1230 1594 1355 1623 vetatur
1380 1601 1420 1624 ne
1441 1601 1474 1623 se
1495 1590 1700 1626 immisceant
1716 1591 1767 1626 be·

306 1644 431 1678 neficiis
450 1643 525 1678 Sedi
544 1643 749 1687 Apostolicae
769 1643 950 1683 reservatis,
974 1642 1037 1676 649
1058 1643 1088 1677 b.

217 1698 448 1742 Negotiatores.
477 1697 511 1730 V.
531 1697 686 1731 Mercium
704 1696 904 1730 minutarum
921 1697 1128 1730 venditorum
1153 1697 1358 1731 universitas

217 1752 363 1787 Nominis
382 1751 479 1795 (SS.)
498 1751 553 1784 Dei
574 1751 726 1784 sodalitas
747 1750 779 1783 in
800 1750 961 1795 Hispaniis
978 1751 1158 1784 instituitur
1178 1751 1218 1784 ad
1239 1751 1517 1796 praepediendum
1537 1751 1767 1797 blasphemias,

307 1805 452 1851 periuria
472 1805 649 1848 illicitaque
669 1804 862 1845 iuramenta,
887 1803 950 1838 ⁶282
970 1806 999 1838 b.
1026 1805 1102 1839 Pius
1126 1805 1163 1838 IV
1184 1806 1332 1839 eamdem
1353 1806 1510 1850 approbat
1526 1817 1652 1840 necnon
1672 1817 1768 1851 quas-

307 1869 448 1903 cumque
468 1859 549 1892 alias
569 1858 600 1891 id
625 1868 726 1901 genus
746 1857 931 1892 sodalitates
951 1859 1073 1903 ubique
1101 1865 1262 1893 terrarum
1292 1860 1454 1893 institutas
1480 1866 1510 1893 et
1535 1860 1768 1900 instituendas,

306 1912 371 1947 ⁶283
386 1923 421 1953 α,·
433 1911 666 1955 indulgentiam
682 1911 862 1955 plenariam
884 1912 1033 1946 concedit
1057 1913 1228 1957 utriusque
1249 1924 1341 1946 sexus
1360 1913 1548 1947 earumdem
1562 1913 1767 1947 sodalitatum

308 1965 474 2011 personis,
502 1976 586 2009 quae
612 1964 878 1998 Circumcisionis
901 1966 964 2006 die,
984 1977 1059 2000 vere
1079 1967 1281 2010 poenitentes
1301 1972 1332 2000 et.
1351 1967 1527 2008 confessae,
1548 1967 1768 2001 Eucharistiae

295 2025 544 2055 sacramentum
565 2020 679 2053 devote
700 2020 911 2063 susceperint,
932 2021 1037 2061 ibid.,·
1057 2021 1134 2054 item
1155 2021 1260 2065 prima
1282 2021 1440 2065 cuiusque
1460 2021 1581 2055 mensis
1601 2021 1766 2055 dominica

306 2075 437 2109 missam
458 2073 682 2113 audientibus,
705 2073 810 2114 ibid.‚·
835 2073 1086 2108 admonentibus
1111 2080 1232 2108 temere
1258 2075 1401 2108 iurantes
1428 2081 1458 2108 et
1482 2075 1763 2119 blasphemantes,

304 2139 364 2173 pro
379 2128 523 2172 qualibet
543 2126 623 2168 vice,
642 2132 774 2160 centum
795 2127 863 2161 dies
877 2127 917 2160 de
938 2128 1092 2161 iniunctis
1105 2128 1314 2172 poenitentiis
1331 2129 1463 2169 relaxat,
1482 2128 1578 2168 ibid„-
1596 2128 1765 2172 praedica-

305 2182 449 2222 toribus,
471 2180 527 2225 qui
548 2180 776 2214 christifideles
793 2185 829 2213 ut
856 2192 873 2214 a
900 2181 1160 2215 iuramentorum
1189 2182 1294 2215 abusu
1326 2193 1359 2216 se
1385 2181 1577 2221 abstineant,
1607 2187 1638 2215 ct
1662 2181 1767 2216 dictae

303 2233 482 2269 sodalitatis
504 2233 661 2277 Regulam
684 2233 922 2277 amplectantur
945 2234 1063 2267 hortati
1088 2234 1225 2275 fuerint,
1258 2235 1369 2268 decem
1405 2245 1523 2274 annos,
1546 2234 1644 2275 ibid,
1659 2234 1765 2268 omni-

303 2288 365 2322 bus
389 2287 556 2322 sodalibus
575 2287 759 2320 facultatem
789 2287 937 2321 concedit
957 2288 1174 2321 confessorem
1199 2288 1437 2333 privilegiatum
1457 2287 1515 2320 sibi
1546 2287 1685 2331 eligendi
1713 2288 1765 2322 die

305 2341 582 2382 circumcisionis,
595 2341 675 2374 ibid.
698 2342 736 2380 b,·
751 2341 925 2374 ordinariis
936 2342 1067 2375 mandat
1087 2348 1122 2375 ut
1142 2341 1442 2375 faveantdiffusioni
1463 2341 1599 2375 huiusce
1625 2342 1764 2376 sodalitii

305 2395 385 2429 ibid.
396 2406 409 2435 ;
428 2395 480 2428 die
505 2394 783 2435 Circumcisionis‚
814 2405 879 2428 non
909 2394 1054 2429 obstante
1085 2395 1275 2436 interdicto,
1311 2395 1343 2428 in
1371 2395 1449 2428 locis
1477 2394 1685 2428 sodalitatum
1710 2406 1763 2429 ce-

307 2447 426 2482 lebrari
438 2457 531 2492 posse
553 2453 584 2481 et
606 2447 766 2481 sodalium
787 2458 924 2492 corpora
945 2449 1075 2492 sepeliri
1095 2449 1255 2489 concedit,
1270 2448 1336 2482 ⁹284
1354 2459 1385 2481 α.
1400 2448 1533 2481 Sodales
1552 2448 1764 2492 indulgentiis

307 2502 459 2542 ditantur,
479 2500 543 2534 777
564 2512 595 2534 α.
618 2501 811 2535 Sodalitium
832 2502 871 2534 ab
892 2501 1011 2536 Ordine
1031 2502 1063 2536 S.
1085 2502 1245 2535 Dominici
1266 2501 1424 2545 originem
1445 2501 1546 2543 ducit,
1570 2501 1629 2535 9211
1653 2502 1682 2536 b.
1705 2502 1764 2537 De-

306 2555 410 2589 cernit
423 2564 500 2598 ergo
520 2553 595 2587 Pius
610 2554 633 2586 V
652 2560 688 2587 ut
708 2554 741 2587 in
760 2554 840 2588 loeis
851 2554 906 2588 ubi
920 2555 1056 2588 fratrum
1077 2555 1342 2589 praedicatorum
1369 2554 1524 2588 ecclesiae
1544 2555 1763 2599 reperiuntur,

305 2608 339 2642 in
361 2608 406 2642 eis
428 2613 553 2642 tantum
583 2607 767 2642 huiusmodi
799 2608 947 2642 sodalitia
976 2609 1161 2652 erigantur,
1193 2608 1256 2642 92⁶3
1284 2619 1325 2648 α,·
1353 2618 1446 2642 secus
1471 2608 1689 2653 indulgentias
1708 2620 1759 2644 so-

304 2663 393 2697 dales
413 2672 478 2696 non
493 2661 640 2707 adipisci,
659 2662 714 2696 sed
735 2662 848 2708 poenis
867 2663 994 2697 obviam
1016 2662 1075 2705 ire,
1103 2663 1180 2696 ibid.
