2237 3100
281 243 329 270 An.
347 243 377 270 C.
395 241 459 270 ¹571

307 889 426 911 Exordium.

332 1049 461 1074 nectimus»,

280 1081 333 1108 quod
349 1082 405 1101 dieta
414 1086 462 1101 eon-

279 1114 361 1133 stitutio
413 1112 463 1138 ligat

279 1145 342 1164 etiam
358 1144 464 1170 recipien-

279 1179 310 1194 tes
318 1176 418 1202 pecunias
426 1180 462 1201 pro

278 1206 415 1233 impetratura
422 1206 462 1226 offi-

279 1244 358 1258 Ctorssm
377 1244 401 1258 30
417 1243 463 1258 1118-

279 1269 378 1290 statores.

293 2391 396 2413 Ctausutae
414 2398 463 2419 pre-

280 2428 407 2445 servatius.

527 232 591 268 952

477 294 590 329 litteris
609 295 829 335 adhiberetur,
845 294 870 327 si
884 294 988 327 forent
1001 293 1158 327 exhibitae
1179 293 1225 326 vel

477 355 634 382 ostensae.

618 403 733 435 Placet.
762 401 845 434 Motu
871 401 1016 445 proprio,
1040 401 1077 433 M.

520 456 633 488 Datum
654 455 786 496 Romae,
809 455 893 498 apud
914 454 1066 488 Sanctum
1082 454 1224 494 Petrum,

477 509 571 542 nonis
591 508 782 549 decembris,
801 520 884 542 anno
910 519 951 542 Vl.

506 571 569 601 Dat.
587 571 633 601 dic
652 572 670 601 ἴ)
685 571 817 602 decemb.
837 572 924 609 1571,
943 572 1048 610 pontis.
1065 580 1143 601 anno
1159 581 1196 601 vr.

559 643 761 677 Ezrtenditw·
781 645 967 677 constitutio
983 645 1082 677 etiam
1103 645 1145 676 ud

515 697 704 740 recipientes
722 698 876 741 pecunias
895 702 924 730 et
950 699 1140 730 mediatores
1161 697 1186 730 ¹.

511 769 573 797 Pius
593 770 663 804 Papa
681 769 710 802 V,
734 770 766 797 ad
784 771 949 805 perpetuam
963 769 1004 797 rei
1023 770 1193 797 memoriam.

521 839 600 873 Cum
626 851 742 884 nuper,
765 851 804 873 ne
820 842 900 874 ordo
919 841 1057 874 iustitiae
1074 846 1231 884 perverte-

478 898 579 934 retur,
602 900 632 927 et
661 906 698 928 ex
729 895 824 928 certis
856 895 927 928 aliis
957 895 1062 928 causis
1087 895 1228 928 animum

477 952 624 980 nostrum
646 949 860 989 moventibus,
879 950 1007 982 suerunt
1025 954 1082 982 etc.
1105 953 1140 982 ut
1157 961 1227 993 sup.

522 1001 536 1044 g
557 1001 587 1033 1.
611 1002 883 1045 Attendentesque
904 1002 990 1046 quod
1012 1003 1092 1035 sorte
1117 1003 1230 1047 proba-

477 1054 585 1087 biliter
604 1055 742 1088 dubitari
769 1056 929 1099 contingat
955 1067 994 1088 an
1016 1056 1099 1090 dieta
1123 1061 1231 1092 nostra

478 1109 664 1143 constitutio
686 1110 940 1154 comprehendat
961 1111 1153 1154 recipientes
1174 1112 1231 1143 hu-

478 1162 616 1196 iusmodi
637 1164 789 1207 pecunias
809 1175 846 1197 ac
871 1176 922 1197 res
942 1176 977 1197 ac
1005 1165 1232 1208 promissiones

479 1215 538 1249 sibi
555 1217 662 1257 saetas,
678 1217 869 1261 stipulantes
886 1223 919 1251 ut
935 1218 1039 1251 officia
1056 1219 1230 1262 praedicta,

478 1271 665 1304 exercitium
687 1282 724 1305 ac
739 1271 971 1305 iurisdictionis
984 1272 1232 1306 administratio-

478 1334 551 1357 nem
572 1324 734 1362 habentia,
758 1325 898 1358 conserri
919 1326 1047 1366 saciant,
1061 1328 1231 1360 aemedia-

478 1382 563 1410 tores
583 1384 613 1411 et
633 1377 838 1422 interpositas
858 1390 1032 1423 personas:
1060 1386 1232 1424 propterea

478 1441 548 1470 nos,
575 1437 664 1465 motu
697 1432 793 1465 simili
819 1438 849 1465 et
874 1443 910 1466 ex
939 1438 1025 1466 certa
1050 1434 1182 1467 scientia
1203 1440 1233 1468 et

478 1485 516 1518 de
537 1486 701 1529 potestatis
721 1487 934 1530 plenitudine,
958 1488 1017 1521 hae
1037 1494 1146 1522 nostra
1161 1500 1233 1533 per-

479 1544 576 1582 petuo
597 1540 732 1573 valitura
758 1541 1000 1579 constitutione,
1030 1542 1233 1577 declaramus

479 1597 521 1630 et,
548 1599 708 1636 quatenus
728 1605 810 1638 opus
825 1594 874 1635 sit,
889 1595 1036 1629 addendo
1049 1597 1232 1640 praedictae

478 1652 606 1680 nostrae
632 1649 876 1690 constitutioni,
910 1650 1117 1684 decernimus
1146 1652 1233 1695 quod

478 1700 562 1734 dicta
582 1707 690 1735 nostra
716 1702 900 1736 constitutio
925 1715 961 1736 ac
982 1714 1093 1738 omnes
1117 1711 1147 1738 et
1171 1706 1234 1739 sin-

478 1754 573 1797 gulae
598 1765 721 1798 poenae
747 1755 779 1788 in
796 1767 832 1789 ea
848 1767 1017 1800 expressae
1041 1759 1175 1802 perinde
1197 1762 1234 1794 li-

478 1814 554 1851 gent
573 1813 604 1841 et
627 1809 766 1842 afficiant
801 1821 913 1844 omnes
940 1817 970 1845 et
994 1824 1231 1858 quoscumque,

479 1862 619 1895 cuiusvis
639 1863 811 1906 dignitatis,
835 1865 963 1907 gradus,
984 1867 1177 1901 conditionis
1196 1881 1233 1903 ae

479 1917 744 1960 praeeminentiae
759 1918 904 1959 existant,
913 1919 968 1963 qui
979 1931 1036 1963 pro
1046 1922 1232 1956 huiusmodi

478 1970 1165 2011 officiis,iurisdictionisadministrationem
1181 1977 1233 2010 ha-

477 2023 638 2064 bentibus,
671 2025 886 2066 conferendis,
917 2038 953 2060 ae
986 2028 1179 2063 mediatores
1204 2037 1233 2064 et

478 2077 685 2122 interpositas
705 2079 862 2123 personas*
881 2092 1115 2126 quascumque,
1137 2095 1233 2128 pecu-

477 2130 547 2164 nias
557 2132 605 2164 vel
626 2131 704 2166 alias
717 2144 768 2166 res
781 2138 815 2166 ut
829 2145 926 2178 supra
942 2137 1140 2180 receperint,
1154 2149 1191 2172 ae
1208 2139 1232 2171 si

478 2185 654 2228 supradicti
684 2186 717 2219 in
750 2187 833 2220 dicta
867 2194 976 2221 nostra
1004 2191 1233 2226 constitutione

479 2234 707 2278 comprehensi
733 2242 849 2277 essent,
872 2243 902 2270 et
923 2237 961 2270 de
987 2238 1049 2272 illis
1071 2240 1101 2272 in
1124 2252 1159 2274 ca
1180 2253 1233 2275 ex-

478 2293 588 2325 pressa
609 2284 729 2317 mentio
750 2285 833 2318 sacta
855 2292 948 2319 esset.

523 2332 538 2375 ἓ
559 2331 589 2365 ⁶2.
610 2333 741 2367 Necnon
758 2342 942 2378 praesentes
957 2342 987 2369 et
1003 2337 1142 2382 desuper
1159 2350 1235 2373 eon-

479 2379 634 2414 ficiendas
654 2383 761 2416 forsan
782 2384 904 2418 litteras
924 2387 1088 2429 perpetuis
1117 2388 1234 2422 futuris

479 2430 681 2473 temporibus
697 2432 828 2473 durare,
851 2444 887 2466 ac
908 2444 1020 2468 omnes
1040 2441 1069 2468 et
1091 2436 1234 2479 singulos

479 2488 497 2509 a
517 2477 588 2511 data
607 2482 825 2522 praesentium
851 2483 1115 2518 irremissibiliter
1135 2486 1234 2529 ligare

479 2526 639 2569 volumus,
658 2529 792 2574 illasque
807 2532 898 2565 nullo
916 2544 1071 2576 umquam
1089 2540 1234 2578 tempore

519 2590 529 2615 t
553 2589 695 2618 Rubi-icam
712 2591 780 2619 hanc
803 2601 836 2620 ex
857 2594 963 2622 Matthei
985 2595 1100 2623 editione
1116 2597 1233 2632 sumpsi—

481 2640 540 2660 mus
557 2635 594 2668 (ι.
612 2635 662 2667 τ.).

1082 241 1261 265 BULLARIUM
1281 242 1383 265 ROMAN
1388 242 1430 265 ΠΜ

2037 244 2088 271 An.
2104 242 2136 273 C.
2152 242 2220 271 13⁷¹

1269 294 1307 326 de
1329 293 1546 337 subreptionis
1570 294 1619 327 vel
1639 294 1839 339 obreptionis
1858 297 1946 339 vitio,
1968 301 2024 330 aut

1269 347 1454 380 intentionis
1474 354 1602 381 nostrae
1623 348 1671 381 vel
1684 349 1837 392 quopiam
1853 351 1916 384 alio
1936 351 2024 384 dese-

1270 406 1323 433 etu
1339 401 1457 441 notari,
1481 407 1535 433 aut
1555 401 1614 434 sub
1631 401 1796 445 quibusvis
1816 404 2025 437 revocationi-

1269 445 1328 478 bus
1345 451 1374 478 et
1395 446 1658 489 derogationibus
1674 447 1905 490 comprehendi
1920 448 2024 481 nulla-

1270 513 1364 540 tenus
1384 519 1488 552 posse.

1314 561 1373 604 {3-
1388 561 1504 605 Sieque
1514 572 1571 605 per
1582 563 1940 606 quoscumqueiudices
1950 570 2023 605 etc„
2066 580 2180 602 neonium
2198 581 2226 602 ir.

1271 626 1442 648 causarum
1468 616 1578 648 Palatii
1605 616 1780 659 Apostolici
1806 617 1970 652 auditores
1989 612 2117 653 ae'⁵²²¹¹⁵'

1271 668 1302 701 S.
1326 668 1361 700 R.
1386 668 1419 700 E.
1444 669 1635 709 cardinales,
1658 669 1784 702 sublata
1799 674 1872 711 ete„
1889 670 2027 706 iudicari

1271 721 1402 762 debere;
1425 722 1554 755 irritum
1575 734 1706 766 quoque
1726 728 1783 757 ete.
1807 724 2024 759 decernimus.

1315 775 1330 818 ξ
1349 775 1381 808 4.
1404 776 1474 809 Non
1489 776 1689 810 obstantibus
1704 777 1889 821 praemissis
1905 790 1942 812 ac
1957 779 2028 823 qui·
2067 791 2224 814 camurana-

1272 828 1378 862 busvis
1399 831 1684 864 constitutionibus
1711 837 1742 864 et
1770 824 2171 867 ordinationibus'⁰⁸³¹⁰‘¹¹⁰'

1272 883 1470 925 apostolicis;
1489 895 1525 917 ac
1545 884 1723 927 quibusvis,
1742 885 1837 918 etiam
1849 886 1952 920 almae
1967 887 2028 920 Ur-

1273 936 1320 969 bis
1336 942 1366 969 et
1386 938 1525 971 aliarum
1543 938 1719 979 civitatum,
1736 939 1946 983 oppidorum,
1963 945 2029 981 ter-

1273 1002 1381 1024 rarum
1403 997 1433 1025 et
1452 992 1614 1032 locorum,
1634 993 1730 1026 etiam
1751 994 1933 1027 iuramento
1953 998 2026 1035 etc„

1274 1045 1487 1087 roboratis,ac
1500 1046 1763 1091 provincialibus,
1776 1047 2030 1092 municipalibus

1274 1110 1310 1131 ac
1331 1100 1584 1142 particularibus
1600 1101 1726 1134 statutis
1737 1101 1918 1144 aelegibus,
1931 1102 2029 1135 etiam

1274 1152 1498 1196 imperialibus
1518 1160 1549 1187 et
1569 1155 1600 1187 in
1623 1165 1760 1198 corpore
1787 1155 1867 1188 iuris
1889 1155 2028 1200 scriptis;

1274 1206 1449 1250 privilegiis
1469 1218 1600 1252 quoque
1614 1213 1687 1249 etr„
1706 1208 1802 1242 etiam
1822 1213 1912 1242 motu
1932 1209 2031 1243 simili

1274 1264 1345 1300 ete,
1381 1261 1477 1294 etiam
1511 1262 1789 1303 consistorialiter,
1812 1267 1891 1303 etc.;
1913 1263 2031 1307 quibus

1275 1314 1437 1355 omnibus,
1461 1315 1592 1349 illorum
1614 1322 1741 1350 tenores
1766 1321 1839 1357 etc„
1874 1317 1935 1350 hac
1963 1317 2031 1351 vice

1274 1368 1428 1401 latissime
1458 1369 1665 1413 derogamus,
1697 1371 1878 1416 ceterisque
1905 1376 2032 1405 contra-

1274 1422 1331 1455 riis
1351 1422 1624 1467 quibuscumque.

1319 1477 1333 1519 g
1353 1477 1384 1510 5.
1407 1477 1444 1510 Ut
1457 1483 1564 1511 autem
1578 1479 1798 1522 praesentium
1811 1484 1906 1513 tenor
1925 1480 2031 1514 omni-

1274 1530 1335 1563 bus
1350 1530 1540 1572 innotescat,
1559 1532 1734 1576 nullusque
1750 1543 1862 1566 earum
1880 1533 2032 1577 ignoran-

1276 1584 1351 1617 tiam
1372 1585 1511 1628 allegare
1532 1590 1639 1628 queat,
1657 1597 1709 1619 eas
1725 1586 1757 1619 in
1770 1587 1867 1620 valvis
1879 1587 2033 1621 basilicae

1275 1638 1435 1683 Principis
1459 1641 1681 1683 apostolorum
1709 1652 1745 1673 ac
1771 1641 1801 1674 S.
1825 1641 1956 1674 Ioannis
1972 1642 2032 1675 La-

1276 1692 1453 1725 teranensis
1467 1698 1497 1726 et
1507 1693 1539 1725 in
1553 1694 1622 1726 acie
1642 1694 1753 1738 Campi
1772 1695 1885 1728 Florae
1895 1695 1934 1728 de
1947 1695 2033 1729 Urbe

1277 1745 1435 1789 publicari
1458 1747 1661 1787 man-damu&
1688 1747 1840 1792 ipsasque
1857 1748 1901 1781 sic
1923 1748 2032 1792 puhli-

1276 1805 1374 1840 catas,
1394 1810 1506 1834 omnes
1526 1805 1557 1834 et
1576 1801 1732 1844 singulos,
1756 1812 1837 1845 quos
1862 1802 1936 1835 illae
1956 1812 2033 1836 con-

1276 1859 1426 1894 cernunt,
1447 1854 1491 1887 ita
1505 1855 1635 1889 afficere
1649 1856 1812 1897 volumus,
1830 1867 1868 1889 ac
1882 1856 1908 1889 si
1928 1861 2034 1890 essent

1276 1908 1429 1941 omnibus
1462 1909 1678 1953 personaliter
1707 1909 1884 1943 intimatae.
1918 1910 2033 1943 Decer-

1276 1967 1388 1995 nentes
1401 1973 1531 2006 quoque
1548 1962 1766 2006 praesentium
1781 1963 1968 1997 earumdem
1983 1974 2034 1997 so-

1276 2016 1338 2048 lam
1358 2016 1556 2059 signaturam
1571 2017 1731 2057 sufficere,
1750 2021 1781 2050 ct
1795 2016 1917 2060 ubique
1934 2017 2032 2051 fidem

1276 2070 1391 2107 faeere,
1418 2069 1450 2103 in
1470 2070 1591 2104 iudicio
1618 2076 1648 2104 et
1674 2076 1773 2111 extra,
1810 2071 1925 2115 regula
1955 2082 2033 2115 qua-

1276 2134 1416 2167 cumque
1433 2124 1595 2157 eontraria
1616 2134 1681 2158 non
1703 2125 1861 2158 obstante.
1879 2129 1881 2131 ’

1319 2177 1334 2219 ξ
1359 2178 1389 2210 6.
1409 2178 1452 2210 Ac
1472 2177 1603 2210 illarum
1621 2178 1843 2222 transumptis,
1862 2189 1959 2212 manu
1974 2179 2033 2212 ali-

1277 2231 1370 2264 cuius
1391 2231 1506 2263 notarii
1528 2231 1650 2274 publici
1667 2231 1870 2276 subscriptis
1884 2237 1915 2265 et
1926 2232 2031 2276 sigillo

1277 2285 1378 2317 almae
1396 2284 1488 2317 Urbis
1507 2285 1733 2327 gubernatoris
1753 2291 1808 2318 aut
1832 2286 1970 2320 alicuius
1987 2286 2033 2320 al-

1277 2338 1375 2371 terius
1407 2338 1523 2371 iudicis
1553 2338 1711 2381 sigillatis,
1739 2339 1882 2373 eamdem
1899 2351 2032 2385 prorsus

1277 2392 1373 2424 fidem
1404 2392 1570 2431 adhiberi,
1602 2404 1685 2436 quae
1714 2393 1790 2437 ipsis
1817 2393 2031 2438 originalibus

1276 2440 1390 2473 litteris
1420 2441 1652 2478 adhiberetur,
1679 2442 1704 2475 si
1735 2444 1839 2475 forent
1873 2441 2031 2475 exhibitae

1276 2490 1324 2522 vel
1350 2495 1512 2523 ostensae.

1424 2539 1543 2571 Placet.
1567 2539 1652 2572 Motu
1674 2540 1819 2584 proprio,
1847 2540 1887 2572 M.

1320 2588 1434 2620 Datum
1453 2588 1573 2621 Romae
1598 2589 1683 2632 apud
1704 2589 1736 2622 S.
1760 2589 1904 2629 Petrum,
1925 2588 2029 2632 pridie

1277 2636 1349 2669 idus
1369 2636 1536 2678 februarii,
1555 2647 1639 2670 anno
1664 2647 1717 2670 vn.

2072 1489 2148 1511 Forma
2162 1487 2231 1516 publi-

2045 1521 2107 1542 candi
2175 1519 2229 1540 hanc

2046 1551 2228 1574 constitutionem·

2077 2191 2139 2215 ride·
2160 2198 2223 2216 exon

2045 2224 2136 2252 plorum.
