2237 3100
20 320 23 322 v
62 278 111 306 An.
128 278 157 306 C.
178 278 245 307 1568

102 1466 242 1488 umentorum

58 1498 165 1526 deputatio
182 1501 202 1518 et
210 1497 243 1518 ta-

58 1530 156 1550 cultates.

84 2224 193 2246 clausum
207 2226 242 2247 de—

59 2258 185 2282 rogaturum.

931 277 998 301 Pirs
1017 278 1034 300 v
1059 278 1106 301 pr.

258 330 348 365 sulae
378 331 589 364 ecclesiarum
620 336 776 374 perpetuo
809 331 951 369 annexis,
976 332 1029 364 int

258 384 378 428 quibus
415 385 525 417 nullae
558 390 632 418 sunt
663 384 801 418 vicariae
839 385 1007 428 hucusque

259 443 434 482 perpetuae
468 438 653 478 institutae,
680 438 832 481 quoniam
859 439 1006 472 canonici

260 497 291 526 et
309 491 364 525 alii
386 492 568 535 dignitates,
589 491 694 525 officia
715 497 745 524 et.
764 492 921 525 beneficia
945 493 1007 524 hu-

259 546 398 579 iusmodi
419 546 612 586 obtinentes,
631 545 663 578 in
689 544 767 589 ipsis
787 545 1007 589 metropolita-

258 653 499 694 viretenentur,
513 652 668 697 praedicti
686 651 842 685 ordinarii
860 652 1006 685 locorum

260 707 330 740 illas
358 707 602 751 quamprimum
636 705 810 746 ordinare,
845 706 891 739 vel
929 706 1029 739 alias,

257 760 426 805 providere
464 760 601 794 debeant
618 787 626 801 ,
661 759 936 803 quemadmodum
976 760 1008 792 in

256 814 463 857 generalibus
483 819 513 847 et
532 813 700 858 praedicto
720 813 908 847 Tridentino
933 824 1009 847 con-

257 867 339 901 ciliis
354 867 555 911 dignoscitur
566 867 763 907 ordinatum,
778 866 926 910 portione
943 867 1009 899 sru-

256 927 380 962 ctuum,
400 921 497 955 etiam
517 931 615 965 super
635 926 722 954 certa
747 931 780 953 re
802 920 1005 963 assignanda,

257 986 293 1009 ac
312 986 372 1020 per
390 975 527 1008 vicarios
546 974 680 1019 propria
709 974 899 1007 auctoritate
933 985 1007 1019 per-

257 1029 419 1073 cipienda,
441 1039 524 1072 quae
545 1034 650 1061 tamen
667 1033 796 1061 centum
817 1038 923 1061 annue
943 1039 1008 1061 non

257 1082 473 1123 transcendat,
496 1081 631 1115 inferior
644 1092 719 1114 vero
739 1092 835 1124 quam
848 1081 1009 1126 quinqua-

255 1136 345 1179 ginta
373 1141 540 1169 scutorum
560 1146 629 1169 esse
648 1134 759 1179 possit,
782 1135 912 1178 quando
937 1136 1005 1168 sine

256 1190 391 1223 notabili
411 1190 602 1235 principalis
636 1189 844 1223 incommodo
868 1195 1007 1233 nequeat.
1028 1221 1029 1242 ἢ

1028 1246 1029 1257 ³
1050 1244 1184 1278 neribus
1201 1245 1240 1277 ad
1255 1245 1388 1278 verbum
1409 1245 1556 1278 habenda
1572 1246 1610 1279 sit
1629 1246 1661 1279 in
1683 1246 1813 1288 nostris

256 1255 325 1278 esse
346 1244 459 1288 pluris,
480 1249 511 1277 et
530 1254 567 1277 ea
600 1243 639 1276 sit.
662 1253 810 1276 annonae
831 1243 946 1283 vilitas,
973 1248 1004 1275 ut

257 1298 408 1332 sacerdos
427 1303 524 1342 queat
543 1308 580 1330 ex
600 1297 717 1330 minori
739 1296 910 1330 commodo
932 1296 1007 1330 sub-

257 1352 400 1386 stentari.

258 1514 404 1548 locorum
441 1513 616 1547 ordinariis
636 1523 694 1557 per
714 1512 831 1545 dictam
867 1512 1005 1545 insulam

258 1567 449 1608 constitutis,
464 1567 497 1600 in
511 1567 627 1600 virtute
647 1572 773 1600 sanctae
794 1565 1006 1607 obedientiae,

258 1628 293 1656 ut
324 1621 487 1666 praedicta
520 1621 630 1654 onmia
663 1625 693 1653 et
723 1620 849 1663 singula
881 1619 912 1652 in
942 1621 1028 1653 suis*

256 1675 395 1720 quisque
429 1675 624 1715 civitatibus,
645 1674 848 1708 dioecesibus
873 1679 903 1707 et
928 1674 1007 1707 locis

255 1729 500 1774 quamprimum
534 1733 754 1772 exequantur,
787 1733 817 1760 et
856 1727 1006 1761 inviolate

256 1783 374 1816 saciant
393 1783 432 1816 ab
452 1782 603 1816 omnibus
636 1781 817 1822 observari3
844 1781 1006 1815 contradi-

256 1842 361 1871 ctores
384 1836 544 1881 quoslibet
577 1842 608 1870 et
640 1835 777 1869 rebelles
803 1846 859 1879 per
879 1835 1006 1879 praedi-

256 1896 322 1924 ctas
342 1897 372 1924 ct
391 1891 482 1931 alias,
503 1901 584 1935 quas
602 1890 739 1923 viderint
760 1889 833 1933 ipsi,
856 1900 1007 1922 censuras

256 1950 287 1979 et
307 1955 427 1989 poenas
447 1951 618 1989 ceteraque
646 1944 790 1978 remedia
808 1948 1003 1988 opportuna,

255 1998 472 2042 appellatione
491 2008 697 2042 quacumque
715 1997 902 2042 postposita,
921 2007 1009 2029 com-

256 2051 417 2096 pescendo
435 2079 443 2092 ,
484 2052 632 2085 invocato
667 2052 763 2085 etiam
798 2051 837 2084 ad
872 2051 945 2089 hoe,
981 2050 1005 2083 si

255 2116 339 2149 opus
358 2105 468 2145 suerit,
494 2105 615 2138 auxilio
639 2104 765 2138 brachii
787 2103 973 2137 saecularis.

300 2159 316 2202 g
335 2158 366 2192 5.
387 2159 458 2193 Non
478 2157 875 2203 obstantibuspraedictis,
899 2162 929 2190 et
947 2167 1005 2190 no-

256 2212 330 2246 stris
349 2212 388 2245 de
412 2223 478 2246 non
510 2212 652 2246 tollendo
686 2212 757 2246 iure
790 2211 948 2254 quaesito,
971 2221 1008 2243 ac

256 2266 295 2299 de
315 2265 444 2299 vicariis
463 2266 651 2300 huiusmodi
676 2266 770 2299 aliter
804 2263 1008 2297 instituendis

256 2319 394 2364 aliisque
406 2320 691 2354 constitutionibus
705 2325 735 2353 et
747 2317 1007 2352 ordinationibus

257 2374 455 2418 apostolicis,
477 2384 603 2408 necnon
635 2372 857 2411 ecclesiarum,
880 2371 912 2404 in
933 2371 1007 2414 qui-

257 2427 317 2461 bus
337 2428 546 2461 canonicatus
566 2433 596 2461 et
619 2426 821 2471 praebendae
842 2436 879 2458 ac
904 2424 1007 2464 digni-

256 2482 348 2519 tates,
370 2477 528 2510 beneficia
555 2482 586 2510 et
617 2475 723 2510 officia
743 2474 909 2519 praedicta
928 2484 1006 2506 con-

256 2527 391 2567 sistunt,
424 2527 629 2566 iuramento,
652 2525 897 2559 confirmatione
931 2535 1008 2568 apo-

257 2577 369 2610 stolica
388 2577 437 2610 vel
457 2576 568 2620 quavis
587 2575 739 2608 firmitate
759 2574 821 2607 alia
834 2574 1004 2612 roboratis,

255 2626 382 2659 statutis
400 2632 431 2659 et
450 2624 742 2660 consuetudinibus
758 2623 927 2657 contrariis
936 2623 1008 2666 qui-

255 2675 470 2719 buscumque3
492 2686 548 2709 seu
568 2674 655 2718 quod
679 2673 843 2716 aliquibus
863 2683 1007 2705 commu-

335 2729 409 2759 Ball.
426 2729 502 2759 Rom.
522 2729 576 2758 vol.
598 2728 655 2758 Vll.
852 2727 881 2755 [ll

1027 1058 1030 1099 l

1693 272 1750 306 721

1049 330 1132 363 niter
1152 331 1199 364 vel
1223 331 1361 372 divisim,
1388 341 1406 364 a
1426 331 1511 365 dicta
1532 333 1571 366 sit
1591 333 1672 367 Sede
1693 334 1801 368 indul-

1051 390 1118 417 tum
1138 384 1227 428 quod
1247 384 1408 425 interdici,
1430 386 1583 429 suspendi
1605 387 1652 420 vel
1675 398 1801 422 excom-

1049 437 1209 471 municari
1224 465 1231 479 ‚
1254 444 1309 471 aut
1329 444 1440 472 contra
1470 439 1658 474 huiusmodi
1683 447 1801 476 statuta

1049 496 1077 524 ct
1099 492 1350 525 consuetudines
1374 503 1411 526 ac
1442 492 1610 537 privilegia
1643 494 1688 528 cis
1722 506 1800 528 con-

1028 555 1148 587 cessa,
1171 545 1209 578 ad
1238 546 1445 579 residentiam
1477 552 1507 580 et
1540 547 1602 580 alia
1660 548 1801 582 raedicta

258 599 320 641 nis,
347 599 587 633 cathedralibus
606 604 637 632 et
655 599 727 631 aliis
747 599 1008 632 ecclesiisdeser-
1028 592 1029 603 ¹
1636 559 1656 590 p

1050 599 1201 643 compelli
1222 610 1287 632 non
1307 600 1431 644 possint
1450 611 1509 644 per
1527 600 1651 635 litteras
1671 608 1800 647 aposto-

1049 652 1128 685 licas
1147 663 1213 686 non
1232 653 1384 686 facientes
1418 654 1544 698 plenam
1565 661 1595 688 ct
1616 666 1799 700 expressam

1049 717 1086 739 ac
1115 706 1153 739 de
1182 706 1278 740 verbo
1312 707 1350 740 ad
1384 708 1518 740 verbum
1546 708 1584 742 de
1616 710 1744 743 statutis
1770 715 1801 744 et

1049 760 1352 800 consuetudinibus,
1370 772 1497 794 necnon
1514 762 1737 805 ecclesiarum,
1755 764 1801 798 lo-

1050 825 1162 847 corum
1184 820 1213 847 et
1234 825 1445 858 personarum
1462 815 1646 850 huiusmodi
1667 819 1802 852 mentio-

1028 891 1029 897 1
1050 878 1136 907 nem,
1159 873 1189 901 et
1220 869 1419 911 quibuslibet
1444 869 1516 902 aliis
1536 871 1725 914 privilegiis,
1749 872 1800 905 in-

1050 921 1225 964 dulgentiis
1244 927 1274 954 et
1294 922 1408 955 litteris
1426 924 1574 967 apostol.,
1595 925 1801 967 generalibus

1050 975 1097 1008 vel
1118 975 1324 1019 specialibus,
1347 987 1629 1021 quorumcumque
1651 983 1799 1012 tenorum

1050 1028 1196 1069 existant,
1219 1040 1277 1072 per
1296 1040 1391 1072 quae,
1416 1031 1638 1073 praesentibus
1658 1042 1723 1065 non
1749 1043 1799 1065 ex-

1049 1093 1159 1127 pressa
1178 1083 1226 1116 vel
1246 1083 1388 1117 totaliter
1414 1094 1479 1117 non
1514 1084 1644 1125 inserta,
1667 1086 1801 1119 effectus

1050 1146 1162 1169 earum
1188 1136 1339 1180 impediri
1360 1137 1461 1170 valeat
1480 1138 1725 1181 quomodolibet
1751 1140 1799 1173 vel

1050 1190 1186 1230 differri,
1203 1196 1233 1223 et
1248 1190 1286 1223 de
1302 1190 1420 1233 quibus
1437 1201 1642 1235 quorumque
1669 1193 1741 1226 totis
1758 1199 1801 1226 [ρ’

1050 1298 1164 1331 litteris
1176 1298 1295 1331 mentio
1308 1299 1466 1343 specialis,
1479 1310 1550 1343 qua·
1564 1299 1673 1333 omnia
1689 1306 1800 1333 contra

1028 1357 1029 1363 ¹
1049 1352 1213 1395 praedicta
1230 1352 1383 1385 nolumus
1404 1353 1555 1396 cuiquam
1569 1353 1600 1385 in
1612 1353 1721 1397 aliquo
1734 1354 1799 1387 sus-

301 1406 316 1449 ἓ
340 1405 372 1439 4.
404 1405 628 1450 Praecipimus
666 1404 765 1448 igitur
798 1404 956 1437 universis
977 1410 1006 1437 et
1028 1427 1029 1431 ,

257 1459 395 1504 singulis
414 1459 680 1503 archiepiscopis,
708 1458 869 1502 episcopis
885 1465 913 1491 et
936 1459 1008 1492 aliis
1027 1475 1029 1480 π

1027 1524 1029 1534 ’
1050 1523 1202 1556 cumque,
1224 1513 1336 1556 quavis
1368 1513 1571 1554 auctoritate,
1594 1514 1732 1548 scienter
1752 1515 1799 1548 vel

1050 1406 1178 1449 l'ragari.
1191 1406 1273 1446 Quin
1290 1406 1385 1440 etiam
1397 1417 1527 1440 exnunc
1546 1407 1674 1440 irritum
1687 1408 1799 1441 decer-

1048 1459 1157 1492 nimus
1177 1465 1208 1492 et
1228 1459 1322 1492 inane
1339 1459 1496 1504 quicquid
1517 1471 1608 1494 secus·
1628 1471 1686 1504 per
1705 1472 1801 1504 quos-

1050 1567 1246 1609 ignoranter‚
1269 1566 1440 1610 contigerit
1459 1567 1619 1600 attentari.

1092 1621 1107 1664 ἐ
1127 1621 1159 1655 G.
1181 1621 1331 1654 Ceterum
1352 1620 1543 1654 mandamus
1562 1621 1689 1654 easdem
1708 1632 1799 1665 prae-

1049 1680 1153 1708 sentes
1173 1675 1213 1707 ad
1233 1675 1336 1708 valvas
1360 1674 1513 1708 basilicae
1537 1674 1696 1719 Principis
1725 1686 1799 1720 apo-

1049 1728 1205 1761 stolorum
1227 1728 1265 1762 de
1282 1728 1365 1762 Urbe
1386 1733 1415 1761 et
1436 1728 1469 1761 in
1482 1728 1551 1762 acie
1562 1728 1673 1773 Campi
1686 1729 1798 1763 Florae

1050 1782 1226 1826 publicari3
1248 1792 1424 1826 earumque
1458 1783 1603 1826 exempla
1636 1782 1674 1816 de
1710 1794 1799 1816 more

1048 1837 1216 1880 applicari,
1238 1836 1450 1880 volumusque
1484 1841 1515 1869 et
1547 1836 1721 1880 apostolica
1740 1848 1798 1870 au-

1049 1890 1195 1923 ctoritate
1216 1890 1422 1923 decernimus
1454 1890 1540 1933 quod
1560 1890 1685 1923 litterae
1712 1890 1798 1934 ipsae

1049 1943 1094 1977 sic-
1114 1943 1296 1987 publicatae
1317 1953 1430 1976 omnes
1454 1949 1485 1976 et
1513 1943 1658 1986 singulos
1685 1944 1799 1976 absen-

1027 1999 1029 2007 '
1049 2003 1095 2031 tes
1115 2003 1146 2031 et
1165 1997 1286 2041 ubique
1306 2002 1393 2030 extra
1420 1997 1538 2030 dietam
1573 1997 1711 2030 insulam
1741 1998 1797 2030 de-

1049 2057 1169 2094 gentes,
1190 2062 1226 2085 ac
1246 2051 1342 2085 etiam
1360 2050 1566 2091 monitiones,
1585 2050 1753 2084 citationes
1768 2056 1799 2084 et

1050 2105 1260 2138 inhibitiones
1296 2116 1355 2149 per
1392 2114 1633 2148 quemcumque
1671 2104 1798 2137 ordina-

1050 2159 1147 2200 rium,
1171 2159 1276 2193 edicto
1295 2159 1428 2203 publico
1448 2158 1546 2191 valvis
1578 2168 1654 2191 suae
1688 2158 1797 2191 cathe-

1050 2213 1147 2247 dralis
1167 2213 1323 2247 ecclcsiae
1334 2212 1506 2256 affigendo,
1524 2212 1633 2254 vigore
1649 2222 1799 2256 praesen-

1049 2267 1129 2300 tium
1146 2266 1322 2306 faciendae,
1343 2265 1492 2306 monitos,
1513 2265 1626 2298 citatos
1655 2269 1686 2298 et
1716 2265 1800 2298 inhi-

1049 2321 1132 2354 bitos
1146 2320 1280 2365 perinde
1293 2325 1415 2353 aretent
1432 2330 1467 2352 ac
1482 2319 1506 2350 si
1527 2319 1574 2352 eis
1585 2318 1800 2363 personaliter

1050 2375 1150 2407 sactae
1170 2374 1314 2407 fuissent.

1093 2428 1153 2472 {7-
1176 2427 1257 2467 Quia
1288 2437 1362 2460 vero
1396 2425 1527 2458 difficile
1558 2431 1588 2459 et
1617 2425 1798 2459 incommo-
1844 2444 1995 2472 mmmm„

1049 2478 1125 2510 dum
1150 2477 1240 2510 valde
1268 2482 1346 2510 esset
1378 2476 1506 2508 easdem
1541 2479 1724 2518 praesentes
1759 2475 1798 2507 ad
1813 2482 1858 2498 ‘⁸¹¹¹
1873 2477 1931 2498 ΜΦ*

1049 2527 1175 2569 singula
1207 2527 1290 2565 loca,
1313 2525 1367 2558 ubi
1388 2524 1451 2557 illis
1466 2535 1548 2567 opus
1567 2523 1675 2565 fuerit,
1698 2529 1800 2557 trans-

1049 2576 1144 2617 ferre,
1167 2575 1316 2609 similiter
1335 2575 1494 2614 volumus,
1511 2578 1545 2606 ut
1565 2584 1676 2606 earum
1695 2583 1799 2606 exem-

1048 2625 1122 2669 plis,
1150 2625 1245 2659 etiam
1279 2623 1457 2667 impressis,
1480 2632 1644 2666 manuque
1679 2621 1797 2655 notarii

1049 2675 1169 2718 publici
1212 2680 1238 2705 et
1279 2673 1384 2713 sigi-illo
1419 2672 1551 2715 praelati
1587 2670 1796 2704 ecelesiastici

1816 286 1863 310 An.
1881 286 1900 310 C
1930 286 1997 313 1568

1848 1646 1916 1668 tussia
1932 1647 1998 1674 putat

1813 1681 1881 1699 randi.
