2237 3100
498 307 561 340 -2'12

454 370 593 402 iusmodi
614 374 739 402 erectae
760 375 790 402 et
809 368 972 401 institutae
993 367 1142 407 existunt,
1160 367 1209 400 iu-

452 422 649 455 risdictionis
669 427 699 455 et
728 420 927 454 auctoritatis
954 419 1206 464 praeiudicium,

453 476 557 509 facere
579 477 717 509 audeant
738 486 794 508 seu
816 479 1039 518 praesumant;
1062 484 1098 505 ac
1119 473 1206 506 ordi-

453 530 561 562 narios
591 535 619 562 et
652 528 886 573 parochialium
920 526 1132 560 ecclesiarum
1154 538 1206 559 re-

453 589 557 615 ctores
588 581 774 614 huiusmodi
807 581 872 613 suis
897 580 1012 613 debitis
1032 579 1157 612 iuribus
1177 586 1207 612 et

453 635 680 668 emolumentis
700 635 901 674 defraudent,
912 634 1110 676 illorumque
1126 644 1207 677 prze-

453 694 544 732 cepta
569 695 599 721 et
625 688 817 721 monitiones
840 687 1130 731 floccipendentes,
1158 687 1206 719 di-

452 752 539 774 versa
561 753 710 774 excessus
735 748 763 774 et
789 741 905 774 delicta
926 741 1143 781 committant.;
1166 741 1206 774 ob

452 795 547 838 idque
569 806 627 839 per
644 795 826 829 ordinarios
846 806 881 828 ac
903 795 1139 839 parochialium
1156 807 1207 829 ec-

420 865 423 868 ·
452 848 623 881 clesiarum
661 854 803 882 rectores
839 848 1048 888 huiusmodi,
1079 859 1205 882 necnon

451 901 766 945 archipresbyteros,
794 907 953 942 rectores,
981 901 1122 945 priores,
1150 913 1207 945 gu-

451 954 659 994 bernatores,
690 954 888 997 guardianos
919 960 949 987 et
983 954 1137 988 officiales
1169 966 1205 988 ac

451 1007 615 1040 ministros
640 1008 822 1051 praedictos
854 1007 958 1040 variae
986 1008 1057 1042 lites
1077 1014 1107 1041 et
1127 1019 1205 1042 con-

452 1062 623 1094 troversiae
634 1072 744 1094 coram
755 1062 888 1094 diversis
900 1061 1062 1095 iudicibus
1074 1068 1103 1096 et
1119 1073 1207 1095 com-

450 1114 605 1147 ittissariis
638 1114 669 1147 in
698 1115 842 1148 Romana
862 1114 958 1148 Curia
978 1121 1007 1148 et
1028 1121 1114 1149 extra
1135 1127 1205 1149 eam

449 1173 537 1200 ortae
559 1168 619 1201 sint
640 1174 669 1201 et
690 1168 797 1201 forsan
818 1168 925 1201 adhuc
944 1168 1106 1212 pendeant
1117 1169 1205 1203 inde-

450 1220 545 1261 cisae,
568 1222 601 1254 in
621 1233 715 1264 grave
733 1221 994 1254 christifidelium
1015 1223 1204 1256 eorumdem

449 1275 632 1308 animarum
654 1275 849 1318 periculum,
873 1275 1051 1319 populique
1073 1276 1206 1310 scanda-

450 1329 515 1360 lum
537 1334 565 1361 ct
587 1328 708 1361 ordinis
730 1328 888 1362 clericalis
907 1328 1119 1372 vilipendium
1139 1341 1204 1363 non

449 1382 626 1414 modicum.

493 1438 506 1477 ς’
527 1434 557 1467 2.
581 1435 655 1474 Nos,
678 1446 819 1478 quorum
841 1440 887 1467 est
907 1435 1086 1478 quemlibet
1097 1435 1129 1468 in
1140 1436 1206 1469 suis

270 1494 295 1536 η’]
322 1494 350 1513 »ῑ·
369 1495 431 1536 milo
449 1488 671 1521 iurisdictione
706 1493 736 1521 et
770 1488 959 1521 auctoritate
980 1494 1201 1530 manutenere,

408 1538 431 1575 ᾏΪζ]
449 1552 484 1573 ac
513 1552 552 1573 ne
580 1541 611 1573 in
642 1541 687 1574 cis·
708 1541 849 1574 indebite
870 1552 887 1573 a
912 1552 1078 1584 quoquam
1101 1542 1204 1586 impe-

250 1595 270 1636 ι’
288 1621 360 1639 ι
413 1594 422 1606 ““
449 1594 555 1627 diatur
586 1595 733 1628 solertiae
747 1600 874 1628 nostrae
887 1606 982 1627 curas
1002 1595 1202 1639 impendere,

311 1638 316 1642 ι
449 1654 641 1681 cunctorum
676 1659 806 1692 quoque
841 1647 1100 1680 christifidelium
1134 1649 1204 1681 ani-

448 1712 574 1734 marum
596 1702 707 1739 saluti,
730 1707 888 1744 quantum
912 1712 987 1734 cum
1008 1702 1072 1734 Deo
1094 1712 1206 1745 possu-

448 1766 529 1795 mus,
552 1756 735 1793 consulere,
748 1754 866 1795 litium,
890 1766 1061 1787 causarum
1084 1760 1115 1788 et
1130 1765 1206 1787 con-

448 1809 676 1841 troversiarum
694 1819 979 1851 quarumcumque
999 1809 1031 1840 in
1053 1809 1205 1852 praemis-

448 1862 489 1894 sis
511 1868 670 1894 motarum
696 1867 726 1894 et
744 1864 851 1894 forsan
873 1862 1084 1905 pendentium
1106 1867 1205 1895 status

448 1921 475 1947 ct
498 1915 624 1953 merita,
642 1915 838 1958 nominaque
860 1920 890 1947 et
910 1915 1103 1957 cognomina
1124 1915 1206 1948 iudi-

449 1980 522 2001 cum
553 1974 581 2001 et
612 1968 858 2011 collitigantium
893 1969 1116 2012 praesentibus
1146 1980 1205 2013 pro

449 2022 646 2054 sullicienter
671 2022 827 2065 expressis
857 2021 1032 2062 habentes,
1064 2033 1099 2054 ae
1121 2022 1202 2062 lites,

448 2075 683 2108 controversias
703 2081 731 2107 et
753 2086 866 2107 causas
886 2074 1072 2107 huiusmodi
1093 2074 1132 2107 ad
1148 2086 1206 2107 nos

449 2128 565 2159 harum
600 2128 681 2160 serie
707 2128 900 2161 advocantes
920 2128 1056 2171 illasque
1077 2128 1206 2171 penitus

449 2182 673 2221 annullantes,
710 2186 870 2214 cassantes
902 2187 933 2214 et
966 2181 1205 2223 extinguentes,

450 2234 659 2278 partibusque
680 2234 879 2277 litigantibus
900 2240 1095 2278 perpetuum
1112 2235 1207 2267 silen-

449 2287 529 2319 tium
555 2288 777 2331 imponentes,
799 2298 927 2320 necnon
949 2287 1070 2320 eisdem
1092 2287 1205 2320 iudici-

448 2341 527 2380 bus,
551 2352 590 2373 nc
612 2352 644 2373 se
664 2341 702 2374 de
729 2341 774 2373 eis
799 2341 936 2373 ulterius
970 2340 1202 2381 intromittere,

449 2394 508 2425 sub
530 2400 656 2426 nostrae
678 2393 908 2436 indignationis
927 2399 963 2426 'et
986 2394 1206 2426 excommuni-

450 2447 584 2479 cationis·
608 2448 689 2480 latae
715 2448 890 2480 sententiae
913 2447 1044 2490 poenis,
1067 2446 1206 2480 audeant

270 2506 388 2527 mmm-<a
401 2508 436 2528 ιω.
451 2506 506 2527 seu
528 2502 751 2538 praesumant,
771 2495 946 2528 districtius
957 2495 1150 2535 inhibentes,
1169 2506 1206 2528 ac

251 2540 379 2588 {jjflffs'ssjssffh
391 2545 435 2588 ngffj
453 2545 662 2578 ulterioribus
682 2545 849 2585 scandalis,
867 2556 949 2588 quae
966 2557 1002 2577 ex
1023 2543 1206 2588 praemissis

250 2600 437 2651 {¹2¹'s}¹¹¹¹}“¹⁰',¹,‘⁶,¹⁰‘
452 2592 529 2625 oriri
550 2599 691 2635 possent,
709 2593 815 2626 debite
835 2604 872 2626 ac
893 2592 1065 2626 salubriter
1076 2592 1204 2625 obviare

269 2639 273 2650 1
290 2639 294 2650 1
334 2639 369 2651 arti
392 2640 400 2650 ιΙ
414 2638 436 2651 <¹5

251 2663 345 2687 emend,
365 2662 437 2682 wle-
451 2642 603 2681 volentes,
627 2648 716 2675 motu
738 2642 882 2686 proprio,
905 2653 971 2675 non
1004 2642 1043 2674 ad
1067 2641 1205 2675 alicuius

251 2698 292 2712 ‘¹³⁵
309 2696 327 2712 ⁰¹
349 2694 437 2713 {uit—‘¹³-
450 2690 544 2725 nobis
564 2702 660 2734 super
678 2691 740 2724 hoc
761 2691 884 2724 oblatae
906 2691 1070 2735 petitionis
1085 2691 1205 2725 instan-

257 318 307 343 ᾹΗ.
323 319 351 343 C.
375 316 438 343 ¹352

1053 313 1232 338 BULLARIt'M
1256 313 1407 337 ROMANUM

2021 312 2070 340 An.
2087 314 2116 342 C.
2136 314 2203 343 1562

1249 365 1347 406 tiam,
1371 367 1425 400 sed
1446 367 1484 400 de
1504 372 1613 400 nostra
1633 375 1723 399 mera
1750 365 2000 405 deliberatione,
2019 375 2060 398 tes,
2091 373 2135 394 sive
2156 373 2203 394 inas

1250 419 1359 452 omnia
1379 425 1409 452 et
1433 419 1559 463 singula
1579 419 1742 463 privilegia
1755 446 1762 460 ,
1789 419 1956 452 facultates
1973 422 2003 451 et
2017 409 2203 461 llamsslllssssss'l'}

1250 472 1393 513 indulta,
1417 473 1512 506 etiam
1538 478 1629 506 motu
1654 472 1767 513 simili,
1789 472 1884 506 etiam
1901 471 2004 505 consi-
2017 465 2204 522 ξῗᾞυῗυῆζξζζξᾛ

1249 526 1439 566 stoi-latiter,
1462 538 1499 559 ac
1524 527 1564 559 ad
1592 526 1780 571 quorumvis
1802 524 2002 565 instantiam,
2017 528 2204 584 {230n{⁰;me⁰}l¹2i¹e⁵‡

1249 589 1286 612 ac
1307 580 1365 612 sub
1386 579 1648 623 quibuscumque
1673 579 1840 613 tenoribus
1873 584 1904 612 et
1935 578 2002 612 for·
2017 592 2102 625 susque
2122 593 2143 611 et
2157 596 2203 626 *⁵0-

1249 632 1328 673 mis,
1351 644 1388 666 ac
1413 644 1487 666 cum
1513 633 1693 677 quibusvis,
1716 633 1812 666 etiam
1832 632 2002 675 derogato·
2016 622 2203 674 ss22²2¹²⁵5ffl¹¹ssc⁵fi

1249 685 1372 719 riarum
1398 687 1620 729 derogatoriis,
1644 686 1946 729 efficacioribusque
1973 691 2004 718 et
2017 684 2203 735 liffffifff'ffl'ssi

1248 739 1385 772 insolitis
1419 740 1583 780 clausulis,
1606 751 1642 773 ac
1670 740 1872 774 irritantibus
1887 745 1918 773 et
1933 739 2004 773 aliis
2018 747 2124 765 rectorum
2139 750 2204 771 raro-

1248 793 1397 833 decretis,
1420 794 1452 826 in
1472 805 1590 837 genere
1610 795 1658 828 vel
1678 794 1710 827 in
1731 794 1849 838 speeie,
1868 805 1926 839 per
1945 805 2004 828 nos
2017 775 2123 798 chmhm

1248 857 1285 879 ac
1305 847 1420 880 Sedem
1442 859 1498 881 seu
1523 848 1788 891 praedecessores
1816 848 2005 882 huiusmodi

1248 901 1453 944 praeceptori
1473 901 1640 944 hospitalis
1660 912 1697 935 ac
1717 901 1823 935 abbati
1842 908 2005 936 monaste-

1249 953 1306 993 rii,
1326 964 1455 987 necnon
1472 954 1613 998 capitulo
1630 955 1786 989 ecclesiae
1798 956 1905 989 Sancti
1915 957 2006 990 Ioan-

1249 1007 1298 1039 uis
1318 1007 1541 1041 Lateranensis
1560 1008 1767 1048 huiusmodi,
1788 1010 1883 1042 etiam
1907 1021 2006 1054 super

1248 1060 1399 1094 facultate
1421 1061 1563 1104 erigendi
1584 1067 1613 1094 et
1634 1062 1822 1095 instituendi
1838 1063 2002 1105 ecclesias,

1249 1115 1412 1157 cappellus
1432 1120 1459 1147 et
1487 1115 1706 1159 cappellanias
1723 1142 1731 1156 ,
1753 1116 1906 1158 oratoria,
1928 1118 2005 1150 alta-

1248 1166 1307 1207 ria,
1330 1167 1497 1201 societates
1518 1174 1545 1201 et
1572 1169 1862 1210 confraternitates,
1884 1170 2005 1214 illaque

1248 1219 1279 1252 in
1300 1221 1449 1264 grangias
1464 1221 1511 1254 vel
1528 1222 1675 1255 membra
1691 1222 1881 1266 recipiendi,
1899 1234 1936 1257 ac
1946 1234 2005 1267 per

1248 1284 1302 1306 eos
1322 1275 1438 1308 erectis
1455 1280 1485 1308 et
1500 1275 1653 1309 institutis
1668 1276 1824 1317 ecclesiis,
1838 1277 2002 1321 cappellis,

1248 1327 1467 1370 cappellaniis,
1489 1329 1655 1369 oratoriis,
1679 1329 1845 1370 altaribus,
1868 1329 2003 1363 societa-

1246 1380 1332 1413 tibus
1366 1386 1395 1413 et
1433 1382 1750 1416 confraternitatibus
1763 1410 1770 1423 ,
1806 1383 2004 1427 illorumque

1247 1433 1547 1478 archipresbyteris,
1569 1435 1734 1480 prioribus
1745 1462 1752 1476 ,
1775 1436 2003 1478 gubernatori—

1247 1487 1318 1527 bus,
1336 1488 1534 1531 guardianss,
1558 1489 1792 1530 sacerdotibus,
1811 1489 2004 1523 officialibus

1248 1545 1277 1572 et
1298 1540 1469 1581 ministris,
1492 1552 1702 1586 quocumque
1722 1543 1854 1576 nomine
1874 1553 2003 1576 nuncu-

1247 1594 1339 1637 patis,
1372 1600 1402 1627 et
1422 1594 1492 1627 aliis
1526 1595 1712 1638 quibusvis,
1735 1596 1830 1630 etiam
1856 1607 1892 1630 ex
1917 1603 2004 1630 certa

1247 1647 1380 1680 scientia
1415 1659 1567 1681 concessa
1601 1661 1637 1682 ac
1672 1649 1779 1683 forsan
1813 1650 2004 1684 auctoritate

1248 1701 1423 1744 apostolica
1443 1702 1621 1745 approbata
1641 1709 1671 1735 et
1691 1703 1897 1744 confirmata,
1921 1703 2005 1737 dicta

1248 1754 1448 1794 auctoritate,
1472 1761 1583 1787 tenore
1604 1755 1836 1799 praesentium,
1855 1767 1893 1789 ex
1907 1756 2005 1789 simili

1248 1812 1355 1840 nostra
1386 1807 1529 1848 scientia,
1554 1819 1737 1848 cassamus,
1765 1809 2002 1852 extinguimus,

1248 1860 1414 1894 irritamus
1439 1861 1570 1905 penitus
1597 1867 1627 1894 et
1654 1863 1834 1896 abolemus.
1871 1863 2003 1897 Necnon

1248 1915 1413 1956 ecclesias,
1437 1916 1610 1959 cappellas,
1631 1916 1860 1959 cappellanias,
1878 1916 2002 1958 altaria,

1248 1967 1401 2007 oratoria,
1424 1968 1592 2001 societates
1611 1974 1641 2001 et
1660 1969 1949 2010 confraternitates,
1965 1969 2004 2002 il-

1248 2022 1355 2053 lorum
1380 2022 1696 2066 archipresbyteros,
1719 2022 1861 2066 priores,
1884 2023 2004 2066 guber-

1248 2080 1387 2115 natores,
1410 2075 1617 2117 guardianos,
1640 2076 1834 2116 sacerdotes,
1852 2075 2006 2110 officiales

1249 2133 1279 2160 et
1298 2128 1463 2161 ministros
1482 2128 1681 2169 huiusmodi,
1706 2140 1781 2162 cum
1802 2129 1954 2163 omnibus
1968 2129 2006 2162 il-

1248 2181 1354 2214 lorum
1374 2182 1482 2222 bonis,
1505 2182 1736 2223 iurisdictioni,
1759 2182 1954 2216 correctioni
1975 2187 2006 2216 et

1248 2234 1450 2268 obedientiae
1461 2236 1701 2269 ordinariorum
1719 2247 1755 2269 ac
1774 2241 1937 2269 rectorum
1949 2246 2004 2280 pa-

1248 2288 1441 2322 rochialium
1463 2289 1684 2330 eeclesiarum,
1706 2290 1739 2322 in
1759 2300 1900 2334 quorum
1916 2290 2003 2323 dioe-

1249 2341 1375 2375 cesibus
1391 2347 1421 2375 et
1441 2342 1604 2387 parochiis
1621 2343 1675 2375 illa
1694 2343 1870 2387 respective
1890 2342 2000 2376 extite-

1248 2394 1328 2435 rint,
1361 2401 1395 2428 ut
1427 2396 1626 2439 praefertur,
1663 2395 1835 2440 praedictis
1868 2400 1899 2428 et
1932 2395 2002 2428 aliis

1248 2447 1411 2490 quibusvis
1439 2448 1498 2481 sibi
1524 2449 1601 2482 alias
1626 2449 1785 2482 concessis
1807 2447 1999 2492 privilegiis,

1248 2496 1525 2538 immunitatibus,
1548 2498 1768 2538 facultatibus,
1789 2497 2000 2541 exemptioni-

1247 2545 1308 2577 bus
1327 2552 1357 2578 et
1376 2546 1486 2589 gratiis
1501 2557 1567 2580 non
1583 2547 1796 2587 obstantibus,
1809 2546 2002 2580 subiicimus

1248 2598 1277 2626 et
1297 2595 1524 2638 supponimus.
1551 2596 1595 2628 Ac
1615 2595 1798 2635 ordinariis,
1821 2606 1880 2638 per
1899 2606 1931 2628 se
1951 2596 1999 2628 vel

1247 2641 1346 2674 alium
1368 2654 1424 2676 seu
1444 2644 1535 2683 alios,
1556 2654 1638 2687 quos
1665 2643 1813 2676 duxerint
1836 2643 2001 2687 eligendos

1247 2697 1276 2724 et
1296 2690 1509 2735 deputandos,
1531 2691 1692 2732 ecclesias,
1720 2691 1901 2735 cappellas‚
1923 2702 2000 2736 cap-
