2237 3100
489 216 503 249 1
511 215 576 250 042

532 276 655 310 crimen
674 275 815 307 haeresis
834 271 1024 312 vacantium,
1040 276 1071 304 et
1090 272 1194 305 decla-

532 329 614 363 ratio
633 328 719 371 quod
739 327 817 359 llaec
842 324 1000 357 beneficia
1019 334 1084 357 non
1104 335 1193 358 com-

532 382 777 427 prehenduntur
798 379 830 411 in
854 377 1146 421 impetrationibus,
1161 377 1194 410 in

530 435 646 480 quibus
661 433 776 466 modus
794 431 967 465 vacationis
986 436 1119 475 propter
1135 430 1194 464 cri-

533 499 605 522 men
621 487 762 520 haeresis
781 496 846 519 non
867 486 906 519 sit
931 496 1111 529 expressus,
1133 484 1194 518 nisi

533 544 564 575 in
586 542 712 575 casibus
732 540 785 573 liic
801 540 984 580 nominatis,
1007 539 1081 572 533.

442 597 526 631 XLV.
549 594 717 628 Revocatio
746 593 1031 636 indulgentiarum.
1060 603 1196 636 quomo-

529 649 649 682 delibet
677 657 926 687 concessarum,
961 646 1195 679 continentium

529 702 713 735 facultatem
729 699 952 744 quaestuandi‚
967 705 997 733 et
1008 710 1066 744 pro
1079 699 1197 743 quibus

531 754 767 798 consequendis
776 753 990 798 porrigendae
1000 758 1074 786 sunt
1085 764 1194 793 manu,

529 809 728 848 adiutrices;
759 806 1000 851 proliibitioque
1030 806 1068 839 de
1095 811 1197 840 ceters

527 862 737 908 quaestuandi
752 867 782 895 et
797 865 982 904 quaestores
1001 860 1197 905 deputandio

535 916 612 950 535.

442 971 546 1005 XLVI.
579 968 789 1003 Confirmatio
810 967 987 1011 gratiarum
1004 972 1035 1000 et
1054 967 1197 1000 indulto-

529 1035 601 1058 rum
633 1022 890 1066 congregationis
911 1021 1110 1054 Clericorum
1136 1021 1197 1053 Re-

528 1077 689 1122 gularium
707 1076 949 1116 Theadnorum,
966 1086 1040 1108 cum
1058 1075 1197 1108 aliorum

529 1130 773 1176 privilegiorum
794 1129 995 1172 elargitione,
1010 1127 1086 1163 537.

440 1186 553 1220 XLVII.
575 1183 782 1217 Confirmatio
803 1182 995 1216 concordiae
1016 1188 1045 1215 et
1061 1188 1197 1215 consuc-

530 1237 653 1272 tudinis
682 1236 945 1270 Maioricensium
976 1236 1112 1268 fratrum
1144 1234 1198 1268 Or-

529 1292 613 1326 dinis
633 1290 895 1324 Pracdicatornm
917 1300 1014 1333 super
1034 1288 1130 1321 niodo
1151 1299 1199 1321 se-

528 1345 668 1390 pellendi
685 1344 752 1377 sine
763 1344 942 1376 interventu
959 1342 1105 1387 parochi,
1120 1341 1195 1376 544.

440 1400 564 1435 XLVIII.
592 1398 759 1432 Provincia
784 1397 955 1430 Hiberniae
981 1397 1118 1429 fratrum
1139 1395 1197 1429 Or-

528 1453 611 1486 dinis
638 1452 900 1485 Praedicatorum
934 1450 1028 1484 variis
1063 1455 1199 1483 ornatur

529 1506 717 1551 privilegiis,
740 1504 815 1539 546.

440 1560 543 1594 XLIX.
575 1559 701 1593 Erectio
727 1558 921 1592 cathedralis
953 1556 1115 1590 Ecclesiae
1140 1557 1199 1589 Bo-

527 1613 724 1647 loniensisin
746 1612 854 1645 Galliis
875 1622 947 1645 cum
968 1611 1143 1654 gratiarum
1168 1616 1198 1644 et

527 1666 823 1712 praerogativarum
843 1665 1042 1708 elargitione,
1065 1664 1139 1698 550.

443 1722 475 1755 L.
507 1721 625 1754 Forma
645 1719 835 1764 expediendi
862 1719 985 1752 litteras
1005 1718 1198 1762 apostolicas

531 1784 630 1818 super
653 1773 763 1817 gratiis
792 1772 1045 1816 resignationum
1075 1772 1197 1805 benefi-

534 1828 660 1861 ciorum
682 1826 986 1866 ecclesiasticorum,
1003 1824 1078 1859 552.

447 1882 493 1916 Ll.
516 1881 684 1915 Damnatio
700 1881 937 1923 cuiuscumque
951 1879 1132 1913 collationis
1149 1889 1199 1912 ec-

535 1935 707 1969 clesiarum
728 1934 975 1978 parochialium,
997 1944 1061 1966 non
1077 1938 1199 1966 servata

529 1990 632 2021 forma
664 1988 792 2022 concilii
817 1987 1016 2027 Tridentini,
1040 1987 1199 2020 hactenus

530 2044 629 2076 sactae
649 2043 697 2075 vel
718 2042 756 2076 de
777 2047 884 2075 cetero
910 2041 1094 2081 faciendae,
1117 2041 1195 2080 555,

443 2098 504 2132 LlI.
518 2097 610 2137 Quod
631 2095 772 2139 religiosi
794 2095 971 2138 regulares,
985 2095 1198 2128 obdesectum

532 2151 794 2195 presbyterorum
807 2176 814 2189 ,
830 2149 861 2181 in
884 2148 1028 2192 partibus
1038 2148 1198 2181 Novarum

529 2204 692 2237 Indiarum
720 2203 827 2236 officio
863 2203 1080 2247 parochorum
1106 2202 1196 2245 fungi

533 2259 668 2297 valeant,
692 2257 766 2291 558.

545 2311 722 2345 Proliibitio
753 2311 913 2343 alienandi
952 2315 982 2343 et
1010 2309 1197 2342 infeudandi

532 2365 672 2398 civitates
692 2370 722 2397 et
741 2365 812 2397 loca
833 2364 862 2397 S.
883 2364 917 2396 P..
942 2363 991 2403 E„
1014 2364 1061 2396 vel
1087 2363 1125 2396 de
1147 2373 1199 2396 eo-

532 2425 605 2447 rum
617 2413 867 2447 alienationibus
879 2418 907 2445 et
922 2411 1199 2445 infeudationihus

531 2462 685 2495 tractandi
708 2462 819 2504 quovis
834 2466 1010 2504 praetextu,
1025 2461 1121 2494 etiam
1133 2460 1197 2494 evi-

533 2511 637 2543 dentis
652 2510 807 2548 utilitatis,
830 2511 905 2544 560.

446 2559 518 2594 LIV.
530 2559 618 2598 Quod
629 2559 745 2592 festum
753 2559 851 2592 saneti
860 2559 1001 2591 Thomae
1011 2558 1049 2591 de
1057 2557 1197 2600 Aquino,

535 2609 580 2642 uti
601 2610 715 2642 festum
735 2608 773 2642 de
793 2612 966 2652 praecepto
987 2612 1115 2641 sanctae
1135 2606 1197 2640 Ro-

443 2311 515 2345 LIII.

1060 220 1206 244 BULLARll
1229 218 1347 243 ROMANI

1321 279 1434 303 manae
1454 269 1628 310 Ecclesiae,
1651 270 1683 302 in
1703 280 1802 313 regno
1823 271 1983 316 Neapolis;

1320 323 1396 356 alibi
1416 334 1489 357 vero
1508 323 1556 356 uti
1577 323 1692 356 festum
1713 328 1853 366 quatuor
1871 325 1982 359 catho-

1321 376 1402 410 licae
1421 376 1583 410 Ecclesiae
1610 376 1783 410 doctorum
1811 377 1852 411 dc
1878 383 1985 412 cetero

1323 430 1515 471 celebretur,
1539 430 1614 465 564.

1323 484 1530 517 Confirmatio
1555 484 1735 517 litterarum
1765 495 1863 528 super
1887 485 1986 519 redu-

1323 539 1427 572 ctione
1440 538 1710 572 monasteriorum
1721 538 1986 572 Conventualium

1323 593 1555 625 nonnullorum
1580 592 1736 626 Ordinum
1756 592 1789 625 in
1809 592 1916 635 regnis
1935 592 1989 626 Hi-

1323 646 1509 690 spaniarum
1529 646 1569 679 ad
1590 656 1723 679 suorum
1743 645 1901 680 Ordinum
1929 646 1988 680 ob-

1324 700 1527 740 servantiam,
1550 699 1666 733 additis
1682 699 1777 733 etiam
1798 700 1837 733 ad
1862 699 1893 733 id
1909 710 1988 733 con-

1324 753 1523 796 sequendum
1541 752 1611 785 aliis
1626 752 1882 786 ordinationibus
1893 757 1924 786 et
1936 763 1988 787 re-

1324 805 1585 846 formationibus,
1607 805 1682 839 565.

1336 858 1509 892 Moderatio
1540 858 1740 892 indultorum
1772 864 1900 893 sanctae
1926 859 1990 893 Ro-

1326 924 1439 946 manae
1459 913 1620 946 Ecclesiae
1640 913 1866 954 cardinalium,
1892 924 1991 959 super

1326 967 1764 1014 collationebeneficiorum,
1786 966 1862 1000 571.

1237 1021 1322 1056 LVII.
1345 1020 1554 1054 Confirmatio
1575 1026 1605 1053 et.
1625 1031 1706 1053 nova
1730 1020 1896 1054 concessio
1916 1021 1990 1065 plu-

1326 1075 1484 1108 rimorum
1509 1074 1712 1107 indultorum
1733 1084 1793 1117 pro
1817 1073 1990 1107 Ordinibus

1325 1130 1461 1162 fratrum
1471 1133 1502 1161 et
1518 1127 1708 1160 monialium
1725 1127 1989 1168 Mendicantium;

1325 1189 1356 1216 et
1375 1182 1550 1215 declaratio
1576 1187 1672 1225 atque
1698 1181 1840 1215 extensio
1861 1180 1990 1215 concilii

1325 1235 1503 1269 Tridentini
1524 1235 1609 1269 eirca
1627 1246 1676 1275 ea,
1694 1241 1725 1269 et
1740 1235 1990 1269 communicatio

1326 1289 1516 1322 eorumdem
1537 1288 1738 1322 indultorum
1759 1299 1832 1322 cum
1848 1288 1920 1322 aliis
1932 1288 1991 1322 Or-

1325 1342 1456 1375 dinibus
1472 1341 1688 1385 regularibus,
1706 1352 1834 1375 necnon
1850 1347 1881 1375 et
1893 1341 1991 1375 iuris-

1326 1396 1424 1429 dictio
1441 1402 1717 1435 conservatorum,
1739 1395 1816 1429 573.

1369 1449 1524 1493 Sequitur
1548 1449 1691 1483 extensio
1708 1449 1843 1483 istorum
1863 1448 1990 1494 privile-

1325 1504 1453 1547 giorum
1485 1503 1733 1537 Mendicantium
1760 1503 1800 1537 ad
1823 1503 1904 1538 alios
1932 1503 1990 1538 Or-

1325 1558 1427 1600 dines,
1455 1556 1530 1592 584.

1369 1611 1524 1655 Sequitur
1563 1610 1736 1645 declaratio
1774 1611 1991 1656 praeinsertae

1328 1665 1576 1705 constitutionis,
1598 1664 1674 1698 586.

1238 1719 1335 1753 LVIII.
1354 1718 1551 1752 Reformatio
1568 1723 1673 1751 motus
1688 1717 1812 1762 proprii
1826 1717 1928 1752 felicis
1940 1729 1990 1752 re-

1327 1772 1523 1805 cordationis
1537 1771 1584 1804 Pii
1600 1772 1704 1815 Papae
1714 1772 1750 1804 IV
1765 1782 1865 1815 super
1874 1771 1990 1806 admis-

1326 1822 1416 1855 sione
1437 1820 1690 1864 appellationum
1712 1831 1899 1854 caussarum
1927 1821 1990 1855 cri-

1327 1870 1509 1910 minalium,
1531 1869 1605 1904 595.

1336 1919 1509 1954 Moderatio
1538 1919 1674 1959 dotium,
1697 1928 1869 1951 munerum
1886 1923 1917 1952 et
1936 1928 1990 1952 or-

1327 1973 1555 2002 namentorum
1570 1977 1852 2010 quarumcumque
1874 1967 1990 2001 mulie-

1327 2028 1417 2057 rum,
1449 2017 1543 2050 etiam
1573 2021 1719 2060 tempore
1746 2015 1934 2060 nuptiarum
1959 2015 1990 2049 in

1326 2066 1424 2106 Urbe,
1447 2065 1522 2099 596.
1910 2100 1913 2103 Δ

1371 2114 1524 2158 Sequitur
1543 2119 1636 2146 tenor
1656 2113 1748 2146 istius
1767 2113 1892 2154 statuti,
1911 2113 1987 2147 596.

1240 2165 1299 2198 Lx.
1322 2163 1512 2197 Monasteria
1523 2172 1662 2206 quorum
1678 2162 1802 2194 fructus
1820 2161 1991 2205 reperiun-

1327 2219 1379 2246 tur
1399 2212 1493 2246 taxati
1513 2212 1546 2245 in
1562 2211 1652 2244 libris
1673 2211 1709 2243 R.
1727 2209 1760 2243 C.
1784 2210 1819 2243 Α.
1842 2215 1873 2243 et
1892 2221 1991 2254 quae-

1327 2273 1466 2306 cumque
1482 2261 1639 2295 beneficia
1655 2261 1716 2305 piis
1735 2260 1813 2294 locis
1833 2260 1935 2301 unita,
1952 2261 1991 2294 de

1327 2317 1434 2345 cetero
1466 2321 1530 2344 non
1557 2311 1715 2350 vacantia,
1741 2308 1941 2353 quindennia
1961 2313 1992 2343 et

1327 2360 1389 2393 alia
1410 2361 1479 2393 iura
1493 2359 1595 2393 eidem
1617 2358 1821 2392 Reverendae
1836 2357 1990 2391 Gamerae

1327 2410 1448 2443 solvere
1468 2413 1630 2447 tenentur;
1644 2413 1674 2440 et
1693 2407 1843 2450 capitula,
1859 2416 1992 2449 congre-

1326 2458 1471 2502 gationes
1491 2463 1521 2491 et
1540 2457 1601 2490 alia
1622 2456 1673 2500 pia
1694 2457 1764 2489 loca
1775 2455 1919 2488 indicare
1938 2453 1991 2487 de-

1325 2508 1403 2540 bent
1426 2506 1583 2540 beneficia
1604 2515 1686 2548 quae
1708 2504 1883 2548 possident,
1905 2507 1936 2535 et
1954 2501 1991 2534 ti-

1326 2557 1429 2589 tulum
1463 2554 1671 2599 possessionis
1700 2559 1730 2587 et
1760 2563 1885 2586 annuos
1917 2549 1990 2583 red-

1326 2605 1424 2647 ditus,
1446 2604 1521 2639 598.

1234 485 1291 518 LV.

1236 860 1296 894 LVI
1302 886 1308 893 .

1239 1921 1313 1955 LIX.
