2237 3100
511 207 597 243 1008
1099 212 1246 237 BULLARII
1269 211 1390 237 nonam

554 279 727 305 commune
747 267 975 302 dormitorium
996 265 1097 308 redigi
1123 265 1264 306 mandat,
1279 264 1343 298 822
1364 265 1401 305 b;
1423 264 1563 298 ambitus
1581 269 1611 298 et
1631 273 1768 297 munera
1782 264 1823 297 ad
1843 264 1950 298 officia
1970 266 2019 299 vel

553 324 615 357 alia
627 323 801 357 obtinenda
812 321 974 365 prohibet,
990 320 1066 352 ibid
1084 330 1093 355 :
1117 319 1342 362 superioribus
1356 319 1542 352 facultatem
1557 318 1707 351 concedit
1722 318 1929 362 dispensandi
1944 329 2019 352 cum

553 375 843 420 praedicatoribus,
867 372 1042 407 lectoribus
1064 378 1092 405 et
1107 372 1301 405 officialibus
1321 382 1420 415 super
1440 372 1631 405 recitatione
1643 371 1740 404 divini
1760 371 1857 404 officii
1880 371 1912 404 in
1933 382 2020 405 corn-

556 430 658 471 muui,
681 429 759 461 ibid.
775 439 785 465 ς
805 426 987 469 compluria
1008 425 1069 459 alia
1089 430 1206 458 statuta
1231 425 1298 458 edit.
1324 425 1411 458 circa
1438 425 1574 458 fratrum
1595 424 1801 468 disciplinam
1823 429 1854 458 et
1874 424 2021 468 regimen

554 482 837 521 monasteriorum,
865 478 930 512 8⁶23
950 490 970 512 α
990 483 1021 512 et
1044 489 1106 521 seq.
1128 478 1160 510 V.
1184 478 1323 518 Fratres,
1338 478 1526 520 Regulares.

465 534 795 578 Ma1·iac(B.)Virginis
808 533 1030 566 Annuneiatac
1041 531 1274 565 monasterium
1294 531 1419 564 inUrbe
1434 531 1614 574 virginibus
1635 531 1804 576 neophytis
1819 530 2023 577 conceditur,

553 589 618 623 490
636 599 668 621 α.
691 587 844 620 Monialcs
860 586 1063 619 collocantur
1077 585 1108 617 in
1130 584 1356 628 praeceptoria
1376 584 1407 617 S.
1422 584 1531 617 Basilii
1552 584 1667 627 Magni,
1690 584 1817 618 Ordinis
1838 585 1870 618 S.
1892 583 2022 618 Ioannis

553 639 846 685 l-lierosolymitani,
870 639 902 671 in
927 638 1059 682 regione
1078 637 1247 679 Montium,
1271 638 1349 670 ibid.
1373 638 1401 669 b.
1426 637 1654 682 praeceptoria
1670 638 1820 679 extincta,
1844 638 1914 671 eius
1935 638 2022 671 hona

552 693 855 728 sanctimonialibus
876 692 1085 731 addicuntur,
1114 691 1174 724 491
1205 702 1236 724 (ι.
1264 691 1302 723 Μ.
1333 690 1486 733 magistro
1510 696 1540 724 et
1560 690 1652 724 Urbis
1673 691 1776 734 priori
1801 691 1960 726 indicitur
1981 701 2022 725 ne

553 747 699 781 molestia
720 746 862 779 afficiant
882 745 1052 785 moniales,
1075 745 1154 777 ibid.
1179 745 1206 776 b.

463 801 714 835 Matrimoniales
735 799 1004 843 dispensationes,
1021 799 1054 831 in
1072 797 1202 831 diversis
1223 797 1512 840 consanguinitatis
1532 797 1581 830 vel
1602 797 1767 830 affinitatis
1786 798 1940 840 gradibus
1963 797 2023 831 im-

551 853 672 898 petrari
691 858 827 897 queunt,
851 862 1001 896 expresso
1035 856 1159 884 tantum
1191 850 1293 893 gradu
1316 850 1495 891 remotiori,
1518 850 1584 883 475
1609 861 1641 883 a.
1664 851 1904 884 Declarationes
1933 861 2022 884 com-

551 908 662 951 plures
686 906 771 939 circa
804 905 1036 949 impedimenta
1069 904 1271 947 cognationis
1302 903 1479 947 spiritualis
1499 909 1531 937 et
1550 903 1714 939 affinitatis
1730 914 1768 937 ex
1792 904 2019 945 fornicatione,

551 959 658 1004 quoad
679 958 887 992 matrimonia
907 964 979 1002 post
1007 958 1136 991 concilii
1161 957 1339 990 Tridentini
1361 957 1644 990 confirmationem
1666 962 1831 991 contracta
1852 958 1909 993 ,vel
1940 968 2021 991 con-

550 1013 720 1053 trahenda,
742 1012 807 1046 476
827 1024 847 1045 α
868 1018 899 1045 et
922 1023 985 1056 seq.
1008 1012 1239 1045 Procuratores
1259 1011 1290 1044 S.
1322 1011 1593 1044 Poenitentiariae
1617 1010 1784 1045 veritatem
1811 1011 2022 1045 immutantes

552 1067 583 1099 in
604 1067 816 1111 impetrandis
848 1065 1154 1109 dispensationilnis,
1186 1075 1309 1108 poenae
1340 1064 1411 1097 salsi
1435 1064 1665 1105 subiiciuntur,
1688 1064 1753 1098 498
1779 1075 1811 1098 α.
1840 1064 2023 1098 Declaratio

551 1119 681 1153 concilii
706 1118 1242 1162 Tridentinisuperimpedimento
1263 1117 1413 1161 publicae
1434 1117 1609 1151 honestatis
1631 1117 1890 1162 circasponsalia
1906 1124 1937 1152 ct
1957 1128 2024 1152 ma-

554 1172 718 1212 trimonia,
746 1171 810 1205 678
831 1172 847 1204 b
874 1177 905 1204 et
923 1182 987 1216 seq.

464 1224 588 1267 Medici,
606 1237 643 1259 cx
662 1225 893 1259 constitutione
907 1225 1086 1258 Innocentii
1107 1225 1157 1265 Ill,
1181 1235 1294 1267 aegros
1315 1235 1448 1258 monere
1469 1230 1622 1258 tenentur
1641 1230 1678 1257 ut
1697 1229 1865 1258 accersant
1880 1223 2023 1258 medicos

554 1281 749 1322 animarum,
772 1280 837 1314 430
857 1292 887 1313 a.
917 1281 991 1313 Pius
1011 1281 1034 1312 V
1055 1286 1265 1324 praeceptum
1300 1280 1441 1321 innovat,
1465 1285 1496 1313 et
1521 1279 1656 1313 medicis
1686 1279 1838 1323 prohibet
1865 1289 1906 1313 ne
1936 1279 2021 1312 ultra

553 1340 616 1367 tres
635 1334 702 1367 dies
733 1333 880 1366 infirmos
900 1344 966 1366 non
987 1334 1150 1366 confessos
1171 1338 1298 1371 curent,
1322 1334 1424 1369 2'b1'd.,·
1451 1333 1696 1376 consanguinei,
1719 1333 1888 1367 domestici
1914 1338 1945 1366 et
1964 1343 2023 1377 pa-

553 1388 643 1421 rochi
668 1387 805 1420 infirmis
831 1387 1068 1420 consessionem
1089 1387 1256 1426 suadeant,
1280 1387 1359 1419 ibid.
1387 1387 1416 1419 b.
1439 1386 1760 1420 Contravenientium
1780 1397 1917 1430 poenae,
1939 1387 2020 1420 ibid.

552 1442 652 1475 Nemo
671 1441 711 1474 ad
732 1441 917 1474 doctoratus
950 1441 1086 1483 gradum
1122 1440 1322 1479 admittatur,
1346 1440 1407 1472 nisi
1428 1440 1509 1473 iuret
1534 1440 1712 1483 praemissa
1732 1440 1916 1481 observare,
1939 1440 2018 1474 ibid.

553 1494 714 1528 Orilinarii
734 1495 820 1527 idem
846 1494 1066 1527 iuramentum
1087 1493 1216 1536 exigant
1236 1504 1253 1526 a
1275 1493 1444 1537 promotiS,
1465 1494 1545 1526 ibid.

464 1548 693 1588 Mediolanensi
718 1547 964 1591 archiepiscopo
985 1547 1120 1590 eiusque
1140 1546 1352 1589 suffragancis
1374 1546 1545 1580 mandatur
1565 1552 1601 1579 ut
1616 1546 1745 1580 decreta
1765 1546 1798 1580 in
1815 1547 1938 1592 synodo
1958 1547 2023 1581 Me-

552 1601 732 1634 diolanensi
751 1601 849 1640 edita,
872 1601 959 1633 iuxta
975 1599 1099 1633 Summi
1120 1600 1285 1633 Pontilicis
1307 1599 1568 1633 emendationem
1587 1605 1618 1633 et
1630 1599 1890 1643 explicationem,
1914 1600 2024 1634 obscr-

552 1654 618 1687 vari
639 1654 768 1694 saciant,
792 1653 856 1687 819
877 1654 906 1686 b.
928 1653 1091 1686 Nonnulla
1107 1652 1294 1686 huiusmodi
1316 1653 1446 1686 decreta
1466 1653 1663 1693 reseruntur,
1686 1653 1766 1686 ibid.
1791 1658 1822 1686 et
1845 1663 1909 1697 seq.

464 1707 714 1741 Mendicantium
747 1707 881 1740 Ordines
901 1718 919 1740 a
939 1706 1151 1749 vectigalibus
1182 1707 1363 1749 ceterisque
1385 1706 1681 1739 contributionibus
1701 1717 1830 1740 necnon
1856 1707 1896 1740 ab
1924 1716 2024 1740 onere

555 1762 739 1806 hospitandi
760 1762 877 1795 milites
899 1761 1096 1799 eximuntur,
1109 1761 1173 1795 469
1185 1772 1202 1794 α
1220 1766 1251 1794 ct
1265 1772 1328 1804 seq.
1341 1761 1461 1794 Eorum
1479 1761 1624 1794 redditus
1640 1761 1794 1805 peripsos
1807 1760 2024 1795 Mendicantes

554 1826 695 1859 suosque
726 1820 956 1860 procuratores
988 1820 1112 1848 tantum
1139 1813 1231 1857 exigi,
1260 1820 1290 1847 et
1311 1825 1369 1858 pro
1403 1814 1594 1848 corumdem
1622 1814 1856 1847 sustentatione
1887 1813 2024 1858 expendi

553 1874 700 1912 possunt,
723 1869 788 1902 470
815 1880 846 1901 α.
871 1868 922 1901 Sal
956 1867 1226 1908 Menilicantibus,
1254 1878 1313 1911 pro
1345 1878 1459 1901 corum
1481 1869 1554 1908 usu,
1577 1867 1673 1900 detur
1701 1866 1799 1909 gratis
1819 1878 1838 1900 a
1867 1866 2023 1900 ministris

554 1921 707 1955 Gamerae
727 1921 943 1966 Apostolicae,
966 1921 1045 1953 ibid.
1070 1921 1098 1953 b.
1126 1920 1226 1953 liilem
1247 1920 1383 1953 Ordines
1396 1920 1551 1953 molestiis
1572 1919 1761 1953 afficiuntur
1787 1920 1826 1953 ab
1846 1919 2021 1964 episcopis,

554 1986 692 2018 quarum
714 1975 824 2019 plures
853 1979 1105 2014 enumerantur,
1140 1973 1258 2018 57²*st
1289 1979 1320 2006 ct
1346 1984 1408 2017 seq.
1442 1973 1582 2016 Singulis
1612 1973 1767 2007 molestiis
1796 1972 1929 2017 speciali
1959 1972 2024 2005 dis-

553 2027 714 2071 positione
735 2039 752 2060 a
771 2028 827 2061 Pio
851 2028 873 2060 V
894 2027 1094 2072 providetur,
1108 2026 1172 2060 576
1193 2027 1209 2059 b
1223 2033 1253 2060 et
1272 2037 1333 2070 seq.
1349 2026 1409 2066 Qui
1430 2026 1551 2059 idcirco
1573 2027 1731 2060 nonnulla
1750 2025 1917 2070 privilegia
1936 2026 2022 2059 Men-

554 2081 737 2114 dicantibus
759 2081 908 2114 concedit
922 2091 1005 2125 quae
1019 2081 1099 2114 etad
1124 2080 1204 2113 alios
1224 2079 1358 2113 Ordines
1390 2079 1543 2120 extendit,
1573 2079 1638 2113 584
1656 2091 1677 2112 a
1697 2085 1728 2113 et
1752 2090 1815 2123 seq.
1842 2078 2023 2112 Declaratio

555 2134 640 2168 circa
661 2135 848 2178 praemissa,
871 2133 934 2168 586
955 2135 1014 2167 bct.
1032 2145 1095 2178 seq.
1119 2133 1371 2167 Menilicantium
1385 2133 1566 2177 privilegia,
1588 2133 1658 2166 aliis
1678 2133 1852 2166 Ordinibus
1873 2142 2022 2165 commu-

556 2187 671 2228 nicata,
682 2198 746 2221 non
759 2187 979 2230 suffragantur
990 2187 1022 2220 in
1034 2187 1071 2220 iis
1084 2197 1167 2230 quae
1179 2186 1449 2230 temporalitatem
1463 2185 1654 2230 respiciunt,
1667 2185 1731 2220 838
1747 2197 1778 2220 ιι.
1795 2184 2021 2228 V.Regu1ares,
2068 2207 2070 2209 »

556 2239 684 2273 Vicarii.

466 2291 657 2326 Mercatores
693 2293 796 2326 almae
817 2292 910 2326 Urbis
940 2292 1066 2326 ca'mbia
1091 2293 1177 2325 sicca
1207 2298 1236 2325 et
1262 2291 1374 2326 illicita
1399 2293 1616 2333 contrahunt,
1647 2292 1662 2324 1
1694 2292 1711 2325 b
1732 2297 1763 2325 et
1794 2302 1857 2336 seq.
1884 2288 1960 2324 Pius
1984 2289 2024 2323 lv

556 2345 676 2378 eisdem
697 2356 818 2389 poenas
839 2351 952 2378 contra
982 2345 1148 2378 usurarios
1168 2350 1301 2378 statutas
1332 2345 1474 2389 aliasque
1497 2344 1676 2388 peculiares
1691 2344 1850 2388 applicari
1876 2342 2019 2384 mandat,

556 2394 576 2428 Ξ),
596 2397 624 2429 b.
654 2398 688 2430 V.
710 2397 865 2431 Mercium
886 2397 1085 2430 minutarum
1104 2397 1309 2430 venditorum
1331 2397 1531 2430 universitas.

468 2449 664 2484 Mercaturac
684 2462 868 2495 pannorum
889 2452 1038 2484 consules
1063 2451 1254 2495 ampliorem
1276 2451 1534 2484 iurisdictionem
1559 2450 1717 2491 obtinent,
1741 2450 1805 2484 ΜΟ
1831 2461 1863 2483 α.

468 2504 620 2537 Mercium
642 2506 841 2539 minutarum
867 2506 1070 2539 venditorum
1087 2505 1279 2538 universitas
1299 2506 1338 2538 ab
1359 2505 1453 2538 Urbis
1474 2505 1756 2538 conservatoribus
1774 2505 1883 2538 locum
1896 2502 2020 2537 obtinet

557 2558 590 2590 in
610 2558 679 2591 foro
700 2558 891 2602 Capitolino,
905 2559 961 2591 ubi
978 2558 1126 2592 consules
1148 2558 1196 2591 ius
1218 2559 1327 2592 dicunt
1354 2558 1393 2591 de
1414 2558 1510 2591 rebus
1524 2558 1564 2591 ad
1583 2563 1684 2591 artem
1705 2557 1935 2601 spectantibus,
1953 2554 2017 2588 267

557 2610 585 2643 b.
613 2608 747 2645 Senator
767 2611 872 2653 Urbis,
894 2616 1040 2655 tempore
1051 2610 1208 2645 Bonisacii
1222 2611 1272 2653 IX,
1289 2611 1395 2645 eidem
1411 2610 1611 2645 universitati
1622 2610 1755 2645 dederat
1768 2608 1906 2643 vendere
1920 2618 2019 2651 quas-
