2237 3100
194 266 244 293 An.
261 265 291 293 C.
310 266 375 294 1561

195 1609 369 1632 EcclesiamLan-

182 1643 268 1663 cianen.
307 1644 368 1668 erigit

183 1672 203 1692 in
224 1673 367 1700 archiepisco-

181 1706 251 1729 patum
275 1708 294 1725 et
321 1710 366 1726 me—

180 1735 287 1761 irc—polim.

239 2195 360 2219 Leonardus

175 2232 208 2254 ep.
225 2228 283 2249 datiu-
298 2230 317 2249 tn
330 2236 361 2250 tu·-

174 2260 340 2289 ehiepiscopum.

433 257 499 294 108

391 332 465 354 rum
500 321 644 365 singulos
676 332 713 355 ac
743 320 850 354 omnia
875 326 906 354 et
938 321 1062 364 singula
1091 331 1144 352 ca-

392 374 541 407 rumdem
563 374 717 407 ecclesiae
734 374 868 407 civitatis
886 379 916 407 et
933 374 1087 407 dioecesis
1107 383 1144 405 ac

392 427 424 460 in
444 427 506 460 illis
531 428 736 461 consistentia
763 429 924 471 prioratus
941 454 948 468 ,
978 425 1144 471 praeposi-

391 486 491 521 turas,
514 481 760 525 praepositatus‚
785 481 964 523 dignitates,
990 490 1144 523 persona->

391 539 453 574 tus,
474 535 777 573 administrationes,
797 534 912 574 officia,
936 533 1145 566 canonicatus

392 593 420 620 et
456 588 655 631 praebendas
684 599 719 620 ac
755 587 958 630 parochiales
997 592 1025 619 ct
1067 586 1145 619 alias

392 641 543 674 ecclesias
557 668 564 680 ,
597 641 760 684 cappellas
785 646 814 673 et
835 639 1005 683 hospitalia
1026 652 1062 673 ac
1083 641 1144 673 alia

391 693 442 736 pia
464 695 534 726 loca
550 700 733 737 ceteraque,
749 704 822 727 cum
836 705 914 726 cura
926 699 956 726 et
976 694 1043 726 sine
1056 705 1143 735 cura,

390 748 567 781 saecularia
587 754 617 780 et
632 748 821 791 quorumvis
838 747 993 781 Ordinum
1015 748 1143 791 regula-

391 800 436 833 ria
466 800 622 834 beneficia
643 801 876 841 ecclesiastica,
898 812 972 834 cum
993 801 1144 835 omnibus

391 860 419 886 et
446 853 581 896 singulis
602 854 728 888 iuribus
749 860 779 888 et
794 854 994 899 pertinentiis
1015 855 1092 895 suis,
1106 866 1143 888 ac

389 907 483 940 bonis
503 908 678 942 mobilibus
698 915 729 942 et.
752 909 973 942 immobilibus
987 936 994 950 ,
1017 920 1033 942 a
1068 909 1143 943 dicti

389 962 537 994 moderni
559 968 589 995 et
610 973 668 1006 pro
685 968 831 1007 tempore
842 963 1005 997 existentis
1021 963 1145 996 archie-

388 1014 513 1059 piscopi
534 1020 564 1048 et
585 1016 716 1059 capituli
737 1016 882 1049 Theatini
903 1027 1083 1061 eorumque
1098 1016 1143 1049 vi-

389 1068 565 1109 cariorum,
593 1069 780 1102 officialium
812 1075 841 1102 et
862 1070 1086 1103 ministrorum
1106 1081 1143 1103 ac

388 1120 532 1155 iudicum
548 1133 833 1166 quorumcumque
855 1130 1066 1167 protempore
1077 1124 1142 1157 exi-

389 1175 540 1208 stentium
571 1176 721 1210 omnibus
741 1182 769 1210 et
792 1177 926 1221 singulis
946 1177 1141 1211 iurisdictio-

388 1229 495 1269 nibus,
518 1230 740 1273 potestatibus.
760 1231 1027 1271 correctionibus,
1049 1243 1144 1276 supe-

389 1283 597 1324 rioritatibus,
618 1285 779 1323 dominiis,
797 1285 1031 1319 visitationibus
1046 1291 1076 1319 et
1088 1297 1143 1318 au-

387 1336 608 1378 ctoritatibus,
632 1338 664 1370 in
685 1338 908 1382 spiritualibus
928 1344 956 1372 et
978 1345 1140 1383 tempora-

386 1389 491 1430 libus,
515 1391 552 1423 de
578 1391 736 1425 similibus
763 1392 899 1425 consilio
921 1398 951 1425 et,
977 1392 1141 1436 potestatis

386 1444 598 1487 plenitudine,
621 1445 705 1478 dicta
730 1446 932 1487 auctoritate,
949 1446 1044 1479 etiam
1066 1458 1139 1491 per-

385 1502 495 1539 petuo,
519 1498 688 1531 eximimus
709 1505 738 1531 et
759 1499 899 1532 totaliter
917 1499 1106 1533 liberamus.

429 1550 443 1593 g
459 1550 489 1582 4.
513 1551 556 1583 Ac
573 1551 689 1584 dictam
707 1553 1138 1586 ecclesiamLancianensem

384 1602 417 1635 in
438 1604 719 1647 metropolitanam
737 1616 796 1649 pro
806 1617 872 1639 uno
893 1606 1138 1650 archiepiscopo

384 1656 592 1691 Lanciancnsi
623 1659 866 1702 nuncupaudo;
888 1670 924 1692 ac
946 1660 1053 1693 sedem
1075 1660 1138 1704 epi-

383 1712 545 1755 scopalem
567 1713 817 1746 Lancianenscm
836 1713 867 1745 in
879 1713 1138 1758 archiepiscopa-

383 1764 443 1796 lem
465 1771 493 1797 ct
516 1765 800 1810 archiepiscopalis
820 1778 856 1799 ac
869 1767 1136 1811 metropolitanae

383 1818 565 1862 provinciae
587 1819 742 1862 praesidis
762 1821 882 1861 sedem,
906 1832 980 1853 cum
999 1820 1086 1864 pallii
1107 1826 1134 1853 et

381 1872 487 1904 crucis
513 1872 674 1906 delatione
704 1884 740 1906 ac
762 1874 914 1907 omnibus
943 1879 973 1907 et
1003 1873 1135 1916 singulis

378 1924 449 1958 aliis
465 1925 620 1968 insigniis,
643 1926 833 1967 honoribus,
857 1926 1049 1970 privilegiis,
1076 1938 1133 1958 an-

378 1979 596 2019 telationibus,
620 1980 880 2012 immunitatibus
901 1986 929 2012 et
950 1979 1060 2022 gratiis
1080 1991 1132 2012 ec-

379 2031 494 2065 clesiae
516 2039 545 2066 et
566 2033 648 2066 sedis
677 2033 989 2076 metropoliticarum
1015 2044 1051 2066 ac
1081 2044 1132 2066 ar-

378 2086 677 2130 cliiepiscopalium.

422 2140 437 2182 ἓ
457 2140 488 2173 5.
512 2141 555 2173 Ita
576 2141 662 2183 quod
683 2140 787 2173 dictus
808 2139 993 2173 Leonardus
1009 2138 1133 2184 episco-

377 2204 449 2237 pus,
473 2193 529 2236 qui
550 2193 701 2227 Ordinem
714 2194 849 2227 fratrum
866 2192 1129 2226 Praedicatorum

377 2258 525 2290 expresse
546 2249 709 2291 professus
738 2247 851 2288 existit,
875 2247 913 2281 de
934 2252 1041 2280 cetero
1062 2247 1127 2287 illi,

376 2306 408 2334 ut
430 2302 706 2346 archiepiscopus,
734 2302 854 2345 absque
876 2301 941 2334 ulla
961 2301 1022 2333 alia
1042 2300 1071 2334 ei
1091 2301 1129 2333 de

376 2366 513 2397 persona
534 2366 590 2388 sua
611 2356 756 2389 facienda
781 2354 962 2399 provisione
984 2360 1014 2387 et
1035 2365 1127 2397 prae-

374 2409 523 2450 lectione,
547 2410 675 2452 praesit,
693 2415 722 2442 et
744 2409 831 2442 illius
846 2419 939 2442 verus
950 2408 1078 2452 praesul
1099 2413 1129 2440 et

374 2464 482 2500 pastor
502 2459 626 2499 existat,
644 2470 680 2492 ac
697 2469 755 2500 pro
775 2459 830 2492 tali
852 2458 1009 2491 habeatur
1028 2462 1056 2490 et
1076 2468 1126 2490 re-

373 2512 517 2550 putetur,
540 2514 570 2540 et
602 2507 867 2551 archiepiscopus
899 2507 1127 2541 Lancianensis

373 2562 592 2600 nuncupetur.

418 2605 433 2648 g
452 2604 482 2638 6.
506 2605 637 2638 Necnon
658 2615 740 2647 quae
762 2604 992 2638 iurisdictionis
1010 2615 1059 2645 ac,
1074 2615 1125 2637 re-

371 2660 465 2699 cepto
481 2654 570 2698 prius
586 2665 643 2697 per
654 2664 729 2689 eum
745 2654 783 2688 de
802 2664 891 2688 inore
908 2653 992 2688 dicto
1010 2653 1121 2697 pallio,

985 265 1165 292 BULLARIUM
1189 263 1340 288 ROMANUM

1406 294 1408 298 λ
1957 258 2007 286 An.
2024 258 2055 286 c.
2073 257 2138 286 1⁸⁶1

1187 328 1270 361 quae
1292 316 1415 350 ordinis
1440 314 1724 360 archiepiscopalis
1748 315 1885 348 existunt
1903 324 1940 347 ac
1989 319 2142 346 Archiou-c·-

1187 371 1249 403 alia
1270 370 1309 403 ad
1330 370 1641 414 archiepiscopalem
1662 375 1693 402 et
1717 369 1940 414 metropolita-
1954 351 2045 408 {33¹1}ssss
2054 354 2141 403 23:223]

1187 434 1261 456 nam
1283 423 1471 466 dignitatem
1505 423 1683 467 spectantia
1707 428 1853 456 exerceat
1872 449 1880 462 ,
1902 423 1940 455 de
1955 412 2140 434 ⁰²¹⁰⁰¹³³¹¹¹¹³¹¹¹⁸'

1187 476 1283 509 simili
1299 477 1445 518 consilio,
1456 477 1567 510 eadem
1584 476 1786 517 auctoritate,
1796 475 1942 510 similiter

1187 537 1344 574 perpetuo
1365 531 1519 574 erigimus
1539 536 1569 564 et
1593 531 1802 571 instituimus,
1824 541 1861 564 ac
1891 541 1942 564 ec-

1187 584 1317 617 clesiam
1349 590 1380 617 et
1406 584 1565 617 civitatem
1599 584 1851 618 Lancianensem
1881 595 1940 617 no-

1187 637 1287 678 mine,
1307 638 1399 671 titulo
1420 643 1451 671 et
1470 638 1594 671 honore
1615 649 1651 672 ac
1671 638 1871 682 praelatione
1891 637 1940 671 di-

1186 691 1314 734 gnitatis
1332 691 1617 737 archiepiscopalis
1629 697 1659 725 et
1674 691 1941 736 metropolitanae

1188 745 1392 779 decoramus.

1231 799 1245 842 g
1276 799 1306 832 7.
1342 799 1527 833 Provinciae
1556 811 1686 844 quoque
1714 799 1940 834 Lancianensis
1954 802 2139 857 ξὲυθεὶἰῃιέἷξζίεῖ

1186 853 1369 896 praedictae
1404 854 1528 887 clerum
1549 859 1579 886 et
1606 855 1777 898 populum,
1799 865 1939 898 quorum
1954 872 1992 888 suo
2015 867 2089 888 oraine
2113 867 2139 888 ια

1187 905 1389 949 singulorum
1423 918 1539 941 causae
1558 908 1597 940 ad
1623 908 1745 941 dictum
1778 898 2138 954 ai*chiepi-“¹¹¹¹”‘⁸“'¹‘¹’'

1187 971 1321 1003 scopum
1334 961 1598 1003 Lancianensem,
1613 961 1698 995 iuxta
1710 973 1876 997 sacrorum
1886 974 1939 996 ca-

1186 1024 1309 1047 nonum
1327 1014 1482 1056 instituta,
1500 1016 1698 1056 deserantur,
1710 1027 1769 1060 pro
1787 1017 1852 1050 suis
1864 1028 1940 1061 pro-

1186 1068 1376 1102 vincialibus
1397 1070 1485 1103 clero
1505 1075 1533 1102 et
1556 1071 1690 1113 populo,
1713 1070 1757 1103 ita
1776 1071 1863 1114 quod
1880 1071 1940 1115 ipsi

1186 1127 1215 1154 et
1236 1132 1349 1154 eorum
1371 1122 1500 1166 singuli,
1527 1123 1633 1166 quoad
1647 1124 1756 1157 omnia
1775 1129 1940 1168 metropo-

1186 1175 1273 1209 litica
1293 1182 1324 1209 et
1343 1177 1631 1221 archiepiscopalia
1656 1177 1739 1219 iura,
1762 1177 1939 1222 superiori-

1185 1233 1281 1261 tatem
1303 1234 1333 1261 et
1353 1229 1621 1271 iurisdictionem,
1635 1242 1694 1275 pro
1711 1236 1858 1275 tempore
1874 1231 1940 1265 exi-

1185 1281 1278 1314 stenti
1313 1282 1557 1327 archiepiscopo
1589 1283 1801 1318 Lancianensi
1821 1290 1852 1317 et
1874 1295 1940 1318 non

1183 1336 1294 1376 alteri,
1317 1336 1344 1368 ei
1366 1342 1530 1379 tamquam
1551 1337 1696 1370 membra
1723 1337 1820 1382 capiti
1845 1339 1938 1372 obse-

1183 1395 1319 1432 quentes
1344 1396 1374 1423 et
1402 1391 1441 1423 de
1462 1391 1794 1435 archiepiscopalibus
1818 1397 1849 1425 et
1869 1403 1937 1426 me-

1185 1443 1386 1486 tropolitanis
1406 1455 1442 1477 ac
1467 1444 1719 1488 provincialibus
1740 1445 1866 1479 iuribus
1886 1457 1938 1479 re-

1183 1497 1341 1540 spondere
1362 1498 1524 1538 debentes,
1546 1498 1680 1531 subiecti
1705 1498 1778 1540 sint,
1801 1499 1840 1532 de
1869 1499 1938 1543 pari

1183 1551 1328 1591 consilio,
1350 1553 1492 1595 praefata
1504 1552 1705 1593 auctoritate,
1728 1552 1938 1587 concedimus

1182 1609 1211 1636 et
1232 1604 1442 1647 assignamus.

1226 1658 1240 1700 ᾗ
1269 1657 1300 1691 8.
1337 1658 1469 1691 Necnon
1503 1658 1607 1692 eidem
1632 1660 1878 1706 archiepiscopo
1906 1665 1937 1695 et
1964 1664 2031 1700 ‚Super
2049 1665 2135 1688 archi·-

1181 1711 1323 1754 capitulo
1343 1712 1498 1745 Theatino
1519 1724 1555 1746 ac
1573 1724 1686 1747 eorum
1703 1714 1840 1756 vicariis,
1863 1715 1934 1749 offi-
1950 1701 2068 1750 εἷῑιῖῗῖἒιω’
2084 1703 2135 1751 Ρὶιῗ.

1180 1764 1316 1797 cialibus
1350 1771 1379 1798 et
1414 1766 1576 1800 iudicibus
1609 1778 1645 1801 ac
1666 1767 1831 1810 quibusvis
1865 1769 1935 1802 aliis
1949 1757 2079 1782 L”'¹⁰³³¹¹²¹¹·
2097 1761 2135 1782 ³³*

1180 1818 1338 1862 personis,
1358 1819 1595 1864 cuiuscumque
1616 1821 1790 1864 dignitatis,
1809 1822 1932 1855 ordinis

1179 1876 1208 1903 et
1229 1872 1423 1906 conditionis
1444 1873 1663 1915 existentibus,
1687 1885 1726 1908 ne
1751 1874 1784 1907 in
1804 1876 1931 1909 archie-

1178 1925 1348 1969 piscopum
1365 1937 1420 1960 seu
1442 1928 1625 1970 praesulem
1654 1933 1710 1960 aut
1726 1928 1930 1962 administra-

1177 1983 1279 2012 torem
1301 1991 1337 2012 ac
1363 1981 1532 2014 ecclesiam
1550 1987 1581 2014 et
1601 1981 1780 2025 capitulum
1797 1983 1930 2016 Lancia-

1176 2042 1307 2066 nensem
1329 2044 1456 2067 necnon
1477 2045 1590 2067 eorum
1607 2034 1753 2076 vicarios,
1776 2036 1931 2070 officiales

1176 2091 1205 2118 et
1225 2086 1389 2120 ministros
1408 2099 1444 2121 ac
1466 2089 1590 2121 clerum
1619 2094 1649 2122 et
1665 2089 1835 2132 populum,
1858 2100 1928 2123 mo-

1174 2140 1324 2182 nasteria,
1348 2141 1511 2185 prioratus
1527 2169 1534 2183 ,
1556 2143 1808 2186 praeposituras,
1836 2154 1928 2188 prae-

1174 2194 1341 2236 positatus,
1365 2195 1543 2239 dignitateS,
1565 2202 1768 2241 personatus,
1790 2197 1926 2230 admini-

1173 2248 1363 2289 strationes,
1387 2249 1515 2290 officia,
1544 2251 1754 2284 canonicatus
1772 2256 1803 2283 et
1831 2261 1925 2294 prae-

1172 2299 1302 2342 hendas,
1327 2303 1490 2345 ccclesias,
1513 2305 1695 2348 cappessas,
1727 2304 1897 2348 hospitalia
1915 2331 1922 2345 ,

1171 2354 1242 2387 loca
1260 2366 1296 2388 ac
1320 2357 1478 2391 beneficia
1499 2358 1715 2391 ecclesiastica
1735 2358 1869 2391 civitatis
1894 2363 1926 2391 et

1170 2407 1327 2443 dioecesis
1342 2411 1569 2444 Lancianensis
1580 2411 1766 2444 huiusmodi
1781 2411 1924 2455 aliquam

1170 2456 1425 2492 iurisdictionem
1444 2486 1451 2500 ,
1493 2460 1751 2503 superioritatem
1770 2486 1777 2500 ,
1818 2459 1922 2493 domi-

1170 2505 1272 2547 nium,
1287 2512 1489 2551 potestatem,
1503 2509 1727 2548 visitationem,
1751 2508 1924 2542 correctio-

1169 2565 1256 2595 nem,
1280 2561 1342 2588 tam
1365 2556 1396 2589 in
1417 2557 1563 2591 civilibus
1582 2568 1680 2601 quam
1700 2557 1733 2589 in
1768 2556 1921 2590 crimina-

1168 2603 1252 2637 libus
1286 2605 1403 2646 causis,
1440 2606 1710 2649 metropoliticam
1738 2607 1785 2648 vel
1806 2617 1919 2649 quam-

1168 2663 1308 2696 cumque
1342 2654 1437 2689 aliam
1457 2654 1711 2691 iurisdictionem
1732 2655 1919 2691 huiusmodi

1952 1793 2044 1817 emptum
2069 1792 2138 1818 quod-

1947 1819 1998 1841 libet
2019 1822 2052 1841 ius
2064 1821 2138 1843 eccle-

1948 1851 1991 1872 siae
2007 1850 2130 1873 Theaunao.
