2237 3100
286 210 333 236 An.
351 208 380 235 C.
396 207 458 234 ¹571

327 644 391 663 Causa
410 644 469 662 huius

288 677 433 695 tnstitnuenis.

317 1613 423 1633 institutio
439 1619 474 1633 nn>

292 1646 359 1665 «lerini
385 1651 473 1664 xiraria-

293 1683 336 1696 rnrn
353 1678 377 1696 th
399 1684 437 1703 ‘lud
453 1678 473 1697 in

293 1707 384 1728 rubrica.

527 197 590 230 948

483 259 586 293 divina
609 258 816 302 dispositione
838 256 1077 301 praesidemus,
1101 254 1236 297 propius

483 320 589 347 tamen
610 312 820 345 ecclesiarum
843 310 934 342 Urbis
955 319 1034 341 eura
1054 318 1113 340 nos
1136 307 1237 350 tangit

484 379 519 401 ac
540 368 577 398 «te
598 366 660 398 illis
680 364 894 408 potissimum,
917 362 1035 406 quibus
1052 361 1236 394 animarum

485 432 562 455 eura
581 419 737 457 imminet,
754 417 881 449 solliciti
902 426 1032 455 sumuS,
1052 421 1153 458 utque
1183 415 1238 447 illa

484 476 515 507 in
537 474 579 507 eis
600 483 741 515 congrue
762 475 960 510 exerceatur,
983 475 1141 512 quantum
1163 479 1237 502 cum

484 530 547 561 Deo
569 536 752 570 possumus,
774 525 887 558 sedulo
908 524 1125 568 providemus.

529 581 589 623 §l
614 580 717 614 Unde,
735 590 811 619 nos,
843 582 961 611 attente
999 576 1240 610 considerantes

485 636 571 679 quod
604 634 736 667 basilica
757 633 787 666 S.
811 631 939 665 loannis
964 630 1190 664 Latet-ailensis
1210 635 1240 664 et

486 688 642 731 Principis
684 687 913 731 Apostolorum
950 685 989 718 de
1024 685 1129 724 Urbe,
1164 684 1239 717 item

486 744 620 777 Sanctae
648 741 763 774 Mariae
796 740 827 772 in
849 739 903 772 Via
933 740 1020 779 Lata,
1044 744 1075 772 et
1094 738 1239 771 eiusdem

486 797 518 829 S.
549 796 663 828 Mariae
697 793 947 837 Ti‘aiistvberini,
971 798 1002 825 et
1021 792 1053 826 S.
1076 792 1239 826 Laurentii

486 852 518 883 in
539 850 685 889 Damaso,
708 853 739 881 et
771 848 801 881 S.
826 846 932 887 Marci,
958 851 989 879 et
1021 846 1052 879 S.
1075 845 1188 889 Angeli
1207 845 1240 879 in

487 905 568 937 Foro
588 902 740 942 Piscium,
763 911 891 935 necnon
911 900 942 934 S.
961 900 1081 940 Quirici
1102 901 1135 933 in
1155 900 1241 933 Mon-

487 957 584 996 tibus,
607 962 637 989 et
657 956 687 989 S.
701 955 823 988 Nicolai
838 955 870 987 in
882 954 1018 988 Carcere
1036 954 1238 997 collegiatae,

487 1020 613 1043 necnon
634 1010 664 1043 S.
689 1009 783 1042 Blasii
803 1009 885 1042 della
898 1009 1074 1052 Paqnotta,
1095 1013 1125 1041 et
1138 1008 1168 1042 S.
1186 1007 1241 1041 Ca-

487 1064 632 1097 tharinae
664 1064 748 1096 della
779 1064 861 1096 Rota
894 1067 1119 1106 nuncupatae,
1158 1072 1241 1105 quae

489 1118 631 1151 eiusdem
653 1117 804 1150 basilicae
825 1117 984 1160 Principis
1004 1116 1239 1160 apostolorum,

488 1184 524 1205 ac
545 1172 575 1204 S.
599 1171 813 1212 Pantaleonis,
845 1181 928 1214 quae
949 1169 1103 1203 ecelesiae
1123 1169 1155 1203 S.
1177 1169 1242 1203 Eu-

488 1225 601 1258 stachii
618 1224 735 1257 mensis
751 1224 984 1268 capitularibus
998 1228 1157 1268 perpetuo
1173 1223 1243 1256 uni-

489 1285 537 1311 tae
557 1284 651 1318 sunt,
675 1278 876 1322 parochiales
910 1277 1065 1311 ecclesiae
1098 1276 1242 1310 eiusdem

490 1332 581 1365 Urbis
602 1343 713 1365 curam
743 1331 926 1365 animarum
956 1336 987 1364 et
1024 1330 1099 1364 satis
1119 1332 1243 1375 amplas

489 1387 658 1429 parochias
692 1386 810 1419 habent
828 1413 835 1426 ,
872 1386 1025 1430 quodque
1059 1385 1242 1419 animarum

490 1451 566 1473 cura
587 1440 626 1472 ab
651 1440 698 1480 iis,
717 1440 756 1473 ad
776 1451 856 1484 quos
877 1451 913 1473 ea
933 1439 1150 1473 communiter
1169 1450 1242 1483 spe-

490 1500 563 1531 ctat,
587 1505 680 1538 saepe
701 1494 818 1537 negligi
839 1495 931 1527 solet.

534 1549 548 1590 ξ
569 1548 598 1580 2.
623 1548 745 1582 Idcirco
767 1548 949 1592 expediens,
967 1548 1066 1581 imino
1081 1553 1112 1581 et
1130 1558 1242 1582 neces-

490 1602 610 1635 sarium
631 1603 699 1635 sore
720 1603 872 1636 duximus
891 1608 927 1635 ut
947 1602 978 1635 in
1008 1602 1145 1646 singulis
1163 1602 1244 1635 basi-

491 1655 559 1689 licis
579 1661 608 1688 et
629 1656 774 1689 ecelesiis
794 1655 966 1699 praedictis
997 1654 1114 1699 singuli
1134 1654 1242 1688 vicarii

490 1710 649 1754 perpetui,
679 1721 821 1753 congrua
854 1710 1020 1743 fructuum
1041 1715 1072 1743 et
1105 1719 1243 1754 proven-

489 1770 579 1797 tuum
602 1764 759 1807 portione,
787 1775 851 1807 qua
885 1764 1019 1797 honeste
1047 1763 1241 1798 substentari

489 1819 623 1856 valeant,
645 1818 688 1850 eis
709 1817 878 1859 assignata,
894 1823 992 1861 prout
1011 1818 1044 1849 in
1056 1828 1146 1851 sacro
1164 1829 1242 1852 con—

489 1871 561 1905 cilio
596 1871 782 1904 Tridentino
808 1876 838 1903 et
858 1870 935 1904 alias
955 1882 971 1903 a
993 1871 1085 1904 nobis
1105 1883 1163 1916 per
1183 1884 1242 1907 no-

488 1931 568 1958 stras
585 1924 705 1957 litteras
725 1930 877 1958 statutum
895 1929 951 1965 est,
971 1931 1175 1969 ponanturet
1190 1927 1241 1960 de-

488 1984 652 2023 putentur,
669 1979 723 2022 qui
735 1978 917 2011 animarum
931 1990 1042 2012 curam
1053 1979 1240 2014 huiusmodi

489 2044 526 2066 eo
548 2033 732 2075 diligentius
751 2044 787 2066 ac
807 2033 989 2076 vigilantius
1016 2040 1129 2076 gerant
1146 2061 1153 2075 ,
1176 2046 1240 2078 quo

489 2087 589 2128 magis
609 2097 678 2119 eain
696 2086 826 2130 proprie
842 2086 880 2119 ad
901 2097 933 2120 se
954 2087 1115 2130 pertinere
1136 2093 1165 2121 et
1181 2087 1239 2122 sibi

488 2139 675 2173 inrun‘there
692 2140 849 2173 noverint.
873 2139 1085 2184 Quapropter,
1107 2147 1138 2175 et
1157 2142 1240 2176 cius-

489 2194 560 2226 dein
583 2194 710 2227 eoin-ilii
733 2199 762 2226 et
783 2193 900 2227 nostris
913 2194 1099 2228 huiusmodi
1115 2196 1240 2230 statutis

488 2248 702 2287 inhaerentes,
724 2254 812 2280 motu
832 2248 963 2291 proprio
979 2253 1061 2281 etex
1082 2255 1168 2282 certa
1184 2261 1240 2283 no-

489 2306 551 2334 stra
572 2301 705 2334 seientia
730 2312 766 2334 ac
794 2301 832 2334 de
853 2301 1047 2345 apostolicae
1075 2304 1240 2346 potestatis

489 2355 700 2397 plenitudine,
722 2355 753 2387 in
775 2355 908 2398 singulis
924 2366 960 2388 ex
980 2355 1120 2390 basilicis
1141 2364 1171 2390 et
1186 2368 1238 2391 ec-

490 2404 593 2436 0102>th
614 2404 805 2447 supradietis
821 2404 961 2447 singulas
975 2404 1106 2437 vicarias
1122 2417 1238 2450 perpe-

490 2458 559 2484 tuas
580 2464 637 2495 pro
659 2453 792 2495 singulis
818 2453 942 2486 vicariis
976 2454 1150 2497 perpetuis,
1184 2454 1239 2499 qui

490 2511 599 2533 curant
621 2501 802 2534 animarum
822 2501 962 2535 basilicis
982 2507 1012 2535 et
1032 2503 1175 2536 ecclesiis
1191 2515 1239 2537 re-

489 2550 626 2593 spective
648 2551 889 2585 incumbentem
918 2563 1040 2595 gerere,
1061 2564 1097 2587 ac
1131 2565 1238 2588 sacra-

489 2606 594 2632 menta
615 2600 828 2634 ecclesiastiea
850 2601 900 2634 ibiv
914 2602 1105 2645 ministrare,
1126 2605 1239 2638 missas

1080 200 1258 225 BULLARIUM
1283 200 1433 232 ROMANUM

1279 253 1443 287 celebrare
1460 259 1490 287 et
1509 254 1583 295 alia,
1608 256 1691 288 iuxta
1714 255 1877 298 providam
1898 255 2028 288 ordina-

1279 307 1398 340 tionem
1421 318 1479 351 pro
1498 312 1645 351 tempore
1665 308 1826 341 existentis
1841 309 1873 341 in
1889 308 1974 342 Urbe
1989 309 2031 342 vi-

1280 360 1358 393 carii
1379 360 1479 393 nostri
1491 360 1522 393 in
1533 361 1756 404 spiritualibus
1775 362 1945 403 generalis,
1959 363 2029 396 cui-

1280 425 1343 457 que
1364 414 1554 457 assignanda
1570 425 1668 448 onera
1688 415 1795 448 subire
1815 414 1962 455 debeant,
1990 416 2030 449 ad

1280 467 1538 501 nominationem
1558 468 1719 501 dictorum
1741 468 1882 500 filiorum
1899 468 2031 513 capituli

1281 522 1455 556 cuiuslibet
1475 533 1511 555 ex
1527 521 1648 555 eisdem
1668 521 1808 555 basilicis
1827 525 1858 554 et
1876 521 2031 563 ecclesiis,

1282 588 1364 622 quae
1395 575 1574 609 nominatio
1594 575 1633 608 sit
1657 586 1693 608 ex
1712 585 1850 609 numero
1870 575 2032 619 approba-

1281 636 1388 664 torum
1413 631 1453 663 ab
1473 629 1586 663 eodem
1606 629 1737 669 vicario,
1754 628 1881 673 praevio
1901 628 2032 662 illorum

1282 684 1428 718 examine
1462 694 1571 717 coram
1597 683 1869 716 examinatoribus
1888 682 1928 715 ad
1952 681 1984 716 id
2000 682 2032 716 in

1283 740 1351 784 ipsa
1370 738 1454 772 Urbe
1475 737 1647 781 deputatis,
1671 748 1728 781 per
1743 735 1865 770 dictum
1877 735 2032 779 vicarium

1282 803 1339 826 seu
1359 792 1470 825 vicarii
1490 792 1727 835 vicegerentem
1740 789 1957 831 instituendis,
1975 800 2034 834 po-

1282 846 1397 879 nendis
1417 851 1445 879 et
1467 844 1678 890 deputandis,
1700 850 1858 889 perpetuo
1883 843 2036 889 erigimus

1283 907 1314 934 et
1333 900 1570 934 constituimus.

1327 955 1342 998 ᾗ
1363 954 1394 987 3.
1411 954 1620 998 Singulisque
1632 954 1758 987 vicariis
1773 954 1958 990 huiusmodi
1974 957 2037 991 sin-

1284 1008 1374 1051 gulas
1401 1008 1574 1052 portiones,
1594 1008 1752 1041 videlicet:
1770 1008 1802 1042 in
1818 1007 1961 1053 qualibet
1979 1011 2035 1045 ba-

1285 1061 1449 1095 silicarum
1464 1061 1703 1105 praedictarum
1718 1067 1848 1096 centum
1865 1068 1896 1096 et
1908 1063 2034 1106 viginti3

1285 1115 1318 1147 in
1335 1115 1442 1149 Sancti
1458 1116 1552 1149 Blasii
1563 1126 1648 1156 vero,
1660 1115 1863 1160 septuaginta
1876 1127 1884 1157 ;
1896 1116 1929 1149 in
1937 1117 1969 1151 S.
1980 1118 2036 1152 Ca-

1284 1168 1445 1210 tharinae,
1457 1169 1632 1212 sexaginta3
1644 1172 1675 1202 in
1687 1169 1718 1203 S.
1731 1169 1945 1214 pantaleonis,
1959 1170 2036 1205 alio-

1286 1233 1358 1255 rum
1380 1223 1553 1266 sexaginta,
1575 1223 1608 1256 in
1631 1223 1661 1257 S.
1685 1223 1801 1256 Mariae
1825 1223 1858 1256 in
1876 1223 1932 1257 Via
1950 1225 2036 1266 Lata,

1285 1277 1486 1320 octuaginta;
1526 1278 1558 1310 in
1587 1278 1619 1311 S.
1643 1277 1759 1310 Mariae
1788 1277 2036 1322 Transtyberim,

1285 1330 1424 1364 aliorum
1440 1331 1648 1374 octuaginta3
1674 1330 1706 1363 in
1720 1331 1751 1365 S.
1770 1331 1945 1373 Laurentii,
1963 1343 2037 1367 cen-

1285 1389 1373 1425 tum,
1395 1385 1426 1418 in
1448 1385 1480 1419 S.
1504 1385 1627 1428 Angeli,
1647 1385 1833 1428 sexaginta;
1853 1385 1885 1418 in
1905 1386 1937 1420 S.
1959 1386 2036 1428 Qui-

1286 1438 1358 1479 rici,
1390 1439 1639 1483 quinquaginta,
1662 1438 1694 1471 in
1719 1439 1826 1473 Sancti
1846 1439 1969 1474 Nicolai
1989 1451 2038 1476 ec·

1286 1492 1391 1526 clesiis
1422 1493 1607 1537 praedictis,
1630 1493 1778 1527 similiter
1806 1494 2038 1538 quinguaginta

1286 1552 1451 1580 scutorum
1468 1552 1615 1582 monetae
1631 1547 1798 1581 annuatim
1814 1558 1851 1580 ex
1870 1548 2039 1590 fructibus,

1286 1601 1466 1634 redditibus
1495 1606 1526 1634 et
1545 1601 1752 1645 proventibus
1771 1603 1959 1636 earumdem
1979 1603 2038 1637 ba-

1286 1654 1448 1688 silicarum
1470 1660 1500 1688 et
1521 1655 1745 1696 ecclesiarum,
1768 1655 1888 1689 eisdem
1912 1656 2038 1691 vicariis

1286 1719 1344 1753 per
1364 1708 1504 1753 capitula
1530 1708 1736 1743 basilicarum
1764 1715 1795 1742 et
1812 1710 2035 1752 ecclesiarum,

1285 1762 1317 1795 in
1343 1762 1462 1806 quibus
1482 1762 1618 1797 vicariae
1637 1763 1825 1797 huiusmodi
1847 1764 2036 1806 consistunt,

1284 1817 1484 1860 velquarum
1501 1817 1619 1850 mensis
1636 1817 1869 1862 capitularibus
1881 1817 2037 1852 ecclesiae

1285 1870 1371 1914 ipsae
1392 1871 1501 1904 unitae
1522 1876 1606 1912 sunt,
1629 1875 1664 1904 ut
1683 1872 1877 1916 praefertur,
1895 1883 2036 1917 quorum

1284 1924 1502 1969 capitulorum
1527 1924 1566 1957 ad
1601 1925 1679 1958 haec
1711 1935 1880 1969 expressus
1912 1926 2038 1960 accedit

1283 1989 1442 2019 assensus,
1465 1989 1523 2023 pro
1544 1989 1608 2011 una
1632 1979 1664 2012 in
1695 1979 1802 2012 Sancti
1821 1979 1949 2013 Ioannis
1977 1980 2036 2014 Ba-

1283 2032 1406 2076 ptistae,
1423 2037 1453 2066 et
1473 2033 1572 2066 altera
1598 2032 1822 2066 medietatibus
1849 2033 2035 2078 portionum

1283 2086 1470 2120 huiusmodi
1495 2086 1527 2119 in
1547 2086 1674 2120 Domini
1694 2087 1795 2120 nostri
1819 2087 1891 2121 Iesu
1919 2087 2037 2122 Christi

1281 2140 1486 2174 Nativitatum
1507 2141 1729 2175 festivitatibus
1759 2141 1882 2186 integre
1911 2143 2035 2186 persol-

1281 2195 1417 2235 vendas;
1451 2195 1527 2228 item
1562 2195 1669 2229 omnia
1699 2200 1730 2229 et
1762 2190 1888 2239 singula
1908 2196 2035 2230 emolu-

1282 2254 1387 2281 menta
1405 2254 1435 2281 et
1454 2248 1673 2290 obventiones,
1695 2260 1788 2294 quae,
1802 2249 1924 2284 ratione
1943 2260 2034 2284 exer-

1281 2302 1360 2343 citii,
1384 2313 1481 2336 curae
1501 2307 1531 2335 et
1549 2301 1834 2337 administrationis
1853 2314 2035 2338 sacramen-

1281 2360 1387 2389 torum
1422 2355 1608 2389 huiusmodi
1629 2367 1665 2389 ac
1696 2356 1877 2390 officiorum
1902 2357 2032 2391 funera-

1281 2409 1371 2449 lium,
1391 2420 1474 2453 quae
1508 2410 1577 2454 ipsa
1605 2409 1655 2443 die
1676 2410 1873 2444 humationis
1899 2411 2032 2445 cadave-

1281 2469 1353 2492 rum
1386 2459 1648 2499 celebrabuntur,
1678 2470 1741 2492 non
1766 2465 1874 2493 autem
1908 2459 2032 2493 ratione

1280 2507 1584 2549 anniversariorum,
1608 2514 1639 2541 et
1661 2508 1700 2542 ad
1720 2509 1804 2553 ipsas
1831 2508 1982 2542 ecclesias
2002 2514 2032 2542 et

1280 2557 1428 2590 basilicas
1455 2557 1487 2590 in
1523 2563 1688 2602 posterum
1719 2557 1942 2602 pertinebunt,
1973 2568 2033 2602 per

1280 2606 1365 2650 ipsos
1393 2606 1527 2640 vicarios
1560 2607 1691 2651 propria
1719 2606 1908 2642 auctoritate
1924 2606 2030 2651 perci·

2046 201 2096 230 An.
2112 201 2142 229 C.
2160 202 2223 229 {157¹

2059 965 2179 992 Autgntio
2188 971 2233 992 por-

2052 997 2131 1017 tionum
2147 1003 2185 1024 pro
2200 997 2232 1018 vt-

2051 1029 2121 1049 curiis.
