2237 3100
98 245 147 273 An,
165 245 193 273 C.
215 245 281 274 1566

980 245 1046 269 PIUS
1070 245 1088 268 V
1112 245 1159 270 1¹1³.

299 301 379 334 cisas
406 309 593 333 conservare
618 306 644 333 et
681 304 888 333 manutenere
916 299 1048 331 omnino

299 358 467 387 teneantur
486 359 517 386 et.
536 354 683 387 debeant.
703 354 819 397 Sicque
835 363 893 396 per
913 352 1048 385 clericos

297 407 400 440 dictae
417 407 579 449 Gamerae,
603 419 638 441 ac
659 417 882 451 quoscumque
902 405 981 438 alios
1003 407 1048 439 iu-

296 461 384 495 dices
404 467 434 495 et
453 462 702 501 commissarios,
721 461 815 495 etiam
832 460 864 493 S.
879 460 915 493 R.
928 460 962 492 E.
979 471 1049 493 car-

295 515 418 549 dinales
443 520 475 548 et
500 515 581 548 sacri
608 514 717 548 Palatii
740 513 913 558 Apostolici
934 524 1047 546 causa-

296 580 368 602 rum
387 568 562 610 auditores,
575 568 711 602 iudicari
731 579 768 601 ae
786 567 912 601 definiri
934 573 1047 600 etexe-

294 622 350 666 qui
370 622 500 663 debere,
522 622 647 655 sublata
665 621 709 655 eis
729 627 759 655 et,
780 632 893 654 eorum
916 621 1048 654 cuilibet

295 675 387 709 aliter
403 675 565 708 iudicandi
583 681 613 708 et
629 675 860 719 interpretandi
882 675 1044 713 facultate,

294 729 499 763 decernimus
533 729 707 762 summarie
734 734 764 762 et
787 729 907 772 absque
937 727 1046 761 iudicii

294 783 368 816 tela.
383 783 566 816 Mandantes
577 788 748 827 propterea
761 783 880 816 eisdem
892 782 1046 825 Rapllaeli

293 836 444 881 episcopo
465 842 495 869 et
514 837 704 878 eamcmario,
734 848 769 869 ar
792 836 1046 880 praesidentibus

293 896 324 925 et
343 890 470 924 clericis
501 901 560 934 pro
589 896 733 934 tempore
764 889 984 930 existentibus,
1012 894 1043 922 ut

292 945 468 990 praemissa
497 945 605 978 omnia
631 950 662 978 et
681 945 807 988 singula
826 944 866 977 ab
895 943 1046 977 omnibus

292 998 519 1033 inviolabiliter
539 998 699 1031 observari
719 998 848 1039 faciant,
871 1003 901 1031 et
922 1004 1045 1031 contra-

291 1052 443 1087 facientes
469 1053 508 1086 ad
535 1053 664 1086 illorum
698 1053 952 1085 observationem
988 1063 1046 1097 per

290 1107 492 1152 supradictas
506 1117 628 1151 poenas,
646 1107 732 1139 iuxta
748 1107 857 1140 stilum
874 1106 975 1151 ipsius
991 1105 1045 1140 Ca—

290 1172 408 1202 merae,
430 1162 636 1205 compellant.
653 1161 808 1193 Volumus
829 1166 936 1193 autem
959 1162 1045 1204 quod

289 1215 509 1260 praesentium
522 1215 743 1259 transumptis,
760 1226 858 1248 manu
870 1215 967 1247 unius
983 1216 1044 1248 cle-

290 1268 347 1303 rici
364 1274 394 1302 et
411 1268 508 1302 unius
518 1269 634 1301 notarii
648 1268 792 1301 eiusdem
804 1269 956 1302 Gamerae
968 1269 1044 1301 sub-

289 1322 428 1367 scriptis,
441 1322 552 1356 eadem
570 1333 703 1366 prorsus
719 1322 797 1355 tides
812 1321 944 1355 indubia
956 1322 1044 1355 adhi-

288 1377 414 1417 beatur,
437 1386 520 1420 quae
546 1376 766 1420 praesentibus
796 1375 1004 1409 adhiberetur
1019 1376 1044 1409 si

290 1435 395 1465 essent
406 1430 553 1463 exhibitae
564 1431 611 1463 vel
622 1436 778 1463 ostensae.
791 1430 875 1463 Nulli
886 1441 962 1474 ergo
979 1441 1044 1463 om-

289 1484 366 1518 nino
377 1484 546 1517 hominum
558 1484 649 1517 liceat
666 1485 750 1517 hanc
760 1484 909 1528 paginam
927 1490 1044 1517 nosti-[e

290 1538 515 1580 innovationis,
539 1538 814 1581 commonitionis,
834 1539 965 1579 decreti,
983 1544 1044 1572 sta-

288 1592 360 1633 tuti,
382 1592 609 1634 ordinationis,
633 1593 841 1633 onerationis,
865 1593 1040 1637 praecepti,

289 1646 428 1680 mandati
461 1651 491 1680 ct
510 1647 682 1680 voluntatis
711 1647 907 1690 infringere,
940 1648 987 1680 vel
1015 1647 1042 1679 ei

288 1711 370 1734 ausu
396 1700 567 1734 temerario
592 1700 763 1734 contraire.
792 1701 823 1734 Si
844 1702 915 1744 quis
936 1707 1042 1735 autem

287 1755 350 1788 hoc
369 1759 526 1787 attentare
554 1754 824 1799 praesumpserit,
848 1755 1042 1799 indignatio-

285 1818 359 1842 nem
379 1807 611 1852 omnipotentis
634 1808 688 1842 Dei
709 1819 746 1841 ac
766 1808 934 1841 beatorum
959 1809 1042 1842 Petri

286 1867 318 1895 et
344 1861 435 1895 Pauli
454 1863 676 1906 apostolorum
703 1862 771 1896 eius
798 1873 830 1895 se
857 1863 978 1896 noverit
998 1864 1043 1896 in-

287 1926 474 1950 cursurum.

330 1969 445 2003 Datum
466 1970 586 2004 Romae
611 1971 697 2014 apud
724 1971 876 2005 Sanctum
898 1972 1040 2012 Petrum,

287 2035 372 2058 anno
399 2025 632 2059 lucarnationis
657 2025 840 2059 dominicae.
871 2026 1042 2060 millesimo

287 2078 543 2122 quingentesimo
555 2084 678 2119 octavo,
696 2080 823 2113 kalend.
842 2080 1041 2124 septembris,

288 2132 496 2180 pontificatus
519 2133 619 2166 nostri
644 2144 729 2166 anno
755 2144 795 2167 vt.

332 2187 347 2230 ᾗ
367 2187 397 2221 5.
424 2187 487 2221 Nos
503 2187 612 2231 igitur,
640 2187 807 2231 cupientes
828 2188 1042 2233 praeinsertas

87 2244 273 2297 Βυῃέυνξέᾞέζέῗ
287 2240 407 2282 literas,
421 2252 481 2286 pro
496 2241 693 2275 venientium
703 2242 743 2275 ad
758 2243 841 2275 hanc
857 2243 973 2276 almam
986 2243 1043 2277 Ur-

88 2305 144 2328 Pius.

287 2296 373 2337 bem,
388 2306 470 2340 quac
488 2301 585 2340 caput
605 2301 651 2329 est.
670 2296 768 2329 totius
782 2297 882 2337 orbis,
904 2302 935 2330 et
952 2309 1041 2331 rece-

288 2349 432 2383 dentium
448 2350 619 2383 securitate
631 2355 658 2382 et
678 2351 859 2391 commodo,
878 2351 1042 2385 inviolabi-

288 2403 361 2437 liter
381 2404 553 2444 observari,
582 2409 671 2437 motu
698 2405 829 2449 proprio
850 2411 880 2438 et
900 2416 936 2439 ex
957 2412 1042 2440 certa

288 2459 397 2486 nostra
412 2452 545 2486 scientia
561 2464 598 2486 ac
613 2453 652 2486 de
668 2454 862 2497 apostolicae
879 2456 1042 2498 potestatis

288 2502 502 2546 plenitudine,
514 2503 623 2536 literas
638 2503 829 2547 praedictas,
852 2505 1041 2539 auctoritate

287 2552 474 2596 apostolica,
489 2557 599 2585 tenore
616 2553 846 2596 praesentium,
869 2554 1041 2588 confirma-

288 2611 360 2634 mus
380 2606 411 2635 et
431 2602 664 2646 approbamus,
685 2612 722 2634 ac
743 2607 918 2647 perpetuae
939 2603 1040 2636 firmi-

288 2649 360 2684 tatis
379 2650 481 2685 robur
500 2650 683 2692 adiicimus,
701 2657 940 2696 seu,quatenus
960 2663 1041 2697 opus

1737 234 1802 268 463

1091 299 1146 340 sit,
1176 299 1381 339 innovamus,
1402 309 1439 332 ac
1459 298 1636 343 praesentis
1656 298 1765 343 scripti
1788 309 1842 341 pa-

1093 353 1228 386 trocinio
1249 353 1501 393 communimus,
1526 353 1659 396 illasque
1680 352 1844 397 perpetuis

1092 407 1206 439 futuris
1228 407 1428 451 temporibus
1444 406 1669 439 inviolabiliter
1683 406 1844 440 observari

1090 460 1207 493 debere
1228 460 1444 494 decernimus.

1134 515 1148 557 ξ
1169 514 1199 546 c.
1224 514 1257 547 Et
1282 515 1424 559 insuper,
1442 520 1476 548 ut
1496 515 1645 556 barones,
1662 515 1785 549 domini
1801 517 1845 549 lo-

1091 578 1204 600 corum
1231 574 1258 600 et
1286 568 1532 601 communitates
1563 569 1743 612 praedictae
1772 570 1845 603 dili·
1861 562 2047 623 ξζᾟξῗζῗρἐξθ

1090 621 1216 663 gentius
1237 632 1350 655 eorum
1373 623 1533 655 territoria
1549 628 1580 656 et
1602 624 1672 656 loca
1701 624 1844 668 praedic·
1862 631 1967 664 quantum,
1986 627 2046 647 ⁰⁰15-

1090 674 1129 705 tis
1148 674 1328 707 latronibus
1350 681 1526 719 expurgata
1546 683 1763 721 praeservent,
1789 689 1845 712 vo·
1863 660 1977 712 iiiitmm
1993 659 2047 680 abl*

1090 727 1208 767 lumus,
1220 728 1391 761 statuimus
1406 735 1434 762 et
1451 730 1639 764 ordinamus
1654 732 1752 775 quod,
1766 743 1846 775 quo-

1090 782 1291 825 tiescumque
1322 783 1418 816 alicui
1449 794 1505 817 seu
1534 785 1695 828 aliquibus
1723 786 1843 831 aliquid

1089 835 1280 868 derobatum
1303 842 1330 869 et
1359 836 1442 870 furto
1469 838 1667 871 subtractum
1697 840 1845 874 fueritin

1089 890 1279 923 eorumdem
1307 890 1476 924 territoriis
1496 897 1526 925 et
1546 893 1740 935 confinibus,
1763 896 1846 929 ultra

1090 943 1298 977 refectionem
1321 945 1514 978 damnorum
1535 952 1561 979 et
1586 957 1696 980 rerum
1713 949 1847 983 deroba-

1089 1002 1208 1037 tarum,
1232 1003 1267 1030 ut
1288 999 1480 1041 praefertur,
1498 1004 1680 1042 teneantur,
1702 1007 1733 1035 et
1752 1003 1846 1046 quili-

1088 1052 1139 1085 bet
1161 1063 1275 1085 eorum
1297 1063 1351 1085 seu
1374 1063 1486 1086 earum
1511 1055 1780 1090 communitatum
1802 1063 1845 1091 te-

1088 1113 1203 1141 neatur
1221 1107 1260 1140 ad
1272 1108 1470 1141 tantumdem
1485 1109 1626 1142 Camera}
1644 1110 1845 1154 Apostolicie,

1088 1163 1159 1195 loco
1181 1172 1317 1205 poenae,
1342 1168 1402 1195 tam
1425 1174 1442 1195 a
1463 1163 1532 1196 iure
1554 1174 1650 1207 quam
1672 1175 1689 1197 a
1709 1166 1843 1208 quibus-

1088 1227 1229 1260 cumque
1254 1216 1407 1249 Romanis
1426 1216 1635 1251 Pontificibus
1655 1219 1843 1262 praedeees-

1088 1270 1214 1304 soribus
1249 1270 1366 1304 nostris
1405 1271 1649 1314 quomodolibet
1682 1272 1818 1307 inflictas
1834 1301 1841 1315 ‚

1087 1329 1245 1368 quantum
1274 1335 1292 1356 a
1312 1324 1428 1357 dilecto
1454 1324 1519 1358 filio
1552 1330 1662 1359 nostro
1683 1325 1841 1361 Vitellotio

1087 1377 1221 1411 Sanctae
1232 1377 1348 1410 Mariae
1370 1377 1401 1410 in
1417 1377 1561 1411 Via-Lata
1577 1378 1714 1412 diacono
1734 1381 1838 1413 cardi-

1086 1432 1151 1464 nali
1172 1431 1309 1472 Vitellio,
1333 1432 1363 1465 S.
1377 1432 1412 1464 R.
1428 1432 1462 1465 E.
1487 1433 1675 1473 camerario,
1692 1444 1728 1467 ac
1743 1445 1836 1478 prae-

1087 1485 1265 1519 sidentibus
1280 1492 1311 1519 et
1326 1486 1451 1520 clericis
1463 1486 1564 1531 ipsius
1573 1487 1725 1521 Gamerae
1735 1493 1766 1521 et
1776 1500 1841 1523 non

1087 1539 1154 1572 aliis
1171 1539 1254 1583 parti
1269 1540 1442 1573 derobatae
1456 1540 1691 1574 restituendum
1707 1542 1775 1576 fore
1789 1544 1841 1576 de-

1087 1595 1243 1627 claratum
1275 1594 1386 1635 fucrit,
1416 1594 1455 1627 ad
1489 1594 1581 1628 cuius
1615 1595 1841 1631 declarationis

1086 1648 1308 1681 executionem
1330 1648 1446 1690 statim,
1468 1649 1589 1693 absque
1605 1650 1713 1695 aliqua
1728 1653 1840 1696 appel-

1086 1703 1217 1743 latione,
1231 1708 1343 1737 contra
1358 1703 1508 1745 barones,
1529 1704 1676 1737 dominos
1692 1705 1838 1739 locorum

1086 1762 1116 1790 et
1140 1757 1388 1791 communitates
1411 1758 1592 1802 praedictas
1619 1758 1760 1793 deveniri
1784 1761 1839 1794 de-

1085 1812 1161 1845 bere
1187 1812 1390 1845 mandamus.

1129 1867 1144 1909 ἓ
1169 1866 1199 1899 7.
1228 1866 1345 1911 Sicque
1372 1878 1430 1911 per
1459 1868 1609 1901 eumdem
1644 1868 1840 1902 cardinalem
1882 1895 1958 1922 &oque
1977 1902 2038 1923 pm>

1086 1921 1301 1954 camerarium
1322 1928 1359 1955 ac
1381 1931 1606 1965 quoscumque
1624 1922 1703 1956 alios
1719 1922 1841 1956 iudices
1856 1927 1905 1954 ⁰³1²il
1921 1928 2016 1953 iudicare

1085 1980 1113 2008 et
1135 1975 1384 2017 commissarios,
1402 1976 1497 2009 etiam
1514 1976 1546 2009 S.
1561 1976 1596 2009 R.
1609 1976 1643 2009 E.
1663 1976 1841 2010 cardinales

1085 2035 1115 2063 ct
1136 2029 1216 2063 sacri
1236 2030 1346 2063 Palatii
1368 2030 1543 2075 Apostolici
1562 2041 1733 2064 causarum
1750 2031 1839 2064 audi-

1085 2090 1181 2124 tores,
1194 2083 1329 2118 iudieari
1346 2095 1382 2117 ae
1394 2084 1521 2119 definiri
1537 2090 1569 2118 ct
1583 2085 1697 2130 exequi
1708 2085 1838 2126 debere,

1085 2138 1209 2171 sublata
1225 2138 1270 2171 eis
1295 2144 1325 2171 et
1345 2149 1457 2172 eorum
1487 2138 1618 2172 cuilibet
1641 2139 1734 2172 aliter
1753 2138 1838 2172 iudi-

1085 2192 1177 2226 candi
1198 2198 1228 2225 et
1248 2193 1481 2237 interpretandi
1503 2193 1665 2234 facultate,
1688 2193 1836 2227 decerni-

1084 2258 1156 2280 mus
1181 2247 1357 2281 summarie
1378 2253 1409 2281 et
1428 2247 1549 2290 absque
1583 2247 1644 2280 alia
1665 2247 1727 2281 tela
1752 2247 1836 2281 iudi-

1084 2313 1193 2336 Clal'lss.

1128 2362 1142 2405 ἓ
1163 2361 1192 2395 8.
1217 2361 1401 2395 Mandantes
1421 2366 1592 2406 propterea
1614 2360 1718 2394 eidem
1738 2361 1835 2395 Vitel-
1852 2403 1862 2423 ἃ
1893 2371 2033 2424 οῑιιιῐιωηιηη

1867 2409 1907 2430 epu
1919 2410 1930 2424 a
1955 2409 2034 2425 execu-

1083 2419 1160 2453 lotio
1203 2420 1357 2453 cardinali
1384 2419 1561 2453 camerario
1600 2425 1636 2453 ut
1660 2419 1836 2464 praemissa
1853 2441 1926 2460 mrem

1084 2479 1193 2512 onmia
1213 2484 1243 2512 et
1264 2479 1389 2523 singula
1409 2479 1449 2512 ab
1469 2479 1620 2512 omnibus
1644 2478 1835 2512 inviolabili-

1084 2544 1131 2572 ter
1150 2538 1312 2571 observari
1333 2538 1438 2578 faciat,
1460 2543 1491 2571 ct
1510 2537 1777 2572 contrafacientes
1796 2538 1834 2571 ad

1082 2596 1213 2630 illorum
1238 2596 1506 2638 observationem,
1529 2596 1588 2629 sub
1607 2595 1834 2641 poenislprae-

1083 2654 1175 2689 (lictis
1200 2655 1433 2700 quoquomodo
1459 2665 1496 2688 ac
1515 2653 1666 2689 omnibus
1691 2653 1770 2688 iuris
1803 2659 1833 2689 et

1864 245 1911 271 An.
1929 244 1959 271 C.
1979 243 2044 272 ¹⁸65

1914 530 2006 552 Bai-ones
2024 535 2046 552 et.
