2237 3100
259 217 309 245 An.
326 215 355 243 C.
374 215 441 244 ¹568

282 644 392 672 Orplianos
415 650 440 666 0-

258 677 306 696 tiam
333 676 394 696 bouis
409 682 441 697 111·-

257 707 313 728 tibus
338 708 438 732 erudire,

257 744 369 766 curamque
379 739 438 759 semi·

256 770 362 790 uariorum
377 769 439 790 cleri-

256 807 326 822 corum
363 806 438 826 gerere

255 832 438 859 ntudtiit35deoque

255 866 340 884 nonest
354 863 438 883 dubium

255 895 310 921 quod
333 898 437 922 perpetuo

256 925 354 946 duratura
369 927 409 946 cst.

275 1229 352 1253 Verum
366 1235 435 1254 tamen

254 1269 280 1285 ex
308 1265 376 1284 causis
404 1264 437 1284 1110

252 1297 367 1323 expressis,
390 1301 435 1315 eam

252 1328 327 1349 mulius
349 1327 436 1348 stabiliri

254 1362 374 1388 exoptatur.

332 2536 370 2558 llic
385 2536 445 2556 modo

263 2568 358 2590 Pontifex
400 2573 447 2588 nor-

264 2606 319 2622 mam
349 2600 447 2622 emitten-

455 266 558 299 tandis
574 265 735 310 professis,
748 275 812 297 non
822 265 924 297 solum
938 263 1022 296 illius
1040 263 1197 296 sedetiam

454 320 590 353 aliarum
619 319 827 352 ecclesiarum
855 318 996 351 eiusdem
1026 327 1198 361 congrega-

454 373 549 406 tionis
562 372 835 415 0111·01111’,ος1111011
848 375 878 404 et
889 370 1197 404 administrationem

454 426 580 467 habeat,
603 436 728 459 necnon
750 424 910 468 professis,
932 424 988 467 qui
1008 424 1092 458 dicto
1110 436 1199 469 prac-

453 479 556 523 posito
582 479 790 512 reverentiam
811 478 848 511 ed
868 477 1081 511 obedientiam
1106 489 1198 523 prac-

453 537 544 572 stent,
565 531 624 564 sibi
639 532 840 575 delegerunt.

496 585 511 628 ἓ
531 584 562 618 4.
581 585 659 618 Cum
676 590 795 625 autem,
814 584 897 618 sicut
912 585 1023 619 eadem
1045 585 1199 629 expositio

453 637 679 681 subiungebat,
705 639 780 671 licet
806 639 903 672 iidem
924 639 1116 679 sacerdotes,
1138 640 1201 672 cle-

453 691 510 723 rici
531 696 559 724 ct
576 691 649 725 laici
669 692 816 735 religiose
836 693 1010 726 admodum
1029 692 1144 733 vivant,
1163 703 1199 725 00

452 744 638 789 praecipue,
661 746 744 778 inter
764 745 825 778 alia
854 746 980 790 pietatis
1008 757 1118 791 opera,
1147 758 1199 779 or-

452 798 634 842 phanorum
654 799 687 831 in
716 799 885 843 disciplina
902 799 1072 833 christiana
1092 800 1199 833 bonis-

452 862 514 895 que
529 852 651 885 artibus
666 858 696 886 et
710 853 834 894 litteris,
854 854 1031 887 secundum
1045 854 1199 898 cuiusque

452 905 572 948 ingenii
601 912 743 950 captum,
766 907 1031 949 erudiendorum,
1054 918 1090 941 ac
1117 918 1199 941 nou-

450 959 549 993 nullis
568 960 600 993 in
626 960 704 994 locis
732 960 979 995 seminariorum
1007 961 1199 995 clericorum

452 1024 562 1046 curam
584 1024 711 1047 5111111110
727 1025 801 1047 011111
813 1014 916 1048 51111110
932 1020 1056 1058 gerant,
1074 1027 1109 1048 ae
1127 1026 1200 1059 pro-

451 1072 561 1110 pterea
580 1067 715 1101 dubium
736 1079 799 1101 non
816 1068 854 1101 sit
874 1069 953 1111 quin
968 1069 1047 1102 hacc
1065 1080 1199 1113 congre-

452 1121 536 1163 gatio
546 1126 714 1165 ‘perpetuo
735 1122 890 1155 duratura
907 1122 961 1155 sit..

497 1174 511 1218 ξ
528 1174 557 1208 5.
579 1175 889 1219 Niliiloniinus,quia
900 1176 1045 1219 plerique
1057 1176 1198 1217 illorum,

453 1227 493 1261 ob
511 1228 743 1272 professionem
764 1240 828 1262 non
843 1230 1004 1271 emissam,
1018 1230 1200 1263 existimau-

456 1287 502 1315 tes
522 1292 637 1315 senon
664 1294 736 1316 vere
756 1283 931 1326 religiosos,
962 1283 1000 1316 ab
1029 1284 1083 1316 illa
1112 1294 1200 1317 recc-

453 1335 532 1368 dunt
552 1341 582 1368 et
604 1335 643 1368 ad
668 1336 761 1369 aliam
792 1336 990 1380 Religionem
1018 1337 1198 1379 convolant,

453 1389 507 1422 alii
528 1400 704 1433 pauperes,
727 1401 790 1424 non
820 1390 973 1424 habentes
997 1391 1126 1424 titulum
1150 1392 1202 1424 be-

453 1443 559 1476 ncficii
567 1448 595 1477 et
604 1443 846 1488 patrimonium,
856 1450 1055 1488 repugnante
1064 1445 1201 1478 coneilio

453 1496 651 1538 Tridentino,
660 1498 698 1530 ad
708 1498 1022 1542 ordiucspromoveri
1033 1509 1201 1541 nequeun-

455 1556 522 1591 tes,
553 1556 607 1584 aut
641 1551 710 1584 aliis
736 1551 914 1584 rationibus
939 1552 1087 1593 adducti,
1117 1552 1203 1585 aliud

454 1604 576 1637 vivendi
596 1615 697 1648 genus
724 1605 857 1648 cligunt3
879 1606 971 1639 multi
997 1605 1098 1650 ipsius
1125 1617 1202 1639 con-

455 1657 647 1700 gregationis
667 1658 859 1699 sacerdotes,
878 1659 986 1692 clerici
1012 1664 1043 1693 et
1062 1659 1144 1700 laici,
1165 1661 1202 1693 ad

457 1711 580 1744 firmius
595 1711 816 1745 stabiliendam
832 1713 1018 1746 huiusmodi
1033 1724 1205 1757 congrega-

456 1764 587 1805 tionem,
602 1770 632 1798 ct
651 1766 690 1799 ad
706 1765 897 1799 obviandum
918 1766 1006 1800 hisce
1027 1773 1057 1800 et
1072 1767 1143 1800 aliis
1158 1767 1205 1800 in-

456 1819 729 1860 convenientibus,
740 1819 798 1852 tria
813 1824 894 1860 vota,
906 1819 1047 1853 videlicet
1068 1831 1204 1864 pauper-

456 1873 548 1913 tatis,
575 1872 725 1906 castitatis
756 1878 786 1906 01
816 1873 1032 1914 obedientiae,
1060 1874 1205 1907 emittere

457 1936 663 1970 summopere
684 1926 874 1966 desiderant,
887 1926 911 1959 si
931 1927 968 1959 ad
987 1926 1016 1959 id
1028 1933 1137 1960 nostra
1152 1928 1206 1961 Sc-

457 1979 569 2022 disquc
588 1980 788 2023 Apostolicae
805 1980 998 2023 suffragetur
1018 1981 1202 2014 auctoritas

457 2032 560 2071 Quare
585 2033 682 2066 iidem
714 2033 913 2070 sacerdotes,
944 2034 1052 2067 cleriei
1079 2039 1109 2068 et
1135 2035 1206 2069 laici

458 2086 550 2119 nobis
568 2086 735 2120 humiliter
762 2087 936 2130 supplicari
962 2088 1107 2121 fecerunt
1126 2100 1205 2132 qua-

459 2146 551 2173 tenus
570 2140 624 2173 illa
647 2145 718 2173 vota
743 2140 905 2183 praedicta
930 2140 961 2172 in
983 2142 1130 2175 manibus
1149 2142 1206 2175 ali-

459 2194 551 2227 euius
563 2194 695 2236 praelati
707 2194 914 2227 ecclesiastici
927 2194 1090 2227 emittendi
1112 2196 1208 2229 liceu-

460 2247 534 2279 tiaun
555 2247 744 2287 concedere,
767 2252 797 2281 01
817 2248 895 2280 alias
920 2254 1094 2291 perpetuae
1122 2249 1208 2283 illius

459 2301 715 2344 congregationis
735 2301 1002 2344 010111110110111111
1032 2303 1208 2345 111-00111010-

460 2366 532 2387 rum
547 2355 673 2388 utilitati
690 2355 858 2388 consulere
874 2359 1119 2398 opportuneqtm
1136 2368 1209 2400 pro-

459 2404 577 2445 videre,
605 2404 643 2437 de
671 2403 867 2446 benignitate
896 2404 1071 2446 apostolica
1097 2404 1208 2448 digna-

462 2464 582 2485 remur.

505 2503 519 2543 ξ
540 2502 569 2535 [i.
593 2502 654 2535 Nos
666 2502 772 2546 igitur,
788 2503 843 2547 qui
860 2503 919 2546 piis
934 2503 1139 2545 honestisque
1156 2515 1209 2547 pc-

462 2551 597 2584 tentium
624 2553 702 2585 votis
727 2559 851 2596 gratum
883 2553 1022 2586 solemus
1047 2558 1208 2595 praestare

462 2611 638 2641 assensum,
661 2601 821 2635 dictorum
837 2601 1051 2638 sacerdotum,
1073 2601 1207 2635 clerico-

1045 212 1220 236 BULLARIUM
1244 212 1392 236 ROMANUM

1240 369 1357 402 rimum
1378 369 1410 401 in
1430 369 1563 402 Domino
1585 369 1814 411 collaudantes,
1835 370 1984 414 ipsosque
1998 367 2020 389 ⁵·

1240 476 1422 518 nicationis,
1445 476 1663 521 suspensionis
1679 481 1709 510 et
1721 476 1879 510 interdicti
1899 477 1986 511 aliis-

1241 541 1303 574 que
1323 530 1547 565 ecclesiastieis
1571 530 1755 572 sententiis,
1794 530 1938 564 censuris
1957 535 1988 564 et

1241 583 1373 627 poenis,
1403 594 1421 616 a
1449 583 1518 617 iure
1547 584 1595 617 vel
1614 583 1768 625 1101111110,
1799 583 1910 627 quavis
1934 594 1987 617 oc-

1242 637 1369 671 casione
1388 638 1437 671 vel
1458 649 1564 679 causa,
1590 637 1681 679 latis,
1711 637 1737 671 si
1760 637 1877 681 quibus
1906 648 1988 681 quo—

1242 691 1417 724 modolibet
1456 691 1599 725 innodati
1633 691 1794 734 existunt,
1834 691 1873 724 ad
1911 691 2010 724 effe-⁸·

1242 749 1328 777 ctum
1358 744 1576 788 praesentium
1597 745 1760 778 dumtaxat
1791 755 1990 789 consequen-

1242 798 1331 839 dum,
1349 799 1547 832 absolventes
1558 804 1589 832 et
1603 800 1765 833 absolutos
1776 799 1844 833 fore
1855 809 1989 833 censen-

1241 857 1298 892 tes3
1312 863 1437 885 necnon
1449 853 1863 896 przedictarumlitterarum
1875 858 1905 887 et
1916 853 1990 886 inde

1242 910 1425 939 secutorum
1442 917 1726 951 quorumcumque
1750 912 1877 940 tenores
1896 917 1990 950 prae-

1242 959 1389 994 sentibus
1413 971 1471 1004 pro
1501 960 1658 1004 expressis
1684 960 1849 1001 habentes,
1877 960 1991 993 huius-

1242 1013 1330 1046 modi
1347 1014 1638 1057 supplicationibus
1649 1013 1806 1055 inelinati,
1819 1013 1993 1057 praedictis

1242 1067 1474 1108 sacerdotibus,
1496 1067 1623 1101 clericis
1643 1073 1673 1101 et
1696 1067 1882 1109 laicis,vota
1900 1078 1994 1112 prae-

1243 1120 1324 1154 dicta
1340 1122 1484 1155 emittere
1504 1121 1696 1162 volentibus,
1719 1121 1773 1154 illa
1793 1121 1826 1154 in
1845 1121 1994 1154 manibus

1242 1174 1380 1207 alieuius
1400 1175 1534 1218 praelati
1548 1174 1766 1216 ecclesiastici,
1783 1185 1842 1219 per
1862 1185 1995 1219 congre-

1243 1229 1403 1271 gationem
1419 1229 1604 1262 huiusmodi
1617 1229 1655 1262 ad
1672 1229 1703 1262 id
1724 1228 1875 1273 eligendi,
1891 1229 1995 1262 donec

1243 1293 1295 1315 sex
1312 1293 1348 1315 cx
1364 1282 1439 1326 ipsis
1458 1282 1578 1316 fuerint
1597 1282 1744 1326 professi,
1769 1288 1799 1316 et
1818 1282 1877 1315 sibi
1897 1293 1994 1327 prac-

1244 1336 1383 1379 positum
1405 1336 1505 1380 ipsius
1522 1336 1779 1380 congregationis
1794 1336 1992 1380 generalem,

1244 1389 1420 1422 secundum
1454 1389 1583 1423 illorum
1618 1389 1861 1424 constitutiones
1896 1388 2011 1424 factas'

1244 1453 1298 1475 seu
1310 1443 1470 1477 faciendas
1486 1444 1669 1487 eligendum
1682 1443 1992 1485 etconfirmandum,

1244 1495 1407 1538 eligerint3
1429 1502 1459 1530 01
1474 1497 1600 1539 deinde,
1620 1498 1712 1531 dietis
1732 1509 1785 1532 sex
1800 1497 1950 1542 professis
1965 1502 1996 1531 et

1245 1551 1345 1584 electo
1364 1552 1561 1596 praeposito,
1575 1551 1725 1585 omnibus
1734 1557 1765 1586 et
1778 1551 1912 1596 singulis
1925 1551 1996 1584 aliis

1246 1604 1516 1646 christifidelibus,
1538 1605 1633 1639 etiam
1653 1605 1685 1638 in
1709 1604 1995 1650 orphanotrophiis

1246 1658 1388 1691 educatis
1404 1663 1433 1692 et
1443 1658 1588 1699 eruditis,
1606 1659 1723 1692 dictam
1734 1659 1934 1703 Religionem
1949 1657 1995 1691 in-

1245 1712 1335 1754 gredi
1355 1713 1546 1753 volentibus,
1569 1713 1601 1745 in
1623 1713 1724 1757 ipsius
1743 1711 1917 1757 praepositi
1938 1723 1994 1746 seu

1246 1765 1332 1798 illius
1351 1765 1461 1799 vicarii
1481 1766 1630 1799 manibus
1655 1766 1820 1800 emittendi
1841 1771 1872 1799 et
1895 1766 1994 1810 profi—

1247 1819 1343 1860 tendi,
1353 1830 1389 1852 ac
1401 1820 1460 1852 sub
1470 1820 1591 1863 Regula
1602 1820 1632 1854 S.
1644 1820 1825 1864 Augustini,
1838 1820 1870 1853 in
1881 1819 1994 1853 habitu

1247 1879 1353 1906 tamen
1371 1873 1512 1907 clericali
1532 1879 1563 1907 ct
1582 1874 1716 1907 honesto
1729 1885 1766 1908 ac
1784 1874 1865 1908 locis
1879 1873 1913 1907 in
1928 1873 1996 1917 qui-

1247 1927 1306 1959 bus
1319 1927 1453 1960 vixerint
1468 1927 1625 1961 conformi
1646 1928 1838 1968 incedendo,
1855 1926 1994 1967 vivendi;

1247 1992 1372 2014 necnon
1392 1981 1535 2024 praelato
1558 1987 1588 2015 et
1612 1982 1795 2026 praeposito
1809 1980 1995 2024 vicarioque

1249 2035 1419 2079 praedictis
1439 2040 1509 2068 vota
1524 2035 1710 2069 huiusmodi
1722 2035 1754 2068 in
1766 2034 1915 2068 manibus
1926 2034 1996 2067 illo-

1249 2100 1321 2121 rum
1342 2088 1532 2132 recipiendi,
1554 2089 1689 2122 liberam
1713 2088 1896 2122 facultatem
1917 2099 1995 2122 con-

1249 2142 1403 2175 cedimus:
1418 2154 1454 2175 ae
1467 2143 1563 2186 quod,
1575 2142 1839 2187 infratricnniuni
1851 2142 1997 2187 proxime

1250 2197 1406 2237 futurum,
1425 2196 1457 2228 hi
1486 2196 1541 2240 qui
1568 2207 1626 2240 per
1645 2196 1839 2229 decennium
1859 2196 1892 2229 in
1912 2196 1996 2230 dicta

1250 2250 1496 2293 congregatione
1522 2249 1726 2283 laudabiliter
1750 2249 1900 2291 vixerint,
1925 2255 1996 2284 vota

1250 2303 1413 2346 praedicta
1424 2303 1569 2336 emittere
1581 2303 1735 2344 volentes,
1752 2314 1816 2337 non
1832 2309 1997 2348 expectato

1249 2368 1333 2390 anno
1351 2357 1561 2401 probationis,
1576 2357 1714 2390 triennio
1728 2368 1803 2390 vero
1819 2357 1926 2401 elapso
1937 2357 1998 2390 hu-

1250 2405 1402 2447 iusmodi,
1424 2406 1478 2439 alii
1499 2406 1567 2450 ipsa
1582 2412 1652 2440 vota
1674 2406 1818 2440 emittere
1842 2407 1994 2448 volentes,

1250 2455 1377 2488 nonnisi
1413 2456 1520 2499 elapso
1556 2466 1640 2489 anuo
1673 2455 1888 2488 decimosexto
1921 2466 1997 2489 suae

1250 2505 1372 2545 aetatis,
1386 2505 1418 2537 in
1435 2505 1570 2538 eeclesia
1587 2505 1750 2548 praedicta
1765 2509 1820 2538 aut
1835 2504 1924 2545 alibi,
1940 2505 1996 2538 ubi

1251 2553 1452 2587 commodius
1472 2554 1654 2598 praeposito
1675 2565 1732 2587 seu
1750 2553 1868 2587 vicario
1893 2554 1997 2587 visum

1250 2603 1356 2637 suerit.
1376 2609 1446 2636 vota
1457 2603 1635 2647 praedicta,
1652 2603 1694 2635 ita
1709 2607 1744 2636 ut
1763 2613 1828 2637 non
1847 2603 1888 2638 sit
1906 2603 1998 2637 locus

1997 212 2048 238 An.
2063 211 2094 238 c.
2113 209 2180 239 ¹5⁶8
2217 183 2231 203 '¹

1239 274 1310 295 rum
1323 262 1518 295 etlaicorum
1535 262 1619 306 piam
1640 263 1733 296 vitam
1759 263 1983 308 optimumque
1998 271 2183 309 daoproressipnig
2229 261 2231 267 ’

1239 316 1360 349 vivendi
1371 316 1503 348 modum
1515 321 1545 349 01
1555 315 1689 349 instituti
1698 317 1898 360 propositum
1912 317 1981 360 plu·
1998 303 2072 358 {215¹ss
2085 304 2184 363 {¹22³ss

2046 401 2050 406 .
2073 368 2184 404 Augustini
2211 363 2233 386 ⁴-3

1240 426 1398 456 eteorum
1419 423 1561 466 singulos
1580 434 1597 456 a
1616 422 1779 468 quibusvis
1798 435 1985 457 excommu-
1999 400 2172 458 ggpiiffipdnprne
2232 422 2233 429 ¹
