2237 3100
1701 258 1761 292 411

303 328 362 367 Qui
386 328 483 361 verba
508 326 614 360 minus
639 328 773 360 honesta
794 327 825 359 in
847 331 1015 359 contume-
1058 324 1177 363 suerit,
1209 328 1312 367 potest
1341 322 1502 355 calculum
1531 331 1625 353 suum
1656 321 1687 353 111
1714 331 1811 363 quain

61 419 75 437 ι,
100 387 167 414 Suiwr
184 388 246 412 vuni-
260 382 335 415 liam
346 383 481 414 fratrum
499 387 529 413 et
544 381 763 424 superiorum,
776 380 913 413 0111111110
930 380 1016 413 clau-
1059 377 1196 410 voluerit
1215 382 1338 419 partem
1355 376 1517 419 deponere
1533 375 1611 410 (nna
1632 373 1716 406 enim
1739 385 1812 417 pars

70 424 119 439 ¹⁰⁰⁰
135 422 245 438 ‘mmmm‘
1060 436 1130 464 vota
1161 430 1359 470 affirmativa,
1374 430 1473 461 altera
1501 428 1644 469 negativa
1670 427 1812 469 colligit),

61 277 110 306 An.
128 279 155 305 c.
177 278 245 306 ¹565
926 274 994 298 PIUS
1019 273 1049 295 iv
1073 272 1120 295 1¹1¹.

1826 267 1877 294 An.
1894 266 1924 293 C.
1943 266 2011 294 ¹⁸65

62 445 108 464 nam
132 446 150 464 in
169 445 246 465 fratres
260 441 337 476 stro,
361 434 486 475 dixerit,
516 445 574 477 pro
595 434 727 467 arbitrio
749 433 953 477 superiorum
972 435 1016 465 ie-

92 1073 158 1100 5111181-
177 1078 252 1093 eorre-

67 1105 137 1125 ctione
151 1104 245 1125 fratrum.

99 1635 169 1658 Verba.
178 1641 223 1662 cap.
236 1635 255 1655 8,

138 1878 257 1900 accuratio

73 1915 137 1938 super
197 1911 258 1930 modo

72 1942 132 1962 dandi
161 1941 259 1966 sutfragia

71 1974 91 1993 in
109 1972 216 1992 eloctione
230 1971 259 1992 01-

73 2004 169 2024 11011111οω
180 2018 186 2029 ,

62 477 183 500 ⁶¹⁶⁰¹¹¹¹¹¹¹¹¹¹
260 488 358 520 iuniis
378 492 408 520 et
431 498 561 520 carcere
582 492 775 519 maceretur.

306 540 556 582 IncorrigibileS,
587 540 619 572 10
646 539 794 583 capitulis
813 530 1018 581 generalibus

62 600 246 655 ῑῑῦῗιιθρξιζωῃῖἰιὲῑί-
262 598 292 626 et
306 593 560 637 provincialibus
576 591 705 635 publice
722 592 910 634 puniantur.
929 591 1017 630 Quod

63 661 141 687 1111111111,

263 658 287 679 51
308 657 413 689 neque
433 646 495 678 hoc
524 646 620 678 modo
646 646 685 677 ad
712 650 850 677 mentem
877 644 1019 677 revocari

262 704 427 743 poterunt,
460 704 495 731 ut
518 700 600 732 bene
625 700 823 741 honesteque
845 698 947 730 vivere
966 708 1019 730 ve-

261 753 333 793 lint,
361 752 602 795 suspendantur
626 764 644 784 a
668 751 792 791 divinis,
824 757 854 784 et
874 751 1019 783 laicalem

262 806 381 838 ducant
401 805 508 846 vitam,
531 816 569 838 ac
589 805 726 838 serviant
743 804 1020 837 monasteriotan-

262 870 360 903 quam
383 858 468 891 laici.
491 858 528 891 Et
548 858 573 891 si
591 857 864 901 perseveraverint
883 856 1020 889 incorri-

262 911 376 955 gibiles
396 922 480 952 esse,
504 911 669 955 perpetuis
691 910 877 943 carceribus
897 908 1020 942 manci-

264 970 395 1008 pentur.

302 1017 400 1050 Circa
415 1018 595 1051 secundum
605 1043 612 1057 ,
635 1017 786 1049 omnibus
801 1015 1023 1059 superioribus

265 1070 392 1104 Ordinis
421 1070 581 1114 praecipit
603 1070 752 1113 generale
784 1069 961 1112 capitulum
989 1073 1023 1100 ut

266 1125 380 1158 fratres
400 1130 571 1168 peccantes
598 1123 640 1156 ita
669 1134 743 1156 cum
772 1122 893 1155 iustitia
921 1121 1023 1154 corri-

267 1182 357 1221 gant,
378 1183 413 1210 ut
432 1176 675 1210 misericordiae
695 1186 760 1208 non
780 1174 1022 1213 obliviscantur,

267 1236 298 1264 et
323 1236 455 1264 caveant
479 1240 520 1262 ne
540 1234 710 1273 peceatum
731 1227 839 1260 fratris
859 1227 1024 1260 occultum

267 1284 300 1316 111
321 1283 493 1326 propatulo
515 1286 689 1325 exponant,
716 1286 747 1313 et
762 1280 817 1323 qui
833 1280 951 1312 debent.
970 1281 1026 1311 Or-

267 1337 352 1370 dinis
380 1336 526 1369 miserias
558 1341 666 1378 tegere
696 1339 726 1367 ct
755 1334 937 1373 occultare,
973 1344 1026 1365 eas

268 1390 389 1424 saeculi
409 1390 542 1422 auribus
562 1399 627 1421 non
652 1387 820 1421 traducant
840 1393 868 1419 et
891 1386 1025 1419 manife-

268 1449 331 1477 stas
351 1443 478 1477 saciant.

559 1549 632 1583 CAP.
655 1549 731 1583 vill.

275 1627 425 1660 Universi
443 1626 562 1668 fratres
589 1636 692 1658 mmm
709 1625 745 1657 [te
761 1624 918 1666 fratribus
935 1623 1028 1655 istius

315 1681 494 1723 Religyz'onis
516 1683 688 1712 teneantur
706 1688 829 1721 semper
850 1677 964 1709 liuttere
979 1687 1028 1719 ye—

315 1733 461 1766 neralem
480 1733 683 1772 wantsumu,
706 1735 764 1764 ete.

317 1817 409 1851 Circa
429 1822 526 1860 caput
545 1817 629 1850 istud
647 1817 685 1849 de
702 1815 860 1848 electione
881 1814 1028 1858 superio-

275 1881 347 1904 rum
375 1870 503 1904 Ordinis
530 1875 561 1903 et
587 1870 725 1902 aliorum
747 1868 947 1907 officialium,
977 1879 1029 1900 ex-

275 1924 445 1967 plicandus
473 1928 520 1956 est
540 1923 656 1956 modus
677 1934 741 1965 quo
769 1921 843 1964 eligi
873 1922 1028 1959 debeant„

274 1982 310 2009 ut
343 1982 488 2010 servetur
521 1987 625 2009 canon
658 1981 765 2008 sextus
793 1974 1031 2007 reformationis

274 2030 475 2073 regularium
496 2029 597 2062 editae
618 2039 636 2061 a
652 2033 761 2061 sancta
776 2028 961 2060 Tridentina
981 2039 1030 2071 sy-

273 2083 372 2123 nodo,
391 2083 447 2115 ubi
465 2082 593 2115 dicitur:
608 2082 649 2116 In
667 2082 817 2114 eleccione
832 2081 1032 2123 superiorum

275 2146 563 2179 quorumcumque,
595 2140 651 2167 010.
691 2134 891 2178 (explicetur
915 2134 1029 2176 totus).

275 2190 337 2222 Pro
358 2189 545 2223 executione
567 2188 663 2231 igitur
689 2187 866 2231 praesentis
892 2187 1032 2226 canonis,

277 2254 312 2275 ex
339 2243 469 2276 decreto
502 2241 661 2284 generalis
692 2240 825 2284 capituli
854 2240 1033 2273 Florentiae

277 2307 383 2339 nuper
408 2295 508 2328 habiti
534 2299 688 2327 statutum
716 2299 762 2327 est
788 2298 823 2325 ut
847 2293 1035 2326 huiusmodi

279 2348 453 2382 electiones
478 2358 536 2392 per
556 2359 593 2380 ea
618 2352 740 2380 secreta
764 2346 916 2388 suffragia
936 2347 1032 2386 fiant,

279 2412 361 2445 quae
381 2412 440 2435 nos
467 2400 678 2434 balotationes
697 2400 792 2442 vulgo
818 2399 974 2439 11101111115;
1002 2404 1036 2432 ut

278 2455 369 2494 puta,
393 2450 426 2482 in
447 2450 566 2493 quibus
586 2448 629 2481 ita
649 2448 741 2481 facile
758 2447 886 2480 fraudes
902 2458 967 2479 non
983 2448 1035 2480 ad-

280 2499 466 2538 mittuntur,
489 2498 545 2530 ubi
574 2497 776 2540 singulorum
801 2501 947 2528 votorum
970 2496 1035 2528 suf-

280 2547 380 2590 fragia
405 2547 539 2580 calculis
559 2546 653 2579 lineis
677 2550 733 2578 aut
752 2544 852 2577 laneis
877 2544 1036 2587 colligun-

279 2601 344 2636 tur,
366 2597 428 2630 1100
449 2595 571 2629 scilicet
589 2595 697 2627 modo:
721 2598 803 2626 extat
822 2604 874 2625 vas
894 2592 1035 2635 ligneum

283 2645 414 2688 duplex,
436 2645 469 2678 in
489 2644 576 2689 quod
601 2654 677 2676 cum
702 2642 774 2685 quis
794 2652 909 2675 manus
932 2641 1036 2685 impo-

1061 489 1090 516 ct
1111 495 1205 516 nemo
1226 483 1313 516 novit
1336 482 1391 515 ubi
1417 482 1561 514 calculus
1585 480 1749 519 ceciderit,
1773 483 1814 512 ita

1062 543 1095 569 111,
1116 536 1339 579 unusquisque
1360 534 1573 568 conscientiae
1594 545 1670 566 suae
1691 533 1814 566 satissa-

1062 601 1134 622 eere
1159 595 1190 622 et
1211 590 1277 633 ipse
1299 600 1315 621 a
1333 589 1422 620 1111111)
1448 587 1518 629 cogi
1540 586 1649 630 possit.
1674 587 1708 619 In
1730 587 1815 620 elee-

1063 643 1148 675 tione
1178 643 1275 685 igitur
1309 641 1526 684 generalium,
1548 639 1814 683 provincialium,

1062 695 1283 739 procuratoris
1308 695 1339 727 in
1371 695 1471 734 Urbe,
1499 694 1692 733 custodum,
1720 703 1816 735 guar-

1062 749 1234 781 dianorum
1260 754 1291 781 et
1310 748 1456 781 omnium
1478 746 1678 786 officialium,
1701 746 1819 789 quibus

1063 801 1179 844 aliquis
1199 802 1317 844 gradus
1347 799 1633 834 administrationis
1653 800 1699 832 vel
1721 810 1817 842 supe-

1064 854 1217 887 rioritatis
1238 855 1268 886 111
1290 854 1434 887 subditos
1451 865 1487 886 ex
1507 853 1664 886 electione
1680 852 1816 892 aceedit,

1064 907 1118 939 fiat
1148 908 1261 940 electio
1290 919 1348 950 per
1374 907 1586 939 balotationes
1613 910 1643 937 ot
1668 916 1731 938 non
1757 905 1819 937 alio

1065 960 1172 992 modo.
1196 961 1355 1003 Quicquid
1376 971 1468 992 secus
1493 960 1611 991 sactum
1629 958 1725 990 suerit
1746 958 1819 990 irri-

1065 1019 1133 1045 tum
1159 1014 1198 1045 sit
1218 1019 1248 1046 et
1276 1013 1382 1045 inane.
1407 1013 1441 1045 ln
1463 1011 1635 1055 provinciis
1654 1011 1819 1051 Austriae,

1065 1067 1255 1106 Boheniiae,
1276 1065 1471 1105 Romaniae,
1492 1064 1630 1097 Orientis
1655 1069 1685 1096 et
1705 1064 1821 1096 Terrae

1067 1120 1213 1160 Sanctae,
1227 1125 1255 1152 et
1267 1119 1290 1152 si
1308 1130 1390 1162 quae
1402 1124 1476 1151 sunt
1488 1118 1608 1151 similes
1624 1117 1819 1160 provinciae,

1066 1184 1148 1216 qnae
1175 1173 1292 1215 eligere
1323 1183 1397 1205 suos
1418 1171 1630 1215 provinciales
1654 1181 1718 1202 non
1744 1181 1821 1202 eon-

1068 1237 1213 1265 suevere,
1233 1226 1469 1269 designentnra
1488 1223 1629 1267 generali
1651 1234 1708 1266 per
1724 1222 1822 1255 trien-

1068 1279 1394 1322 niumprovinciales,
1417 1278 1472 1322 qui
1493 1283 1599 1310 tamen
1620 1276 1651 1308 in
1668 1276 1824 1319 deputan-

1070 1333 1117 1365 dis
1133 1333 1203 1365 aliis
1223 1332 1430 1365 inferiorilnis
1447 1330 1638 1364 officialibus
1658 1330 1753 1362 modo
1775 1340 1825 1362 su-

1071 1386 1215 1429 pradicto
1238 1391 1380 1418 utantur.
1409 1385 1446 1416 Et
1465 1395 1505 1417 ne
1531 1384 1618 1415 fraus
1639 1383 1671 1414 in
1692 1382 1824 1415 calculis

1070 1439 1204 1479 oriatur,
1237 1440 1364 1472 mandat
1395 1437 1545 1481 generale
1587 1436 1765 1479 capitulum
1791 1440 1826 1467 ut

1070 1493 1293 1536 unusspiisquc
1327 1491 1463 1535 accipiat
1492 1501 1586 1523 suum
1621 1489 1782 1521 calculmn
1809 1499 1826 1520 a

1070 1547 1272 1589 praesidente
1302 1545 1450 1589 capituli,
1473 1554 1537 1587 quo
1558 1547 1689 1585 accepto
1709 1569 1716 1582 ,
1739 1546 1826 1574 recta

1071 1600 1119 1632 via
1139 1600 1177 1632 ad
1199 1611 1249 1632 vas
1268 1598 1472 1632 balotationis
1493 1596 1632 1635 accedat,
1643 1606 1740 1627 manu
1761 1596 1826 1627 ele-

1070 1658 1139 1685 vata
1160 1660 1190 1686 et
1219 1653 1324 1695 digitis
1351 1651 1499 1691 extensis,
1523 1650 1566 1682 ita
1595 1654 1630 1682 ut
1654 1658 1766 1681 omnes
1785 1647 1827 1679 vi-

1072 1707 1166 1739 deant
1187 1706 1272 1749 quod
1295 1705 1411 1738 unicus
1432 1710 1479 1737 est
1494 1703 1694 1745 singulorum
1718 1702 1827 1734 calcu-

1073 1761 1133 1792 lus.
1143 1758 1277 1792 Discreti
1289 1758 1384 1790 etiam
1397 1757 1435 1789 ad
1447 1755 1641 1799 provinciale
1649 1755 1827 1798 capitulum

1073 1807 1261 1852 profecturi,
1287 1806 1340 1839 ubi
1356 1806 1453 1839 fuerit
1464 1815 1620 1838 numerus
1635 1803 1829 1837 conveniens

1072 1859 1220 1896 l'ratrum,
1244 1867 1261 1888 a
1282 1855 1347 1888 suis
1367 1854 1595 1893 conventibus;
1618 1858 1649 1885 et
1669 1852 1727 1896 ipsi
1749 1852 1829 1884 defi·
1865 1850 1872 1855 ⁷

1074 1906 1212 1946 nitores,
1236 1905 1269 1937 111
1289 1904 1441 1947 capitulo,
1465 1914 1481 1935 a
1502 1903 1567 1935 suis
1596 1901 1747 1935 custodiis
1774 1912 1830 1944 per

1074 1955 1284 1988 balotationes
1305 1953 1476 1995 eligantur.
1499 1951 1558 1990 Qui
1584 1951 1770 1984 definitores
1790 1951 1830 1983 ad

1074 2003 1161 2037 aliud
1191 2003 1333 2036 officinm
1363 2012 1427 2034 non
1462 2000 1585 2044 possint
1612 1999 1753 2039 assumi,
1776 1999 1830 2031 sed

1075 2056 1280 2096 perseverent
1308 2051 1340 2082 in
1361 2050 1415 2082 illo
1437 2060 1495 2092 per
1522 2059 1642 2081 annum
1669 2058 1771 2091 usque
1792 2049 1832 2081 ad

1076 2101 1254 2144 capitulum
1276 2098 1485 2142 provinciale,
1511 2102 1541 2129 et
1570 2096 1698 2129 interim
1724 2096 1831 2129 001151-

1076 2150 1119 2182 lio
1145 2155 1175 2182 et
1195 2148 1313 2181 auxilio
1325 2146 1441 2189 singuli
1462 2146 1495 2178 in
1515 2156 1572 2177 sua
1593 2144 1739 2177 custodia
1755 2155 1831 2187 pro-

1075 2198 1219 2238 vineiali⁷
1247 2198 1325 2230 dum
1349 2196 1473 2236 visitat,
1496 2195 1655 2228 assistant.
1682 2194 1772 2232 Quod
1807 2194 1832 2227 si

1078 2247 1272 2291 provinciale
1299 2245 1477 2289 capitulum
1511 2255 1575 2276 non
1602 2242 1829 2283 celebrabitur,

1077 2297 1205 2340 ipsii'net.
1225 2307 1299 2329 cum
1320 2293 1507 2338 provinciali
1522 2292 1655 2326 totidem
1676 2292 1754 2324 alios
1775 2302 1832 2334 pa-

1077 2351 1140 2377 tres
1162 2356 1218 2388 per
1230 2345 1357 2377 easdem
1380 2342 1591 2375 balotationes
1603 2340 1830 2381 deseernent1‚

1077 2394 1132 2437 qui
1145 2394 1204 2426 sub
1224 2392 1355 2426 nomine
1369 2390 1576 2424 definitorum
1588 2389 1741 2422 officiales
1756 2400 1832 2432 pro-

1078 2443 1199 2475 vinciae
1227 2442 1358 2484 eligant,
1381 2446 1409 2473 et
1445 2450 1502 2482 per
1535 2449 1656 2471 annum
1687 2438 1834 2471 similiter

1079 2496 1295 2535 perseverent.
1330 2490 1367 2522 Et
1402 2489 1443 2521 ita
1472 2489 1527 2521 fiat
1560 2487 1693 2531 singulis
1720 2487 1830 2526 annis,

1079 2540 1208 2583 qnando
1229 2539 1406 2583 capitulum
1428 2536 1624 2581 provinciale
1644 2546 1709 2568 non
1733 2535 1832 2567 habc-

1079 2589 1177 2621 bitur.
1201 2588 1337 2621 Caveant
1360 2592 1467 2619 tamen
1485 2586 1598 2618 fratres
1618 2595 1740 2624 omnes,
1761 2582 1832 2626 qui-

1118 2652 1129 2677 1
1152 2653 1306 2683 Secernent,
1323 2649 1438 2677 Cherub.
1460 2649 1498 2683 (11.
1516 2648 1565 2683 Τ.).
