<?xml version="1.0" encoding="UTF-8"?>
<!DOCTYPE html PUBLIC "-//W3C//DTD XHTML 1.0 Transitional//EN"
    "http://www.w3.org/TR/xhtml1/DTD/xhtml1-transitional.dtd">
<html xmlns="http://www.w3.org/1999/xhtml" xml:lang="en" lang="en">
 <head>
  <title>
</title>
<meta http-equiv="Content-Type" content="text/html;charset=utf-8" />
  <meta name='ocr-system' content='tesseract 3.04.00' />
  <meta name='ocr-capabilities' content='ocr_page ocr_carea ocr_par ocr_line ocrx_word'/>
</head>
<body>
  <div class='ocr_page' id='page_1' title='image "./bullarumdiplomat07cath_0918.png"; bbox 0 0 2237 3100; ppageno 0'>
   <div class='ocr_carea' id='block_1_1' title="bbox 243 220 427 252">
    <p class='ocr_par' dir='ltr' id='par_1_1' title="bbox 243 220 427 252">
     <span class='ocr_line' id='line_1_1' title="bbox 243 220 427 252; baseline -0.005 0"><span class='ocrx_word' id='word_1_1' title='bbox 243 224 293 252; x_wconf 72' lang='lat' dir='ltr'>Aa.</span> <span class='ocrx_word' id='word_1_2' title='bbox 310 220 339 251; x_wconf 90' lang='lat' dir='ltr'>C.</span> <span class='ocrx_word' id='word_1_3' title='bbox 359 222 427 251; x_wconf 74' lang='lat'><strong>1570</strong></span> 
     </span>
    </p>
   </div>
   <div class='ocr_carea' id='block_1_2' title="bbox 246 1353 423 1406">
    <p class='ocr_par' dir='ltr' id='par_1_2' title="bbox 246 1353 423 1406">
     <span class='ocr_line' id='line_1_2' title="bbox 266 1353 423 1374; baseline 0.006 -1"><span class='ocrx_word' id='word_1_4' title='bbox 266 1353 364 1374; x_wconf 69' lang='lat' dir='ltr'>clausula</span> <span class='ocrx_word' id='word_1_5' title='bbox 373 1353 423 1374; x_wconf 82' lang='lat' dir='ltr'>sub-</span> 
     </span>
     <span class='ocr_line' id='line_1_3' title="bbox 246 1387 337 1406; baseline 0 0"><span class='ocrx_word' id='word_1_6' title='bbox 246 1387 282 1406; x_wconf 68' lang='lat' dir='ltr'>aa</span> <span class='ocrx_word' id='word_1_7' title='bbox 296 1387 337 1406; x_wconf 68' lang='lat' dir='ltr'>etc.</span> 
     </span>
    </p>
   </div>
   <div class='ocr_carea' id='block_1_3' title="bbox 240 1624 423 1682">
    <p class='ocr_par' dir='ltr' id='par_1_3' title="bbox 240 1624 423 1682">
     <span class='ocr_line' id='line_1_4' title="bbox 266 1624 423 1646; baseline 0.006 -1"><span class='ocrx_word' id='word_1_8' title='bbox 266 1624 368 1645; x_wconf 68' lang='lat' dir='ltr'>Clausulas</span> <span class='ocrx_word' id='word_1_9' title='bbox 383 1625 423 1646; x_wconf 76' lang='lat' dir='ltr'>de-</span> 
     </span>
     <span class='ocr_line' id='line_1_5' title="bbox 240 1657 366 1682; baseline -0.008 -5"><span class='ocrx_word' id='word_1_10' title='bbox 240 1657 366 1682; x_wconf 67' lang='lat' dir='ltr'>togaton-iae.</span> 
     </span>
    </p>
   </div>
   <div class='ocr_carea' id='block_1_4' title="bbox 255 2324 425 2382">
    <p class='ocr_par' dir='ltr' id='par_1_4' title="bbox 255 2324 425 2382">
     <span class='ocr_line' id='line_1_6' title="bbox 281 2324 425 2346; baseline 0.014 -2"><span class='ocrx_word' id='word_1_11' title='bbox 281 2324 425 2346; x_wconf 67' lang='lat' dir='ltr'>‹llausutarum</span> 
     </span>
     <span class='ocr_line' id='line_1_7' title="bbox 255 2357 352 2382; baseline 0.01 -6"><span class='ocrx_word' id='word_1_12' title='bbox 255 2357 352 2382; x_wconf 66' lang='lat' dir='ltr'>epctiuo.</span> 
     </span>
    </p>
   </div>
   <div class='ocr_carea' id='block_1_5' title="bbox 484 214 548 249">
    <p class='ocr_par' dir='ltr' id='par_1_5' title="bbox 484 214 548 249">
     <span class='ocr_line' id='line_1_8' title="bbox 484 214 548 249; baseline 0 0"><span class='ocrx_word' id='word_1_13' title='bbox 484 214 548 249; x_wconf 77' lang='grc'>848</span> 
     </span>
    </p>
   </div>
   <div class='ocr_carea' id='block_1_6' title="bbox 484 276 1188 322">
    <p class='ocr_par' dir='ltr' id='par_1_6' title="bbox 484 276 1188 322">
     <span class='ocr_line' id='line_1_9' title="bbox 484 276 1188 322; baseline -0.003 -11"><span class='ocrx_word' id='word_1_14' title='bbox 484 278 499 322; x_wconf 60' lang='lat'>5</span> <span class='ocrx_word' id='word_1_15' title='bbox 517 277 549 310; x_wconf 74' lang='lat'>4.</span> <span class='ocrx_word' id='word_1_16' title='bbox 571 277 784 311; x_wconf 85' lang='lat' dir='ltr'>Decernentes</span> <span class='ocrx_word' id='word_1_17' title='bbox 803 286 932 320; x_wconf 87' lang='lat' dir='ltr'>quoque</span> <span class='ocrx_word' id='word_1_18' title='bbox 958 276 1138 320; x_wconf 88' lang='lat' dir='ltr'>praedictas</span> <span class='ocrx_word' id='word_1_19' title='bbox 1157 282 1188 309; x_wconf 89' lang='lat' dir='ltr'>et</span> 
     </span>
    </p>
   </div>
   <div class='ocr_carea' id='block_1_7' title="bbox 241 330 1187 386">
    <p class='ocr_par' dir='ltr' id='par_1_7' title="bbox 241 330 1187 386">
     <span class='ocr_line' id='line_1_10' title="bbox 241 330 1187 386; baseline 0.002 -25"><span class='ocrx_word' id='word_1_20' title='bbox 241 333 425 386; x_wconf 53' lang='lat' dir='ltr'>ffssssssfiffssjeffle‘</span> <span class='ocrx_word' id='word_1_21' title='bbox 439 331 577 375; x_wconf 87' lang='lat' dir='ltr'>desuper</span> <span class='ocrx_word' id='word_1_22' title='bbox 586 330 927 365; x_wconf 86' lang='lat' dir='ltr'>conficiendaslitteras</span> <span class='ocrx_word' id='word_1_23' title='bbox 935 330 1025 362; x_wconf 89' lang='lat' dir='ltr'>nullo</span> <span class='ocrx_word' id='word_1_24' title='bbox 1033 340 1187 373; x_wconf 88' lang='lat' dir='ltr'>umquam</span> 
     </span>
    </p>
   </div>
   <div class='ocr_carea' id='block_1_8' title="bbox 436 382 1188 2658">
    <p class='ocr_par' dir='ltr' id='par_1_8' title="bbox 436 382 1188 1284">
     <span class='ocr_line' id='line_1_11' title="bbox 441 382 1188 427; baseline -0.001 -10"><span class='ocrx_word' id='word_1_25' title='bbox 441 389 584 427; x_wconf 87' lang='lat' dir='ltr'>tempore</span> <span class='ocrx_word' id='word_1_26' title='bbox 604 384 642 416; x_wconf 93' lang='lat' dir='ltr'>de</span> <span class='ocrx_word' id='word_1_27' title='bbox 671 382 888 425; x_wconf 69' lang='lat' dir='ltr'>subreptionis</span> <span class='ocrx_word' id='word_1_28' title='bbox 912 383 959 415; x_wconf 73' lang='lat' dir='ltr'>vel</span> <span class='ocrx_word' id='word_1_29' title='bbox 989 383 1188 426; x_wconf 83' lang='lat' dir='ltr'>obreptionis</span> 
     </span>
     <span class='ocr_line' id='line_1_12' title="bbox 438 435 1186 480; baseline -0.001 -10"><span class='ocrx_word' id='word_1_30' title='bbox 438 437 513 470; x_wconf 85' lang='lat' dir='ltr'>vitio</span> <span class='ocrx_word' id='word_1_31' title='bbox 536 448 592 470; x_wconf 88' lang='lat' dir='ltr'>seu</span> <span class='ocrx_word' id='word_1_32' title='bbox 613 435 797 469; x_wconf 87' lang='lat' dir='ltr'>intentionis</span> <span class='ocrx_word' id='word_1_33' title='bbox 816 441 943 469; x_wconf 87' lang='lat' dir='ltr'>nostrae</span> <span class='ocrx_word' id='word_1_34' title='bbox 959 441 1014 469; x_wconf 90' lang='lat' dir='ltr'>aut</span> <span class='ocrx_word' id='word_1_35' title='bbox 1033 436 1186 480; x_wconf 86' lang='lat' dir='ltr'>quopiam</span> 
     </span>
     <span class='ocr_line' id='line_1_13' title="bbox 439 489 1187 533; baseline -0.001 -10"><span class='ocrx_word' id='word_1_36' title='bbox 439 491 501 523; x_wconf 90' lang='lat' dir='ltr'>alio</span> <span class='ocrx_word' id='word_1_37' title='bbox 526 490 653 523; x_wconf 87' lang='lat' dir='ltr'>defectu</span> <span class='ocrx_word' id='word_1_38' title='bbox 686 489 815 530; x_wconf 83' lang='lat' dir='ltr'>notari,</span> <span class='ocrx_word' id='word_1_39' title='bbox 851 489 1047 533; x_wconf 77' lang='lat' dir='ltr'>impugnari,</span> <span class='ocrx_word' id='word_1_40' title='bbox 1075 489 1187 523; x_wconf 85' lang='lat' dir='ltr'>invali-</span> 
     </span>
     <span class='ocr_line' id='line_1_14' title="bbox 439 542 1186 583; baseline 0.001 -8"><span class='ocrx_word' id='word_1_41' title='bbox 439 543 519 583; x_wconf 88' lang='lat' dir='ltr'>dari,</span> <span class='ocrx_word' id='word_1_42' title='bbox 541 543 581 576; x_wconf 86' lang='lat' dir='ltr'>ad</span> <span class='ocrx_word' id='word_1_43' title='bbox 596 543 751 576; x_wconf 84' lang='lat' dir='ltr'>terminos</span> <span class='ocrx_word' id='word_1_44' title='bbox 771 542 850 576; x_wconf 89' lang='lat' dir='ltr'>iuris</span> <span class='ocrx_word' id='word_1_45' title='bbox 865 543 995 583; x_wconf 89' lang='lat' dir='ltr'>deduci,</span> <span class='ocrx_word' id='word_1_46' title='bbox 1018 543 1051 576; x_wconf 92' lang='lat' dir='ltr'>in</span> <span class='ocrx_word' id='word_1_47' title='bbox 1070 543 1120 577; x_wconf 90' lang='lat' dir='ltr'>ius</span> <span class='ocrx_word' id='word_1_48' title='bbox 1139 545 1186 576; x_wconf 72' lang='lat' dir='ltr'>rel</span> 
     </span>
     <span class='ocr_line' id='line_1_15' title="bbox 439 595 1186 641; baseline 0.001 -12"><span class='ocrx_word' id='word_1_49' title='bbox 439 595 686 629; x_wconf 82' lang='lat' dir='ltr'>controversiam</span> <span class='ocrx_word' id='word_1_50' title='bbox 720 596 825 630; x_wconf 79' lang='lat' dir='ltr'>vocari</span> <span class='ocrx_word' id='word_1_51' title='bbox 862 597 1047 630; x_wconf 83' lang='lat' dir='ltr'>nullatenus</span> <span class='ocrx_word' id='word_1_52' title='bbox 1083 607 1186 641; x_wconf 86' lang='lat' dir='ltr'>posse,</span> 
     </span>
     <span class='ocr_line' id='line_1_16' title="bbox 440 646 1185 693; baseline 0.001 -11"><span class='ocrx_word' id='word_1_53' title='bbox 440 649 610 693; x_wconf 86' lang='lat' dir='ltr'>minusque</span> <span class='ocrx_word' id='word_1_54' title='bbox 626 650 685 683; x_wconf 87' lang='lat' dir='ltr'>sub</span> <span class='ocrx_word' id='word_1_55' title='bbox 696 650 873 693; x_wconf 83' lang='lat' dir='ltr'>quibusvis,</span> <span class='ocrx_word' id='word_1_56' title='bbox 885 646 1039 683; x_wconf 78' lang='lat' dir='ltr'>simili&#39;um</span> <span class='ocrx_word' id='word_1_57' title='bbox 1058 651 1105 683; x_wconf 76' lang='lat' dir='ltr'>vel</span> <span class='ocrx_word' id='word_1_58' title='bbox 1127 651 1185 683; x_wconf 85' lang='lat' dir='ltr'>dis-</span> 
     </span>
     <span class='ocr_line' id='line_1_17' title="bbox 438 703 1187 747; baseline 0.003 -12"><span class='ocrx_word' id='word_1_59' title='bbox 438 703 591 736; x_wconf 76' lang='lat' dir='ltr'>similium</span> <span class='ocrx_word' id='word_1_60' title='bbox 623 704 799 747; x_wconf 79' lang='lat' dir='ltr'>gratiarum</span> <span class='ocrx_word' id='word_1_61' title='bbox 825 704 1094 745; x_wconf 74' lang='lat' dir='ltr'>revocationibus,</span> <span class='ocrx_word' id='word_1_62' title='bbox 1117 715 1187 737; x_wconf 86' lang='lat' dir='ltr'>sus-</span> 
     </span>
     <span class='ocr_line' id='line_1_18' title="bbox 438 757 1186 801; baseline 0.001 -11"><span class='ocrx_word' id='word_1_63' title='bbox 438 757 659 801; x_wconf 75' lang='lat' dir='ltr'>pensionibus,</span> <span class='ocrx_word' id='word_1_64' title='bbox 682 757 925 791; x_wconf 83' lang='lat' dir='ltr'>limitationibus</span> <span class='ocrx_word' id='word_1_65' title='bbox 960 764 991 791; x_wconf 87' lang='lat' dir='ltr'>et</span> <span class='ocrx_word' id='word_1_66' title='bbox 1014 758 1084 791; x_wconf 91' lang='lat' dir='ltr'>aliis</span> <span class='ocrx_word' id='word_1_67' title='bbox 1110 769 1186 791; x_wconf 91' lang='lat' dir='ltr'>con-</span> 
     </span>
     <span class='ocr_line' id='line_1_19' title="bbox 438 811 1186 856; baseline 0 -12"><span class='ocrx_word' id='word_1_68' title='bbox 438 811 544 844; x_wconf 85' lang='lat' dir='ltr'>trariis</span> <span class='ocrx_word' id='word_1_69' title='bbox 563 811 826 855; x_wconf 76' lang='lat' dir='ltr'>dispositionibus</span> <span class='ocrx_word' id='word_1_70' title='bbox 856 812 1087 856; x_wconf 78' lang='lat' dir='ltr'>comprehendi</span> <span class='ocrx_word' id='word_1_71' title='bbox 1113 813 1186 845; x_wconf 91' lang='lat' dir='ltr'>nul-</span> 
     </span>
     <span class='ocr_line' id='line_1_20' title="bbox 438 864 1187 909; baseline 0 -12"><span class='ocrx_word' id='word_1_72' title='bbox 438 864 562 898; x_wconf 87' lang='lat' dir='ltr'>latenus</span> <span class='ocrx_word' id='word_1_73' title='bbox 593 876 696 908; x_wconf 84' lang='lat' dir='ltr'>posse,</span> <span class='ocrx_word' id='word_1_74' title='bbox 732 866 787 898; x_wconf 90' lang='lat' dir='ltr'>scd</span> <span class='ocrx_word' id='word_1_75' title='bbox 820 865 860 899; x_wconf 88' lang='lat' dir='ltr'>ab</span> <span class='ocrx_word' id='word_1_76' title='bbox 894 865 956 898; x_wconf 84' lang='lat' dir='ltr'>illis</span> <span class='ocrx_word' id='word_1_77' title='bbox 976 872 1134 909; x_wconf 82' lang='lat' dir='ltr'>exceptas,</span> <span class='ocrx_word' id='word_1_78' title='bbox 1158 870 1187 899; x_wconf 88' lang='lat' dir='ltr'>et</span> 
     </span>
     <span class='ocr_line' id='line_1_21' title="bbox 438 918 1186 962; baseline 0 -11"><span class='ocrx_word' id='word_1_79' title='bbox 438 919 563 961; x_wconf 89' lang='lat' dir='ltr'>quoties</span> <span class='ocrx_word' id='word_1_80' title='bbox 583 918 655 952; x_wconf 89' lang='lat' dir='ltr'>illae</span> <span class='ocrx_word' id='word_1_81' title='bbox 677 920 884 959; x_wconf 83' lang='lat' dir='ltr'>cmanabunt,</span> <span class='ocrx_word' id='word_1_82' title='bbox 906 919 998 952; x_wconf 87' lang='lat' dir='ltr'>toties</span> <span class='ocrx_word' id='word_1_83' title='bbox 1023 919 1055 951; x_wconf 92' lang='lat' dir='ltr'>in</span> <span class='ocrx_word' id='word_1_84' title='bbox 1079 919 1186 962; x_wconf 90' lang='lat' dir='ltr'>pristi-</span> 
     </span>
     <span class='ocr_line' id='line_1_22' title="bbox 437 973 1185 1016; baseline 0.001 -12"><span class='ocrx_word' id='word_1_85' title='bbox 437 982 515 1005; x_wconf 92' lang='lat' dir='ltr'>num</span> <span class='ocrx_word' id='word_1_86' title='bbox 540 978 657 1005; x_wconf 85' lang='lat' dir='ltr'>statum</span> <span class='ocrx_word' id='word_1_87' title='bbox 691 973 864 1013; x_wconf 86' lang='lat' dir='ltr'>restitutas,</span> <span class='ocrx_word' id='word_1_88' title='bbox 892 973 1047 1016; x_wconf 87' lang='lat' dir='ltr'>repositas</span> <span class='ocrx_word' id='word_1_89' title='bbox 1068 978 1097 1005; x_wconf 79' lang='lat' dir='ltr'>ct</span> <span class='ocrx_word' id='word_1_90' title='bbox 1117 973 1185 1016; x_wconf 91' lang='lat' dir='ltr'>ple-</span> 
     </span>
     <span class='ocr_line' id='line_1_23' title="bbox 437 1026 1187 1070; baseline 0 -12"><span class='ocrx_word' id='word_1_91' title='bbox 437 1026 537 1065; x_wconf 88' lang='lat' dir='ltr'>narie,</span> <span class='ocrx_word' id='word_1_92' title='bbox 564 1026 661 1059; x_wconf 89' lang='lat' dir='ltr'>etiam</span> <span class='ocrx_word' id='word_1_93' title='bbox 694 1026 753 1059; x_wconf 88' lang='lat' dir='ltr'>sub</span> <span class='ocrx_word' id='word_1_94' title='bbox 786 1037 991 1070; x_wconf 84' lang='lat' dir='ltr'>quacumque</span> <span class='ocrx_word' id='word_1_95' title='bbox 1024 1026 1096 1059; x_wconf 90' lang='lat' dir='ltr'>data</span> <span class='ocrx_word' id='word_1_96' title='bbox 1130 1037 1187 1069; x_wconf 89' lang='lat' dir='ltr'>per</span> 
     </span>
     <span class='ocr_line' id='line_1_24' title="bbox 437 1079 1185 1122; baseline 0.001 -11"><span class='ocrx_word' id='word_1_97' title='bbox 437 1079 542 1122; x_wconf 90' lang='lat' dir='ltr'>ipsum</span> <span class='ocrx_word' id='word_1_98' title='bbox 558 1080 694 1113; x_wconf 87' lang='lat' dir='ltr'>Montem</span> <span class='ocrx_word' id='word_1_99' title='bbox 711 1079 868 1122; x_wconf 78' lang='lat' dir='ltr'>eligenda,</span> <span class='ocrx_word' id='word_1_100' title='bbox 886 1079 1096 1122; x_wconf 74' lang='lat' dir='ltr'>reintegratas</span> <span class='ocrx_word' id='word_1_101' title='bbox 1107 1090 1185 1119; x_wconf 87' lang='lat' dir='ltr'>esse,</span> 
     </span>
     <span class='ocr_line' id='line_1_25' title="bbox 436 1132 1185 1176; baseline 0 -11"><span class='ocrx_word' id='word_1_102' title='bbox 436 1132 565 1176; x_wconf 88' lang='lat' dir='ltr'>vimque</span> <span class='ocrx_word' id='word_1_103' title='bbox 584 1132 678 1166; x_wconf 90' lang='lat' dir='ltr'>validi</span> <span class='ocrx_word' id='word_1_104' title='bbox 707 1138 738 1166; x_wconf 88' lang='lat' dir='ltr'>ct</span> <span class='ocrx_word' id='word_1_105' title='bbox 770 1133 910 1166; x_wconf 84' lang='lat' dir='ltr'>efficacis</span> <span class='ocrx_word' id='word_1_106' title='bbox 929 1138 1114 1166; x_wconf 88' lang='lat' dir='ltr'>contractus</span> <span class='ocrx_word' id='word_1_107' title='bbox 1136 1133 1185 1166; x_wconf 91' lang='lat' dir='ltr'>in-</span> 
     </span>
     <span class='ocr_line' id='line_1_26' title="bbox 437 1187 1184 1231; baseline 0 -12"><span class='ocrx_word' id='word_1_108' title='bbox 437 1192 485 1219; x_wconf 91' lang='lat' dir='ltr'>ter</span> <span class='ocrx_word' id='word_1_109' title='bbox 509 1197 568 1220; x_wconf 90' lang='lat' dir='ltr'>nos</span> <span class='ocrx_word' id='word_1_110' title='bbox 602 1192 632 1220; x_wconf 86' lang='lat' dir='ltr'>et</span> <span class='ocrx_word' id='word_1_111' title='bbox 665 1187 778 1220; x_wconf 86' lang='lat' dir='ltr'>Sedem</span> <span class='ocrx_word' id='word_1_112' title='bbox 798 1187 1014 1231; x_wconf 75' lang='lat' dir='ltr'>Apostolieam</span> <span class='ocrx_word' id='word_1_113' title='bbox 1040 1198 1076 1220; x_wconf 84' lang='lat' dir='ltr'>ac</span> <span class='ocrx_word' id='word_1_114' title='bbox 1094 1198 1184 1220; x_wconf 87' lang='lat' dir='ltr'>cum-</span> 
     </span>
     <span class='ocr_line' id='line_1_27' title="bbox 436 1240 1182 1284; baseline 0 -11"><span class='ocrx_word' id='word_1_115' title='bbox 436 1240 509 1273; x_wconf 91' lang='lat' dir='ltr'>dem</span> <span class='ocrx_word' id='word_1_116' title='bbox 547 1240 683 1273; x_wconf 88' lang='lat' dir='ltr'>Montem</span> <span class='ocrx_word' id='word_1_117' title='bbox 704 1240 952 1284; x_wconf 77' lang='lat' dir='ltr'>gubernatorem</span> <span class='ocrx_word' id='word_1_118' title='bbox 975 1240 1043 1273; x_wconf 91' lang='lat' dir='ltr'>initi</span> <span class='ocrx_word' id='word_1_119' title='bbox 1063 1240 1182 1274; x_wconf 87' lang='lat' dir='ltr'>sortiri.</span> 
     </span>
    </p>

    <p class='ocr_par' dir='ltr' id='par_1_9' title="bbox 437 1294 1186 1552">
     <span class='ocr_line' id='line_1_28' title="bbox 481 1294 1186 1338; baseline 0.004 -11"><span class='ocrx_word' id='word_1_120' title='bbox 481 1295 547 1337; x_wconf 64' lang='lat'>§5</span> <span class='ocrx_word' id='word_1_121' title='bbox 581 1294 699 1338; x_wconf 84' lang='lat' dir='ltr'>Sicque</span> <span class='ocrx_word' id='word_1_122' title='bbox 728 1295 767 1327; x_wconf 90' lang='lat' dir='ltr'>ab</span> <span class='ocrx_word' id='word_1_123' title='bbox 799 1295 950 1328; x_wconf 86' lang='lat' dir='ltr'>omnibus</span> <span class='ocrx_word' id='word_1_124' title='bbox 984 1296 1119 1336; x_wconf 88' lang='lat' dir='ltr'>censeri,</span> <span class='ocrx_word' id='word_1_125' title='bbox 1155 1302 1186 1330; x_wconf 89' lang='lat' dir='ltr'>et</span> 
     </span>
     <span class='ocr_line' id='line_1_29' title="bbox 437 1347 1185 1391; baseline 0.003 -11"><span class='ocrx_word' id='word_1_126' title='bbox 437 1347 480 1380; x_wconf 92' lang='lat' dir='ltr'>ita</span> <span class='ocrx_word' id='word_1_127' title='bbox 504 1358 561 1390; x_wconf 90' lang='lat' dir='ltr'>per</span> <span class='ocrx_word' id='word_1_128' title='bbox 585 1358 808 1391; x_wconf 85' lang='lat' dir='ltr'>quoscumque</span> <span class='ocrx_word' id='word_1_129' title='bbox 834 1347 955 1380; x_wconf 86' lang='lat' dir='ltr'>iudices</span> <span class='ocrx_word' id='word_1_130' title='bbox 989 1352 1061 1388; x_wconf 67' lang='lat' dir='ltr'>ccc,</span> <span class='ocrx_word' id='word_1_131' title='bbox 1090 1350 1185 1382; x_wconf 85' lang='lat' dir='ltr'>etiam</span> 
     </span>
     <span class='ocr_line' id='line_1_30' title="bbox 437 1400 1182 1445; baseline 0.003 -11"><span class='ocrx_word' id='word_1_132' title='bbox 437 1411 608 1434; x_wconf 86' lang='lat' dir='ltr'>causarum</span> <span class='ocrx_word' id='word_1_133' title='bbox 629 1400 738 1434; x_wconf 88' lang='lat' dir='ltr'>Palatii</span> <span class='ocrx_word' id='word_1_134' title='bbox 758 1401 932 1445; x_wconf 87' lang='lat' dir='ltr'>Apostolici</span> <span class='ocrx_word' id='word_1_135' title='bbox 966 1412 1002 1434; x_wconf 88' lang='lat' dir='ltr'>ac</span> <span class='ocrx_word' id='word_1_136' title='bbox 1029 1402 1060 1435; x_wconf 79' lang='lat' dir='ltr'>S.</span> <span class='ocrx_word' id='word_1_137' title='bbox 1088 1403 1124 1436; x_wconf 87' lang='lat' dir='ltr'>R.</span> <span class='ocrx_word' id='word_1_138' title='bbox 1148 1404 1182 1436; x_wconf 84' lang='lat' dir='ltr'>E.</span> 
     </span>
     <span class='ocr_line' id='line_1_31' title="bbox 437 1455 1183 1498; baseline 0.004 -10"><span class='ocrx_word' id='word_1_139' title='bbox 437 1455 627 1495; x_wconf 76' lang='lat' dir='ltr'>cardinales,</span> <span class='ocrx_word' id='word_1_140' title='bbox 650 1455 774 1488; x_wconf 85' lang='lat' dir='ltr'>sublata</span> <span class='ocrx_word' id='word_1_141' title='bbox 794 1459 866 1496; x_wconf 57' lang='lat' dir='ltr'>ele,</span> <span class='ocrx_word' id='word_1_142' title='bbox 890 1455 1025 1488; x_wconf 86' lang='lat' dir='ltr'>iudicari</span> <span class='ocrx_word' id='word_1_143' title='bbox 1046 1456 1183 1498; x_wconf 87' lang='lat' dir='ltr'>debcre;</span> 
     </span>
     <span class='ocr_line' id='line_1_32' title="bbox 437 1508 1029 1552; baseline 0.002 -11"><span class='ocrx_word' id='word_1_144' title='bbox 437 1508 563 1542; x_wconf 85' lang='lat' dir='ltr'>irritum</span> <span class='ocrx_word' id='word_1_145' title='bbox 584 1519 714 1552; x_wconf 87' lang='lat' dir='ltr'>quoque</span> <span class='ocrx_word' id='word_1_146' title='bbox 734 1513 791 1542; x_wconf 80' lang='lat' dir='ltr'>etc.</span> <span class='ocrx_word' id='word_1_147' title='bbox 814 1508 1029 1543; x_wconf 86' lang='lat' dir='ltr'>decernimus.</span> 
     </span>
    </p>

    <p class='ocr_par' dir='ltr' id='par_1_10' title="bbox 436 1562 1187 2186">
     <span class='ocr_line' id='line_1_33' title="bbox 482 1562 1186 1607; baseline 0.001 -11"><span class='ocrx_word' id='word_1_148' title='bbox 482 1563 496 1605; x_wconf 59' lang='grc' dir='ltr'><strong>ξ</strong></span> <span class='ocrx_word' id='word_1_149' title='bbox 517 1562 547 1596; x_wconf 87' lang='grc'>6.</span> <span class='ocrx_word' id='word_1_150' title='bbox 575 1563 644 1596; x_wconf 87' lang='lat' dir='ltr'>Non</span> <span class='ocrx_word' id='word_1_151' title='bbox 665 1562 865 1595; x_wconf 73' lang='lat' dir='ltr'>obstantibus</span> <span class='ocrx_word' id='word_1_152' title='bbox 881 1562 1045 1606; x_wconf 71' lang='lat' dir='ltr'>quibusvis</span> <span class='ocrx_word' id='word_1_153' title='bbox 1060 1570 1186 1607; x_wconf 85' lang='lat' dir='ltr'>aposto-</span> 
     </span>
     <span class='ocr_line' id='line_1_34' title="bbox 437 1616 1185 1661; baseline 0.003 -12"><span class='ocrx_word' id='word_1_154' title='bbox 437 1616 516 1657; x_wconf 84' lang='lat' dir='ltr'>licis,</span> <span class='ocrx_word' id='word_1_155' title='bbox 542 1627 669 1649; x_wconf 85' lang='lat' dir='ltr'>neenon</span> <span class='ocrx_word' id='word_1_156' title='bbox 702 1616 909 1660; x_wconf 63' lang='lat' dir='ltr'>synodalibus</span> <span class='ocrx_word' id='word_1_157' title='bbox 928 1623 959 1650; x_wconf 91' lang='lat' dir='ltr'>et</span> <span class='ocrx_word' id='word_1_158' title='bbox 979 1618 1185 1661; x_wconf 87' lang='lat' dir='ltr'>provinciali-</span> 
     </span>
     <span class='ocr_line' id='line_1_35' title="bbox 436 1669 1185 1705; baseline 0.001 -2"><span class='ocrx_word' id='word_1_159' title='bbox 436 1670 497 1703; x_wconf 89' lang='lat' dir='ltr'>bus</span> <span class='ocrx_word' id='word_1_160' title='bbox 526 1670 618 1703; x_wconf 85' lang='lat' dir='ltr'>editis</span> <span class='ocrx_word' id='word_1_161' title='bbox 642 1669 925 1703; x_wconf 79' lang='lat' dir='ltr'>constitutionibus</span> <span class='ocrx_word' id='word_1_162' title='bbox 949 1676 979 1703; x_wconf 87' lang='lat' dir='ltr'>et</span> <span class='ocrx_word' id='word_1_163' title='bbox 1008 1671 1185 1705; x_wconf 86' lang='lat' dir='ltr'>ordinatio-</span> 
     </span>
     <span class='ocr_line' id='line_1_36' title="bbox 438 1723 1186 1769; baseline 0.003 -13"><span class='ocrx_word' id='word_1_164' title='bbox 438 1724 545 1764; x_wconf 84' lang='lat' dir='ltr'>nibus;</span> <span class='ocrx_word' id='word_1_165' title='bbox 567 1735 603 1757; x_wconf 89' lang='lat' dir='ltr'>ac</span> <span class='ocrx_word' id='word_1_166' title='bbox 636 1724 772 1766; x_wconf 77' lang='lat' dir='ltr'>legibus,</span> <span class='ocrx_word' id='word_1_167' title='bbox 807 1723 904 1757; x_wconf 88' lang='lat' dir='ltr'>etiam</span> <span class='ocrx_word' id='word_1_168' title='bbox 935 1724 1186 1769; x_wconf 77' lang='lat' dir='ltr'>municipalibus</span> 
     </span>
     <span class='ocr_line' id='line_1_37' title="bbox 437 1777 1187 1823; baseline 0.003 -13"><span class='ocrx_word' id='word_1_169' title='bbox 437 1782 468 1811; x_wconf 86' lang='lat' dir='ltr'>et</span> <span class='ocrx_word' id='word_1_170' title='bbox 487 1777 722 1820; x_wconf 77' lang='lat' dir='ltr'>imperialibus,</span> <span class='ocrx_word' id='word_1_171' title='bbox 745 1777 840 1810; x_wconf 85' lang='lat' dir='ltr'>etiam</span> <span class='ocrx_word' id='word_1_172' title='bbox 876 1778 907 1810; x_wconf 91' lang='lat' dir='ltr'>in</span> <span class='ocrx_word' id='word_1_173' title='bbox 942 1789 1078 1823; x_wconf 90' lang='lat' dir='ltr'>corpore</span> <span class='ocrx_word' id='word_1_174' title='bbox 1107 1779 1187 1812; x_wconf 88' lang='lat' dir='ltr'>iuris</span> 
     </span>
     <span class='ocr_line' id='line_1_38' title="bbox 437 1831 1187 1876; baseline 0.003 -13"><span class='ocrx_word' id='word_1_175' title='bbox 437 1831 571 1871; x_wconf 77' lang='lat' dir='ltr'>clausis3</span> <span class='ocrx_word' id='word_1_176' title='bbox 610 1841 647 1863; x_wconf 87' lang='lat' dir='ltr'>ac</span> <span class='ocrx_word' id='word_1_177' title='bbox 684 1831 787 1864; x_wconf 85' lang='lat' dir='ltr'>dictae</span> <span class='ocrx_word' id='word_1_178' title='bbox 825 1831 919 1864; x_wconf 86' lang='lat' dir='ltr'>Urbis</span> <span class='ocrx_word' id='word_1_179' title='bbox 953 1838 983 1865; x_wconf 88' lang='lat' dir='ltr'>et</span> <span class='ocrx_word' id='word_1_180' title='bbox 1021 1832 1187 1876; x_wconf 85' lang='lat' dir='ltr'>quibusvis</span> 
     </span>
     <span class='ocr_line' id='line_1_39' title="bbox 436 1884 1186 1928; baseline 0.004 -11"><span class='ocrx_word' id='word_1_181' title='bbox 436 1885 518 1926; x_wconf 85' lang='lat' dir='ltr'>aliis,</span> <span class='ocrx_word' id='word_1_182' title='bbox 541 1884 635 1918; x_wconf 86' lang='lat' dir='ltr'>etiam</span> <span class='ocrx_word' id='word_1_183' title='bbox 670 1884 850 1918; x_wconf 87' lang='lat' dir='ltr'>iuramento</span> <span class='ocrx_word' id='word_1_184' title='bbox 870 1890 942 1925; x_wconf 56' lang='lat' dir='ltr'>cte„</span> <span class='ocrx_word' id='word_1_185' title='bbox 965 1886 1083 1928; x_wconf 87' lang='lat' dir='ltr'>quibus</span> <span class='ocrx_word' id='word_1_186' title='bbox 1116 1897 1186 1920; x_wconf 89' lang='lat' dir='ltr'>om-</span> 
     </span>
     <span class='ocr_line' id='line_1_40' title="bbox 436 1938 1186 1979; baseline 0.001 -8"><span class='ocrx_word' id='word_1_187' title='bbox 436 1939 532 1971; x_wconf 86' lang='lat' dir='ltr'>nibns</span> <span class='ocrx_word' id='word_1_188' title='bbox 555 1943 628 1979; x_wconf 61' lang='lat' dir='ltr'>eta,</span> <span class='ocrx_word' id='word_1_189' title='bbox 650 1938 774 1971; x_wconf 86' lang='lat' dir='ltr'>etiamsi</span> <span class='ocrx_word' id='word_1_190' title='bbox 808 1938 847 1971; x_wconf 91' lang='lat' dir='ltr'>de</span> <span class='ocrx_word' id='word_1_191' title='bbox 872 1939 934 1972; x_wconf 88' lang='lat' dir='ltr'>illis</span> <span class='ocrx_word' id='word_1_192' title='bbox 959 1943 1031 1979; x_wconf 58' lang='lat' dir='ltr'>ectu,</span> <span class='ocrx_word' id='word_1_193' title='bbox 1054 1940 1186 1973; x_wconf 87' lang='lat' dir='ltr'>illorum</span> 
     </span>
     <span class='ocr_line' id='line_1_41' title="bbox 437 1991 1186 2032; baseline 0.003 -7"><span class='ocrx_word' id='word_1_194' title='bbox 437 1997 565 2025; x_wconf 89' lang='lat' dir='ltr'>tenores</span> <span class='ocrx_word' id='word_1_195' title='bbox 589 1996 646 2025; x_wconf 79' lang='lat' dir='ltr'>etc.</span> <span class='ocrx_word' id='word_1_196' title='bbox 660 2018 667 2032; x_wconf 92' lang='lat'>,</span> <span class='ocrx_word' id='word_1_197' title='bbox 703 1992 762 2024; x_wconf 87' lang='lat' dir='ltr'>hac</span> <span class='ocrx_word' id='word_1_198' title='bbox 795 1991 863 2025; x_wconf 88' lang='lat' dir='ltr'>vice</span> <span class='ocrx_word' id='word_1_199' title='bbox 901 1992 1056 2026; x_wconf 80' lang='lat' dir='ltr'>latissime</span> <span class='ocrx_word' id='word_1_200' title='bbox 1091 1993 1186 2027; x_wconf 86' lang='lat' dir='ltr'>dero-</span> 
     </span>
     <span class='ocr_line' id='line_1_42' title="bbox 436 2045 1186 2090; baseline 0.001 -12"><span class='ocrx_word' id='word_1_201' title='bbox 436 2056 561 2089; x_wconf 79' lang='lat' dir='ltr'>gamus,</span> <span class='ocrx_word' id='word_1_202' title='bbox 576 2045 755 2089; x_wconf 88' lang='lat' dir='ltr'>ceterisque</span> <span class='ocrx_word' id='word_1_203' title='bbox 778 2046 948 2078; x_wconf 80' lang='lat' dir='ltr'>contrariis</span> <span class='ocrx_word' id='word_1_204' title='bbox 974 2046 1186 2090; x_wconf 82' lang='lat' dir='ltr'>quibuscum-</span> 
     </span>
     <span class='ocr_line' id='line_1_43' title="bbox 437 2098 1187 2144; baseline 0.003 -11"><span class='ocrx_word' id='word_1_205' title='bbox 437 2110 512 2144; x_wconf 87' lang='lat' dir='ltr'>que,</span> <span class='ocrx_word' id='word_1_206' title='bbox 539 2110 613 2133; x_wconf 89' lang='lat' dir='ltr'>cum</span> <span class='ocrx_word' id='word_1_207' title='bbox 645 2098 798 2132; x_wconf 81' lang='lat' dir='ltr'>clausulis</span> <span class='ocrx_word' id='word_1_208' title='bbox 830 2100 1021 2144; x_wconf 83' lang='lat' dir='ltr'>opportunis</span> <span class='ocrx_word' id='word_1_209' title='bbox 1045 2105 1076 2134; x_wconf 89' lang='lat' dir='ltr'>et</span> <span class='ocrx_word' id='word_1_210' title='bbox 1109 2112 1187 2135; x_wconf 89' lang='lat' dir='ltr'>con-</span> 
     </span>
     <span class='ocr_line' id='line_1_44' title="bbox 440 2153 550 2186; baseline 0 0"><span class='ocrx_word' id='word_1_211' title='bbox 440 2153 550 2186; x_wconf 81' lang='lat' dir='ltr'>suetis.</span> 
     </span>
    </p>

    <p class='ocr_par' dir='ltr' id='par_1_11' title="bbox 605 2205 1024 2250">
     <span class='ocr_line' id='line_1_45' title="bbox 605 2205 1024 2250; baseline 0.002 -12"><span class='ocrx_word' id='word_1_212' title='bbox 605 2205 685 2239; x_wconf 88' lang='lat' dir='ltr'>Fiat.</span> <span class='ocrx_word' id='word_1_213' title='bbox 714 2205 799 2239; x_wconf 89' lang='lat' dir='ltr'>Motu</span> <span class='ocrx_word' id='word_1_214' title='bbox 820 2206 966 2250; x_wconf 87' lang='lat' dir='ltr'>proprio,</span> <span class='ocrx_word' id='word_1_215' title='bbox 985 2207 1024 2239; x_wconf 83' lang='lat' dir='ltr'>M.</span> 
     </span>
    </p>

    <p class='ocr_par' dir='ltr' id='par_1_12' title="bbox 440 2258 1188 2658">
     <span class='ocr_line' id='line_1_46' title="bbox 483 2258 1188 2302; baseline 0.003 -11"><span class='ocrx_word' id='word_1_216' title='bbox 483 2259 498 2302; x_wconf 61' lang='lat' dir='ltr'>g</span> <span class='ocrx_word' id='word_1_217' title='bbox 518 2259 549 2292; x_wconf 93' lang='grc'>7.</span> <span class='ocrx_word' id='word_1_218' title='bbox 571 2258 608 2292; x_wconf 90' lang='lat' dir='ltr'>Et</span> <span class='ocrx_word' id='word_1_219' title='bbox 628 2269 702 2292; x_wconf 87' lang='lat' dir='ltr'>cum</span> <span class='ocrx_word' id='word_1_220' title='bbox 720 2259 922 2292; x_wconf 84' lang='lat' dir='ltr'>absolutione</span> <span class='ocrx_word' id='word_1_221' title='bbox 942 2271 959 2292; x_wconf 90' lang='lat' dir='ltr'>a</span> <span class='ocrx_word' id='word_1_222' title='bbox 985 2260 1129 2293; x_wconf 78' lang='lat' dir='ltr'>censuris</span> <span class='ocrx_word' id='word_1_223' title='bbox 1148 2260 1188 2294; x_wconf 88' lang='lat' dir='ltr'>ad</span> 
     </span>
     <span class='ocr_line' id='line_1_47' title="bbox 440 2312 1187 2354; baseline 0.001 -9"><span class='ocrx_word' id='word_1_224' title='bbox 440 2312 590 2345; x_wconf 78' lang='lat' dir='ltr'>effectum</span> <span class='ocrx_word' id='word_1_225' title='bbox 611 2317 683 2352; x_wconf 59' lang='lat' dir='ltr'>etc,</span> <span class='ocrx_word' id='word_1_226' title='bbox 710 2317 740 2345; x_wconf 89' lang='lat' dir='ltr'>ct</span> <span class='ocrx_word' id='word_1_227' title='bbox 759 2312 798 2345; x_wconf 87' lang='lat' dir='ltr'>de</span> <span class='ocrx_word' id='word_1_228' title='bbox 814 2312 1042 2353; x_wconf 72' lang='lat' dir='ltr'>declaratione,</span> <span class='ocrx_word' id='word_1_229' title='bbox 1060 2318 1187 2354; x_wconf 87' lang='lat' dir='ltr'>statuto,</span> 
     </span>
     <span class='ocr_line' id='line_1_48' title="bbox 441 2365 1187 2406; baseline 0.004 -9"><span class='ocrx_word' id='word_1_230' title='bbox 441 2365 603 2406; x_wconf 84' lang='lat' dir='ltr'>mandato,</span> <span class='ocrx_word' id='word_1_231' title='bbox 630 2366 776 2405; x_wconf 86' lang='lat' dir='ltr'>decreto,</span> <span class='ocrx_word' id='word_1_232' title='bbox 816 2365 1026 2405; x_wconf 85' lang='lat' dir='ltr'>reductione,</span> <span class='ocrx_word' id='word_1_233' title='bbox 1059 2372 1187 2400; x_wconf 83' lang='lat' dir='ltr'>attesta-</span> 
     </span>
     <span class='ocr_line' id='line_1_49' title="bbox 441 2413 1188 2459; baseline 0.005 -13"><span class='ocrx_word' id='word_1_234' title='bbox 441 2413 539 2455; x_wconf 87' lang='lat' dir='ltr'>tione,</span> <span class='ocrx_word' id='word_1_235' title='bbox 560 2414 731 2448; x_wconf 87' lang='lat' dir='ltr'>interdicto</span> <span class='ocrx_word' id='word_1_236' title='bbox 751 2420 782 2447; x_wconf 87' lang='lat' dir='ltr'>et</span> <span class='ocrx_word' id='word_1_237' title='bbox 801 2415 872 2448; x_wconf 85' lang='lat' dir='ltr'>aliis</span> <span class='ocrx_word' id='word_1_238' title='bbox 892 2415 1087 2458; x_wconf 81' lang='lat' dir='ltr'>praemissis,</span> <span class='ocrx_word' id='word_1_239' title='bbox 1107 2428 1188 2459; x_wconf 88' lang='lat' dir='ltr'>quae</span> 
     </span>
     <span class='ocr_line' id='line_1_50' title="bbox 441 2463 1187 2508; baseline 0.004 -13"><span class='ocrx_word' id='word_1_240' title='bbox 441 2463 494 2496; x_wconf 87' lang='lat' dir='ltr'>hic</span> <span class='ocrx_word' id='word_1_241' title='bbox 513 2475 570 2507; x_wconf 90' lang='lat' dir='ltr'>pro</span> <span class='ocrx_word' id='word_1_242' title='bbox 591 2465 733 2508; x_wconf 84' lang='lat' dir='ltr'>repetitis</span> <span class='ocrx_word' id='word_1_243' title='bbox 744 2465 941 2505; x_wconf 88' lang='lat' dir='ltr'>habeantur,</span> <span class='ocrx_word' id='word_1_244' title='bbox 964 2470 994 2498; x_wconf 85' lang='lat' dir='ltr'>et</span> <span class='ocrx_word' id='word_1_245' title='bbox 1010 2465 1049 2497; x_wconf 92' lang='lat' dir='ltr'>ad</span> <span class='ocrx_word' id='word_1_246' title='bbox 1066 2472 1187 2508; x_wconf 87' lang='lat' dir='ltr'>partem</span> 
     </span>
     <span class='ocr_line' id='line_1_51' title="bbox 441 2513 1186 2557; baseline 0.003 -12"><span class='ocrx_word' id='word_1_247' title='bbox 441 2513 473 2545; x_wconf 91' lang='lat' dir='ltr'>in</span> <span class='ocrx_word' id='word_1_248' title='bbox 496 2514 600 2547; x_wconf 78' lang='lat' dir='ltr'>forma</span> <span class='ocrx_word' id='word_1_249' title='bbox 623 2515 762 2557; x_wconf 76' lang='lat' dir='ltr'>gratiosa</span> <span class='ocrx_word' id='word_1_250' title='bbox 786 2515 938 2548; x_wconf 86' lang='lat' dir='ltr'>latissime</span> <span class='ocrx_word' id='word_1_251' title='bbox 968 2515 1186 2556; x_wconf 85' lang='lat' dir='ltr'>extendendis;</span> 
     </span>
     <span class='ocr_line' id='line_1_52' title="bbox 441 2563 1187 2607; baseline 0.003 -13"><span class='ocrx_word' id='word_1_252' title='bbox 441 2567 472 2594; x_wconf 89' lang='lat' dir='ltr'>et</span> <span class='ocrx_word' id='word_1_253' title='bbox 490 2573 564 2595; x_wconf 88' lang='lat' dir='ltr'>cum</span> <span class='ocrx_word' id='word_1_254' title='bbox 584 2570 779 2607; x_wconf 89' lang='lat' dir='ltr'>opportuna,</span> <span class='ocrx_word' id='word_1_255' title='bbox 802 2564 828 2597; x_wconf 89' lang='lat' dir='ltr'>si</span> <span class='ocrx_word' id='word_1_256' title='bbox 848 2563 1019 2604; x_wconf 86' lang='lat' dir='ltr'>videbitur,</span> <span class='ocrx_word' id='word_1_257' title='bbox 1042 2564 1187 2597; x_wconf 92' lang='lat' dir='ltr'>iudicum</span> 
     </span>
     <span class='ocr_line' id='line_1_53' title="bbox 440 2613 1185 2658; baseline 0.004 -14"><span class='ocrx_word' id='word_1_258' title='bbox 440 2615 471 2644; x_wconf 88' lang='lat' dir='ltr'>et</span> <span class='ocrx_word' id='word_1_259' title='bbox 490 2617 699 2647; x_wconf 86' lang='lat' dir='ltr'>executorum</span> <span class='ocrx_word' id='word_1_260' title='bbox 718 2613 938 2658; x_wconf 81' lang='lat' dir='ltr'>deputatione,</span> <span class='ocrx_word' id='word_1_261' title='bbox 951 2613 1007 2658; x_wconf 88' lang='lat' dir='ltr'>qui</span> <span class='ocrx_word' id='word_1_262' title='bbox 1027 2613 1185 2655; x_wconf 84' lang='lat' dir='ltr'>assistant,</span> 
     </span>
    </p>
   </div>
   <div class='ocr_carea' id='block_1_9' title="bbox 1022 224 1372 249">
    <p class='ocr_par' dir='ltr' id='par_1_13' title="bbox 1022 224 1372 249">
     <span class='ocr_line' id='line_1_54' title="bbox 1022 224 1372 249; baseline 0.006 -2"><span class='ocrx_word' id='word_1_263' title='bbox 1022 224 1202 249; x_wconf 76' lang='lat' dir='ltr'><strong>BULLARIUM</strong></span> <span class='ocrx_word' id='word_1_264' title='bbox 1220 224 1372 249; x_wconf 78' lang='lat' dir='ltr'><strong>ROMANUM</strong></span> 
     </span>
    </p>
   </div>
   <div class='ocr_carea' id='block_1_10' title="bbox 1980 226 2178 254">
    <p class='ocr_par' dir='ltr' id='par_1_14' title="bbox 1980 226 2178 254">
     <span class='ocr_line' id='line_1_55' title="bbox 1980 226 2178 254; baseline 0.01 -2"><span class='ocrx_word' id='word_1_265' title='bbox 1980 226 2043 253; x_wconf 81' lang='grc' dir='ltr'>-Αη,</span> <span class='ocrx_word' id='word_1_266' title='bbox 2062 226 2090 253; x_wconf 94' lang='lat' dir='ltr'>C.</span> <span class='ocrx_word' id='word_1_267' title='bbox 2110 226 2178 254; x_wconf 69' lang='lat'><strong>¹5⁷0</strong></span> 
     </span>
    </p>
   </div>
   <div class='ocr_carea' id='block_1_11' title="bbox 1228 277 1979 1136">
    <p class='ocr_par' dir='ltr' id='par_1_15' title="bbox 1228 277 1977 526">
     <span class='ocr_line' id='line_1_56' title="bbox 1229 277 1977 321; baseline 0.004 -11"><span class='ocrx_word' id='word_1_268' title='bbox 1229 283 1260 311; x_wconf 87' lang='lat' dir='ltr'>et</span> <span class='ocrx_word' id='word_1_269' title='bbox 1279 277 1455 321; x_wconf 87' lang='lat' dir='ltr'>praemissa</span> <span class='ocrx_word' id='word_1_270' title='bbox 1473 278 1634 311; x_wconf 88' lang='lat' dir='ltr'>observari</span> <span class='ocrx_word' id='word_1_271' title='bbox 1653 279 1772 312; x_wconf 85' lang='lat' dir='ltr'>faciant</span> <span class='ocrx_word' id='word_1_272' title='bbox 1791 280 1849 313; x_wconf 89' lang='lat' dir='ltr'>sub</span> <span class='ocrx_word' id='word_1_273' title='bbox 1865 289 1977 313; x_wconf 88' lang='lat' dir='ltr'>censu-</span> 
     </span>
     <span class='ocr_line' id='line_1_57' title="bbox 1230 330 1976 376; baseline 0.004 -13"><span class='ocrx_word' id='word_1_274' title='bbox 1230 330 1273 363; x_wconf 89' lang='lat' dir='ltr'>ris</span> <span class='ocrx_word' id='word_1_275' title='bbox 1303 335 1373 371; x_wconf 56' lang='grc' dir='ltr'>Βία,</span> <span class='ocrx_word' id='word_1_276' title='bbox 1395 342 1469 364; x_wconf 87' lang='lat' dir='ltr'>cum</span> <span class='ocrx_word' id='word_1_277' title='bbox 1498 336 1651 374; x_wconf 82' lang='lat' dir='ltr'>potestate</span> <span class='ocrx_word' id='word_1_278' title='bbox 1680 332 1798 365; x_wconf 90' lang='lat' dir='ltr'>citandi</span> <span class='ocrx_word' id='word_1_279' title='bbox 1827 337 1899 374; x_wconf 65' lang='lat' dir='ltr'>ele,</span> <span class='ocrx_word' id='word_1_280' title='bbox 1921 344 1976 376; x_wconf 78' lang='lat' dir='ltr'>ag-</span> 
     </span>
     <span class='ocr_line' id='line_1_58' title="bbox 1228 384 1975 427; baseline 0.003 -10"><span class='ocrx_word' id='word_1_281' title='bbox 1228 384 1459 427; x_wconf 59' lang='lat' dir='ltr'>gravandielc„</span> <span class='ocrx_word' id='word_1_282' title='bbox 1471 384 1617 418; x_wconf 82' lang='lat' dir='ltr'>invocato</span> <span class='ocrx_word' id='word_1_283' title='bbox 1639 389 1695 418; x_wconf 81' lang='lat' dir='ltr'>etc.</span> <span class='ocrx_word' id='word_1_284' title='bbox 1712 386 1886 419; x_wconf 88' lang='lat' dir='ltr'>saecularis</span> <span class='ocrx_word' id='word_1_285' title='bbox 1904 391 1975 425; x_wconf 79' lang='lat' dir='ltr'>etc.;</span> 
     </span>
     <span class='ocr_line' id='line_1_59' title="bbox 1229 438 1977 481; baseline 0.001 -10"><span class='ocrx_word' id='word_1_286' title='bbox 1229 444 1260 471; x_wconf 91' lang='lat' dir='ltr'>et</span> <span class='ocrx_word' id='word_1_287' title='bbox 1280 449 1353 471; x_wconf 91' lang='lat' dir='ltr'>cum</span> <span class='ocrx_word' id='word_1_288' title='bbox 1366 438 1574 481; x_wconf 77' lang='lat' dir='ltr'>derogatione</span> <span class='ocrx_word' id='word_1_289' title='bbox 1589 438 1813 472; x_wconf 85' lang='lat' dir='ltr'>Bonifacianae</span> <span class='ocrx_word' id='word_1_290' title='bbox 1824 439 1977 473; x_wconf 84' lang='lat' dir='ltr'>latissime</span> 
     </span>
     <span class='ocr_line' id='line_1_60' title="bbox 1229 492 1447 526; baseline 0.009 -2"><span class='ocrx_word' id='word_1_291' title='bbox 1229 492 1447 526; x_wconf 79' lang='lat' dir='ltr'>extendendis.</span> 
     </span>
    </p>

    <p class='ocr_par' dir='ltr' id='par_1_16' title="bbox 1228 546 1979 859">
     <span class='ocr_line' id='line_1_61' title="bbox 1273 546 1976 591; baseline 0.001 -12"><span class='ocrx_word' id='word_1_292' title='bbox 1273 546 1287 589; x_wconf 62' lang='lat' dir='ltr'>g</span> <span class='ocrx_word' id='word_1_293' title='bbox 1307 546 1337 580; x_wconf 84' lang='lat'>8.</span> <span class='ocrx_word' id='word_1_294' title='bbox 1361 547 1398 579; x_wconf 81' lang='lat' dir='ltr'>Et</span> <span class='ocrx_word' id='word_1_295' title='bbox 1416 547 1503 590; x_wconf 88' lang='lat' dir='ltr'>quod</span> <span class='ocrx_word' id='word_1_296' title='bbox 1528 546 1684 591; x_wconf 86' lang='lat' dir='ltr'>praedicti</span> <span class='ocrx_word' id='word_1_297' title='bbox 1719 552 1826 580; x_wconf 87' lang='lat' dir='ltr'>motus</span> <span class='ocrx_word' id='word_1_298' title='bbox 1854 547 1976 591; x_wconf 87' lang='lat' dir='ltr'>proprii</span> 
     </span>
     <span class='ocr_line' id='line_1_62' title="bbox 1229 599 1977 644; baseline 0.003 -12"><span class='ocrx_word' id='word_1_299' title='bbox 1229 600 1296 632; x_wconf 88' lang='lat' dir='ltr'>sola</span> <span class='ocrx_word' id='word_1_300' title='bbox 1315 600 1480 643; x_wconf 76' lang='lat' dir='ltr'>signatura</span> <span class='ocrx_word' id='word_1_301' title='bbox 1504 600 1654 641; x_wconf 79' lang='lat' dir='ltr'>sufficiat,</span> <span class='ocrx_word' id='word_1_302' title='bbox 1681 605 1712 633; x_wconf 84' lang='lat' dir='ltr'>et</span> <span class='ocrx_word' id='word_1_303' title='bbox 1737 599 1856 644; x_wconf 83' lang='lat' dir='ltr'>ubique</span> <span class='ocrx_word' id='word_1_304' title='bbox 1881 600 1977 634; x_wconf 86' lang='lat' dir='ltr'>fidem</span> 
     </span>
     <span class='ocr_line' id='line_1_63' title="bbox 1229 654 1978 699; baseline 0.001 -13"><span class='ocrx_word' id='word_1_305' title='bbox 1229 654 1334 695; x_wconf 86' lang='lat' dir='ltr'>saciat,</span> <span class='ocrx_word' id='word_1_306' title='bbox 1366 654 1398 686; x_wconf 91' lang='lat' dir='ltr'>in</span> <span class='ocrx_word' id='word_1_307' title='bbox 1432 654 1553 688; x_wconf 91' lang='lat' dir='ltr'>iudicio</span> <span class='ocrx_word' id='word_1_308' title='bbox 1578 660 1608 688; x_wconf 90' lang='lat' dir='ltr'>et</span> <span class='ocrx_word' id='word_1_309' title='bbox 1636 660 1735 695; x_wconf 82' lang='lat' dir='ltr'>extra,</span> <span class='ocrx_word' id='word_1_310' title='bbox 1762 655 1874 698; x_wconf 82' lang='lat' dir='ltr'>regula</span> <span class='ocrx_word' id='word_1_311' title='bbox 1898 665 1978 699; x_wconf 89' lang='lat' dir='ltr'>qua-</span> 
     </span>
     <span class='ocr_line' id='line_1_64' title="bbox 1229 708 1977 751; baseline -0.001 -10"><span class='ocrx_word' id='word_1_312' title='bbox 1229 718 1370 751; x_wconf 88' lang='lat' dir='ltr'>cumque</span> <span class='ocrx_word' id='word_1_313' title='bbox 1408 708 1570 741; x_wconf 82' lang='lat' dir='ltr'>contraria</span> <span class='ocrx_word' id='word_1_314' title='bbox 1593 719 1657 742; x_wconf 92' lang='lat' dir='ltr'>non</span> <span class='ocrx_word' id='word_1_315' title='bbox 1678 708 1835 749; x_wconf 87' lang='lat' dir='ltr'>obstante,</span> <span class='ocrx_word' id='word_1_316' title='bbox 1857 719 1926 749; x_wconf 87' lang='lat' dir='ltr'>seu,</span> <span class='ocrx_word' id='word_1_317' title='bbox 1953 708 1977 742; x_wconf 87' lang='lat' dir='ltr'>si</span> 
     </span>
     <span class='ocr_line' id='line_1_65' title="bbox 1228 760 1979 806; baseline 0.004 -14"><span class='ocrx_word' id='word_1_318' title='bbox 1228 760 1398 802; x_wconf 78' lang='lat' dir='ltr'>videbitur,</span> <span class='ocrx_word' id='word_1_319' title='bbox 1413 761 1527 794; x_wconf 57' lang='lat' dir='ltr'>litteras</span> <span class='ocrx_word' id='word_1_320' title='bbox 1542 761 1761 806; x_wconf 89' lang='lat' dir='ltr'>desupercum</span> <span class='ocrx_word' id='word_1_321' title='bbox 1774 761 1887 795; x_wconf 85' lang='lat' dir='ltr'>maiori</span> <span class='ocrx_word' id='word_1_322' title='bbox 1899 772 1979 805; x_wconf 85' lang='lat' dir='ltr'>prae-</span> 
     </span>
     <span class='ocr_line' id='line_1_66' title="bbox 1229 814 1958 859; baseline 0.001 -13"><span class='ocrx_word' id='word_1_323' title='bbox 1229 814 1400 847; x_wconf 90' lang='lat' dir='ltr'>missorum</span> <span class='ocrx_word' id='word_1_324' title='bbox 1423 814 1627 859; x_wconf 88' lang='lat' dir='ltr'>expressione</span> <span class='ocrx_word' id='word_1_325' title='bbox 1655 814 1799 859; x_wconf 87' lang='lat' dir='ltr'>expediri</span> <span class='ocrx_word' id='word_1_326' title='bbox 1823 814 1958 858; x_wconf 89' lang='lat' dir='ltr'>possint.</span> 
     </span>
    </p>

    <p class='ocr_par' dir='ltr' id='par_1_17' title="bbox 1532 877 1672 910">
     <span class='ocr_line' id='line_1_67' title="bbox 1532 877 1672 910; baseline 0.007 -1"><span class='ocrx_word' id='word_1_327' title='bbox 1532 877 1609 910; x_wconf 86' lang='lat' dir='ltr'>Fiat.</span> <span class='ocrx_word' id='word_1_328' title='bbox 1633 877 1672 910; x_wconf 88' lang='lat' dir='ltr'>M.</span> 
     </span>
    </p>

    <p class='ocr_par' dir='ltr' id='par_1_18' title="bbox 1228 930 1978 1082">
     <span class='ocr_line' id='line_1_68' title="bbox 1271 930 1978 974; baseline 0 -11"><span class='ocrx_word' id='word_1_329' title='bbox 1271 930 1384 963; x_wconf 86' lang='lat' dir='ltr'>Datum</span> <span class='ocrx_word' id='word_1_330' title='bbox 1410 930 1529 963; x_wconf 85' lang='lat' dir='ltr'>Romae</span> <span class='ocrx_word' id='word_1_331' title='bbox 1558 930 1643 974; x_wconf 89' lang='lat' dir='ltr'>apud</span> <span class='ocrx_word' id='word_1_332' title='bbox 1664 931 1694 964; x_wconf 88' lang='lat' dir='ltr'>S.</span> <span class='ocrx_word' id='word_1_333' title='bbox 1718 930 1864 970; x_wconf 87' lang='lat' dir='ltr'>Petrum,</span> <span class='ocrx_word' id='word_1_334' title='bbox 1894 940 1978 963; x_wconf 88' lang='lat' dir='ltr'>anno</span> 
     </span>
     <span class='ocr_line' id='line_1_69' title="bbox 1228 983 1977 1027; baseline -0.001 -11"><span class='ocrx_word' id='word_1_335' title='bbox 1228 983 1461 1017; x_wconf 87' lang='lat' dir='ltr'>Incarnationis</span> <span class='ocrx_word' id='word_1_336' title='bbox 1486 983 1668 1017; x_wconf 83' lang='lat' dir='ltr'>dominicae</span> <span class='ocrx_word' id='word_1_337' title='bbox 1700 993 1807 1016; x_wconf 82' lang='lat' dir='ltr'>MDLxx</span> <span class='ocrx_word' id='word_1_338' title='bbox 1825 1010 1832 1024; x_wconf 91' lang='lat'>,</span> <span class='ocrx_word' id='word_1_339' title='bbox 1862 983 1977 1027; x_wconf 82' lang='lat' dir='ltr'>quinto</span> 
     </span>
     <span class='ocr_line' id='line_1_70' title="bbox 1228 1037 1974 1082; baseline 0 -12"><span class='ocrx_word' id='word_1_340' title='bbox 1228 1038 1299 1070; x_wconf 92' lang='lat' dir='ltr'>idus</span> <span class='ocrx_word' id='word_1_341' title='bbox 1318 1038 1457 1080; x_wconf 76' lang='lat' dir='ltr'>augusti,</span> <span class='ocrx_word' id='word_1_342' title='bbox 1480 1038 1687 1082; x_wconf 86' lang='lat' dir='ltr'>pontificatus</span> <span class='ocrx_word' id='word_1_343' title='bbox 1711 1037 1812 1070; x_wconf 89' lang='lat' dir='ltr'>nostri</span> <span class='ocrx_word' id='word_1_344' title='bbox 1840 1048 1924 1070; x_wconf 91' lang='lat' dir='ltr'>anno</span> <span class='ocrx_word' id='word_1_345' title='bbox 1945 1047 1974 1070; x_wconf 89' lang='lat' dir='ltr'>v.</span> 
     </span>
    </p>

    <p class='ocr_par' dir='ltr' id='par_1_19' title="bbox 1272 1096 1926 1136">
     <span class='ocr_line' id='line_1_71' title="bbox 1272 1096 1926 1136; baseline -0.002 -10"><span class='ocrx_word' id='word_1_346' title='bbox 1272 1096 1335 1127; x_wconf 79' lang='lat' dir='ltr'>Dat.</span> <span class='ocrx_word' id='word_1_347' title='bbox 1356 1096 1402 1126; x_wconf 88' lang='lat' dir='ltr'>die</span> <span class='ocrx_word' id='word_1_348' title='bbox 1418 1096 1435 1126; x_wconf 79' lang='lat'>9</span> <span class='ocrx_word' id='word_1_349' title='bbox 1451 1097 1569 1135; x_wconf 76' lang='lat' dir='ltr'>augusti</span> <span class='ocrx_word' id='word_1_350' title='bbox 1585 1096 1672 1134; x_wconf 75' lang='lat'>1570,</span> <span class='ocrx_word' id='word_1_351' title='bbox 1690 1096 1792 1136; x_wconf 83' lang='lat' dir='ltr'>pontif.</span> <span class='ocrx_word' id='word_1_352' title='bbox 1808 1106 1884 1126; x_wconf 85' lang='lat' dir='ltr'>anno</span> <span class='ocrx_word' id='word_1_353' title='bbox 1900 1104 1926 1126; x_wconf 95' lang='lat' dir='ltr'>v.</span> 
     </span>
    </p>
   </div>
   <div class='ocr_carea' id='block_1_12' title="bbox 1994 557 2176 609">
    <p class='ocr_par' dir='ltr' id='par_1_20' title="bbox 1994 557 2176 609">
     <span class='ocr_line' id='line_1_72' title="bbox 2006 557 2176 583; baseline 0.012 -6"><span class='ocrx_word' id='word_1_354' title='bbox 2006 557 2053 578; x_wconf 67' lang='lat' dir='ltr'>Sola</span> <span class='ocrx_word' id='word_1_355' title='bbox 2070 558 2176 583; x_wconf 67' lang='lat' dir='ltr'>signatura</span> 
     </span>
     <span class='ocr_line' id='line_1_73' title="bbox 1994 587 2077 609; baseline -0.012 0"><span class='ocrx_word' id='word_1_356' title='bbox 1994 587 2077 609; x_wconf 74' lang='lat' dir='ltr'>sumen.</span> 
     </span>
    </p>
   </div>
   <div class='ocr_carea' id='block_1_13' title="bbox 1535 1172 1621 1176">
    <p class='ocr_par' dir='ltr' id='par_1_21' title="bbox 1535 1172 1621 1176">
     <span class='ocr_line' id='line_1_74' title="bbox 1535 1172 1621 1176; baseline 0 0"><span class='ocrx_word' id='word_1_357' title='bbox 1535 1172 1621 1176; x_wconf 95' lang='lat' dir='ltr'> </span> 
     </span>
    </p>
   </div>
   <div class='ocr_carea' id='block_1_14' title="bbox 1535 1255 1648 1289">
    <p class='ocr_par' dir='ltr' id='par_1_22' title="bbox 1535 1255 1648 1289">
     <span class='ocr_line' id='line_1_75' title="bbox 1535 1255 1648 1289; baseline -0.009 0"><span class='ocrx_word' id='word_1_358' title='bbox 1535 1255 1648 1289; x_wconf 81' lang='lat' dir='ltr'>CLXX.</span> 
     </span>
    </p>
   </div>
   <div class='ocr_carea' id='block_1_15' title="bbox 1227 1331 1977 1538">
    <p class='ocr_par' dir='ltr' id='par_1_23' title="bbox 1227 1331 1977 1538">
     <span class='ocr_line' id='line_1_76' title="bbox 1227 1331 1977 1375; baseline 0.001 -10"><span class='ocrx_word' id='word_1_359' title='bbox 1227 1332 1413 1365; x_wconf 69' lang='lat' dir='ltr'>Prolziltz&#39;tio</span> <span class='ocrx_word' id='word_1_360' title='bbox 1432 1343 1453 1364; x_wconf 78' lang='grc' dir='ltr'><em>α</em></span> <span class='ocrx_word' id='word_1_361' title='bbox 1472 1332 1533 1364; x_wconf 75' lang='lat' dir='ltr'>Pio</span> <span class='ocrx_word' id='word_1_362' title='bbox 1570 1331 1623 1364; x_wconf 94' lang='lat' dir='ltr'>IV</span> <span class='ocrx_word' id='word_1_363' title='bbox 1650 1332 1737 1365; x_wconf 77' lang='lat' dir='ltr'>edita</span> <span class='ocrx_word' id='word_1_364' title='bbox 1761 1336 1875 1365; x_wconf 74' lang='lat' dir='ltr'>contra</span> <span class='ocrx_word' id='word_1_365' title='bbox 1906 1332 1977 1375; x_wconf 77' lang='lat' dir='ltr'>fru-</span> 
     </span>
     <span class='ocr_line' id='line_1_77' title="bbox 1271 1386 1977 1420; baseline 0.003 -2"><span class='ocrx_word' id='word_1_366' title='bbox 1271 1390 1382 1419; x_wconf 67' lang='lat' dir='ltr'>menta</span> <span class='ocrx_word' id='word_1_367' title='bbox 1416 1387 1453 1419; x_wconf 74' lang='lat' dir='ltr'>(le</span> <span class='ocrx_word' id='word_1_368' title='bbox 1486 1386 1583 1419; x_wconf 76' lang='lat' dir='ltr'>Statu</span> <span class='ocrx_word' id='word_1_369' title='bbox 1615 1386 1839 1420; x_wconf 71' lang='lat' dir='ltr'>Ecclesiastico</span> <span class='ocrx_word' id='word_1_370' title='bbox 1866 1390 1977 1420; x_wconf 75' lang='lat' dir='ltr'>extra-</span> 
     </span>
     <span class='ocr_line' id='line_1_78' title="bbox 1272 1439 1977 1484; baseline 0.003 -12"><span class='ocrx_word' id='word_1_371' title='bbox 1272 1440 1382 1472; x_wconf 63' lang='lat' dir='ltr'>nentes</span> <span class='ocrx_word' id='word_1_372' title='bbox 1401 1441 1588 1473; x_wconf 50' lang='lat' dir='ltr'>earlendilm·</span> <span class='ocrx_word' id='word_1_373' title='bbox 1608 1440 1650 1473; x_wconf 78' lang='lat' dir='ltr'>ad</span> <span class='ocrx_word' id='word_1_374' title='bbox 1664 1439 1870 1473; x_wconf 73' lang='lat' dir='ltr'>eoelralzenles</span> <span class='ocrx_word' id='word_1_375' title='bbox 1880 1440 1977 1484; x_wconf 85' lang='lat' dir='ltr'>quod—</span> 
     </span>
     <span class='ocr_line' id='line_1_79' title="bbox 1271 1494 1695 1538; baseline 0.002 -13"><span class='ocrx_word' id='word_1_376' title='bbox 1271 1504 1403 1538; x_wconf 76' lang='lat' dir='ltr'>cumque</span> <span class='ocrx_word' id='word_1_377' title='bbox 1421 1505 1520 1538; x_wconf 60' lang='lat' dir='ltr'>glenus</span> <span class='ocrx_word' id='word_1_378' title='bbox 1539 1494 1695 1538; x_wconf 72' lang='lat' dir='ltr'>qrasez&#39;ae.</span> 
     </span>
    </p>
   </div>
   <div class='ocr_carea' id='block_1_16' title="bbox 1335 1575 1866 1612">
    <p class='ocr_par' dir='ltr' id='par_1_24' title="bbox 1335 1575 1866 1612">
     <span class='ocr_line' id='line_1_80' title="bbox 1335 1575 1866 1612; baseline 0.002 -9"><span class='ocrx_word' id='word_1_379' title='bbox 1335 1576 1396 1604; x_wconf 83' lang='lat' dir='ltr'>Pius</span> <span class='ocrx_word' id='word_1_380' title='bbox 1413 1576 1484 1611; x_wconf 81' lang='lat' dir='ltr'>Papa</span> <span class='ocrx_word' id='word_1_381' title='bbox 1502 1575 1540 1608; x_wconf 80' lang='lat' dir='ltr'>V,</span> <span class='ocrx_word' id='word_1_382' title='bbox 1560 1577 1637 1604; x_wconf 81' lang='lat' dir='ltr'>motu</span> <span class='ocrx_word' id='word_1_383' title='bbox 1659 1575 1785 1612; x_wconf 81' lang='lat' dir='ltr'>proprio,</span> <span class='ocrx_word' id='word_1_384' title='bbox 1811 1576 1866 1605; x_wconf 82' lang='lat' dir='ltr'>etc.</span> 
     </span>
    </p>
   </div>
   <div class='ocr_carea' id='block_1_17' title="bbox 1272 1642 2166 1691">
    <p class='ocr_par' dir='ltr' id='par_1_25' title="bbox 1272 1642 2166 1691">
     <span class='ocr_line' id='line_1_81' title="bbox 1272 1642 2166 1691; baseline 0.003 -11"><span class='ocrx_word' id='word_1_385' title='bbox 1272 1647 1405 1680; x_wconf 83' lang='lat' dir='ltr'>Romani</span> <span class='ocrx_word' id='word_1_386' title='bbox 1430 1647 1594 1681; x_wconf 87' lang='lat' dir='ltr'>Pontificis</span> <span class='ocrx_word' id='word_1_387' title='bbox 1614 1647 1814 1691; x_wconf 88' lang='lat' dir='ltr'>providentia</span> <span class='ocrx_word' id='word_1_388' title='bbox 1839 1647 1978 1681; x_wconf 90' lang='lat' dir='ltr'>circum·</span> <span class='ocrx_word' id='word_1_389' title='bbox 2046 1642 2166 1683; x_wconf 19' lang='lat' dir='ltr'>*Exordium</span> 
     </span>
    </p>
   </div>
   <div class='ocr_carea' id='block_1_18' title="bbox 1226 1700 2176 2548">
    <p class='ocr_par' dir='ltr' id='par_1_26' title="bbox 1228 1700 1979 2014">
     <span class='ocr_line' id='line_1_82' title="bbox 1228 1700 1978 1745; baseline 0.003 -12"><span class='ocrx_word' id='word_1_390' title='bbox 1228 1706 1336 1744; x_wconf 83' lang='lat' dir='ltr'>specta</span> <span class='ocrx_word' id='word_1_391' title='bbox 1356 1700 1783 1744; x_wconf 84' lang='lat' dir='ltr'>praedeeessorumsuorum</span> <span class='ocrx_word' id='word_1_392' title='bbox 1800 1706 1978 1745; x_wconf 80' lang='lat' dir='ltr'>gesta,quae</span> 
     </span>
     <span class='ocr_line' id='line_1_83' title="bbox 1229 1754 1977 1798; baseline 0 -11"><span class='ocrx_word' id='word_1_393' title='bbox 1229 1755 1403 1798; x_wconf 84' lang='lat' dir='ltr'>praecipue</span> <span class='ocrx_word' id='word_1_394' title='bbox 1423 1765 1481 1798; x_wconf 92' lang='lat' dir='ltr'>pro</span> <span class='ocrx_word' id='word_1_395' title='bbox 1502 1764 1629 1787; x_wconf 87' lang='lat' dir='ltr'>annona</span> <span class='ocrx_word' id='word_1_396' title='bbox 1642 1759 1672 1787; x_wconf 89' lang='lat' dir='ltr'>et</span> <span class='ocrx_word' id='word_1_397' title='bbox 1688 1754 1726 1787; x_wconf 90' lang='lat' dir='ltr'>ad</span> <span class='ocrx_word' id='word_1_398' title='bbox 1741 1765 1836 1787; x_wconf 90' lang='lat' dir='ltr'>usum</span> <span class='ocrx_word' id='word_1_399' title='bbox 1853 1754 1977 1788; x_wconf 88' lang='lat' dir='ltr'>vivendi</span> 
     </span>
     <span class='ocr_line' id='line_1_84' title="bbox 1228 1807 1979 1853; baseline 0.001 -12"><span class='ocrx_word' id='word_1_400' title='bbox 1228 1808 1408 1842; x_wconf 86' lang='lat' dir='ltr'>necessaria</span> <span class='ocrx_word' id='word_1_401' title='bbox 1432 1807 1608 1849; x_wconf 80' lang='lat' dir='ltr'>factasunt,</span> <span class='ocrx_word' id='word_1_402' title='bbox 1632 1807 1771 1851; x_wconf 88' lang='lat' dir='ltr'>pensatis</span> <span class='ocrx_word' id='word_1_403' title='bbox 1786 1809 1979 1853; x_wconf 89' lang='lat' dir='ltr'>opportunis</span> 
     </span>
     <span class='ocr_line' id='line_1_85' title="bbox 1229 1861 1977 1907; baseline 0 -11"><span class='ocrx_word' id='word_1_404' title='bbox 1229 1862 1454 1896; x_wconf 88' lang='lat' dir='ltr'>occasionibus</span> <span class='ocrx_word' id='word_1_405' title='bbox 1470 1862 1650 1903; x_wconf 85' lang='lat' dir='ltr'>confirmat,</span> <span class='ocrx_word' id='word_1_406' title='bbox 1666 1861 1796 1895; x_wconf 86' lang='lat' dir='ltr'>innovat</span> <span class='ocrx_word' id='word_1_407' title='bbox 1814 1867 1977 1907; x_wconf 86' lang='lat' dir='ltr'>atqueex-</span> 
     </span>
     <span class='ocr_line' id='line_1_86' title="bbox 1229 1915 1977 1960; baseline 0.001 -11"><span class='ocrx_word' id='word_1_408' title='bbox 1229 1916 1340 1955; x_wconf 89' lang='lat' dir='ltr'>tendit,</span> <span class='ocrx_word' id='word_1_409' title='bbox 1368 1921 1465 1960; x_wconf 88' lang='lat' dir='ltr'>prout</span> <span class='ocrx_word' id='word_1_410' title='bbox 1484 1915 1641 1960; x_wconf 88' lang='lat' dir='ltr'>conspicit</span> <span class='ocrx_word' id='word_1_411' title='bbox 1674 1915 1706 1948; x_wconf 91' lang='lat' dir='ltr'>in</span> <span class='ocrx_word' id='word_1_412' title='bbox 1730 1915 1866 1950; x_wconf 91' lang='lat' dir='ltr'>Domino</span> <span class='ocrx_word' id='word_1_413' title='bbox 1891 1916 1977 1951; x_wconf 86' lang='lat' dir='ltr'>salu-</span> 
     </span>
     <span class='ocr_line' id='line_1_87' title="bbox 1228 1969 1509 2014; baseline 0 -11"><span class='ocrx_word' id='word_1_414' title='bbox 1228 1971 1329 2004; x_wconf 89' lang='lat' dir='ltr'>briter</span> <span class='ocrx_word' id='word_1_415' title='bbox 1349 1969 1509 2014; x_wconf 80' lang='lat' dir='ltr'>expedire.</span> 
     </span>
    </p>

    <p class='ocr_par' dir='ltr' id='par_1_27' title="bbox 1226 2022 2176 2326">
     <span class='ocr_line' id='line_1_88' title="bbox 1273 2022 2176 2068; baseline -0.001 -11"><span class='ocrx_word' id='word_1_416' title='bbox 1273 2025 1287 2068; x_wconf 67' lang='grc' dir='ltr'><strong>ξ</strong></span> <span class='ocrx_word' id='word_1_417' title='bbox 1307 2025 1339 2057; x_wconf 72' lang='lat' dir='ltr'>t.</span> <span class='ocrx_word' id='word_1_418' title='bbox 1361 2024 1489 2057; x_wconf 88' lang='lat' dir='ltr'>Dudum</span> <span class='ocrx_word' id='word_1_419' title='bbox 1524 2023 1683 2066; x_wconf 86' lang='lat' dir='ltr'>siquidem</span> <span class='ocrx_word' id='word_1_420' title='bbox 1708 2022 1847 2057; x_wconf 73' lang='lat' dir='ltr'>a‘selicis</span> <span class='ocrx_word' id='word_1_421' title='bbox 1866 2034 1977 2057; x_wconf 83' lang='lat' dir='ltr'>recor·</span> <span class='ocrx_word' id='word_1_422' title='bbox 2017 2035 2066 2058; x_wconf 66' lang='lat' dir='ltr'>Pius</span> <span class='ocrx_word' id='word_1_423' title='bbox 2086 2035 2114 2057; x_wconf 84' lang='lat' dir='ltr'>iv</span> <span class='ocrx_word' id='word_1_424' title='bbox 2129 2037 2176 2057; x_wconf 65' lang='lat' dir='ltr'>edi-</span> 
     </span>
     <span class='ocr_line' id='line_1_89' title="bbox 1229 2067 2168 2128; baseline 0 -17"><span class='ocrx_word' id='word_1_425' title='bbox 1229 2077 1366 2111; x_wconf 87' lang='lat' dir='ltr'>dationis</span> <span class='ocrx_word' id='word_1_426' title='bbox 1385 2077 1440 2110; x_wconf 88' lang='lat' dir='ltr'>Pio</span> <span class='ocrx_word' id='word_1_427' title='bbox 1460 2077 1545 2121; x_wconf 86' lang='lat' dir='ltr'>Papa</span> <span class='ocrx_word' id='word_1_428' title='bbox 1568 2077 1616 2117; x_wconf 91' lang='lat' dir='ltr'>IV,</span> <span class='ocrx_word' id='word_1_429' title='bbox 1639 2076 1888 2121; x_wconf 88' lang='lat' dir='ltr'>praedecessore</span> <span class='ocrx_word' id='word_1_430' title='bbox 1917 2088 1976 2112; x_wconf 91' lang='lat' dir='ltr'>no·</span> <span class='ocrx_word' id='word_1_431' title='bbox 1992 2067 2112 2128; x_wconf 39' lang='lat' dir='ltr'>2:311?me</span> <span class='ocrx_word' id='word_1_432' title='bbox 2130 2073 2168 2088; x_wconf 74' lang='lat'>⁶¹¹</span> 
     </span>
     <span class='ocr_line' id='line_1_90' title="bbox 1230 2131 1977 2172; baseline 0 -7"><span class='ocrx_word' id='word_1_433' title='bbox 1230 2137 1305 2172; x_wconf 89' lang='lat' dir='ltr'>stro,</span> <span class='ocrx_word' id='word_1_434' title='bbox 1340 2136 1531 2165; x_wconf 87' lang='lat' dir='ltr'>emanarunt</span> <span class='ocrx_word' id='word_1_435' title='bbox 1566 2131 1690 2164; x_wconf 87' lang='lat' dir='ltr'>litterae</span> <span class='ocrx_word' id='word_1_436' title='bbox 1709 2131 1831 2164; x_wconf 85' lang='lat' dir='ltr'>tenoris</span> <span class='ocrx_word' id='word_1_437' title='bbox 1865 2131 1977 2165; x_wconf 84' lang='lat' dir='ltr'>subse-</span> 
     </span>
     <span class='ocr_line' id='line_1_91' title="bbox 1229 2184 1978 2230; baseline 0.001 -12"><span class='ocrx_word' id='word_1_438' title='bbox 1229 2185 1369 2230; x_wconf 85' lang='lat' dir='ltr'>quentis,</span> <span class='ocrx_word' id='word_1_439' title='bbox 1395 2184 1554 2225; x_wconf 78' lang='lat' dir='ltr'>videlicet,</span> <span class='ocrx_word' id='word_1_440' title='bbox 1580 2185 1661 2218; x_wconf 76' lang='lat' dir='ltr'>Pius</span> <span class='ocrx_word' id='word_1_441' title='bbox 1688 2185 1783 2228; x_wconf 77' lang='lat' dir='ltr'>Papa</span> <span class='ocrx_word' id='word_1_442' title='bbox 1802 2185 1863 2226; x_wconf 87' lang='lat' dir='ltr'>IV,</span> <span class='ocrx_word' id='word_1_443' title='bbox 1889 2189 1978 2219; x_wconf 78' lang='lat' dir='ltr'><em>motu</em></span> 
     </span>
     <span class='ocr_line' id='line_1_92' title="bbox 1226 2238 1975 2283; baseline 0.003 -12"><span class='ocrx_word' id='word_1_444' title='bbox 1226 2240 1379 2283; x_wconf 69' lang='lat' dir='ltr'>proprio,</span> <span class='ocrx_word' id='word_1_445' title='bbox 1415 2245 1474 2273; x_wconf 76' lang='lat' dir='ltr'>etc,</span> <span class='ocrx_word' id='word_1_446' title='bbox 1510 2238 1603 2272; x_wconf 78' lang='lat' dir='ltr'>Inter</span> <span class='ocrx_word' id='word_1_447' title='bbox 1635 2239 1827 2282; x_wconf 73' lang='lat' dir='ltr'>multiplices</span> <span class='ocrx_word' id='word_1_448' title='bbox 1864 2250 1975 2280; x_wconf 79' lang='lat' dir='ltr'>curas,</span> 
     </span>
     <span class='ocr_line' id='line_1_93' title="bbox 1230 2292 1327 2326; baseline 0 -1"><span class='ocrx_word' id='word_1_449' title='bbox 1230 2298 1279 2326; x_wconf 90' lang='lat' dir='ltr'>etc</span> <span class='ocrx_word' id='word_1_450' title='bbox 1301 2292 1327 2325; x_wconf 78' lang='lat'>1.</span> 
     </span>
    </p>

    <p class='ocr_par' dir='ltr' id='par_1_28' title="bbox 1231 2344 2176 2548">
     <span class='ocr_line' id='line_1_94' title="bbox 1275 2344 2176 2391; baseline -0.002 -12"><span class='ocrx_word' id='word_1_451' title='bbox 1275 2346 1290 2389; x_wconf 60' lang='grc' dir='ltr'>ξ</span> <span class='ocrx_word' id='word_1_452' title='bbox 1310 2345 1342 2378; x_wconf 72' lang='lat'>⁶2.</span> <span class='ocrx_word' id='word_1_453' title='bbox 1364 2345 1427 2379; x_wconf 89' lang='lat' dir='ltr'>Nos</span> <span class='ocrx_word' id='word_1_454' title='bbox 1447 2344 1622 2389; x_wconf 86' lang='lat' dir='ltr'>praemissa</span> <span class='ocrx_word' id='word_1_455' title='bbox 1646 2344 1783 2391; x_wconf 78' lang='lat' dir='ltr'>firmiter</span> <span class='ocrx_word' id='word_1_456' title='bbox 1798 2345 1977 2386; x_wconf 88' lang='lat' dir='ltr'>observari,</span> <span class='ocrx_word' id='word_1_457' title='bbox 2020 2352 2056 2374; x_wconf 72' lang='lat' dir='ltr'>nic</span> <span class='ocrx_word' id='word_1_458' title='bbox 2079 2352 2176 2374; x_wconf 71' lang='lat' dir='ltr'>Pontifex</span> 
     </span>
     <span class='ocr_line' id='line_1_95' title="bbox 1231 2385 2110 2444; baseline 0 -12"><span class='ocrx_word' id='word_1_459' title='bbox 1231 2404 1451 2444; x_wconf 78' lang='lat' dir='ltr'>perpetuaque</span> <span class='ocrx_word' id='word_1_460' title='bbox 1476 2398 1602 2432; x_wconf 88' lang='lat' dir='ltr'>roboris</span> <span class='ocrx_word' id='word_1_461' title='bbox 1622 2398 1772 2432; x_wconf 86' lang='lat' dir='ltr'>firmitate</span> <span class='ocrx_word' id='word_1_462' title='bbox 1805 2398 1978 2432; x_wconf 86' lang='lat' dir='ltr'>subsistere</span> <span class='ocrx_word' id='word_1_463' title='bbox 1995 2385 2110 2412; x_wconf 71' lang='lat'>&#39;’¹²¹&#39;‘⁰²&#39;¹¹¹’</span> 
     </span>
     <span class='ocr_line' id='line_1_96' title="bbox 1231 2452 1977 2493; baseline 0.001 -8"><span class='ocrx_word' id='word_1_464' title='bbox 1231 2453 1364 2486; x_wconf 85' lang='lat' dir='ltr'>sinceris</span> <span class='ocrx_word' id='word_1_465' title='bbox 1388 2452 1605 2486; x_wconf 82' lang='lat' dir='ltr'>desiderantes</span> <span class='ocrx_word' id='word_1_466' title='bbox 1636 2452 1819 2493; x_wconf 78' lang='lat' dir='ltr'>affectibus,</span> <span class='ocrx_word' id='word_1_467' title='bbox 1846 2463 1977 2486; x_wconf 82' lang='lat' dir='ltr'>revoca-</span> 
     </span>
     <span class='ocr_line' id='line_1_97' title="bbox 1231 2506 1979 2548; baseline 0 -8"><span class='ocrx_word' id='word_1_468' title='bbox 1231 2506 1365 2547; x_wconf 84' lang='lat' dir='ltr'>tionem,</span> <span class='ocrx_word' id='word_1_469' title='bbox 1391 2506 1614 2547; x_wconf 87' lang='lat' dir='ltr'>cassationem,</span> <span class='ocrx_word' id='word_1_470' title='bbox 1641 2506 1907 2548; x_wconf 88' lang='lat' dir='ltr'>annullationem,</span> <span class='ocrx_word' id='word_1_471' title='bbox 1926 2506 1979 2540; x_wconf 86' lang='lat' dir='ltr'>de-</span> 
     </span>
    </p>
   </div>
   <div class='ocr_carea' id='block_1_19' title="bbox 1232 2578 1981 2659">
    <p class='ocr_par' dir='ltr' id='par_1_29' title="bbox 1232 2578 1981 2659">
     <span class='ocr_line' id='line_1_98' title="bbox 1269 2578 1981 2613; baseline -0.001 -7"><span class='ocrx_word' id='word_1_472' title='bbox 1269 2580 1279 2606; x_wconf 85' lang='lat'><strong>1</strong></span> <span class='ocrx_word' id='word_1_473' title='bbox 1298 2578 1438 2606; x_wconf 85' lang='lat' dir='ltr'>Omittitur</span> <span class='ocrx_word' id='word_1_474' title='bbox 1456 2582 1530 2606; x_wconf 87' lang='lat' dir='ltr'>tenor</span> <span class='ocrx_word' id='word_1_475' title='bbox 1546 2578 1626 2606; x_wconf 87' lang='lat' dir='ltr'>huius</span> <span class='ocrx_word' id='word_1_476' title='bbox 1642 2578 1847 2612; x_wconf 84' lang='lat' dir='ltr'>constitutionis,</span> <span class='ocrx_word' id='word_1_477' title='bbox 1859 2578 1921 2613; x_wconf 89' lang='lat' dir='ltr'>quia</span> <span class='ocrx_word' id='word_1_478' title='bbox 1932 2578 1981 2606; x_wconf 77' lang='lat' dir='ltr'>ha-</span> 
     </span>
     <span class='ocr_line' id='line_1_99' title="bbox 1232 2622 1603 2659; baseline 0.003 -9"><span class='ocrx_word' id='word_1_479' title='bbox 1232 2622 1279 2651; x_wconf 86' lang='lat' dir='ltr'>bes</span> <span class='ocrx_word' id='word_1_480' title='bbox 1294 2631 1354 2659; x_wconf 81' lang='lat' dir='ltr'>pag.</span> <span class='ocrx_word' id='word_1_481' title='bbox 1366 2623 1417 2651; x_wconf 75' lang='lat'>580</span> <span class='ocrx_word' id='word_1_482' title='bbox 1433 2623 1512 2651; x_wconf 79' lang='lat' dir='ltr'>huius</span> <span class='ocrx_word' id='word_1_483' title='bbox 1529 2624 1603 2651; x_wconf 85' lang='lat' dir='ltr'>tomi.</span> 
     </span>
    </p>
   </div>
  </div>
 </body>
</html>
