2237 3100
39 290 87 317 An.
105 288 133 316 C.
154 288 220 316 ¹³67

68 1324 180 1346 clausulae
189 1325 226 1346 de-

44 1357 170 1383 rogatorias.

903 275 969 304 PIUS
993 276 1011 298 V
1050 273 1096 297 Pr.

236 339 382 373 ctoritate
403 342 510 371 nostra
532 341 717 380 praesentes
742 341 767 367 et
794 335 822 366 in
846 335 891 367 cis
911 342 988 366 con-

237 398 322 426 tenta
339 390 525 425 huiusmodi
544 389 679 423 tirmiter
694 388 866 427 observari,
883 399 919 420 ac
928 388 990 420 sin-

235 448 340 489 gulos,
363 457 445 490 quos
465 445 575 478 literae
594 444 681 487 ipsae
699 447 914 480 concernunt,
937 453 990 487 pa-

237 500 328 534 cifice
348 499 411 533 srui
441 505 469 533 et
490 499 649 542 gaudere,
680 507 745 530 non
769 495 990 539 permittentes

236 565 291 587 eos
317 555 365 587 vel
394 553 536 597 aliquem
563 562 678 585 eorum
699 551 854 593 desuper,
878 555 989 582 contra

237 608 457 652 praesentium
484 612 642 645 tenorem,
674 615 731 649 per
751 614 987 647 quoscumque,

236 662 331 696 etiam
352 662 498 695 locorum
523 658 715 698 ordinarios,
747 657 987 700 quomodolilwt

237 715 378 749 indebite
398 714 574 754 molestari,
594 711 848 746 contradictores
867 710 989 754 quosli-

236 769 291 802 bet
310 774 341 803 et
361 769 512 808 rebelles,
548 778 605 811 per
633 776 786 800 censuras
815 770 842 797 ct
871 775 991 807 poenas

237 823 472 857 ecclesiasticas
491 822 618 865 aliaque
643 824 827 863 opportuna
850 818 927 851 iuris
945 829 991 851 re-

237 877 361 918 media,
388 875 603 921 appellatione
630 873 820 918 postposita,
859 883 990 916 compc-

237 931 368 970 scendo,
400 929 618 973 legitimisque
647 938 744 971 super
764 926 815 959 liis
834 926 992 959 habendis

238 985 369 1019 servatis
389 984 609 1029 processibus,
645 992 798 1015 censuras
823 985 854 1013 et
873 991 992 1023 poenas

239 1039 335 1082 ipsas,
359 1038 453 1072 etiam
475 1036 598 1071 iteratis
622 1036 745 1069 vicibus
770 1034 990 1077 aggravando,

239 1098 269 1126 et
288 1093 498 1126 interdictum
515 1090 772 1125 ecclesiasticum
784 1089 990 1133 apponendo,

239 1146 385 1180 invocato
414 1146 509 1179 etiam
540 1146 579 1179 ad
604 1146 681 1183 hoc,
716 1144 739 1176 si
771 1154 854 1187 opus
884 1142 991 1179 suerit,

240 1200 360 1234 auxilio
380 1200 505 1234 brachii
527 1198 713 1233 saecularis.

286 1254 301 1297 ξ
320 1254 350 1287 8.
381 1254 449 1287 Non
471 1253 674 1287 obstantibus
699 1250 884 1296 praemissis
909 1256 940 1283 et
960 1261 993 1282 a·

243 1307 293 1341 liis
304 1307 498 1352 apostolicis,
515 1317 642 1340 necnon
654 1306 686 1338 in
699 1303 951 1349 provincialibus
966 1309 993 1336 et

243 1361 450 1406 synodalibus
487 1360 633 1394 conciliis
661 1359 753 1393 editis
791 1358 996 1402 generalibus

243 1415 292 1448 vel
320 1414 514 1460 specialibus
541 1413 824 1448 constitutionibus
852 1418 882 1445 et
908 1411 995 1445 ordi-

244 1469 428 1503 nationibus
436 1468 633 1513 apostolicis
643 1480 680 1502 ac
687 1468 794 1508 etiam,
805 1467 996 1506 iuramento,

244 1524 491 1558 confirmatione
518 1523 696 1568 apostolica
728 1523 774 1556 vel
805 1521 915 1566 quavis
941 1523 996 1554 tir-

245 1577 354 1611 mitam
369 1578 430 1611 alia
450 1578 620 1619 roboratis,
642 1577 768 1611 statutis
784 1582 812 1610 et
829 1581 998 1609 consuetu-

245 1631 393 1673 dinibus,
426 1632 600 1677 privilegiis
629 1643 779 1675 quoque,
813 1630 942 1664 indultis
969 1636 995 1663 et

246 1686 346 1720 literis
374 1686 576 1731 apostolicis,
608 1686 727 1719 eisdem
758 1688 918 1731 episcopis
951 1689 998 1720 vel

245 1741 411 1785 quibusvis
431 1742 501 1775 aliis
526 1740 683 1785 personis,
708 1741 767 1773 sul)
788 1741 999 1784 quibuscum-

245 1807 308 1839 que
329 1795 496 1829 tenoribus
517 1800 548 1828 ct
566 1795 687 1831 formis,
714 1806 750 1827 ac
768 1806 841 1828 cum
863 1795 997 1839 quibus-

246 1850 306 1890 vis,
338 1850 434 1883 ctiam
474 1849 751 1892 derogatoriarum
787 1849 1000 1892 derogatoriis

246 1906 380 1949 aliisque
412 1904 648 1937 efficacioribus
686 1909 716 1935 et.
751 1904 885 1936 insolitis
910 1905 998 1935 clau-

246 1959 337 1997 sutis,
360 1959 624 2001 irritantibusquc
650 1963 680 1990 et
699 1957 769 1990 aliis
792 1957 940 1994 decretis,
968 1958 997 1990 in

245 2025 363 2059 genere
387 2014 435 2047 vel
451 2013 483 2045 in
513 2013 635 2056 specie,
662 2012 757 2044 etiam
778 2018 866 2045 motu
889 2013 996 2052 simili,

246 2080 284 2102 ac
303 2067 380 2101 alias
406 2066 650 2110 quomodolibet
675 2065 854 2105 concessis,
886 2077 1000 2110 appro-

247 2123 327 2156 batis
342 2127 373 2155 et
390 2120 557 2161 innovatis,
578 2120 696 2164 quibus
717 2120 880 2157 omnibus,
904 2120 998 2153 ctiam

246 2177 285 2218 si,
303 2187 362 2222 pro
388 2176 519 2209 illorum
541 2174 711 2208 sufficienti
728 2174 947 2217 derogatione,
961 2175 999 2207 dc

248 2232 310 2265 illis
336 2240 516 2273 eorumque
546 2228 618 2262 totis
642 2229 809 2262 tenoribus¹
829 2229 997 2272 specialis,

248 2285 411 2330 specifica,
434 2294 583 2328 expressa
608 2289 634 2316 et
658 2283 832 2319 individua,
856 2293 918 2315 non
945 2295 1001 2316 au-

248 2346 311 2374 tem
346 2350 404 2384 per
433 2338 594 2373 clausulas
622 2338 789 2381 generales
824 2337 907 2370 idem
939 2338 1000 2370 im-

249 2399 424 2440 portantes,
442 2392 562 2426 mentio
578 2403 635 2425 seu
651 2391 781 2436 quaevis
797 2391 857 2424 alia
873 2402 1001 2436 expres-

249 2449 296 2483 sio
326 2448 491 2488 habenda,
526 2452 582 2479 aut
614 2446 721 2489 aliqua
750 2446 812 2479 alia
846 2446 1001 2490 exquisita

250 2500 353 2533 forma
372 2498 412 2532 ad
432 2498 494 2530 hoc
510 2496 663 2530 servanda
684 2496 777 2536 foret,
796 2501 923 2528 tenores
940 2497 1000 2528 liu-

251 2547 401 2589 iusmodi,
424 2558 460 2580 ac
477 2546 501 2580 si
517 2547 555 2579 de
575 2546 672 2579 verbo
693 2545 732 2578 ad
751 2545 898 2585 verbum,
921 2545 1001 2577 nihil

251 2597 380 2643 penitus
404 2596 521 2630 omisso
548 2601 578 2629 et
611 2595 714 2628 forma
741 2594 771 2626 in
798 2593 860 2626 illis
888 2594 1001 2627 tradita

252 2648 428 2687 observata,
445 2644 556 2679 inserti
576 2646 692 2685 forent,
706 2643 929 2688 praesentibus
944 2654 1001 2687 pro

253 2695 449 2731 sufficienter
469 2694 626 2739 expressis
646 2699 676 2727 et
691 2692 817 2727 insertis
833 2692 1000 2733 habentes,

1032 327 1094 359 illis
1110 325 1188 359 alias
1208 325 1240 357 in
1256 333 1313 356 suo
1329 322 1447 355 robore
1467 319 1699 365 permansuris,
1721 320 1783 352 hac

1032 381 1097 413 vice
1123 380 1298 415 dumtaxat,
1316 375 1498 421 specialiter
1518 380 1549 407 ct
1568 384 1715 418 expresse
1730 373 1784 407 dc-

1033 445 1202 477 rogamus,
1226 442 1353 465 necnon
1369 429 1521 463 omnibus
1542 428 1621 469 illis,
1648 439 1730 471 quae
1752 428 1783 461 in

1031 487 1131 521 literis
1152 484 1407 520 confirmationis
1427 488 1458 517 et
1483 481 1696 516 innovationis
1716 483 1784 526 pri-

1031 541 1219 584 vilegiorum
1241 538 1441 578 corumdem,
1467 536 1545 570 alias
1573 547 1630 581 per
1654 536 1784 570 eosdem

1031 596 1167 627 Paulum
1188 595 1223 627 lv
1246 600 1272 627 et
1295 593 1387 626 Pium
1409 591 1504 624 etiam
1524 591 1574 631 lV,
1598 591 1783 634 praedeces-

1032 659 1120 681 sores
1140 653 1267 681 nostros
1287 646 1481 691 praedictos,
1512 644 1623 678 Ordini
1649 645 1783 678 fratrum

1032 702 1192 735 Minoi-um
1216 700 1403 734 huiusmodi
1433 709 1674 739 concessorum,
1707 708 1784 731 con-

1671 255 1736 289 583
1795 264 1847 291 An.
1863 264 1891 291 c.
1913 263 1979 291 1557

1033 767 1159 789 cessum
1177 761 1222 789 cst
1237 766 1302 789 non
1314 754 1452 794 obstare,
1469 752 1639 786 contrariis
1654 752 1785 796 quibus·
1813 750 1817 759 “

1033 821 1192 854 cumque3
1229 814 1284 842 aut
1312 808 1335 841 si
1361 808 1508 841 locorum
1538 806 1709 840 ordinariis
1738 807 1786 840 vel

1033 864 1199 908 quibusvis
1219 862 1299 900 aliis,
1321 861 1538 895 communiter
1570 861 1618 893 vel
1647 860 1785 902 divisim,

1033 919 1072 951 ab
1102 917 1286 962 Apostolica
1321 916 1360 948 sit.
1396 915 1477 948 Sede
1506 915 1667 947 indultum
1701 915 1787 958 quod

1035 971 1201 1011 interdici,
1240 969 1393 1014 suspendi
1427 969 1476 1002 vel
1515 967 1787 1002 excommunicari

1034 1037 1098 1060 non
1119 1026 1242 1070 possint.
1276 1036 1334 1068 per
1364 1024 1473 1056 literas
1502 1022 1695 1066 apostolicas
1723 1032 1787 1055 non

1036 1080 1187 1112 facientes
1220 1079 1348 1122 plenam
1393 1082 1424 1110 et
1459 1086 1640 1119 expressam
1684 1086 1722 1109 ac
1750 1076 1789 1108 de

1034 1134 1131 1167 verbo
1157 1133 1195 1166 ad
1223 1132 1358 1165 verbum
1385 1131 1423 1163 de
1448 1130 1573 1163 indulto
1602 1128 1789 1163 huiusmodi

1036 1188 1246 1221 mentionem.
1266 1186 1304 1219 Et
1323 1185 1399 1230 quia
1414 1184 1543 1218 difficile
1564 1184 1645 1216 soret
1664 1193 1790 1216 earum-

1036 1243 1109 1275 dem
1130 1241 1351 1285 praesentium
1380 1239 1548 1272 literarum
1574 1237 1720 1271 notitiam
1751 1236 1790 1270 ad

1036 1306 1260 1341 quascumque
1282 1304 1437 1338 personas
1462 1291 1647 1336 pervenire,
1668 1296 1699 1324 et
1718 1290 1790 1323 ubi-

1037 1361 1100 1394 que
1111 1349 1182 1382 illas
1194 1353 1403 1393 przesentare,
1426 1346 1521 1380 etiam
1538 1350 1629 1379 motu
1645 1350 1676 1378 et
1690 1344 1790 1379 scien-

1039 1404 1081 1436 tia
1114 1403 1274 1436 similibus
1315 1402 1465 1435 volumus
1508 1405 1538 1433 ct
1588 1398 1793 1432 decernimus

1039 1458 1124 1501 quod
1140 1456 1351 1500 transumptis
1368 1455 1557 1489 earumdem
1572 1452 1792 1499 praesentium

1039 1512 1218 1550 literarum,
1239 1511 1334 1544 etiam
1351 1521 1409 1554 per
1425 1509 1672 1554 impressionem
1694 1509 1792 1551 saetis,

1040 1577 1138 1599 manu
1159 1566 1297 1599 alicuius
1322 1564 1438 1599 notarii
1460 1564 1580 1608 publici
1606 1564 1794 1609 subscriptis

1040 1626 1095 1655 aut
1120 1621 1224 1663 sigillo
1249 1620 1386 1653 alicuius
1406 1630 1563 1663 personae
1583 1619 1616 1652 in
1641 1619 1794 1663 dignitate

1041 1675 1258 1709 ecclesiastica
1279 1674 1472 1708 constitutae
1494 1674 1649 1718 sigillatis,
1679 1685 1794 1717 quem-

1040 1730 1216 1763 admodum
1237 1729 1446 1762 adhiberetur
1458 1728 1680 1771 praesentibus
1695 1728 1795 1763 literis

1041 1784 1251 1827 originalibus
1277 1783 1302 1816 si
1335 1787 1637 1825 praesentarentur,
1674 1783 1796 1827 ubique

1041 1838 1243 1879 adhibeatur,
1284 1843 1346 1870 tam
1373 1837 1404 1870 in
1436 1836 1555 1870 iudicio
1582 1848 1678 1880 quam
1709 1843 1795 1871 extra

1042 1894 1131 1928 illud,
1162 1893 1255 1937 plena
1275 1898 1306 1925 et
1326 1892 1503 1925 indubitata
1524 1892 1615 1924 fides.

1086 1950 1100 1989 ,ξ
1120 1950 1151 1981 a.
1175 1947 1260 1981 Nulli
1272 1958 1348 1990 ergo
1365 1946 1497 1979 omnino
1514 1946 1684 1980 hominum
1702 1947 1796 1980 liceat

1042 2004 1124 2035 lianc
1145 2002 1295 2046 paginam
1312 2007 1440 2034 nostrae
1461 2001 1700 2042 declarationis,
1718 2012 1793 2045 pro-

1042 2056 1217 2096 hibitionis,
1233 2055 1455 2099 exemptionis,
1477 2054 1688 2095 liberationis,
1714 2054 1796 2088 inhi-

1042 2110 1190 2149 bitionis,
1221 2109 1449 2147 advocationis,
1472 2108 1670 2149 cassationis,
1692 2109 1794 2142 extin-

1043 2164 1168 2204 ctionis,
1196 2163 1423 2208 impositionis,
1446 2162 1701 2207 improbationis,
1720 2173 1796 2196 con-

1042 2219 1246 2259 firmationis,
1269 2217 1468 2258 adiectionis,
1489 2217 1718 2258 concessionis,
1741 2228 1795 2250 ex—

1043 2277 1208 2319 tensionis,
1231 2276 1461 2321 aiiipliati01iiS‚
1488 2276 1660 2309 voluntatis
1680 2281 1711 2309 et
1739 2276 1794 2310 de—

1042 2336 1217 2380 rogationis
1237 2337 1424 2379 int'ringere,
1447 2336 1495 2369 vel
1516 2334 1544 2368 ei
1561 2346 1642 2368 ausu
1659 2340 1796 2369 temera-

1043 2396 1090 2429 rio
1107 2396 1280 2430 contraire.
1303 2395 1335 2429 Si
1351 2395 1423 2439 quis
1439 2400 1546 2427 autem
1560 2394 1624 2428 hoc
1639 2398 1796 2428 attentare

1044 2454 1284 2499 praesumserit,
1299 2453 1553 2498 indignationem
1566 2452 1796 2497 omnipotentis

1042 2511 1096 2547 Dei
1115 2525 1151 2546 ac
1166 2514 1336 2547 beatorum
1357 2512 1443 2546 Petri
1463 2517 1493 2545 ct
1519 2510 1610 2544 Pauli
1632 2512 1795 2556 apostolo-

1043 2582 1115 2606 rum
1137 2572 1207 2605 cius
1228 2583 1259 2605 se
1280 2571 1404 2605 noverit
1425 2571 1646 2604 incursurum.

1086 2631 1201 2665 Datum
1222 2632 1342 2664 Romae
1367 2630 1453 2675 apud
1478 2630 1510 2663 S.
1533 2629 1683 2671 Petrum,
1710 2639 1795 2663 anno

1044 2691 1276 2725 lncarnationis
1295 2689 1477 2725 dominicae
1502 2689 1675 2723 millesimo
1699 2687 1794 2733 quin·

1835 1957 1922 1979 Sanctio
1941 1962 1993 1984 poo-

1808 1988 1869 2010 nolis.
