2237 3100
287 291 336 322 An.
354 294 383 322 C.
404 294 471 322 {553

531 280 595 315 258

487 343 660 383 decanum,
674 341 870 375 cardinalem
891 341 929 374 dc
949 341 1052 385 Carpo
1071 351 1239 385 nuncupa-

487 401 570 436 tum,
592 396 784 428 modernum
805 400 836 428 et
855 405 913 439 pro
934 400 1080 438 tempore
1101 393 1236 426 existen-

488 455 552 483 tem
574 453 788 492 protectorem
802 448 944 480 eiusdem
956 446 1133 490 hospitalis,
1158 446 1237 480 iudi-

489 514 558 536 cem
579 501 779 535 ordinarium
801 506 830 534 et
856 506 1063 545 perpetuum,
1085 500 1122 533 ad
1144 502 1237 544 prae-

488 556 566 589 fatas
600 565 728 588 necnon
757 565 980 598 quascumque
1014 553 1093 587 alias
1119 553 1238 587 similes

487 610 534 643 vel
555 608 743 648 dissimiles,
772 618 902 641 causam
931 614 962 639 et
986 618 1110 648 causas,
1133 608 1238 641 civiles

488 668 519 696 et
539 662 722 695 criminales
742 672 778 694 ac
804 661 927 701 mixtas,
954 661 993 693 ad
1026 661 1183 705 hospitale
1209 667 1239 694 ct.

488 715 671 749 societatem
701 714 887 748 huiusmodi
918 715 1133 758 pertinentes,
1174 721 1236 748 tam

487 780 545 814 per
570 779 624 802 eos
643 779 739 812 quam
762 773 873 801 contra
893 778 947 801 eos
970 773 1001 801 et
1019 769 1103 803 inter
1122 781 1187 810 eos,
1201 780 1237 802 ac

487 832 653 866 personas,
666 822 897 861 universitates,
917 822 1051 865 collegia
1072 834 1129 856 seu
1153 824 1235 863 loca,

487 875 581 908 etiam
599 875 795 919 privilegiata
815 880 846 908 et
865 882 1023 920 exempta,
1054 881 1117 909 tam
1139 877 1237 911 active

487 939 583 972 quam
611 929 754 973 passive,
785 938 843 973 pro
872 933 1018 973 tempore
1046 931 1235 971 movendas,

486 983 573 1015 iuxta
589 982 783 1016 ordinariam
795 982 1049 1016 iurisdictionem
1067 994 1123 1016 seu
1135 983 1237 1017 sacul-

486 1040 602 1076 tatem,
630 1041 695 1069 tam
720 1035 928 1079 gubernatori
954 1036 1017 1069 sive
1043 1037 1164 1079 regenti
1188 1039 1236 1071 vel

485 1089 623 1123 auditori
644 1089 795 1123 Gamerae
820 1089 1040 1134 Apostolicae‚
1069 1101 1165 1134 quam
1191 1093 1235 1125 vi-

485 1142 572 1176 cario
593 1142 743 1187 praefatis
763 1147 793 1176 et
814 1153 927 1177 eorum
947 1143 1079 1177 cuilibet
1099 1144 1235 1178 attribu-

483 1201 542 1236 tas,
565 1206 613 1236 ac,
634 1201 849 1240 proutrerum
871 1196 1009 1240 qualitas
1029 1197 1167 1240 exegerit
1179 1209 1235 1232 seu

483 1250 703 1295 postulaverit,
726 1260 800 1283 cum
822 1250 973 1283 omnibus
989 1256 1019 1283 et
1039 1251 1172 1294 singulis
1183 1262 1236 1286 eo-

482 1314 556 1337 rum
583 1303 810 1343 incidentibus,
833 1303 1106 1347 dependentibus,
1129 1316 1234 1339 emer-

481 1356 642 1400 gentibus,
665 1356 797 1390 annexis
813 1360 843 1389 et
858 1357 1022 1397 connexis,
1045 1359 1232 1400 summarie,

482 1408 672 1454 simpliciter
692 1414 722 1443 et
741 1410 780 1443 de
800 1410 909 1453 plano,
927 1421 964 1444 ac
984 1411 1050 1444 sola
1062 1412 1135 1446 facti
1154 1413 1235 1446 veri-

481 1467 544 1496 tate
568 1462 712 1506 inspecta
739 1469 770 1496 et
797 1463 918 1506 absque
942 1464 1157 1500 terminorum
1178 1467 1234 1500 ali-

481 1526 622 1560 quorum
643 1516 903 1550 substantialium
924 1517 1157 1561 observatione,
1179 1527 1233 1555 aut

480 1568 617 1602 alicuius
642 1569 767 1613 registri
796 1570 1014 1612 confectione,
1046 1583 1104 1617 per
1128 1584 1161 1607 se
1184 1576 1233 1608 vel

479 1621 578 1655 alium
606 1633 663 1656 seu
688 1623 767 1656 alios
787 1623 980 1666 audiendas,
994 1630 1024 1658 et
1041 1625 1105 1659 fine
1125 1626 1232 1661 debito

477 1675 708 1718 terminandas,
720 1677 908 1711 auctoritate
924 1678 1110 1722 apostolica,
1121 1684 1232 1715 tenore

478 1729 709 1773 praesentium,
731 1736 888 1776 perpetuo
900 1732 1126 1767 constituimus
1136 1739 1167 1768 et
1175 1735 1230 1768 de-

478 1787 650 1826 putamuS,
680 1784 775 1817 etiam
803 1785 842 1818 ad
871 1785 960 1819 hunc
989 1785 1139 1820 effectum
1170 1787 1227 1830 illi,

476 1835 571 1870 etiam
600 1847 658 1881 per
683 1837 782 1870 alium
810 1850 867 1872 seu
887 1839 967 1872 alios
990 1851 1227 1886 quoscumque,

476 1897 540 1925 tam
561 1889 594 1924 in
621 1890 764 1926 Romana
789 1893 883 1927 Curia
910 1905 1007 1938 quam
1035 1900 1122 1928 extra
1143 1906 1226 1937 eam,

477 1945 572 1979 etiam
592 1956 652 1990 per
670 1946 810 1981 edictum
827 1948 1008 1992 publicum,
1021 1948 1157 1982 constito
1169 1949 1228 1983 sibi

475 2000 565 2044 prius
582 2027 589 2041 ,
625 2001 719 2034 etiam
754 2003 928 2037 summarie
945 2030 952 2043 ,
982 2003 1022 2036 de
1058 2013 1122 2036 non
1158 2009 1228 2038 tuto

475 2065 606 2089 accessu
627 2056 665 2089 ad
686 2057 769 2096 illos,
788 2057 906 2090 citandi
928 2062 958 2091 et
978 2058 1143 2099 monendi,
1165 2058 1226 2093 eis-

474 2110 611 2154 demque
622 2115 652 2143 et
662 2111 822 2155 praefatis,
837 2122 873 2145 ac
884 2112 1145 2157 quibuscumque
1157 2113 1227 2147 aliis

474 2163 618 2196 eiusdem
637 2163 731 2199 Urbis
742 2165 908 2200 curiarum
929 2166 1090 2199 iudicibus
1110 2171 1141 2199 et
1151 2178 1225 2210 per-

474 2218 571 2259 sonis,
594 2223 658 2252 tam
688 2219 912 2253 ecclesiasticis
932 2231 1029 2264 quam
1050 2221 1225 2254 saeculari-

472 2274 544 2314 bus,
567 2273 685 2317 quibus
705 2279 735 2307 et
751 2273 876 2317 quoties
897 2284 979 2317 opus
999 2274 1106 2315 fuerit,
1130 2275 1224 2309 etiam

472 2327 531 2360 sub
551 2328 732 2369 sententiis,
763 2327 909 2361 censuris
934 2333 962 2361 et
984 2328 1096 2371 poenis
1119 2330 1224 2363 eccle-

473 2380 607 2414 siasticis
622 2392 659 2415 ac
682 2381 776 2415 etiam
789 2381 998 2426 pecuniariis,
1021 2382 1139 2426 quibus
1165 2383 1223 2416 sibi

472 2435 534 2467 sive
555 2435 594 2467 ab
615 2446 652 2468 eo
679 2435 862 2479 deputando
888 2435 1026 2468 auditori
1051 2436 1220 2478 videbitur,

472 2483 650 2523 inhibendi;
668 2490 698 2517 et
724 2485 755 2518 in
786 2490 933 2518 eventum
955 2495 1019 2518 non
1042 2486 1219 2529 paritionis,

473 2538 583 2567 contra
604 2533 824 2567 inobedientes
844 2540 872 2567 et
894 2534 1041 2573 rebelles,
1060 2535 1098 2567 ad
1118 2536 1221 2569 decla-

472 2582 628 2616 rationem
651 2583 799 2616 incursus
819 2592 1030 2616 censurarum
1051 2589 1077 2616 et
1102 2595 1221 2627 poena-

472 2642 544 2665 rum
569 2631 775 2671 huiusmodi,
804 2632 998 2676 illarumque
1025 2634 1220 2676 aggravatio-

472 2691 541 2723 nes.
561 2686 591 2715 et
610 2681 688 2715 alias
700 2681 785 2715 iuxta
797 2682 911 2728 stylum
929 2687 958 2715 et
978 2693 1101 2716 moreni
1122 2683 1220 2717 dicta-

1082 288 1260 312 BULLARIUM
1283 288 1433 312 ROMANUM

1279 351 1351 372 rum
1363 340 1528 373 curiarum
1538 339 1570 372 in
1581 338 1739 372 similibus
1748 337 1865 372 servari
1886 335 2026 375 solitum,

1278 404 1315 426 ac
1331 392 1420 434 alias,
1434 399 1531 436 prout
1549 392 1608 426 sibi
1627 391 1796 432 videbitur,
1819 389 2025 436 procedendi;

1279 446 1534 490 sententiamque
1558 446 1620 479 sive
1632 445 1803 479 sententias
1817 444 1943 478 debitae
1958 453 2027 477 exe-

1280 499 1401 533 cutioni
1430 500 1660 540 demandandi,
1688 499 1750 533 sive
1774 497 1961 532 demandari
1981 497 2027 530 fa-

1280 553 1395 587 ciendi.
1418 553 1676 587 Contradictores
1695 553 1851 597 quoslibet
1872 556 1903 585 et
1921 551 2027 584 rebel-

1279 608 1325 639 les
1346 618 1402 650 per
1426 618 1579 641 censuras
1609 612 1636 640 et
1659 617 1778 650 poenas
1798 604 2028 639 ecclesiasticas

1280 672 1315 694 ac
1336 660 1431 693 etiam
1443 661 1658 705 pecuniarias,
1669 659 1796 703 aliaque
1815 659 1894 693 iuris
1911 664 1942 692 et
1955 659 2028 692 sacti

1279 719 1462 758 opportuna
1482 714 1624 748 remedia
1637 741 1644 755 ,
1666 713 1880 758 appellatione
1900 717 2028 757 postpo-

1279 767 1349 807 sita,
1379 768 1630 812 compescendi,
1661 767 1880 811 auxiliumque
1904 765 2029 800 brachii

1280 821 1453 854 saecularis
1471 822 1511 854 ad
1536 823 1618 862 hoc,
1645 821 1670 854 si
1695 832 1777 866 opus
1796 819 1911 861 suerit,
1939 820 2028 853 invo-

1280 875 1385 915 candi3
1408 876 1581 919 omniaque
1601 881 1631 909 et
1651 875 1776 918 singula
1800 875 1861 908 alia
1881 874 1913 907 in
1934 883 2028 918 prae-

1280 928 1383 961 missis
1403 933 1434 961 et
1453 928 1539 962 circa
1568 940 1604 962 ea
1624 928 1804 962 necessaria
1823 939 1879 962 seu
1895 938 2029 973 quomo-

1279 981 1398 1015 dolibet
1417 987 1600 1027 opportuna
1626 982 1761 1015 faciendi
1786 987 1817 1015 et
1836 980 2027 1026 exequendi,

1279 1037 1408 1081 plenam
1435 1040 1465 1069 et
1483 1036 1618 1069 liberam
1641 1035 1802 1069 licentiam
1820 1046 1877 1069 seu
1896 1035 2028 1068 faculta-

1278 1096 1340 1123 tem
1366 1089 1586 1123 concedimus.
1617 1089 1831 1122 Decernentes
1857 1088 2026 1133 hospitale,

1278 1142 1461 1177 societatem
1487 1147 1517 1176 et
1546 1143 1615 1176 eius
1644 1141 1797 1175 officiales
1821 1147 1851 1176 et
1875 1152 2029 1186 personas

1277 1196 1464 1229 huiusmodi
1494 1207 1530 1229 ex
1558 1206 1645 1229 nunc
1664 1195 1828 1239 deinceps,
1855 1195 2025 1229 occasione

1277 1250 1542 1295 praemissorum,
1565 1249 1639 1282 alibi
1660 1259 1757 1292 quam
1778 1259 1887 1282 coram
1908 1248 2026 1283 Rodul-

1276 1304 1340 1348 pho
1351 1303 1419 1344 Pio,
1443 1302 1596 1336 cardinali
1614 1307 1644 1336 et
1663 1313 1722 1346 pro
1750 1307 1897 1346 tempore
1916 1308 2024 1347 prote-

1276 1364 1364 1391 ctore
1384 1356 1539 1401 praefato,
1553 1355 1727 1397 conveniri,
1742 1360 1797 1389 aut
1808 1355 1847 1388 ad
1861 1356 1941 1389 alios
1951 1367 2025 1390 con-

1274 1410 1466 1444 veniendum
1483 1408 1658 1453 constringi
1683 1419 1748 1442 non
1768 1419 1873 1453 posse3
1894 1420 1932 1444 ac
1950 1421 2022 1444 sen-

1274 1463 1399 1504 tentias,
1422 1473 1592 1507 processus
1611 1473 1668 1506 per
1679 1462 1778 1495 alium
1796 1473 1852 1496 seu
1872 1464 1953 1498 alios
1975 1464 2024 1498 iu-

1274 1517 1372 1557 dices,
1395 1522 1458 1549 tam
1474 1515 1656 1550 ordinarios
1675 1527 1771 1560 quarn
1791 1516 1964 1561 delegatos,
1990 1517 2023 1551 in

1273 1571 1378 1604 causis
1409 1569 1559 1616 praefatis
1585 1580 1644 1614 pro
1678 1574 1823 1614 tempore
1851 1571 2022 1612 formatas,

1272 1625 1372 1665 datas,
1385 1625 1463 1658 latas
1472 1629 1503 1657 et
1517 1624 1626 1664 factas,
1640 1633 1714 1656 cum
1726 1623 1801 1657 inde
1820 1624 1937 1658 secutis
1951 1625 2023 1669 qui-

1272 1678 1474 1722 buscumque
1487 1705 1494 1718 ‚
1516 1677 1622 1717 nulla,
1645 1677 1734 1710 irrita
1754 1682 1785 1710 et
1803 1678 1931 1717 inania,
1952 1679 2024 1712 nul-

1272 1732 1400 1775 liusque
1420 1731 1545 1764 roboris
1564 1731 1610 1764 vel
1633 1730 1788 1764 momenti
1808 1731 1888 1765 fore.

1315 1786 1330 1829 ἓ
1346 1784 1376 1818 2.
1400 1785 1586 1818 praesentes
1606 1795 1736 1828 quoque
1751 1784 1859 1818 literas
1874 1785 1934 1820 sub
1949 1787 2022 1831 qui—

1271 1839 1377 1872 busvis
1401 1837 1671 1878 revocationibus,
1699 1839 1965 1882 suspensionibus
1993 1846 2024 1874 et

1270 1891 1527 1937 exemptionibus
1556 1891 1709 1924 similium
1736 1892 1784 1925 vel
1817 1891 2022 1928 dissimilium

1269 1945 1462 1989 gratiarum,
1488 1945 1583 1978 etiam
1604 1955 1662 1988 per
1681 1954 1739 1978 nos
1759 1949 1790 1979 et
1822 1955 2024 1981 successores

1269 2007 1395 2035 nostros
1410 2001 1571 2034 Romanos
1583 2000 1752 2034 Pontifices
1763 2006 1794 2034 et
1805 2001 1920 2035 Sedem
1931 2012 2023 2046 prae-

1269 2057 1363 2089 fatam
1388 2056 1437 2089 vel
1457 2055 1526 2088 eius
1550 2055 1682 2097 legatos,
1706 2053 1800 2088 etiam
1818 2066 1876 2100 per
1894 2057 2023 2099 regulas

1268 2111 1485 2146 Cancellariae
1504 2111 1706 2155 Apostolicae
1726 2122 1785 2155 pro
1802 2116 1955 2157 ,tempore
1974 2112 2020 2147 fa-

1268 2172 1344 2207 ctas,
1376 2166 1469 2200 etiam
1492 2165 1524 2198 in
1544 2166 1684 2198 favorem
1704 2165 1844 2199 fabricae
1863 2166 2021 2210 Principis

1266 2221 1494 2266 Apostolorum
1524 2220 1562 2253 de
1589 2219 1692 2260 Urbe,
1721 2220 1906 2255 nullatenus
1930 2231 2018 2254 com-

1266 2274 1436 2320 prehendi,
1466 2275 1520 2308 sed
1544 2284 1672 2318 semper
1690 2273 2019 2317 abillispenituseto-

1265 2329 1377 2362 mnino
1393 2334 1539 2373 exceptas
1549 2339 1616 2361 esse
1633 2333 1663 2362 et
1674 2328 1797 2362 censeri
1809 2340 1817 2369 3
1828 2339 1887 2362 nec
1898 2327 2016 2362 eisdem

1265 2383 1488 2426 praesentibus
1508 2393 1565 2427 per
1598 2393 1819 2426 quascumque
1848 2382 1956 2416 literas
1988 2388 2017 2417 et

1264 2437 1390 2480 quasvis
1419 2437 1497 2469 alias
1525 2436 1686 2470 clausulas
1709 2436 1874 2479 generales
1893 2442 1924 2469 et
1943 2447 2016 2481 spe—

1264 2485 1372 2526 ciales,
1387 2486 1481 2519 etiam
1499 2486 1773 2529 derogatoriarum
1784 2485 2014 2528 derogatorias‚

1264 2536 1459 2569 efficaciores
1479 2542 1506 2569 et
1529 2536 1670 2569 insolitas
1690 2545 1726 2567 ac
1744 2534 1838 2567 etiam
1860 2535 2014 2570 irritantia

1263 2585 1410 2626 decreta,
1443 2587 1502 2619 sub
1535 2594 1739 2630 quacumque
1768 2584 1939 2617 verborum
1961 2596 2014 2618 ex-

1264 2635 1426 2678 pressione
1450 2636 1479 2668 in
1500 2647 1532 2668 se
1548 2633 1747 2668 continentes
1762 2633 1910 2677 derogari
1921 2645 2014 2678 posse

1263 2690 1293 2718 et
1317 2683 1342 2717 si
1363 2685 1425 2718 illis
1445 2685 1511 2718 ullo
1532 2693 1685 2728 umquam
1716 2688 1873 2728 tempore,
1895 2693 1932 2717 ex
1955 2684 2014 2721 ali,

2041 285 2092 314 An.
2108 285 2139 314 C.
2158 285 2224 313 ¹565

2038 1800 2146 1823 Clausulas
2163 1807 2222 1829 prae-

2038 1834 2148 1854 servativa
2160 1833 2222 1854 huius

2039 1869 2193 1886 concessionis.
