2237 3100
249 276 298 304 An.
317 275 345 303 C.
364 275 428 304 ¹57¹

277 586 337 607 fule!
376 590 433 607 trau—

250 621 385 644 ‘unllthl'llnL

274 1599 405 1619 Pnomium,

281 2301 356 2328 Oppidi
374 2299 438 2325 Ripae

255 2332 357 2353 Tiamou.
374 2331 439 2358 quali-

255 2367 310 2384 ute·
319 2363 439 2384 enuncian-

256 2398 297 2421 turi

446 326 573 360 dultum
601 325 689 369 quod
710 323 869 364 interdici,
904 315 1056 368 suspendi
1077 324 1125 356 vel
1146 333 1200 356 ex-

446 378 681 414 communicari
718 388 783 410 non
820 377 942 420 possint
984 388 1042 421 per
1079 378 1201 410 litteras

446 433 640 478 apostolicas
661 442 727 464 non
758 430 912 464 facientes
939 432 1070 474 plenam
1092 437 1122 464 et
1151 444 1202 465 ex-

447 496 590 531 pressam
611 496 648 518 ac
673 485 711 517 de
731 485 828 517 verbo
853 484 893 517 ad
918 485 1052 517 verbum
1082 485 1120 517 de
1151 486 1201 518 in-

447 540 537 572 dulto
557 538 746 571 huiusmodi
767 538 977 571 mentionem.

491 593 506 635 ξ
526 592 556 625 7.
575 592 732 625 Volumus
751 597 859 624 autem
881 591 967 634 quod
980 591 1201 635 praesentium

447 646 658 689 transumptis
682 650 739 678 etc.

490 699 604 732 Datum
634 698 753 732 Romae
785 698 872 742 apud
903 697 935 731 S.
967 698 1114 738 Petrum,
1143 698 1202 731 sub

447 753 567 786 annulo
595 751 784 792 Piscatoris,
821 752 871 784 die
899 761 941 784 vn
966 751 1035 784 iulii
1066 762 1199 792 sinaxi,

446 806 656 850 pontificatus
675 805 776 839 nostri
797 815 882 838 anno
903 814 944 837 vt.

495 865 559 895 Dat.
583 863 629 894 die
654 864 668 893 Ἴ
693 863 759 894 iulii
780 864 868 900 1571,
889 864 994 903 pontis.
1012 873 1090 893 anno
1108 872 1145 893 vi.

763 1028 901 1063 cxcvii.

448 1107 568 1152 Oppidi
604 1105 708 1149 Ripae
747 1106 933 1138 Tmnsonae
966 1106 1003 1137 in
1030 1105 1202 1148 provincia

488 1160 611 1194 Picena
636 1160 671 1192 itt
693 1159 857 1192 civitatem
882 1158 1088 1197 stribli'mati'o,
1118 1159 1201 1191 eius-

487 1225 546 1259 que
567 1213 771 1257 parochialis
796 1212 943 1245 ecclesiae
967 1211 1083 1244 Sancti
1105 1212 1203 1244 Beni—

489 1268 546 1309 9²22*
585 1268 621 1299 in
659 1266 880 1299 cathedralem,
923 1269 950 1297 et
992 1265 1199 1308 episcopalem

490 1317 617 1350 erectio.

538 1406 600 1434 Plus
619 1405 760 1440 opiscopus
780 1411 875 1432 servus
896 1410 1036 1432 servorum
1050 1403 1104 1436 Det,

594 1459 628 1487 ad
641 1459 804 1495 perpetuam
825 1458 866 1486 rei
881 1456 1052 1485 memoriam.

490 1539 578 1573 Illius
590 1538 693 1572 fulciti
706 1537 880 1583 praesidio,
898 1537 991 1571 cuius
1008 1542 1079 1570 sunt
1098 1543 1203 1570 terrae

447 1593 609 1634 cardines,
641 1599 671 1626 et
706 1592 758 1626 cui
789 1591 1000 1635 cogitationes
1031 1591 1202 1623 hominum

447 1652 695 1692 praeparantur,
706 1657 742 1679 ac
756 1646 848 1679 cuius
860 1644 1061 1689 providentia
1078 1644 1205 1678 ordina-

447 1701 567 1735 tionem
597 1700 778 1744 suscipiunt
805 1699 969 1739 universa,
994 1703 1025 1731 ut
1051 1698 1203 1731 christifi-

447 1755 534 1788 deles
547 1754 640 1788 nobis
656 1759 685 1787 et
699 1753 771 1786 Sedi
790 1751 993 1796 Apostolieae
1013 1752 1109 1785 etiam
1126 1757 1205 1785 tem-

448 1808 552 1853 porali
581 1807 726 1840 dominio
759 1805 901 1845 subditi,
928 1806 968 1838 oh
994 1816 1108 1838 eorum
1131 1816 1205 1848 erga

448 1872 506 1896 nos
527 1867 557 1895 et
577 1860 723 1894 eamdem
744 1859 859 1893 Sedem
892 1859 987 1892 tidem
1009 1863 1039 1890 et
1061 1858 1204 1891 devotio-

449 1927 524 1949 nem
544 1914 730 1959 specialem,
767 1913 1036 1953 consolationem,
1060 1923 1134 1945 cum
1156 1912 1204 1944 ‹li-

448 1969 512 2003 vini
532 1969 639 2003 cultus
666 1972 853 2011 augmento,
890 1966 1078 2009 suscipiant,
1114 1972 1144 1998 et
1173 1966 1206 1998 in

449 2023 579 2068 oppidis
621 2021 800 2067 insignibus
842 2026 872 2054 et
907 2020 1074 2064 populosis
1106 2030 1206 2053 novae

450 2077 541 2111 sedes
569 2075 770 2120 episcopales
804 2074 1014 2118 plantentur,
1055 2073 1204 2113 libenter,

451 2142 525 2165 cum
542 2142 560 2163 a
576 2129 669 2163 nobis
689 2128 820 2172 petitur,
844 2137 939 2170 opem
952 2133 980 2160 et
998 2137 1129 2170 operam
1149 2137 1207 2159 no-

451 2190 532 2218 stras
551 2183 771 2228 impendimus
796 2181 955 2214 efficaces.

495 2238 557 2281 §l
580 2237 662 2271 Sane
683 2246 757 2269 cum
778 2234 933 2279 oppidum
954 2234 1052 2277 Ripae
1073 2234 1209 2267 Transo-

452 2302 512 2325 nae
530 2290 698 2324 Firmanae
715 2288 883 2328 dioecesis,
900 2287 996 2321 situm
1021 2288 1052 2319 in
1070 2298 1147 2330 agro
1157 2287 1208 2319 Pi-

453 2355 546 2384 cena,
568 2344 652 2377 inter
675 2343 830 2376 Asculum
855 2346 885 2374 et
906 2340 1062 2379 Firmum,
1087 2340 1118 2372 in
1131 2351 1209 2373 eon-

453 2402 565 2442 spectu
585 2395 739 2430 Adriatici
759 2395 861 2435 sinus,
884 2404 978 2427 muro
995 2398 1025 2426 et
1046 2385 1128 2426 fossa
1143 2394 1209 2427 val-

454 2451 568 2491 latum,
595 2450 685 2483 mille
713 2454 744 2483 et
773 2450 857 2482 ultra
882 2447 1011 2481 familiis
1041 2452 1207 2487 constans,

454 2504 486 2539 et
505 2515 523 2538 a
546 2509 688 2547 quatuor
707 2503 804 2544 viris,
829 2501 969 2535 antianis
995 2500 1208 2543 nuncupatis,

455 2558 488 2592 in
507 2557 626 2601 palatio
643 2556 827 2590 communis
843 2566 917 2589 cum
936 2554 1071 2587 honesta
1092 2552 1211 2586 familia

455 2609 691 2650 residentibus,
722 2608 932 2653 gubernatur,
966 2618 1003 2640 ac
1037 2606 1146 2639 multis
1182 2611 1211 2638 et

455 2663 550 2698 variis
569 2662 727 2697 mercium
743 2661 909 2707 apothecis
921 2666 952 2695 et
962 2659 1099 2695 officinis
1114 2660 1212 2693 reser-

1044 270 1225 295 BULLARIUM
1249 270 1401 295 ROMANUM

2011 273 2060 299 An.
2079 271 2107 298 C.
2128 269 2224 309 lti'ssg

1242 328 1323 362 tum,
1347 327 1377 356 et
1402 322 1601 356 diversorum
1621 322 1778 357 Ordinum
1802 324 1946 358 virorum
1967 330 1997 358 et
2194 320 2200 338 ³

1244 376 1418 409 mulierum
1454 377 1672 416 monasteriis,
1700 377 1912 410 conventibus
1941 388 1997 411 seu
2194 381 2214 415 ⁴1

1242 429 1405 470 domibus,
1433 435 1462 462 et
1484 429 1514 462 in
1536 430 1654 473 quibus
1674 431 1776 463 multa
1793 430 1847 474 pia
1863 435 1892 464 et
1913 431 1996 464 cari-

1246 482 1316 514 tatis
1336 493 1434 526 opera
1463 489 1667 523 exercentur,
1695 489 1837 527 quatuor
1869 485 1998 517 confra-

1243 536 1449 569 ternitatihus
1465 542 1493 569 et
1512 547 1576 569 imo
1591 537 1756 580 hospitali,
1773 547 1901 570 necnon
1918 547 1998 579 qua-

1244 589 1423 622 tuordecim
1449 590 1692 633 parochialibus
1717 591 1860 623 ecclesiis
1885 597 1915 623 et
1939 591 1999 624 ho-

1244 643 1387 676 norificis
1408 643 1523 676 incolis
1543 644 1731 677 decoratum
1750 670 1757 684 ‚
1785 644 1907 677 habens
1931 654 2000 677 am-

1244 697 1334 739 plum
1351 696 1564 735 territorium,
1584 697 1638 729 ubi
1658 697 1800 730 familiae
1816 702 1999 731 tercentum

1244 750 1290 782 vel
1316 749 1401 782 circa
1418 750 1611 792 inhabitant,
1639 756 1667 783 et
1689 750 1801 784 decem
1817 756 1846 784 et
1864 756 1936 784 octo
1957 750 2002 784 si-

1244 814 1283 836 ne
1295 814 1373 836 cura
1389 803 1556 844 ecclesiae,
1579 815 1718 848 quarum
1729 805 1894 848 quaelibet
1905 815 2000 838 suum

1245 857 1338 890 habet
1360 863 1532 898 rectorem,
1554 858 1670 898 adsint,
1698 858 1781 892 inter
1806 864 1912 892 cetera
1928 868 2001 902 pro-

1243 910 1366 943 vinciae
1388 917 1516 943 nostrae
1532 911 1691 944 Marehiae
1706 911 1929 945 Anconitanae
1945 921 2001 956 op-

1244 964 1319 1007 pida
1339 963 1515 997 admodum
1545 965 1684 1008 insignia
1714 965 1846 1005 existat,
1873 964 2001 998 noveri-

1244 1029 1381 1062 musque
1402 1018 1524 1051 incolas
1541 1018 1646 1052 eidem
1671 1018 1745 1052 Sedi
1771 1029 1899 1062 semper
1918 1018 2000 1052 fide-

1244 1072 1384 1105 lissimos
1395 1083 1431 1104 ac
1446 1072 1670 1105 devotissimos
1684 1072 1836 1112 extitisse,
1854 1071 2002 1115 dignum,

1244 1125 1322 1169 quin
1344 1126 1451 1169 potius
1476 1125 1634 1165 debitum,
1659 1130 1847 1168 reputamus
1866 1130 1904 1158 ut
1923 1124 1956 1158 in
1967 1135 2003 1158 ea

1244 1179 1334 1211 sedes
1355 1179 1547 1222 episcopalis·
1567 1179 1758 1212 collocetur.
1847 1212 1852 1213 ⁷

1288 1233 1302 1274 g*
1323 1232 1352 1265 2.
1376 1234 1522 1275 Cumque
1554 1233 1744 1276 praesertim
1769 1232 1871 1276 ipsius
1891 1231 2002 1275 oppidi

1245 1285 1451 1326 universitas,
1475 1297 1557 1329 quae
1589 1286 1711 1329 pluries
1745 1285 1837 1318 uobis
1863 1285 2004 1328 desuper
2016 1274 2222 1331 {ffifnssmfflgfiss-{s

1244 1339 1446 1381 supplicarit,
1479 1339 1619 1383 propriis
1654 1339 1808 1383 impensis
1832 1338 2002 1372 eeclesiam
2017 1336 2202 1388 ἓξπζῃεὲζῖῑζ]

1244 1393 1352 1427 Sancti
1378 1393 1513 1435 Benigni
1536 1393 1637 1436 ipsius
1661 1392 1785 1436 oppidi,
1808 1403 1891 1436 quae
1908 1402 2003 1436 paro·
2018 1398 2142 1433 episcopal-3
2168 1398 2200 1418 vui

1245 1447 1359 1480 ehialis
1375 1447 1491 1486 existit,
1514 1446 1539 1479 si
1557 1447 1590 1479 in
1607 1446 1826 1479 cathedralem
1843 1446 2000 1489 erigatur,
2017 1430 2062 1481 iiiii.
2096 1431 2212 1455 mgnum

1247 1511 1309 1533 uua
1330 1511 1403 1533 cum
1427 1500 1496 1533 eius
1521 1501 1618 1533 domo
1644 1510 1704 1543 pro
1729 1499 1875 1544 episcopi
1910 1498 2003 1532 habi-

1245 1554 1365 1587 tatione
1391 1553 1548 1598 ampliare
1569 1559 1600 1586 et
1620 1563 1737 1586 ornare
1764 1553 1911 1596 pollicita
1938 1557 2001 1593 est,

1246 1613 1276 1641 et
1304 1607 1417 1640 validis
1436 1607 1688 1650 obligationibus
1713 1606 1900 1651 spopondit:
1927 1616 2004 1639 nec-

1246 1672 1310 1694 non
1349 1661 1450 1705 ipsam
1490 1661 1709 1694 cathedralem
1753 1660 1940 1702 erigendam
1970 1660 2004 1692 in

1246 1715 1345 1748 scutis
1361 1714 1479 1747 annuis
1499 1719 1697 1754 sexcentum,
1727 1718 1758 1746 et
1789 1713 1949 1746 fructibus
1974 1718 2006 1746 et

1247 1768 1439 1809 redditibus,
1467 1779 1523 1801 seu
1544 1774 1723 1809 terrarum,
1750 1767 2004 1800 tenimentorum

1248 1821 1308 1864 ipsi
1325 1821 1480 1855 eeclesiae
1497 1821 1669 1864 erigendae
1691 1820 1879 1854 solemniter
1899 1820 2005 1854 consi-

1247 1881 1419 1921 gnatorum
1439 1903 1446 1916 ,
1488 1876 1585 1907 unius
1613 1875 1763 1908 videlicet
1803 1874 2006 1917 septuaginta

1248 1941 1300 1963 sex
1327 1931 1359 1962 in
1377 1930 1533 1962 contr-ada
1553 1929 1639 1962 dicta
1658 1929 1692 1962 cle?
1714 1928 1805 1970 Coeo,
1829 1934 1859 1961 et
1872 1928 2006 1961 alterius

1249 1983 1463 2027 eapacitatum
1481 1988 1610 2016 centum
1626 1988 1655 2016 et
1672 1982 1802 2025 trigissta
1818 1983 2006 2022 salinarum,
2021 2002 2029 2008 -

1249 2048 1420 2070 mensurae
1449 2037 1578 2069 illarum
1606 2035 1766 2080 partium,
1790 2036 1824 2068 in
1852 2035 2007 2069 contrada

1249 2090 1451 2123 Guardianae
1477 2096 1505 2123 et
1528 2089 1691 2123 territorio
1720 2089 1797 2122 dicti
1818 2089 1944 2133 oppidi,
1967 2088 2007 2122 ad

1250 2145 1352 2188 ipsam
1378 2144 1620 2177 universitatem
1646 2142 1862 2187 spectantium
1887 2147 1918 2175 et
1936 2152 2008 2186 per-

1250 2197 1436 2238 tinentium,
1459 2198 1590 2238 dotavit,
1618 2203 1649 2230 et
1670 2207 1735 2230 una
1759 2207 1834 2229 cum
1856 2195 2008 2230 consilia-

1250 2252 1306 2284 riis
1325 2251 1404 2285 dicti
1425 2251 1549 2295 oppidi,
1567 2251 1623 2295 qui
1645 2256 1677 2284 ut
1703 2250 1822 2293 singuli
1842 2250 1882 2283 ad
1911 2249 1944 2282 id
1975 2259 2009 2289 se

1251 2305 1483 2348 obligaverunt,
1498 2314 1627 2337 mensae
1643 2303 1818 2348 episcopali
1836 2302 2008 2346 erigendae

1251 2358 1405 2392 ecclesiae
1431 2358 1619 2391 huiusmodi
1654 2357 1687 2390 in
1715 2356 1947 2401 proprietatem
1977 2360 2008 2389 et

1252 2413 1284 2445 in
1300 2417 1496 2456 perpetuum
1512 2410 1694 2453 assignavit.
2220 2442 2223 2443 ⁷

1296 2462 1310 2504 ἓ
1330 2460 1361 2494 3.
1384 2460 1458 2501 Nos,
1481 2461 1536 2504 qui
1562 2460 1687 2492 dudum
1719 2459 1804 2491 inter
1827 2457 1889 2490 alia
1907 2456 2007 2490 volui·
2036 2470 2119 2491 ameno
2135 2470 2153 2489 d.
2171 2448 2227 2496 ops

1253 2521 1324 2543 mus
1343 2510 1429 2553 quod
1450 2514 1596 2553 petentes
1610 2507 1768 2541 beneficia
1788 2505 2006 2540 ecclesiastica
2022 2502 2071 2556 ἓξὲξ
2088 2508 2109 2552 Ηζ
2132 2501 2234 2553 ξὲζζξ-’ῥ

1252 2559 1322 2592 aliis
1336 2559 1437 2599 uniri,
1455 2563 1645 2591 tenerentur
1661 2556 1841 2600 exprimere
1859 2565 2005 2588 annuum
2021 2565 2064 2585 sine
2079 2564 2099 2584 s.
2119 2557 2218 2589 Benignl'

1251 2608 1394 2641 valorem
1422 2607 1517 2640 etiam
1542 2605 1693 2639 beneficii
1722 2604 1774 2638 cui
1800 2603 1887 2637 aliud
1919 2602 2006 2635 uniri
2020 2594 2135 2652 ζξῃξζῗξζῖ
2159 2600 2208 2651 Ἓξ
2222 2611 2227 2614 ·

1252 2661 1427 2701 peteretur,
1453 2662 1483 2690 et
1502 2665 1630 2699 semper
1654 2655 1687 2687 in
1711 2652 1889 2687 unionibus
1914 2662 2005 2685 com·
2022 2654 2229 2684 mmmmm-v

2043 1243 2134 1270 Eiusque
2157 1243 2201 1262 uni·
2220 1255 2223 1258 ι
