2237 3100
36 264 38 266 ’
75 271 122 295 An.
141 267 169 292 C.
190 265 256 292 ¹569

81 2317 200 2338 Contrarias
216 2322 266 2338 con-

82 2349 193 2369 censione:
217 2349 265 2370 irri-

945 265 1012 289 rlt's
1035 264 1053 286 V
1078 264 1124 287 Pr.

1709 254 1772 287 773
1836 266 1871 290 An
1896 266 1924 289 (τ.
1946 265 2012 291 ¹569

273 316 428 361 niumque
448 316 694 349 incontrarium
711 322 763 349 aut
784 317 1019 360 praeiudicium
1067 322 1191 349 rectore
1213 322 1238 348 et
1271 316 1396 348 dilectis
1417 316 1491 348 tiliis
1512 316 1670 359 patribus‚
1704 317 1816 360 capiti-

273 370 403 403 illorum
423 381 479 403 seu
497 371 755 414 congregationis
773 371 972 407 liuiusmmli,
988 383 1023 410 ae

272 424 468 464 litterarum,
491 424 588 457 etiam
609 425 642 457 in
668 426 770 457 forma
791 425 908 465 brevis,
927 425 1022 458 etiam

273 483 362 511 motu
390 478 524 523 proprio
543 479 592 512 vel
612 478 691 511 alias
707 479 954 522 quomodolibet
971 479 1025 511 de-

272 543 370 575 super
389 543 617 565 concessorum
629 538 769 573 tenores,
782 543 817 565 ae
831 532 855 564 si
869 533 908 566 de
927 533 1024 565 verbo

272 585 311 618 ad
331 585 478 625 verbum,
511 585 592 618 nibil
622 586 751 629 penitus
779 586 911 625 omisso,
942 586 1026 618 inse-

274 643 424 672 rerentur
454 639 690 683 praesentibus,
713 650 772 683 pro
792 639 949 683 expressis
970 641 1026 672 ha-

273 693 397 733 bentes,
421 698 510 726 motu
531 693 642 734 simili,
660 704 725 726 non
743 694 782 726 ad
806 694 951 737 ipsorum
977 705 1026 727 re-

273 746 371 779 ctoris
388 751 419 779 et
439 747 671 780 canonicorum
687 748 737 780 rel
757 747 894 780 alicuius
912 757 1025 780 eorum

273 806 327 834 aut
347 801 537 844 quorumvis
558 800 697 834 aliorum
718 813 777 845 pro
799 801 844 834 eis
865 801 959 835 nobis
975 813 1027 834 su-

272 865 331 898 per
346 854 409 888 hoc
425 855 552 888 oblatae
568 855 734 899 petitionis
751 856 950 891 instantiam,
971 856 1026 888 sed

276 919 312 941 ex
333 914 421 942 certa
454 908 589 942 scientia
609 915 641 942 et
668 920 758 942 mera
793 909 1027 943 deliberatione

273 963 410 1004 nostris,
448 963 640 996 auctoritate
676 963 853 1007 apostolica
866 991 874 1004 ,
914 970 1026 997 tenore

272 1017 506 1060 praesentium,
529 1023 689 1061 perpetuo
710 1028 822 1050 omnes
843 1023 871 1051 et
884 1018 1027 1061 singulas

273 1071 521 1104 constitutiones
550 1081 585 1103 ae
607 1071 688 1104 ritus
710 1076 738 1104 et
758 1082 864 1104 mores
900 1072 1027 1116 aliaque

273 1124 436 1168 regularia
455 1124 557 1168 ipsius
586 1125 846 1169 congregationis
868 1126 1025 1163 instituta,

273 1179 380 1221 quoad
393 1189 430 1212 ea
445 1189 529 1222 quae
542 1178 641 1211 sacris
655 1179 834 1212 canonibus
846 1185 874 1212 et
891 1180 1028 1213 decretis

273 1232 403 1265 concilii
432 1231 614 1265 Tridentini
641 1233 804 1265 contraria
841 1244 904 1265 non
940 1240 1026 1273 sunt,
1049 1240 1051 1253 ²

274 1286 318 1319 ita
337 1286 426 1330 quod
454 1291 562 1319 rector
581 1291 609 1319 et
632 1286 780 1319 canonici
802 1287 959 1330 praedicti
997 1288 1027 1320 in

273 1339 536 1384 processionibus
557 1345 586 1372 et
609 1339 733 1373 actibus
760 1340 900 1384 publicis
936 1352 1029 1385 prae-

274 1394 402 1435 cedant,
424 1399 522 1438 prout
543 1399 638 1427 antea
657 1394 744 1427 soliti
766 1400 874 1435 erant3
903 1406 1029 1428 necnon

275 1447 512 1488 concessiones,
531 1447 663 1491 gratias,
676 1447 845 1492 privilegia
863 1455 891 1482 et
905 1449 1031 1482 indulta

275 1502 352 1547 ipsis
373 1501 617 1545 congregationi
638 1512 674 1535 ac
691 1502 810 1535 rectori
824 1508 851 1535 et
866 1503 1030 1537 canonicis

276 1566 335 1601 per
345 1567 571 1600 quoscumque
581 1556 744 1590 Romanos
755 1557 928 1591 Pontifices
939 1569 1032 1601 prac-

276 1611 462 1644 decessores
481 1616 609 1643 nostros
630 1621 666 1643 ac
686 1621 745 1644 nos
763 1616 791 1644 et
811 1611 927 1644 Sedem
945 1623 1032 1645 eam-

275 1664 362 1705 dem,
383 1663 611 1708 principaliter
631 1663 696 1698 sive
713 1665 866 1708 perviam
885 1676 1032 1699 commu-

275 1717 448 1751 nicationis
473 1723 527 1751 ant
561 1718 639 1751 alias
674 1719 921 1762 quomodolibet
956 1730 1032 1753 con-

276 1782 377 1812 cessa,
414 1772 660 1813 confirmamus,
698 1783 735 1805 ac
768 1772 823 1806 illa
859 1773 898 1806 de
935 1784 1029 1814 novo,

277 1836 405 1859 necnon
426 1826 523 1859 etiam
544 1826 655 1859 onmia
675 1826 737 1859 alia
757 1838 816 1870 per
836 1826 922 1870 ipsos
940 1838 1033 1871 prae—

278 1880 464 1913 decessores
486 1891 522 1913 ac
542 1891 600 1914 nos
627 1881 795 1924 quibusvis
807 1880 982 1914 Ordinibus
1003 1888 1030 1914 et

277 1933 511 1977 Religionibus,
523 1934 621 1966 etiam
634 1934 770 1967 fratrum
780 1934 1031 1967 Illexulicantium

277 1988 434 2020 hactenus
451 1988 697 2031 quomodolibet
719 1999 883 2029 concessa,
903 1994 929 2021 et
951 2000 1033 2032 quae

279 2041 319 2074 de
345 2046 455 2075 cetero
472 2041 706 2082 concedentur,
726 2042 847 2075 eisdem
872 2042 989 2075 rectori
1002 2048 1029 2075 et

279 2095 445 2129 canonicis
477 2106 513 2127 ac
534 2095 779 2139 congregationi
799 2096 938 2139 gratiose
958 2107 1034 2129 con-

279 2149 438 2191 cedimus,
461 2160 497 2182 ac
516 2149 709 2182 confirmata
729 2155 759 2183 et
789 2160 940 2183 concessa
966 2161 1033 2183 esse

279 2204 353 2238 volu
357 2214 428 2236 mus
435 2229 440 2236 .

325 2259 340 2302 ἓ
359 2257 392 2292 3.
410 2258 543 2291 Necnon
563 2257 683 2298 omnia,
705 2258 801 2291 etiam
821 2269 880 2302 per
896 2260 1034 2303 praede-

281 2323 424 2346 cessores
440 2312 625 2356 praedictos
637 2318 669 2346 et
679 2323 748 2354 nos,
763 2312 860 2346 etiam
871 2324 930 2357 per
941 2325 1035 2357 quas-

280 2377 434 2410 cumque,
458 2366 555 2400 etiam
575 2366 609 2399 in
630 2366 734 2399 forma
753 2366 876 2405 brevis,
898 2367 1032 2409 litteras,

279 2421 314 2454 in
334 2420 535 2454 contrarium
556 2420 823 2464 praemissorum,
858 2432 914 2454 seu
935 2421 1035 2465 ipsius

280 2470 542 2514 congregationis
574 2475 603 2503 et
648 2469 893 2513 privilegiorum
930 2471 1035 2504 eidem

280 2530 509 2554 concessorum
557 2519 797 2562 praeiudicium
831 2521 1037 2563 quomodoli-

279 2569 334 2602 bet.
373 2569 470 2602 etiam
506 2569 662 2601 hactenus
699 2579 851 2601 concessa
868 2596 875 2609 ,
908 2580 1037 2603 revoca-

281 2629 365 2659 mus,
388 2618 556 2651 irritamus
577 2624 606 2651 et
627 2619 846 2659 annullamus,
875 2629 911 2651 ac
946 2619 1037 2653 irrita

282 2672 313 2700 et
331 2668 421 2701 nulla
445 2679 527 2709 esse;
549 2678 677 2702 necnon
710 2667 867 2712 quicquid
900 2679 918 2701 a
949 2668 1035 2702 dicto

1066 371 1124 403 luis
1136 369 1395 414 congregationis
1408 369 1595 402 huiusmodi
1609 370 1815 414 nuncupatis,

1067 426 1185 457 sactum
1221 435 1277 458 seu
1307 424 1476 457 definitum
1513 423 1620 464 suerit,
1655 424 1815 457 observari

1066 479 1224 519 volumus,
1245 489 1280 511 ac
1302 484 1459 522 perpetuo
1479 478 1650 511 statuimus
1671 484 1699 511 et
1732 479 1818 511 ordi-

1068 543 1193 565 namus.

1112 587 1126 630 ξ
1146 587 1176 619 li.
1202 587 1237 619 Et
1268 586 1325 627 sic,
1350 586 1382 618 in
1399 586 1584 630 praemissis
1605 585 1756 619 omnihus
1788 593 1814 619 ct
1860 598 1882 618 Et
1899 602 1956 632 11:301
1974 604 2018 632 unq

1067 640 1214 683 singulis,
1232 651 1290 684 per
1304 651 1527 683 quoscumque
1540 639 1664 673 iudices
1684 645 1712 672 et
1731 651 1819 673 com-
1833 629 2018 685 3222m¹2⁰³¹⁰³¹⁷¹

1069 694 1244 734 missarios,
1281 694 1392 737 quavis
1413 693 1603 727 auctoritate
1636 694 1816 738 fungentes,

1069 747 1165 779 etiam
1183 758 1352 780 causarum
1372 748 1484 780 Palatii
1502 747 1676 791 Apostolici
1695 747 1820 781 audito-

1070 812 1119 833 res
1139 812 1174 833 ac
1196 801 1227 834 S.
1246 801 1283 834 R.
1304 802 1338 834 E.
1359 802 1551 841 cardinales,
1570 801 1695 834 sublata
1719 801 1764 834 cis
1791 807 1819 834 et

1070 865 1182 888 eorum
1200 855 1330 888 cuilibet
1354 855 1465 898 quavis
1486 856 1580 889 aliter
1600 855 1765 888 iudicandi
1791 863 1818 888 et

1070 909 1305 953 interpretamli
1328 910 1478 942 facultate
1500 915 1527 942 et
1547 909 1751 950 auctoritate,
1775 909 1822 942 iu—

1070 963 1171 996 dicari
1193 969 1221 996 ct
1243 963 1515 1002 definiridcbere3
1536 974 1571 996 ac
1583 963 1608 997 si
1620 974 1712 996 secus
1723 974 1823 1006 super

1069 1017 1119 1049 his
1136 1028 1153 1050 a
1175 1027 1353 1060 quoquam,
1371 1016 1481 1059 quavis
1495 1016 1698 1057 auctoritate,
1717 1016 1821 1049 scien—

1070 1077 1119 1104 ter
1138 1071 1186 1103 rel
1221 1071 1420 1113 ignoranter,
1455 1070 1605 1103 attentari
1638 1070 1820 1113 eontigerit,

1070 1124 1200 1157 irritum
1219 1130 1247 1157 et
1260 1124 1355 1157 inane
1367 1124 1634 1164 decerninu1s3ac
1651 1125 1695 1158 ita
1706 1125 1823 1158 mentis

1071 1184 1100 1211 et
1122 1179 1296 1212 voluntatis
1316 1184 1444 1211 nostrae
1463 1178 1737 1212 incommutabilis
1755 1190 1823 1213 esse

1071 1234 1219 1266 volumus
1241 1238 1269 1265 et
1292 1233 1505 1265 declaramus.

1117 1289 1131 1331 ξ
1152 1287 1182 1319 5.
1206 1286 1364 1326 Quocirca
1385 1286 1560 1319 venerabili
1596 1286 1687 1320 fratri
1712 1294 1822 1322 nostro
1891 1298 2022 1319 Executores

1072 1341 1224 1385 episcopo
1246 1340 1398 1373 Amerino
1411 1346 1439 1373 et
1459 1340 1584 1373 dilectis
1595 1340 1712 1374 siliisS.
1726 1340 1824 1375 Geor-
1838 1330 1925 1381 {¹1:¹12ssss
1942 1331 2023 1387 ᾛῗζ.

1071 1395 1114 1438 gii
1127 1395 1254 1428 Maioris
1262 1394 1482 1434 Venetiarum,
1497 1405 1533 1426 ac
1543 1393 1677 1428 Sanctae
1693 1395 1823 1429 lustince
1838 1395 1875 1417 ¹³²³

1072 1450 1256 1489 Paduanae‚
1276 1448 1548 1481 monasteriorum
1566 1448 1747 1491 abbatibus,
1767 1461 1825 1493 per

1074 1503 1250 1547 apostolica
1275 1502 1395 1546 scripta
1421 1507 1510 1534 motu
1533 1501 1603 1546 pari
1632 1503 1824 1536 mandamus

1074 1563 1234 1601 quatenus
1254 1556 1315 1600 ipsi
1339 1556 1388 1589 vel
1410 1556 1475 1588 duo
1503 1561 1556 1589 aut
1583 1567 1666 1589 unus
1696 1567 1821 1595 eorum.

1074 1622 1132 1655 per
1149 1621 1182 1644 se
1198 1611 1247 1644 vel
1265 1610 1364 1643 alium
1386 1620 1441 1643 seu
1459 1609 1551 1650 alios,
1569 1616 1755 1653 praesentes
1775 1611 1826 1645 lit-

1074 1671 1158 1698 teras
1179 1670 1210 1697 et
1227 1664 1260 1697 in
1278 1664 1323 1697 eis
1343 1669 1495 1697 contenta
1512 1674 1751 1708 quaecumque,
1769 1665 1824 1698 ubi

1074 1724 1105 1752 et
1125 1718 1214 1762 quod
1235 1728 1317 1762 opus
1334 1717 1443 1758 fuerit,
1463 1728 1497 1750 ac
1516 1718 1642 1762 quoties
1659 1729 1718 1762 pro
1734 1724 1826 1763 parte

1052 1772 1209 1822 'rectoris
1244 1778 1272 1805 et
1312 1772 1546 1805 canonicorum
1582 1773 1825 1816 praedictorum

1075 1827 1193 1860 suerint
1213 1826 1374 1870 requisiti,
1403 1826 1592 1859 solemniter
1614 1827 1826 1870 publicantes,

1075 1892 1111 1913 ac
1132 1881 1195 1913 illis
1223 1886 1251 1914 et
1273 1881 1405 1913 illorum
1422 1880 1557 1923 singulis
1589 1880 1622 1913 in
1643 1881 1827 1924 praemissis

1076 1935 1216 1968 efficacis
1237 1934 1434 1968 defensionis
1454 1935 1618 1978 praesidio
1630 1935 1826 1975 assistentes,

1077 1988 1206 2029 saciant,
1230 1988 1422 2021 auctoritate
1439 1994 1561 2028 nostra,
1580 1988 1757 2032 praemissa
1775 1989 1830 2021 ol]-

1075 2042 1208 2082 servari,
1231 2053 1267 2075 ac
1288 2047 1448 2075 rectorem
1466 2047 1494 2075 et
1514 2042 1687 2075 canonicos
1704 2042 1831 2086 praedi-

1076 2102 1144 2130 ctos
1164 2096 1425 2137 confirmatione,
1445 2096 1666 2138 concessione,
1686 2098 1831 2131 volunta-

1076 2151 1173 2191 tibus,
1212 2156 1343 2192 statuto,
1381 2151 1599 2191 ordinatione,
1637 2151 1768 2184 decreto
1801 2157 1829 2184 et

1077 2206 1297 2239 declaratione
1325 2205 1513 2238 huiusmodi
1540 2204 1673 2248 pacifice
1706 2205 1768 2238 srui
1801 2211 1829 2238 et

1077 2260 1218 2303 gaudere
1233 2271 1238 2293 z
1262 2270 1327 2293 non
1344 2259 1567 2304 permittentes
1580 2269 1634 2291 cos
1651 2264 1679 2292 et
1698 2258 1830 2292 illorum

1077 2313 1220 2357 singulos
1238 2314 1378 2357 desuper
1394 2323 1453 2357 per
1469 2322 1705 2356 quoscumque,
1719 2318 1831 2346 contra

1078 2368 1299 2411 [waesentium
1332 2373 1491 2406 tenorem,
1514 2366 1758 2409 quomodolibet
1784 2367 1832 2400 in-

1078 2421 1184 2455 debite
1210 2421 1387 2461 molestari,
1411 2420 1595 2464 perturbari
1628 2425 1679 2453 aut
1702 2419 1829 2464 inquie-

1078 2470 1160 2511 tari,
1179 2470 1436 2503 contradictores
1457 2469 1615 2512 quoslibet
1638 2474 1669 2502 ct
1695 2469 1831 2502 rebelles

1080 2531 1115 2553 ac
1133 2519 1319 2563 praemissis
1340 2529 1404 2551 non
1424 2524 1586 2562 parentes,
1609 2529 1668 2562 per
1679 2528 1832 2551 censuras

1081 2575 1109 2603 et
1131 2580 1252 2613 poenas
1288 2568 1521 2601 ecclesiasticas
1541 2578 1578 2600 ae
1612 2567 1708 2600 etiam
1734 2578 1831 2612 pecu—

1080 2618 1212 2659 nim-ias,
1231 2619 1377 2662 ipsorum
1407 2618 1455 2650 vel
1478 2616 1647 2650 cuiuslibet
1684 2617 1828 2661 ipsorum

1079 2678 1193 2702 eorum
1214 2667 1348 2701 arbitrio
1369 2667 1594 2711 imponendas,
1613 2667 1830 2701 moderandas
