2237 3100
220 302 268 329 An.
286 301 314 327 C.
335 301 402 328 1552

248 1557 366 1579 Exordium.

250 2309 320 2336 Aliqui
340 2314 409 2330 enun-

224 2341 306 2361 eiamur
323 2340 410 2360 Pontifi-

224 2377 275 2397 ces,
292 2372 326 2398 qui
342 2372 411 2398 privi-

223 2402 280 2428 legia
294 2408 412 2423 concesse-

223 2436 282 2454 runt.

464 286 528 319 184

464 350 499 382 In
522 347 672 382 omnibus
700 347 827 380 casibus
856 344 1026 390 praedictis
1053 349 1081 376 et
1104 342 1172 375 aliis

420 401 662 446 quomodolibet
673 399 945 443 contingentibus,
960 408 1018 441 pro
1031 407 1172 439 paupere

420 455 500 488 nihil
521 454 650 499 penitus
675 453 863 497 recipiatur,
878 457 905 483 et
924 451 961 483 de
983 454 1173 493 paupertate

422 514 525 541 stetur
549 507 698 540 relationi
720 505 841 539 domini
863 503 1006 537 advocati
1027 503 1074 535 vel
1100 513 1173 546 pro—

422 560 564 595 curatori
585 570 783 604 pauperum:
807 563 833 590 et
867 557 922 589 ubi
947 567 1029 599 opus
1058 556 1171 595 suerit,

421 615 492 647 loco
522 613 633 657 copiae
646 611 834 644 inditiorum
854 610 902 642 vel
919 609 1051 649 iurium,
1072 614 1175 641 osten-

422 665 717 708 danturoriginalia
733 664 792 708 ipsi
814 663 946 696 domino
964 663 1116 695 advocato
1126 663 1174 694 vel

423 718 627 765 procuratori
647 718 809 750 dictorum
830 726 1012 760 pauperum
1033 715 1142 759 gratis.

746 885 847 919 LXIII.

420 964 612 1007 Privileyia,
638 964 764 1006 qratias
789 967 817 995 et
846 962 975 995 indulca
996 972 1055 1005 per
1078 961 1175 993 Sunt-

467 1028 532 1049 mos
551 1017 737 1059 Pontifices,
752 1017 790 1049 ab
808 1016 999 1048 Innocentio
1012 1015 1052 1048 II
1080 1025 1176 1058 nsque

465 1071 507 1104 ad
531 1070 654 1103 Iulium
678 1069 738 1102 III
753 1070 914 1108 inclusive,
936 1079 1080 1101 concessa
1102 1079 1175 1100 con,-

465 1124 648 1168 97·69ati0ni
686 1122 924 1156 Canonicormn
968 1122 1177 1164 Reqularium

464 1177 733 1210 Luteranensiunz
756 1176 911 1218 approbat
937 1179 965 1208 et
990 1176 1174 1218 confirmat,

464 1231 562 1264 sicuti
582 1231 681 1263 etiam
689 1240 749 1272 pro
761 1230 840 1261 bono
856 1229 1116 1271 congyreslationis
1127 1239 1176 1260 re-

461 1284 586 1327 yimz'ne
602 1287 727 1316 statuta
746 1282 833 1315 edita
859 1293 895 1314 ac
916 1282 1037 1314 edenda
1058 1286 1086 1314 et
1103 1293 1176 1325 pro-

469 1337 647 1380 mulyanda
667 1336 694 1369 1.

448 1417 511 1446 Pius
534 1417 605 1453 Papa
623 1417 665 1449 lv.
689 1417 722 1444 ad
739 1417 901 1452 perpetuam
919 1415 961 1444 rei
979 1415 1145 1443 memoriam.

467 1489 638 1523 Pastoralis
650 1489 746 1522 officii
759 1499 835 1521 cura
847 1488 951 1528 nobis,
964 1488 1088 1521 meritis
1104 1488 1179 1521 licet

423 1543 602 1588 imparibus
617 1570 623 1583 ‚
638 1554 674 1577 ex
694 1544 758 1576 alto
779 1542 962 1582 commissa,
986 1552 1044 1575 nos
1064 1541 1179 1575 excitat

423 1603 454 1631 et
474 1597 598 1630 inducit
633 1602 669 1629 ut
705 1596 791 1629 circa
817 1601 935 1628 statum
963 1605 1176 1640 personarum

424 1650 715 1684 ecclesiasticarum
742 1650 973 1693 quarumlibet,
988 1649 1178 1692 praesertim

425 1704 484 1737 sub
499 1703 584 1737 suavi
607 1703 782 1746 Religionis
799 1703 872 1746 iugo
890 1702 994 1736 studio
1011 1702 1082 1746 piae
1098 1702 1178 1734 vitae

424 1756 620 1796 vacantium,
635 1757 806 1790 salubriter
821 1756 1025 1800 dirigendum
1035 1755 1179 1800 operosis

424 1811 537 1844 studiis
563 1809 680 1853 iugiter
704 1810 925 1849 intendamus3
956 1821 991 1842 ac
1012 1809 1067 1849 iis,
1097 1819 1179 1852 quae

425 1869 597 1909 propterea
627 1863 839 1908 praecessisse
867 1863 1039 1902 dicuntur,
1063 1868 1098 1895 ut
1123 1863 1178 1895 fir-

426 1917 527 1950 miora
556 1917 739 1962 persistant,
768 1928 842 1950 cum
864 1928 881 1949 a
908 1917 1001 1949 nobis
1036 1916 1177 1960 petitur,

425 1971 593 2015 apostolici
619 1971 809 2004 muniminis
837 1970 1034 2014 praesidium
1056 1970 1178 2013 impar-

425 2025 565 2065 tiamur,
599 2024 741 2069 aliasque
777 2025 915 2068 desuper
947 2023 1177 2067 disponamus,

426 2084 534 2122 prout,
548 2079 695 2112 locorum
708 2083 932 2122 ettemporum
941 2077 1095 2121 qualitate
1104 2088 1180 2121 pen-

426 2137 512 2171 sata,
544 2131 576 2165 in
601 2131 738 2165 Domino
766 2130 985 2175 conspicimus
1010 2130 1182 2164 salubriter

426 2185 586 2229 expedire.

470 2239 484 2281 ξ
505 2238 536 2271 1.
560 2239 642 2272 Sane
663 2238 801 2271 dilectus
817 2238 902 2271 filius
918 2238 1052 2271 Iacobus
1069 2238 1181 2271 Ferra-

426 2292 552 2332 riensis,
570 2292 808 2325 Canonicorum
820 2291 1028 2334 Regularium
1054 2291 1181 2324 Ordinis

426 2344 534 2378 Sancti
563 2345 750 2388 Augustini,
777 2344 1035 2387 congregationis
1055 2344 1181 2377 Domini

427 2398 598 2431 Salvatoris
614 2398 704 2441 prior
718 2397 889 2440 generalis,
900 2397 995 2430 'nobis
1011 2408 1117 2441 nuper
1128 2408 1181 2430 ex-

429 2451 536 2494 posuit
571 2452 658 2494 quod
687 2451 788 2484 felicis
816 2450 1051 2483 recordationis
1084 2450 1180 2483 Inno-

428 2503 552 2537 centius
572 2504 616 2543 II,
639 2504 801 2546 Eugenius
821 2505 878 2543 III,
909 2503 1095 2536 Anastasius
1122 2504 1179 2541 lv,

428 2615 457 2643 et
482 2609 645 2643 Honorius
670 2608 817 2643 similiter
842 2610 897 2650 111,
925 2610 1098 2652 Gregorius
1123 2610 1180 2650 IX,

466 2677 476 2703 l
495 2675 534 2702 Ex
554 2676 619 2703 Bull.
641 2676 704 2704 Can.
723 2675 823 2708 Later„
845 2679 908 2703 toni.
931 2682 949 2708 1,
973 2683 1030 2711 pag.
1053 2676 1109 2704 ¹56,

1017 288 1196 314 BFLLARIUM
1219 287 1370 312 ROMANUM

1213 341 1387 384 Gregorius
1406 340 1476 381 XII,
1500 340 1654 373 Martinus
1672 340 1706 380 V,
1733 338 1897 382 Eugenius
1916 337 1965 378 IV,

1214 394 1362 428 Callistus
1388 394 1446 434 III,
1478 394 1553 426 Pius
1578 393 1619 433 II,
1644 393 1763 426 Paulus
1789 398 1819 425 et
1836 392 1903 435 ipse
1928 391 1965 431 ll,

1215 447 1378 485 SixtusIV,
1399 446 1607 479 Innocentius
1630 446 1705 486 VIII,
1720 445 1898 478 Alexander
1916 445 1966 485 Vt,

1215 501 1314 533 lulius
1335 501 1372 539 II,
1394 499 1542 532 Clemens
1560 499 1629 539 VII,
1650 499 1770 531 Paulus
1790 499 1845 538 ΙΙΙ,
1867 498 1969 531 Iulius

1216 554 1311 586 ctiam
1332 553 1370 585 Ill
1395 564 1431 585 ac
1444 552 1558 585 diversi
1574 552 1628 584 alii
1646 551 1784 585 Romani
1798 551 1970 584 Pontifices

1216 607 1482 651 praedecessores
1508 605 1609 638 nostri
1635 605 1756 638 diversa
1784 604 1967 648 privilegia,

1216 660 1345 703 gratias,
1360 660 1539 697 facultates,
1559 658 1778 691 immunitates
1790 664 1817 690 et
1831 657 1968 697 indulta,

1218 720 1284 746 tum
1307 711 1792 757 spiritualia,tunitemporalia‚
1815 716 1880 744 tam
1892 721 1970 744 con-

1216 766 1394 810 gregationi
1434 765 1665 799 canonicorum
1706 764 1968 808 praedictorum,

1217 831 1314 863 quani
1341 830 1455 852 eorum
1477 818 1680 852 monasteriis
1700 824 1731 851 et
1752 817 1822 851 aliis
1842 819 1971 862 regula-

1218 874 1307 907 ribus
1319 874 1397 907 locis
1416 884 1452 906 ac
1468 872 1616 917 personis
1632 882 1690 916 per
1706 871 1845 905 diversas
1856 882 1971 906 eorum

1218 927 1340 960 litteras
1376 931 1603 960 concesserunt
1634 936 1671 958 ac
1691 925 1908 967 indulserunt3
1935 937 1972 960 ac

1219 981 1351 1024 praefati
1373 980 1650 1024 praedecessores,
1669 989 1725 1011 seu
1743 989 1856 1011 eorum
1872 979 1972 1023 aliqui

1219 1034 1463 1066 constitutiones
1494 1031 1751 1075 congregationis
1770 1031 1970 1074 huiusmodi,

1219 1087 1312 1119 etiam
1357 1098 1410 1119 eas
1444 1086 1563 1130 quibus
1593 1090 1724 1118 cavetur
1753 1095 1903 1128 expresse
1931 1096 1973 1119 ne

1218 1140 1380 1182 generalia
1410 1145 1526 1172 statuta
1546 1139 1593 1171 vel
1615 1138 1736 1171 diutius
1760 1149 1819 1182 per
1838 1139 1973 1173 eandem

1220 1193 1502 1237 congregationem
1516 1193 1701 1225 observatae
1717 1196 1747 1224 et
1758 1192 1975 1226 communiter

1220 1247 1416 1291 approbatae
1438 1245 1701 1285 consuetudines,
1714 1250 1813 1288 etper
1832 1245 1976 1289 priorem

1219 1300 1402 1342 generalem
1424 1305 1478 1332 aut
1512 1299 1692 1331 visitatores
1717 1298 1976 1342 congregationis

1220 1353 1320 1397 ipsius
1345 1353 1412 1386 ullo
1442 1352 1539 1385 modo
1568 1351 1745 1392 immutari,
1773 1362 1829 1385 seu
1850 1352 1912 1385 alia
1936 1352 1976 1386 de

1220 1417 1301 1439 novo
1322 1406 1371 1439 edi
1387 1407 1434 1439 vel
1456 1405 1579 1439 institui
1600 1410 1732 1449 queant,
1754 1415 1814 1438 nec
1834 1404 1872 1438 de
1893 1416 1974 1438 novo

1220 1460 1302 1493 edita
1321 1461 1371 1493 vel
1399 1460 1543 1493 instituta
1570 1459 1633 1491 vim
1659 1458 1896 1492 constitutionis
1916 1460 1974 1492 ha-

1219 1514 1326 1554 beant,
1350 1514 1408 1547 nisi
1435 1513 1525 1558 prius
1545 1524 1562 1545 a
1582 1513 1709 1546 duabus
1729 1523 1766 1545 ex
1784 1506 1974 1546 tribuflle-

1221 1572 1347 1600 ctorum
1368 1567 1515 1611 partibus
1534 1567 1566 1599 in
1587 1566 1690 1600 tribus
1706 1565 1856 1610 capitulis
1876 1576 1974 1609 gene-

1221 1621 1353 1661 ralibus,
1381 1620 1534 1654 continue
1545 1620 1770 1654 etimmediate
1791 1620 1972 1662 celebratis,

1220 1674 1397 1718 approbata
1417 1680 1445 1707 et
1468 1675 1659 1708 confirmata
1676 1674 1806 1714 suerint,
1827 1684 1976 1718 compro-

1220 1728 1337 1760 barunt
1359 1733 1386 1760 et
1405 1728 1652 1768 confirmarunt3
1665 1739 1702 1761 ac
1714 1732 1824 1772 postea
1835 1728 1976 1761 nonnul-

1222 1783 1267 1814 las
1298 1780 1391 1813 etiam
1421 1781 1499 1815 alias
1529 1782 1795 1823 constitutiones,
1828 1793 1911 1825 quae
1935 1782 1975 1815 ad

1222 1835 1386 1878 religionis
1425 1836 1661 1868 incrementum
1690 1840 1721 1868 et
1741 1836 1974 1870 canonicorum

1221 1889 1424 1933 aliarumque
1464 1900 1676 1934 personarum
1717 1890 1976 1932 congregationis

1222 1942 1365 1976 eiusdem
1396 1942 1660 1987 tranquillitatem
1676 1969 1683 1983 ,
1711 1943 1920 1977 commodum
1945 1948 1977 1978 et

1222 1996 1391 2029 utilitatem
1413 1997 1517 2029 facere
1537 1996 1735 2036 viderentur,
1757 2007 1816 2041 per
1840 1997 1901 2031 tria
1921 2009 1976 2032 ca-

1222 2050 1322 2093 pitula
1338 2050 1500 2092 generalia
1512 2050 1570 2082 rite
1592 2055 1621 2083 et
1633 2049 1798 2091 canonice,
1809 2050 1896 2084 iuxta
1911 2051 1977 2096 pri-

1222 2103 1411 2146 vilegiorum
1445 2109 1475 2136 et
1501 2103 1768 2136 constitutionum
1798 2104 1978 2148 praedicto-

1223 2167 1295 2188 rum
1330 2156 1467 2190 sormam
1489 2157 1684 2201 approbatas
1703 2162 1734 2190 et
1754 2158 1974 2200 confirmatas,

1223 2209 1430 2253 congregatio
1460 2215 1490 2242 et
1519 2210 1666 2243 canonici
1687 2211 1842 2255 praedicti
1867 2211 1976 2246 edide-

1224 2268 1295 2295 runt
1323 2274 1359 2295 ac
1379 2264 1648 2307 promulgarunt,
1675 2269 1786 2308 utpote
1814 2264 1852 2298 de
1873 2275 1978 2309 poena

1224 2318 1255 2349 in
1277 2316 1544 2350 constitutionum
1561 2322 1741 2357 novatores,
1760 2317 1799 2350 de
1813 2317 1891 2351 actis
1900 2328 1977 2352 con-

1224 2370 1418 2413 gregationis
1432 2370 1686 2411 conscribendis,
1701 2370 1739 2404 de
1751 2370 1837 2403 sestis
1849 2377 1976 2405 sancto-

1224 2434 1297 2455 rum
1313 2423 1552 2457 Canonicorum
1578 2423 1785 2467 Regularium
1812 2424 1978 2459 celebran-

1225 2471 1284 2512 dis,
1297 2473 1335 2505 de
1345 2473 1453 2506 officio
1464 2472 1568 2506 divino
1585 2472 1616 2505 in
1638 2473 1750 2513 choro,
1762 2473 1839 2505 dum
1857 2484 1978 2516 organa

429 2556 546 2590 Luem<
561 2557 585 2589 Π
621 2557 798 2589 Alexander
816 2557 855 2589 ΠΙ
891 2556 1008 2590 [πῶς
1035 2556 1183 2589 [mmm
1201 2539 1203 2572 ζ
1224 2522 1406 2565 pulsantur,
1421 2522 1598 2562 recitando,
1621 2521 1659 2555 de
1679 2521 1894 2555 locationibus
1905 2528 1978 2556 ante

533 2582 543 2589 e
591 2583 598 2596 ,
679 2579 705 2589 Δ(
861 2584 868 2597 ,
995 2583 1018 2596 a,
1054 2575 1057 2585 s
1102 2579 1111 2589 ι
1170 2583 1179 2590 Ι

1225 2577 1352 2615 tempus
1363 2582 1428 2604 non
1440 2571 1664 2616 prorogandis,
1683 2571 1721 2604 de
1738 2571 1890 2615 apostatis
1902 2582 1977 2606 con-

1224 2621 1420 2663 gregationis
1440 2631 1505 2654 non
1525 2620 1739 2664 recipiendis,
1766 2621 1804 2653 de
1826 2622 1977 2665 professis

1199 2694 1207 2730 l
1226 2669 1492 2713 congregationes
1502 2669 1579 2703 alias
1586 2679 1651 2702 non
1660 2669 1874 2712 admittendis,
1882 2674 1978 2715 atque

1982 282 2032 309 An.
2051 281 2164 309 01562

2014 939 2173 960 Declaration.n

1987 971 2108 998 quibusdam
2119 970 2172 991 Pou-

1987 1002 2077 1024 nucibus
2087 1001 2164 1023 laetae.

2042 1784 2179 1808 Constitutlo·

1989 1820 2028 1836 nes
2060 1814 2176 1836 nonnulla·

1990 1847 2175 1873 ιοοηςτοεειιίοηο

1991 1878 2070 1900 editae.
