2237 3100
440 212 456 245 1
463 211 528 246 05⁶2

870 215 1017 240 BULLARII
1036 213 1155 238 ROMANI
1178 212 1275 236 INDEX
1294 212 1498 236 RUBI'IICARUM

396 273 509 308 CCXII.
519 271 564 306 De
574 271 732 305 electione
741 268 859 314 prioris
869 266 1030 311 generalis
1041 265 1155 299 etalio·
1196 263 1320 297 CCXVI.
1353 263 1535 296 Prohibitio
1572 263 1737 296 deserendi
1768 263 1926 306 pugiones
1941 289 1951 304 ,

485 336 558 358 rum
579 324 801 369 praelatorum
822 318 1081 363 congregationis
1095 318 1153 351 Ca-

485 378 680 411 nonicorum
696 373 907 417 Regularium
928 372 982 405 SS.
1011 371 1153 404 Salvato-

484 432 539 471 ris,
549 429 676 464 Ordinis
688 429 719 461 S.
732 425 914 470 Augustini,
923 426 1154 467 bonorumque

484 482 714 527 temporalium
738 479 1032 519 administratione,
1055 476 1132 511 953.

396 538 522 572 CCXIII.
551 537 686 575 Turcae,
713 534 769 578 qui
795 533 828 566 in
852 533 939 566 bello
965 536 1079 565 contra
1099 541 1154 564 eos

484 594 616 634 peracto
642 587 758 632 captivi
778 592 855 619 sunt
871 585 991 625 effecti,
1015 585 1154 617 durante

483 642 569 675 bello
589 651 654 674 non
680 640 886 673 dimittantur
906 648 1015 681 neque
1036 637 1153 670 distra-

485 695 615 733 hantur,
629 693 706 727 957.

395 748 518 783 CCXIV.
533 746 731 791 Approbatio
744 744 1006 788 congregationis
1016 744 1153 776 fratrum

483 800 612 834 Ioannis
636 799 691 832 Dei
717 803 926 841 nuncupatae
946 797 986 829 ad
1008 795 1154 838 regimen

483 852 695 897 hospitalium
709 862 768 896 pro
785 850 938 884 curandis
954 848 1154 893 pauperibus

484 906 621 939 infirmis
645 916 751 948 nuper
775 904 952 942 institutae,
980 902 1040 935 sul)
1066 901 1153 934 ordi-

484 960 652 993 nariorum
667 957 871 991 correctione
891 962 922 989 et
936 956 1058 998 Regula
1072 955 1154 988 San-

484 1013 526 1047 cti
547 1012 733 1055 Augustini,
761 1010 838 1044 959.

396 1067 506 1102 CCXV.
535 1065 717 1099 Iurisdietio
748 1069 778 1097 et
809 1063 977 1097 facultates
997 1062 1029 1095 S.
1056 1062 1093 1094 R.
1117 1061 1151 1093 Ε.

485 1119 659 1154 cardinalis
676 1117 871 1162 protectoris
890 1122 920 1149 et
932 1115 1049 1148 iudIcis
1061 1125 1154 1148 caus-

485 1183 594 1206 sarum
607 1169 881 1205 confraternitatis
892 1167 1155 1201 Annuntiationis

484 1227 518 1259 Β.
543 1225 660 1258 Mariae
680 1223 832 1266 Virginis,
854 1223 886 1254 in
903 1221 1041 1255 ecclesia
1057 1231 1155 1263 supra

486 1279 657 1311 Minervam
680 1277 718 1309 de
739 1277 823 1309 L‘rhe
844 1275 966 1307 dudum
987 1273 1152 1313 institutae,

485 1331 525 1364 ad
551 1329 794 1363 miserabilibus
815 1328 932 1372 puellis
959 1328 1050 1360 dotes
1071 1326 1154 1359 elar-

485 1384 629 1427 gIendas,
651 1382 857 1426 pupillosspie
871 1387 901 1414 et
917 1390 1034 1423 egenos
1049 1380 1155 1413 suble-

486 1437 620 1479 vandos,
643 1436 719 1469 902.

1285 321 1435 354 cultellos
1470 326 1501 354 et
1530 320 1620 354 aliud
1650 330 1752 364 genus
1785 331 1951 355 armorum

1284 379 1441 412 brevioris
1454 389 1626 412 mensurae
1639 378 1738 411 trium
1753 379 1950 423 palmorum,

1286 437 1318 469 in
1339 437 1429 470 Statu
1450 436 1690 477 Ecclesiastico,
1708 436 1785 470 965.

1195 494 1332 528 CCXVII.
1356 496 1578 539 Indulgentiae
1599 503 1629 530 et
1649 495 1770 540 gratiae
1786 506 1846 538 pro
1864 495 1957 529 adiu·

1285 555 1434 589 vantibus
1454 556 1576 589 bellum
1590 561 1704 589 eontra
1719 555 1851 594 Tureas,
1873 553 1949 588 967.

1195 612 1349 646 CCXVIII.
1380 612 1498 646 Contra
1535 613 1738 653 scribentes,
1772 612 1953 654 dictantes,

1285 670 1475 711 retinentes,
1487 670 1741 704 transmittentes
1753 674 1783 702 et
1795 680 1860 703 non
1872 671 1955 704 lace-

1284 733 1392 760 rantes
1426 727 1554 760 libellos
1593 727 1733 761 famosos
1766 734 1797 761 et
1832 728 1955 761 litteras

1284 792 1491 830 nuncupatas
1506 787 1656 827 cl’arviszss,
1674 787 1877 820 continentes
1894 785 1955 819 ali-

1286 845 1380 878 euius
1405 845 1508 878 famae
1532 845 1722 885 laesionem,
1748 845 1954 878 futurorum·
1996 860 1999 861 ⁷

1285 914 1348 947 que
1369 914 1579 937 successuum
1606 909 1635 937 et
1661 913 1775 936 eorum
1797 914 1880 946 quae
1895 913 1954 947 pro

1285 962 1443 1004 regimine
1464 961 1572 994 Status
1591 961 1807 994 Ecclesiastici
1829 966 1953 994 secreto

1285 1026 1468 1054 tractantur
1492 1019 1738 1059 revelationem,
1764 1019 1840 1053 969.

1196 1078 1322 1112 CCXIX.
1335 1078 1501 1121 Exemptio
1510 1077 1784 1111 monasteriorum
1793 1076 1955 1109 omnium-

1285 1147 1349 1180 que
1376 1138 1525 1169 locorum
1545 1135 1675 1179 piorum
1708 1135 1748 1167 ab
1769 1144 1869 1167 onere
1892 1134 1952 1167 ho-

1286 1194 1426 1238 spitandi
1448 1194 1578 1233 milites,
1599 1192 1674 1226 971.

1197 1253 1309 1286 CCXX.
1326 1252 1417 1291 Quod
1434 1251 1603 1285 christiani
1615 1251 1702 1294 apud
1717 1251 1838 1283 Turcas
1855 1248 1952 1281 sclavi

1286 1311 1406 1354 reperti
1433 1311 1465 1344 in
1489 1310 1575 1343 hello
1607 1314 1721 1342 eontra
1746 1318 1800 1341 eos
1824 1311 1952 1351 parato,

1286 1369 1379 1402 liberi
1395 1380 1469 1401 eum
1491 1369 1557 1401 suis
1577 1367 1673 1401 honis
1693 1366 1900 1399 dimittantur
1915 1364 1955 1396 ab

1287 1429 1482 1463 officialibus
1507 1427 1616 1461 classis
1641 1422 1951 1468 0111·istianae‚[a7⁶2.

1079 1872 1114 1904 V.
1139 1883 1177 1904 rx
1200 1871 1387 1913 (Ielryutioue
1410 1869 1451 1900 D.
1473 1867 1514 1899 D.
1543 1865 1772 1909 Arclziepiscopi
1808 1864 1904 1897 Ίάιιν.

1022 1936 1064 1966 P.
1088 1932 1372 1965 CLOROVAEUS
1396 1933 1424 1961 A
1447 1929 1732 1961 COSTILIOLIS
1756 1928 1838 1958 ord.
1869 1928 1956 1957 Min.
