2237 3100
0 2169 21 2371 -3<-·-5-2«2Q‹3·
0 2103 11 2149 ’ψη
2 2038 9 2076 v>

0 2436 17 2475 :131
0 2396 17 2428 δὶς
2 2376 18 2387 ,’

69 232 118 258 Au.
137 231 166 258 C.
183 230 251 258 ¹56st

95 879 162 900 Causa
183 878 244 900 huius

60 910 226 932 eon-titutionis.

942 231 1010 256 Plrs
1030 232 1061 257 ιν
1081 232 1125 257 pr.
1703 242 1708 249 .
1725 219 1767 253 35

1058 286 1210 324 savorem,
1233 282 1445 317 diversimode
1467 292 1634 319 concessa,
1650 292 1810 314 nonnum-

1057 350 1155 382 quam
1181 337 1349 382 improbis,
1376 335 1499 369 sicariis
1519 341 1546 368 et
1569 335 1731 368 sceleratis
1756 347 1810 379 pa-

1059 392 1168 425 ricidis
1187 402 1297 425 ansam
1324 391 1355 423 in
1377 386 1561 435 proximum
1581 399 1745 432 quemque
1755 381 1812 422 'su-

1059 457 1124 482 um,
1144 446 1202 479 sub
1223 456 1279 489 spe
1299 443 1498 478 liberationis
1517 443 1716 483 huiusmodi,
1737 454 1810 476 cru-

262 282 365 327 sique,
381 292 470 316 more
481 282 524 326 pii
541 283 653 326 patris,
674 293 787 316 omnes
802 283 848 317 uti
869 283 951 316 filios
967 284 1015 317 di-

262 335 451 369 lectissimos
476 336 507 368 in
529 336 650 369 intimis
676 337 817 369 caritatis
838 343 866 370 et
888 337 1014 371 miseri-

262 389 390 423 cordiae
409 389 585 423 visceribus
613 390 819 433 indulgenter
847 391 1014 434 amplecti-

261 454 346 483 mur,
370 454 430 476 usu
462 453 707 486 nonnumquam
730 443 831 477 evenit
858 444 932 477 inde
948 445 1014 489 pri-

260 497 373 540 vilegia
410 496 583 540 flagitando
613 498 790 541 reportari,
823 508 918 541 quae,
942 499 1012 531 licet
1057 499 1171 533 deliter
1191 498 1349 531 saeviendi
1371 503 1401 531 et
1420 498 1600 530 humanum
1622 497 1810 540 sanguinem

259 549 365 594 prima
385 550 549 594 petitionis
574 550 681 594 specie
707 551 786 583 nihil
818 551 1014 584 incommodi
1058 552 1244 585 etl'undendi
1270 551 1477 601 praebgisse3
1499 561 1536 584 ac
1560 550 1642 591 illos,
1672 550 1704 583 in
1732 561 1812 594 quo-

260 614 369 638 secum
390 604 497 637 afferri
518 604 725 641 videbantur,
751 605 881 638 illorum
908 610 1012 638 tamen
1058 616 1130 638 rum
1156 616 1254 638 manu
1284 605 1528 649 privilegiorum
1555 615 1632 638 usus
1661 609 1713 638 aut
1741 615 1811 638 exe-

259 657 500 691 concessionem
525 657 725 701 subsequens
741 658 935 702 experientia
951 658 1013 691 re'i-
1057 659 1144 692 cutio
1165 660 1223 691 sita
1251 665 1308 698 est,
1341 659 1386 692 eis
1415 665 1450 691 ut
1479 658 1659 702 plurimum
1687 669 1750 691 non
1772 659 1810 691 ad

259 711 409 755 publicae
433 711 636 752 damnosam,
659 712 839 755 meritoque
856 722 923 746 esse
940 723 1014 745 con·
1057 712 1263 745 christianam
1287 713 1437 756 pietatem
1459 712 1522 751 uti,
1556 712 1610 745 sed
1644 712 1751 755 potius
1771 712 1810 744 ad

259 764 357 798 vincit
380 764 639 809 improbandam.
1057 772 1227 808 quaestum
1252 771 1283 800 et
1308 768 1429 799 favores
1448 766 1661 809 importunos,
1682 766 1714 799 in
1744 766 1809 799 ani-

303 819 318 862 §
338 818 368 851 l.
387 819 482 859 Sane,
500 819 654 862 quoniam
675 826 703 852 et
726 820 825 852 nostri
846 819 1014 863 pastoralis
1057 829 1183 852 marum
1213 830 1345 852 suarum
1371 819 1561 863 pernicicm,
1593 825 1624 852 et
1648 820 1808 853 bonorum

259 872 356 905 officii
394 884 483 913 cura,
505 879 536 906 et
574 873 793 917 praesentium
827 878 1014 917 temporum
1057 873 1255 912 scandalum,
1272 874 1495 917 imprudenter
1510 874 1725 913 abutisolere,
1741 885 1811 918 per-

260 925 402 959 conditio
422 927 518 969 plane
540 937 598 960 nos
619 926 724 969 cogit,
760 926 892 959 modum
913 926 1014 960 diver·
1056 927 1229 960 ditissimos
1245 928 1404 967 homines,
1427 940 1444 961 a
1459 927 1638 961 necessaria
1664 939 1722 961 nec
1746 928 1810 961 ulla

259 980 302 1013 sis
321 979 492 1020 abusibus,
528 981 584 1023 qui
621 980 811 1024 iampridem
842 981 874 1012 in
908 991 1014 1013 mores
1058 980 1180 1013 ratione
1211 981 1416 1015 condonandi
1449 988 1564 1022 morte,
1596 982 1687 1015 coelo
1708 987 1810 1014 terra-

258 1033 442 1073 hominum‚
469 1045 552 1077 quos
580 1034 634 1067 Dei
660 1033 861 1077 providentia
880 1033 1013 1077 vigilan·
1057 1044 1119 1077 que
1141 1035 1278 1066 multum
1314 1034 1555 1077 indignantibus
1587 1040 1681 1077 atque
1707 1036 1809 1068 reela-

258 1087 320 1120 tiae
339 1092 468 1120 nostrae
489 1087 691 1120 committere
712 1086 841 1130 dignata
863 1092 921 1128 est,
945 1098 1016 1120 sen·
1057 1088 1231 1127 mantibus,
1255 1089 1363 1132 impie,
1388 1089 1446 1122 sul]
1477 1094 1640 1133 praetextu
1668 1089 1808 1132 pietatis.

259 1140 318 1173 sim
339 1140 547 1184 irrepserant,
570 1140 745 1184 aliquando
765 1140 939 1173 salubriter
957 1141 1015 1173 im·
1057 1141 1240 1185 eripientes.

258 1204 391 1238 ponere,
412 1199 509 1237 prout
529 1194 562 1226 in
596 1194 662 1235 his,
699 1204 762 1227 non
788 1195 892 1226 solum
928 1195 1014 1228 circa
1101 1195 1116 1237 ξ
1140 1194 1170 1227 ’2.
1205 1195 1332 1239 Nosque
1369 1202 1540 1240 propterea
1563 1195 1696 1229 omniuo
1717 1208 1809 1240 prae-

259 1247 461 1291 spiritualem
477 1247 668 1280 universalis
679 1246 839 1287 Ecclesiae,
861 1247 924 1288 cui,
941 1248 1013 1281 licet
1057 1255 1139 1282 stare
1174 1256 1340 1282 censentes
1360 1251 1447 1293 quod
1468 1250 1653 1283 huiusmodi
1675 1250 1808 1293 gratiae,

259 1300 656 1344 immeriti‚praesidemus,
668 1301 722 1334 sed
731 1301 826 1334 etiam
839 1301 924 1334 eirca
936 1307 1014 1334 tem·
1057 1313 1075 1335 a
1095 1308 1204 1335 nostro
1217 1309 1257 1341 et,
1273 1304 1342 1347 qui,
1366 1314 1440 1337 cum
1462 1303 1501 1337 sit
1519 1304 1606 1337 omni
1626 1304 1811 1347 corruptela

259 1355 404 1399 poralem
430 1354 520 1388 Sedis
550 1355 754 1399 Apostolicae
783 1361 901 1389 statum
929 1355 1014 1389 vide·
1057 1356 1226 1400 superior,
1276 1368 1315 1389 an
1354 1358 1432 1390 tales
1471 1358 1569 1391 huius
1603 1357 1810 1390 immanitatis

259 1409 333 1441 licet
353 1408 610 1449 reformandum,
634 1408 734 1442 aciem
752 1415 881 1443 nostrae
898 1410 1014 1443 mentis
1057 1410 1198 1442 damnati
1239 1411 1386 1444 homines
1428 1411 1667 1444 misericordiae
1701 1411 1809 1444 locum

259 1462 425 1496 intendere
437 1462 934 1505 dudum,cooperanteDomino,
949 1474 1014 1496 non
1033 1442 1036 1502 l
1057 1463 1247 1507 reliquerint
1289 1464 1446 1498 sincerius
1469 1465 1659 1505 rimabitur,
1692 1465 1810 1497 Roma-

259 1515 462 1549 desistamus.
509 1516 573 1549 Nos
606 1516 701 1549 etiam
736 1528 802 1550 non
842 1517 1013 1551 minimum
1057 1517 1089 1549 ni
1132 1517 1295 1550 Pontillcis
1336 1528 1396 1562 pro
1440 1524 1585 1562 tempore
1624 1518 1807 1557 existentis,

260 1581 378 1615 operae
400 1570 546 1615 precium
567 1572 708 1605 facturos
733 1582 801 1605 esse
822 1583 1011 1612 censemus,
1032 1566 1036 1628 J
1056 1581 1154 1615 quam
1198 1571 1338 1605 incertae
1382 1572 1597 1605 multitudinis
1639 1577 1811 1617 corrupto-

260 1624 284 1657 si
323 1630 465 1665 cunctas,
485 1626 592 1669 quoad
613 1626 682 1659 eius
703 1625 772 1659 fieri
794 1625 927 1669 poterit,
958 1638 1012 1660 oe·
1033 1630 1036 1663 t
1056 1635 1167 1657 rumve
1210 1631 1373 1658 rectorum
1416 1626 1548 1659 arbitrio
1595 1627 1806 1670 dependeant.

260 1679 406 1712 casiones
425 1679 691 1721 homicidiorum,
722 1690 816 1724 quae,
842 1679 873 1713 in
890 1680 1012 1713 divinae
1033 1668 1036 1712 l
1056 1679 1186 1712 Necnon
1234 1690 1518 1723 quorumcumque
1569 1681 1808 1723 privilegiorum

258 1733 427 1766 Maiestatis
460 1734 616 1767 offensam
651 1739 682 1767 et
717 1734 867 1778 publicae
897 1734 1013 1778 quietis
1033 1731 1036 1760 l
1055 1733 1354 1769 communitatilms,
1392 1733 1652 1767 universitatibus
1684 1746 1719 1767 ac
1741 1736 1808 1768 col-

258 1787 548 1830 perturbationem,
570 1788 602 1820 in
623 1788 690 1821 dies
711 1788 830 1831 passim
851 1788 1013 1821 increbre-
1033 1775 1035 1824 Ι
1055 1787 1147 1830 legiis
1162 1787 1337 1831 praedictis
1348 1793 1377 1820 et
1394 1787 1465 1820 aliis
1480 1787 1689 1830 quibuslibet,
1714 1789 1807 1822 etiam

256 1846 362 1881 scunt,
389 1842 635 1884 patrandorum,
658 1842 849 1874 conabimur
869 1853 884 1875 e
906 1842 1012 1875 medio
1032 1825 1035 1862 Ι
1055 1841 1243 1884 quorumvis
1264 1841 1512 1885 imperatorum,
1544 1853 1657 1886 regum
1679 1844 1726 1876 rel
1749 1845 1808 1877 lle-

258 1894 460 1928 submovere.
491 1894 738 1928 Considerantes
758 1895 864 1938 itaqm¹
884 1895 1012 1938 privile,-
1032 1888 1035 1903 '
1055 1895 1183 1938 ligionis
1212 1895 1485 1938 contemplatione
1500 1923 1507 1935 ,
1543 1907 1599 1929 seu
1634 1896 1664 1929 in
1699 1897 1806 1930 damni

256 1949 307 1993 gia
327 1949 421 1982 variis
442 1949 619 1990 civitatum,
641 1956 802 1983 terrarum
820 1956 846 1983 et
864 1951 1011 1983 locorum
1055 1960 1299 1994 recompensam
1339 1950 1387 1982 vel
1430 1949 1522 1983 aliter
1565 1952 1805 1993 quomodolibet

257 2004 350 2038 nobis
377 2009 407 2037 et
441 2009 569 2037 sanctae
600 2004 761 2038 Romanae
792 2005 954 2038 Ecclesiae
979 2005 1011 2038 in
1031 1993 1035 2030 l
1055 2014 1296 2043 concessorum,
1316 2014 1353 2037 ac
1383 2003 1516 2047 pluries,
1537 2004 1633 2037 etiam
1654 2016 1712 2049 per
1736 2017 1804 2043 nos,

257 2058 491 2103 temporalibus
547 2058 733 2091 immediate
791 2058 1011 2092 subiectorum
1053 2059 1309 2102 approbatorum
1325 2063 1354 2091 et
1371 2057 1608 2099 innovatorum,
1627 2059 1808 2093 literarum-

257 2112 556 2153 communssafibus,
579 2111 841 2145 universitatibus
866 2123 901 2145 ac
933 2123 1011 2145 con·
1031 2137 1033 2140 f
1053 2123 1116 2156 que
1137 2112 1276 2156 desuper
1293 2111 1515 2156 expeditarum
1537 2118 1567 2145 et
1582 2112 1656 2145 inde
1682 2120 1807 2148 secuto-

257 2167 495 2201 sraternitatum
513 2172 541 2200 et
564 2167 703 2200 aliorum
717 2167 846 2211 piorum
863 2167 1010 2201 locorum
1054 2177 1126 2199 rum
1157 2172 1285 2200 tenores
1309 2166 1534 2210 praesentibus
1553 2177 1613 2210 pro
1646 2168 1806 2202 sufficien-

256 2220 438 2254 rectoribus
463 2226 491 2253 et
512 2220 701 2253 hominibus
730 2231 828 2264 super
858 2231 921 2253 uno
951 2222 1010 2253 ho-
1029 2206 1033 2252 l
1053 2226 1101 2253 ter
1121 2220 1278 2264 expressis
1308 2220 1473 2259 habentes,
1502 2225 1592 2253 motu
1619 2222 1750 2265 proprio
1775 2229 1803 2256 et

256 2275 375 2309 micida
407 2274 540 2319 singulis
573 2275 674 2315 annis,
705 2275 836 2308 Veneris
860 2275 893 2308 in
913 2275 1009 2309 Para-
1029 2270 1032 2314 l
1053 2286 1089 2308 ex
1110 2281 1196 2309 certa
1221 2275 1354 2308 scientia
1374 2279 1495 2312 nostra.
1527 2286 1563 2307 ac
1584 2275 1623 2308 de
1650 2278 1803 2320 apostoli-

256 2341 346 2364 sceve
377 2330 426 2363 vet
459 2329 522 2363 alio
551 2334 639 2363 certo
673 2329 742 2369 die,
774 2340 790 2362 e
825 2330 1010 2363 carceribus
1052 2341 1108 2363 cac
1128 2330 1294 2373 potestatis
1315 2329 1528 2373 plenitudine,
1559 2329 1668 2362 omnia
1688 2336 1716 2364 et
1739 2332 1803 2364 sin-

256 2384 445 2428 meritisque
465 2383 631 2428 suppliciis
660 2383 827 2416 liberando
848 2390 877 2416 et
898 2383 1009 2417 saluti·
1051 2385 1125 2423 aula
1146 2383 1309 2427 privilegia
1337 2382 1525 2428 praemissa,
1563 2389 1624 2417 tam
1655 2383 1687 2417 in
1721 2386 1804 2418 alma

1028 2422 1031 2428 v
1051 2419 1065 2428 a

257 2434 342 2467 serae
370 2433 459 2467 cruci
488 2434 536 2466 rel
565 2433 656 2466 altari
677 2433 923 2478 praesentando,
954 2439 1008 2466 aut
1051 2434 1148 2474 Urbe,
1170 2444 1267 2477 quam
1289 2438 1375 2466 extra
1397 2444 1466 2465 eam
1488 2432 1521 2465 in
1546 2432 1696 2467 universo
1721 2434 1803 2468 eius-

257 2483 378 2527 patriae
397 2483 599 2519 dimittendo,
623 2493 680 2526 per
700 2483 875 2515 nonnullos
894 2483 1008 2516 Roma·
1051 2484 1123 2517 dem
1144 2489 1271 2516 sanctae
1291 2483 1455 2516 Romanae
1474 2482 1638 2516 Ecclesiae.
1658 2483 1802 2516 dominio

256 2543 314 2565 nos
335 2533 507 2566 Pontifices
530 2532 794 2576 praedecessores
824 2538 949 2566 nostros
978 2539 1009 2566 et
1027 2516 1031 2570 ff
1050 2532 1232 2577 temporali,
1263 2532 1322 2565 sub
1347 2532 1607 2576 quibuscumque
1637 2532 1803 2565 tenoribus

255 2583 371 2616 Sedem
386 2583 597 2627 praedictam,
615 2582 649 2615 in
667 2581 858 2615 christianae
870 2581 1008 2616 caritatis
1027 2573 1030 2610 l
1051 2587 1081 2615 et
1101 2581 1224 2620 formis,
1251 2592 1287 2614 ac
1309 2592 1383 2615 cum
1399 2581 1576 2624 quibusvis,
1597 2581 1691 2614 etiam
1712 2581 1802 2614 dero—

256 2631 419 2676 divinique
449 2632 554 2665 cultus
582 2637 613 2665 et
632 2631 776 2666 fidelium
805 2631 1006 2666 subditorum
1026 2613 1030 2683 i
1050 2631 1249 2675 gatoriarum
1271 2630 1494 2675 derogatoriis,
1530 2630 1665 2675 aliisque
1694 2631 1801 2664 effica-

1827 228 1876 254 An.
1897 228 1924 253 C.
1945 229 2007 254 Ιὸῡῐι

1840 1210 1952 1230 nexorum
1965 1217 2009 1236 pri-

1826 1242 1947 1266 vilegiorum
1960 1248 2009 1260 con<

1825 1272 1974 1292 {tatewit-itm.
1989 1276 2009 1292 et

1825 1304 1871 1323 aliis
1893 1309 2010 1324 concesso-

1825 1341 1868 1355 rum
1906 1335 2009 1354 lzberandi

1825 1366 1940 1386 homicidas
1965 1372 2012 1386 car-

1825 1400 1915 1418 ceratos,
