2237 3100
64 271 113 298 An.
131 272 161 298 C.
180 271 247 299 ¹565

258 332 299 354 ne
317 321 444 364 quando
466 319 629 354 irascatur
647 321 856 361 Dominas‚et
872 322 1014 364 pereatis

258 375 296 407 de
319 375 373 407 via
400 374 498 407 iusta.
534 374 624 407 Tunc
652 384 764 407 omnes
782 374 950 417 vincipiunt
981 385 1013 407 se

258 433 439 472 percutere,
450 433 480 460 et
504 427 659 460 dicuntur
678 427 861 460 alternatim
882 427 921 460 ab
946 438 1014 460 om-

256 480 352 513 nibus
371 480 482 514 devote
505 486 535 514 et
558 481 761 525 punctuatim
791 481 918 524 psalmi,
953 481 1015 513 Mi-

255 544 358 567 serere
377 535 442 567 mci
454 535 636 574 Deas‚etc.,
658 535 742 567 Dens
759 535 1014 567 miscreatarno-

255 587 329 628 stri,
351 592 512 627 etc.‚cum
535 587 647 621 Gloria
665 587 775 627 Patri,
797 588 1014 630 etc.‚Depr0-

254 640 378 682 fundis,
397 651 470 673 cum
486 641 640 683 Requiem
655 645 833 682 aeternam,
856 646 917 673 etc.
939 640 1013 680 Qui-

255 692 316 726 bus
335 693 480 736 expletis,
503 693 639 733 dieitur,
671 693 821 727 Christus
842 694 948 735 lactas
968 697 1012 726 est

251 757 312 789 pro
331 747 424 779 nobis
441 747 588 780 obediens
606 748 754 790 usquead
765 751 911 787 mortem,
930 758 1013 779 mor-

257 803 320 832 tem
340 804 447 833 [etitem
468 801 582 839 crucis,
605 806 666 834 etc.
696 801 771 833 Inde
791 800 942 844 superior
963 801 1012 833 vel

255 853 428 897 deputatus
448 854 523 887 dicit
548 854 633 887 hanc
654 854 835 887 orationem
855 853 1013 897 incipiens

254 906 412 940 absolute:
427 907 571 949 Respice,
584 918 787 950 quaesamus,
799 907 949 947 Domine,
962 918 1013 940 sn-

250 970 309 1002 per
329 960 415 993 hane
433 960 600 1002 familiam
622 965 723 1001 taam,
742 971 802 1004 pro
822 971 885 1003 qna
903 961 1013 993 Domi-

252 1023 314 1046 nus
333 1017 442 1046 noster
465 1014 555 1047 Iesus
581 1013 732 1047 Christus
758 1024 824 1046 non
851 1007 1012 1046 dubitarit

253 1067 404 1099 manibus
415 1068 504 1100 tradi
515 1068 711 1107 nocentiam,
737 1071 766 1100 et
786 1067 888 1099 crucis
906 1067 1013 1100 subire

254 1123 460 1152 tormentum.
510 1120 623 1153 Postea
660 1119 779 1153 dicitur
801 1120 841 1152 ab
862 1119 1012 1152 omnibus

251 1172 346 1205 Salve
365 1173 504 1216 Reqina,
532 1173 639 1206 Mater
666 1173 924 1213 misericordiae,
947 1178 1009 1206 etc.

252 1226 290 1258 Et
309 1225 460 1270 superior
477 1226 527 1259 vel
547 1226 720 1270 deputatus
739 1226 815 1259 dic-it
841 1232 1013 1269 sequentes

251 1279 428 1312 versiculos
443 1285 473 1313 et
489 1279 660 1319 orationes
670 1279 941 1322 respondentibus
952 1279 1014 1313 fra-

253 1332 356 1365 tribus
389 1332 429 1366 ad
461 1333 606 1375 singulos
637 1333 829 1373 versiculos,
865 1333 1012 1367 videlicet

254 1384 276 1427 5¹
301 1386 426 1419 Emitte
453 1387 608 1429 spiritmn
633 1390 724 1419 tunm
747 1391 777 1419 et
804 1387 1010 1420 creabantur.

252 1438 289 1481 ἡ.
316 1439 362 1472 Et
389 1440 558 1472 renovabis
586 1440 704 1481 faciem
735 1443 849 1473 terrae.
875 1439 909 1481 Ῡ.
947 1439 1012 1473 Ora

249 1503 310 1535 pro
330 1493 433 1533 nobis,
444 1492 569 1526 Sancta
588 1492 819 1526 DeiGenitrioe.
844 1491 879 1534 fil.
907 1493 946 1526 [Ἰ
961 1494 1012 1525 cti-

253 1547 313 1589 9ni
343 1547 523 1590 efficiamur
558 1547 829 1590 promissionibus
872 1546 1009 1579 Christi.

254 1597 289 1641 Ῡ.
314 1599 381 1633 Ora
395 1611 457 1643 pro
476 1601 577 1640 nobis,
593 1601 692 1633 Beate
703 1601 887 1633 Francisce..
910 1599 947 1641 Ii„
973 1600 1012 1633 [ft

253 1653 348 1696 diynt
367 1658 426 1686 etc.
459 1653 607 1687 Oremus.
629 1653 725 1694 Deus,
748 1654 803 1697 qai
823 1654 919 1686 corda
937 1654 1013 1696 side-

253 1706 335 1739 lium
345 1711 422 1747 etc.,
432 1706 582 1746 Concede,
598 1707 779 1739 misericors
794 1706 888 1744 Deus,
907 1707 1012 1749 frassi-

254 1759 710 1803 litatinostraepraesidinm,
733 1766 810 1799 etc„
828 1761 910 1793 Deus
924 1787 931 1800 ,
959 1761 1014 1803 qni

254 1813 433 1847 Ecclesiam
447 1818 535 1847 tuam
546 1813 586 1846 B.
608 1814 780 1847 Francisci
800 1814 883 1846 vmeri
887 1814 927 1846 tis
934 1819 1010 1853 etc.‚

254 1866 350 1907 Deus,
368 1867 591 1910 cuipropriam
611 1871 656 1900 est
675 1867 823 1899 misereri
841 1877 964 1909 semper
984 1870 1014 1899 et

251 1929 397 1962 parcere,
419 1925 496 1959 etc.‚
509 1920 656 1960 Exaudi,
668 1931 817 1963 qaaesam
825 1931 868 1959 as,
876 1920 1014 1953 Domine

254 1973 435 2016 supplicam
457 1984 565 2017 preces
590 1974 801 2013 etc.,Dezts,a
820 1984 879 2017 qao
899 1979 1014 2007 sancta

256 2026 429 2067 desideria,
448 2031 537 2060 recta
552 2028 687 2060 consilia
703 2031 732 2060 ct
749 2028 833 2060 iusta
851 2032 927 2060 sant
947 2038 1014 2070 ope-

254 2091 305 2121 ra,
333 2085 410 2120 ete,
431 2080 492 2113 Ure
517 2081 591 2124 igyne
613 2080 730 2114 Sancti
755 2078 900 2123 Spiritus
924 2091 1014 2113 renes

254 2137 380 2166 nostros
391 2137 419 2166 ct
435 2143 488 2165 cor
502 2137 661 2172 nostram,
672 2139 732 2166 ete.
756 2133 851 2173 Dens,
868 2134 1015 2166 omnium

253 2186 400 2228 fidelium
420 2191 550 2229 pastor,
565 2191 640 2226 ete,
665 2185 876 2228 Omnipotens
899 2187 1014 2229 sempi-

257 2244 346 2272 terne
363 2239 458 2280 Deas,
494 2240 644 2272 miserere
671 2239 806 2281 famatis
828 2240 889 2272 tais
909 2240 1015 2272 cardi-

255 2293 386 2326 nalibus
402 2293 634 2336 protectoribus
653 2293 786 2332 nostris,
815 2297 877 2325 ete.
903 2292 1014 2325 Aetio-

254 2357 310 2380 nes
324 2351 469 2386 nostras,
491 2352 568 2385 etc„
589 2346 799 2388 Omnipotens
824 2346 1015 2388 sempiterne

254 2400 544 2442 Deusaedifieator
563 2403 593 2432 et
612 2403 731 2435 castos,
762 2403 838 2437 etc„
859 2398 1014 2442 Omnipo-

257 2453 326 2483 tens
344 2450 537 2492 sempiterne
556 2448 652 2488 Deas,
675 2448 730 2491 qai
748 2448 894 2479 rivorum
914 2448 1015 2480 ‹tomi-

255 2499 349 2531 naris
367 2498 466 2531 simut
484 2502 513 2531 et
534 2502 746 2536 mortuoram,
773 2501 847 2535 etc.,
867 2496 932 2529 Per
950 2496 1014 2529 Do-

255 2548 384 2580 minum
417 2552 564 2580 nostram
587 2552 647 2580 etc.
670 2547 705 2579 In
726 2545 790 2578 fine
823 2545 940 2578 dieitur
959 2546 1016 2578 Di-

255 2597 371 2630 vinum
385 2598 545 2631 auxilium
557 2600 688 2629 maneat
698 2605 822 2638 semper
838 2595 1012 2628 nobiscnm.

260 2645 376 2680 Amen.
396 2647 486 2680 Tunc
496 2655 609 2679 omnes
624 2645 774 2679 desinunt
785 2654 818 2677 se
833 2648 1014 2688 percutere,

938 268 1007 293 PIUS
1031 269 1063 292 lv
1086 268 1134 292 PP-

1702 252 1767 288 405

1055 326 1083 353 et
1104 329 1162 363 per
1189 318 1330 362 aliquam
1358 327 1483 350 moram
1512 316 1572 349 sub
1606 316 1731 349 silentio
1753 315 1811 349 ite-

1054 383 1127 405 rum
1140 370 1405 415 contemplationi
1419 375 1543 403 vacant.
1565 370 1712 409 Demum,
1728 370 1812 403 sacto

1055 426 1145 469 signo
1163 437 1180 459 a
1199 425 1384 469 supradicto
1405 423 1571 468 superiore
1582 424 1631 456 vel
1648 423 1811 466 deputato,

1055 490 1167 512 omnes
1184 484 1331 522 surgunt.

1098 534 1123 565 A
1139 542 1248 565 mensa
1261 531 1427 565 communi
1438 530 1520 564 nulli
1536 530 1729 570 eximantur,
1746 535 1810 562 13111
1860 540 1928 576 supa
1951 545 2008 560 com-

1055 596 1149 618 mane
1165 596 1261 630 quam
1279 596 1350 618 sero
1365 596 1372 625 ·,
1399 584 1486 628 quod
1511 584 1536 615 si
1556 583 1655 627 aliqui
1672 589 1747 617 actu
1763 584 1809 616 le-
1824 578 1880 629 ἓξὲξ]
1901 577 1974 592 ”mm
1989 575 2009 591 ⁰¹

1054 645 1165 681 gentes
1184 640 1231 672 vel
1252 639 1476 683 praedicantes
1495 648 1552 671 seu
1580 637 1726 680 graduati
1755 644 1810 671 aut

1054 692 1175 724 inlirmi
1215 692 1346 725 iudicati
1378 691 1498 724 suerint
1533 702 1551 723 a
1588 691 1811 735 superioribus

1054 744 1142 787 digni
1166 745 1227 778 hac
1258 745 1481 788 exemptione,
1509 744 1542 777 hi
1582 750 1706 777 tantum
1732 745 1811 778 cibis

1055 798 1221 831 communi
1251 798 1412 842 deputatis
1441 804 1469 831 et
1491 809 1528 831 ex
1553 798 1719 831 communi
1750 798 1812 831 dis-

1054 861 1153 894 pensa
1171 856 1315 884 utantur.
1338 851 1373 884 In
1394 862 1505 884 mensa
1525 857 1633 884 autem
1653 851 1812 884 habeatur

1054 916 1183 950 semper
1202 906 1296 939 lectio
1322 917 1359 939 ex
1384 906 1481 939 Sacra
1501 906 1669 950 Scriptura
1696 907 1745 939 vel
1774 917 1811 939 ex

1054 958 1177 992 Sanctis
1197 959 1356 991 Patribus.

1098 1011 1163 1045 Soli
1190 1012 1394 1055 procuratori
1428 1017 1645 1045 conventuum
1671 1018 1698 1045 et
1720 1012 1810 1045 loco·
1864 1019 2012 1046 Super-desu-

1054 1075 1139 1104 rum,
1161 1070 1217 1097 aut
1231 1064 1285 1097 alii
1303 1065 1392 1097 fratri
1409 1064 1574 1108 deputato,
1596 1065 1732 1097 fratrum
1756 1075 1811 1097 ne-
1824 1051 2012 1102 {iiflssfffan'eei'iff

1054 1118 1204 1158 cessaria,
1226 1118 1417 1161 praesertim
1437 1128 1510 1150 vero
1527 1118 1691 1150 esculenta
1711 1124 1741 1151 et.
1756 1129 1813 1162 po—
1826 1113 1996 1137 ¹i⁸¹¹⁰⁶⁰‘'³¹³⁸'

1054 1171 1195 1211 culeum,
1218 1181 1325 1204 emere
1344 1171 1449 1204 liceat.

1098 1224 1189 1258 Circa
1206 1225 1349 1258 tertium.
1371 1224 1457 1258 Nulli
1469 1225 1566 1258 eundi
1582 1235 1642 1269 per
1653 1225 1812 1259 mundum
1840 1232 1907 1268 Sum
1919 1232 2011 1252 necuim

1054 1289 1071 1310 a
1092 1278 1316 1322 sul·›eri0ribus
1341 1277 1476 1311 facultas
1504 1278 1576 1318 fiat,
1607 1278 1669 1311 nisi
1695 1289 1733 1311 ex
1757 1265 2011 1320 111·-{¹J:1¹,¹¹⁰⁰‘m¹'⁰‘

1054 1332 1140 1374 genti
1166 1332 1377 1371 necessitate3
1400 1336 1429 1364 et
1451 1337 1527 1365 tunc
1548 1332 1711 1376 praelatus
1728 1331 1814 1365 inve-

1055 1385 1147 1428 stiget
1173 1396 1237 1428 quo
1259 1385 1334 1417 ituri
1358 1412 1365 1425 ,
1398 1395 1481 1428 quae
1507 1385 1656 1427 negocia,
1683 1391 1711 1418 et
1737 1396 1813 1418 cum

1054 1438 1173 1482 quibus
1200 1438 1263 1471 sint
1288 1438 1392 1471 acturi
1417 1438 1548 1478 fratres,
1579 1443 1751 1481 antequam
1773 1438 1813 1471 li—

1055 1491 1193 1523 centiam
1228 1490 1290 1523 illis
1318 1490 1454 1530 tribuat,
1490 1496 1522 1523 et
1549 1495 1708 1533 quantum
1742 1490 1812 1524 fieri

1055 1550 1159 1587 potest
1178 1555 1243 1577 non
1260 1544 1423 1588 permittat
1444 1544 1585 1587 aliquem
1609 1544 1715 1577 solum
1735 1555 1813 1588 pro-

1054 1597 1166 1637 ficisci,
1193 1598 1247 1631 sed
1268 1597 1392 1631 socium
1413 1598 1459 1630 illi
1480 1598 1631 1640 assignet.

1100 1652 1225 1684 Fratres
1246 1651 1432 1684 itinerantes
1457 1661 1522 1684 non
1551 1651 1613 1683 sint
1639 1651 1808 1692 convivae,
1852 1660 1919 1695 stt-per
1947 1661 2012 1680 tuno-

1054 1715 1158 1748 neque
1188 1704 1392 1747 hospitentur
1415 1704 1448 1736 in
1468 1703 1617 1736 domibus
1641 1703 1810 1745 laicorum,
1825 1695 1916 1748 {glum
1938 1691 2011 1718 ''⁰⁸¹¹'‘

1054 1758 1243 1802 praesertim
1256 1757 1462 1801 publicorum
1475 1757 1652 1800 hospitum,
1672 1757 1726 1790 ubi
1737 1764 1811 1791 sunt

1054 1808 1125 1840 loca
1145 1812 1265 1846 nostra,
1288 1807 1342 1840 sed
1358 1806 1711 1840 teneantureonvenire
1723 1817 1815 1851 prae-

1055 1856 1174 1888 fectum
1195 1855 1270 1895 loci,
1285 1855 1364 1888 ubi1
1384 1865 1528 1895 manere,
1547 1860 1574 1887 et
1597 1854 1635 1887 de
1649 1854 1719 1888 eius
1739 1866 1815 1889 con-

1055 1904 1126 1937 silio
1148 1915 1180 1938 se
1200 1915 1324 1948 gerere.

1098 1953 1213 1986 Nullus
1239 1953 1460 1996 magistratum
1494 1952 1656 1996 aliquem,
1691 1953 1814 1996 princi-

1055 2013 1128 2046 pem
1148 2003 1195 2035 vel
1218 2003 1398 2046 praelatum
1419 2013 1456 2035 ex
1482 2011 1690 2045 quacumque
1717 2012 1813 2035 causa
1830 1995 1980 2049 2ss,‚2[i'‡',³,¹'‘{³d
1992 1997 2015 2045 2}

1055 2051 1143 2084 adire
1166 2050 1314 2091 audebit,
1336 2051 1396 2083 nisi
1426 2061 1462 2084 ea
1490 2060 1585 2083 causa
1606 2060 1623 2081 a
1646 2050 1814 2092 superiore
1829 2057 1906 2084 liquo-¹»
1925 2057 2001 2081 rorum.

1055 2110 1114 2133 suo
1130 2100 1221 2143 prius
1242 2099 1369 2142 cognita
1389 2098 1499 2138 suerit,
1522 2097 1763 2141 obtinueritque
1775 2099 1814 2131 ab

1056 2159 1093 2182 eo
1114 2149 1298 2182 facultatem
1319 2147 1505 2181 accedendi.
1524 2147 1606 2186 Quin
1622 2147 1730 2190 potius
1741 2158 1816 2191 pro-

1055 2197 1186 2230 hibetur
1219 2207 1259 2229 ne
1283 2196 1356 2240 quis
1381 2196 1414 2228 in
1439 2195 1547 2239 aliquo
1586 2195 1657 2228 soro
1684 2206 1815 2229 causam

1056 2246 1173 2287 ullam,
1195 2246 1254 2279 nisi
1284 2245 1447 2289 publicam
1469 2250 1499 2278 et
1519 2244 1558 2277 de
1585 2245 1735 2277 mandato
1764 2255 1816 2277 su-

1056 2295 1235 2339 periorum,
1264 2305 1358 2337 agere
1379 2293 1490 2337 possit.
1521 2293 1738 2331 Quamobrem
1759 2293 1815 2326 de-

1057 2344 1220 2377 cernimus
1240 2349 1275 2376 ut
1299 2353 1415 2376 causae
1440 2352 1565 2382 omnes,
1588 2352 1671 2385 quae
1696 2341 1816 2374 Romae

1056 2393 1198 2435 agendae
1216 2397 1303 2432 sunt,
1317 2392 1355 2424 ad
1372 2396 1619 2435 procuratorem
1635 2389 1764 2423 Ordinis
1781 2389 1814 2422 in

1056 2442 1141 2475 Urbe
1174 2441 1371 2484 dirigantur,
1413 2451 1519 2483 neque
1553 2440 1623 2473 aliis
1657 2439 1815 2472 committi

1056 2490 1191 2533 possint,
1214 2490 1276 2524 nisi
1292 2490 1330 2524 de
1352 2489 1420 2523 eius
1441 2489 1576 2522 consilio
1597 2494 1625 2522 et
1644 2498 1790 2521 assensu.

1100 2539 1296 2572 Procurator
1325 2543 1432 2571 autent
1462 2538 1518 2581 qui
1551 2537 1742 2571 accedentes
1775 2536 1814 2569 ad
1843 2546 2015 2594 ἱζιιιριῗῖῠιιέἱιηῖῗ

1056 2588 1174 2621 Urbem
1195 2588 1263 2621 sine
1278 2587 1407 2621 licentia
1419 2587 1533 2620 fratres
1548 2586 1733 2620 carceribus
1748 2595 1813 2619 non
1828 2580 1880 2625 ille,

1093 2652 1104 2677 1
1125 2651 1224 2685 litque,
1242 2650 1356 2678 Cherub.
1375 2651 1413 2686 (n.
1434 2650 1483 2685 τ.).

1828 264 1876 289 An.
1895 264 1924 289 C.
1945 263 2009 291 1565

1842 1963 1909 1990 Super
1926 1969 2014 1984 accestu
