2237 3100
171 254 224 283 An.
240 250 270 283 C.
291 244 361 284 1576

193 317 272 339 Omnes
287 322 358 339 exem-

172 350 269 376 ptiones.
308 354 361 376 quae

171 380 351 406 temporalitatem

174 411 301 438 respiciunt,
325 417 362 434 re-

175 445 245 469 vocat;

210 1298 356 1325 Omnibusque

171 1330 275 1350 iudicibus
306 1334 357 1355 pro-

171 1362 228 1381 hihet
238 1362 356 1387 quominus,

172 1398 236 1419 nuper
247 1392 289 1415 his,
298 1391 358 1411 Ordi-

171 1424 233 1444 nibus
248 1429 290 1443 non
302 1421 358 1442 Men·

172 1454 290 1475 dimittibus
324 1453 357 1473 la-

172 1488 243 1507 tenut-

209 2176 357 2197 ernosonitum

148 2207 160 2226 1³
188 2210 292 2228 tici-arum
322 2210 358 2229 [ir-

173 2239 243 2258 milas.

421 246 484 281 838

377 310 497 343 testatis
513 309 725 353 plenitudine,
745 308 852 340 omnia
873 312 902 340 et
922 307 1047 350 singula
1065 308 1131 351 pri-

378 359 500 402 vilegia,
535 358 753 400 exemptiones
789 362 820 389 et
845 355 906 388 alia
931 356 1126 399 praemissa,

376 418 459 451 quae
479 405 766 450 temporalitatem,
790 404 914 437 etiamsi
939 404 978 437 sit
1012 405 1129 438 solutio

376 455 588 493 decimarum,
602 453 832 497 primitiarum,
846 458 992 495 quartae,
1012 454 1130 487 medie-

375 505 447 537 tatis
461 504 509 536 vel
521 503 602 535 alius
622 502 773 535 funerum
795 507 823 534 ct
841 502 1040 535 oblationum
1058 514 1129 546 par-

373 554 425 592 tis,
448 556 842 595 concernunt,praeteret
863 556 975 584 contra
988 557 1128 584 mentem

374 607 514 635 nostram
536 610 702 633 emanasse
722 600 926 633 declaramus
945 605 976 633 et
1003 605 1130 634 attesta-

373 661 464 689 mur,
488 650 606 692 illaque
627 654 792 692 tamquam
813 649 900 690 talia,
916 660 1043 682 necnon
1067 651 1129 683 alia

372 708 598 742 quaecumque
614 697 687 738 illis,
711 697 770 730 sub
784 698 1045 741 quibuscumque
1061 710 1129 732 ver-

372 749 489 781 borum
505 748 629 788 sormis,
652 758 816 787 concessa,
840 748 1079 782 communicata
1100 754 1130 782 et

372 796 536 840 ampliata,
559 796 757 839 illorumque
773 795 1056 836 confirmationes,
1075 808 1128 830 ex-

372 845 552 888 emptiones
571 850 601 877 et
621 845 744 877 indulta
767 844 882 877 similia
901 847 1128 880 concernentia

372 893 537 937 privilegia
562 893 772 933 huiusmodi,
803 904 944 937 quorum
980 895 1127 928 omnium

372 947 500 975 tenores
520 942 669 975 similiter
688 942 801 975 haberi
822 943 972 975 volumus
993 954 1052 987 pro
1075 955 1127 977 ex-

373 990 502 1034 pressis,
525 1001 726 1027 revocamus,
750 1002 924 1030 cassamus,
948 991 1126 1033 irritamus,

372 1039 580 1072 annullamus
599 1039 787 1083 viribusque
813 1051 1018 1080 evacuamus,
1042 1042 1128 1075 illas-

372 1099 435 1131 que
445 1090 630 1122 nullatenus
644 1089 825 1132 suffragari,
839 1100 898 1123 nec
911 1090 955 1123 eis
972 1090 1126 1134 aliquam,

372 1142 436 1170 tam
458 1138 490 1170 in
510 1137 630 1171 iudicio
656 1149 755 1182 quam
775 1143 874 1178 extra,
898 1138 995 1171 tidem
1016 1140 1128 1173 baberi

371 1187 535 1220 volumus.

418 1236 432 1279 ξ
452 1235 483 1268 li.
507 1235 658 1274 Quinimo
679 1236 830 1269 omnihus
851 1242 881 1269 et
901 1237 1047 1280 singulis,
1064 1244 1128 1272 tam

373 1285 593 1318 saecularibus
623 1296 719 1328 quam
751 1286 976 1319 ecclesiasticis
1001 1292 1031 1320 et
1057 1288 1128 1321 aliis

372 1333 633 1377 quibuscumque
659 1333 833 1375 iudicibus,
867 1334 990 1368 etiamsi
1018 1347 1129 1369 eausa-

372 1393 445 1415 rum
466 1382 576 1416 Palatii
604 1384 778 1427 Apostolici
805 1384 968 1418 auditores
996 1396 1032 1419 ac
1059 1397 1130 1419 san-

373 1437 441 1465 ctae
474 1432 636 1465 Romanae
664 1433 826 1466 Ecclesiae
857 1434 1037 1468 cardinales
1066 1437 1130 1469 exi-

371 1487 466 1521 stant,
480 1482 623 1514 districte
640 1482 869 1526 praecipiendo
884 1484 1076 1517 mandamus
1090 1496 1129 1518 nc

371 1531 524 1574 deinceps
541 1531 714 1564 canonicos
729 1532 778 1564 vel
796 1533 973 1565 monachos
994 1539 1045 1566 aut
1065 1535 1129 1567 010-

371 1579 456 1612 ricos
482 1580 520 1612 de
546 1580 616 1612 Iesu
651 1580 853 1624 praedictos,
886 1581 1128 1625 privilegiorum

370 1628 559 1661 huiusmodi
576 1629 905 1663 communicationem
916 1632 1130 1673 praetenden-

370 1683 430 1718 tcS,
453 1677 514 1711 nisi
536 1688 635 1721 super
655 1678 692 1710 iis
716 1689 799 1721 quae
825 1679 1017 1722 spiritualia,
1040 1682 1129 1714 nulla

370 1737 504 1770 prorsus
519 1727 754 1770 temporalitate
768 1728 920 1768 admixta,
940 1734 1011 1761 sunt
1026 1735 1053 1763 et
1066 1731 1130 1774 spi-

369 1775 578 1808 ritualitatem
600 1780 722 1808 tantum
748 1784 960 1815 concernunt,
983 1779 1126 1821 audiant,

371 1825 471 1858 illisve
491 1825 622 1869 aliquod
641 1825 821 1857 subsidium
836 1827 883 1859 vel
904 1827 1060 1860 auxilium
1079 1840 1130 1861 ex-

370 1874 532 1915 hibeatur,
556 1873 608 1906 sed
640 1879 835 1917 perpetuum
866 1886 964 1920 super
994 1876 1056 1908 illis
1086 1878 1128 1909 51-

370 1923 505 1956 lentium
516 1923 695 1966 imponant.
708 1923 770 1956 Nos
780 1924 865 1956 enini
878 1924 1012 1967 abipsis,
1023 1927 1129 1968 quoad

371 1983 407 2005 011
436 1983 519 2016 quae
537 1972 807 2015 temporalitatem
826 1980 1037 2011 concernunt,
1055 1986 1129 2018 pro—

372 2021 507 2054 cedendi
534 2021 760 2054 auctoritatem
788 2027 816 2054 et
849 2023 1030 2055 facultatem
1063 2024 1129 2056 adi-

373 2070 503 2102 mimus.

418 2119 432 2162 ᾗ
453 2119 483 2152 5.
502 2118 717 2151 Decernentes
734 2120 1051 2162 praesenteslitteras
1062 2121 1129 2153 ullo

373 2177 530 2210 umquam
550 2173 697 2211 tempore
718 2168 756 2200 de
777 2169 995 2211 sulu'eptionis
1010 2171 1058 2202 vet
1075 2171 1130 2202 ob-

373 2216 529 2259 reptionis
549 2217 635 2256 vitio,
657 2222 711 2249 aut
730 2217 917 2250 intentionis
937 2224 1065 2251 nostrae
1081 2220 1129 2252 vel

373 2264 527 2308 quopiam
549 2265 611 2297 alio
633 2266 759 2298 defectu
781 2266 898 2305 notari,
922 2266 1126 2309 impugnari,

374 2313 540 2346 invalidari
561 2314 665 2346 autad
682 2314 837 2347 terminos
849 2315 1050 2348 iurisreduei
1067 2328 1129 2349 non

374 2372 488 2405 posse;
512 2362 685 2406 minusque
702 2374 832 2396 causam
851 2364 898 2396 vel
913 2375 1037 2405 causas,
1052 2376 1128 2408 pro-

375 2415 446 2453 pter
461 2422 556 2454 quam
573 2412 621 2444 vel
634 2423 714 2455 quas
730 2413 1031 2455 praemissaanobis
1043 2425 1129 2446 mna-

374 2461 505 2496 narum,
517 2466 625 2488 coram
638 2468 847 2501 quocumque
858 2457 1129 2491 iudicevcrilieari

375 2499 505 2538 debere,
542 2506 597 2533 aut
630 2502 689 2533 sub
715 2501 880 2544 quibusvis
901 2502 1055 2534 similium
1082 2504 1129 2535 rel

374 2543 579 2576 dissimilium
592 2546 768 2587 gratiarum
783 2546 1051 2585 revocationibus,
1062 2558 1131 2579 sus-

374 2588 587 2631 pensionibus
608 2594 638 2621 et
667 2590 737 2622 aliis
758 2591 929 2623 contrariis
949 2591 1130 2634 dispositio-

374 2631 470 2669 nibus
495 2634 727 2676 comprehendi
747 2635 933 2668 nullatenus
953 2645 1059 2679 posse,
1076 2636 1129 2669 sed

972 254 1153 279 BULLARIUM
1173 254 1326 279 ROMANUM

1172 318 1300 351 semper
1324 308 1363 340 ab
1384 307 1446 340 illis
1466 314 1631 352 exceptaS,
1655 315 1685 343 et
1704 311 1831 353 quoties
1851 311 1925 345 illae

1173 355 1381 395 emanabunt,
1396 356 1488 390 toties
1503 357 1535 389 in
1553 358 1723 401 pristinum
1740 365 1857 393 statum
1873 371 1925 393 re-

1172 404 1307 444 stitutas,
1330 404 1486 448 repositas
1507 410 1537 438 et
1557 406 1701 449 plenarie
1718 407 1927 451 reintegratas

1172 464 1258 493 esse;
1281 459 1310 486 et
1339 453 1380 486 ita
1401 465 1459 498 per
1483 465 1708 498 quoscumque
1738 456 1863 490 iudices
1896 463 1927 491 et

1172 502 1412 536 commissarios
1432 504 1543 547 quavis
1571 505 1761 538 auctoritate
1789 506 1926 549 fungen-

1171 555 1233 591 105,
1257 551 1352 584 etiam
1374 552 1554 585 cardinales
1575 558 1605 585 et
1624 553 1788 587 auditores
1802 555 1928 598 praedi-

1172 605 1250 640 ctos,
1274 600 1399 633 sublata
1420 600 1465 634 cis
1485 607 1515 634 et
1535 612 1648 634 eorum
1666 602 1797 636 cuilibet
1816 604 1927 647 quavis

1171 649 1264 682 aliter
1284 650 1449 683 iudicandi
1470 656 1500 683 et
1520 651 1753 695 interpretandi
1775 653 1927 687 facultate

1171 704 1201 731 et.
1216 699 1419 740 auctoritate,
1438 699 1574 732 iudicari
1587 704 1617 733 ct
1637 699 1768 733 diffiniri
1793 700 1925 742 dehere;

1171 758 1207 780 ac
1228 747 1355 780 irritum
1377 753 1407 781 et
1431 748 1538 789 inane,
1561 749 1586 781 si
1606 760 1699 782 secus
1719 760 1818 793 super
1836 750 1886 784 his
1909 762 1928 784 a

1171 807 1349 840 quoquam,
1376 798 1486 840 quavis
1507 798 1711 839 auctoritate,
1729 799 1869 833 scienter
1878 801 1927 834 vel

1171 845 1371 888 ignoranter,
1394 847 1567 890 contigerit
1586 847 1747 880 attentari.
1866 886 1869 887 ⁷

1215 894 1229 936 g
1250 893 1280 926 6.
1304 894 1463 934 Quocirca
1482 895 1658 928 venerabili
1684 896 1774 930 fratri
1800 897 1927 931 archie-

1172 942 1304 987 piscopo
1336 943 1683 987 Caesaraugustanensi
1713 950 1743 978 et
1775 945 1928 990 episcopo

1172 990 1352 1024 Concliensi
1361 1003 1397 1025 ac
1409 992 1527 1026 dilecto
1539 993 1605 1026 silio
1626 1004 1799 1026 causarum
1813 994 1929 1028 Curiae

1170 1040 1322 1074 Gamerae
1333 1042 1534 1086 Apostolicae
1551 1042 1694 1085 generali
1705 1043 1858 1086 auditori,
1871 1057 1930 1090 per

1171 1096 1369 1133 praesentes,
1392 1095 1481 1124 motu
1503 1092 1598 1125 simili
1624 1093 1819 1126 mandamus
1848 1105 1929 1138 qua-

1171 1145 1265 1172 tenus
1286 1140 1345 1183 ipsi
1372 1141 1420 1174 vel
1446 1141 1510 1174 duo
1538 1147 1593 1174 aut
1619 1152 1704 1174 unus
1732 1152 1864 1184 eorum,
1895 1143 1929 1176 in

1172 1189 1357 1231 praemissis
1382 1189 1520 1223 efficacis
1546 1190 1741 1223 defensionis
1769 1192 1929 1234 praesidio

1171 1238 1370 1278 assistentes,
1406 1245 1592 1282 praesentes
1616 1240 1740 1273 litteras
1768 1240 1858 1274 acin
1883 1242 1930 1276 015

1172 1292 1320 1320 contenta
1329 1299 1569 1332 quaecumque,
1581 1289 1620 1321 ab
1634 1289 1785 1322 omnibus
1794 1290 1833 1323 ad
1845 1302 1930 1335 quos

1172 1341 1294 1379 spectat
1319 1337 1481 1370 observari
1502 1337 1638 1378 saciant,
1662 1338 1721 1371 sub
1746 1340 1926 1383 sententiis,

1172 1385 1317 1417 censuris
1338 1391 1366 1419 et
1388 1387 1501 1430 poenis
1522 1397 1635 1420 eorum
1656 1387 1791 1421 arbitrio
1819 1389 1930 1423 mode-

1172 1434 1281 1467 randis
1291 1440 1317 1467 et
1329 1436 1547 1479 applicandis,
1562 1436 1817 1469 contradictores
1832 1448 1929 1480 quos-

1172 1483 1247 1515 libet
1268 1489 1298 1516 et
1318 1485 1454 1517 rebelles
1474 1496 1511 1517 ac
1532 1485 1576 1518 eis
1602 1496 1666 1518 non
1695 1491 1844 1530 parentes
1871 1498 1930 1531 per

1172 1542 1326 1565 censuras
1356 1538 1386 1565 et
1410 1544 1531 1577 poenas
1559 1534 1792 1568 ecclesiasticas
1816 1535 1930 1568 11111115-

1173 1581 1259 1613 1110111
1270 1582 1461 1616 auctoritate
1472 1588 1579 1616 nostra
1588 1584 1825 1628 compescendo
1835 1595 1842 1625 ;
1851 1595 1929 1618 nee-

1172 1639 1236 1662 non
1257 1629 1346 1670 illos,
1377 1630 1528 1674 legitimis
1553 1642 1652 1675 super
1675 1632 1726 1665 his
1753 1632 1931 1667 subeundis

1172 1678 1302 1711 servatis
1322 1680 1539 1723 processibus,
1568 1691 1721 1714 censuras
1749 1686 1779 1714 et
1808 1693 1930 1726 poenas

1171 1727 1256 1770 ipsas
1277 1728 1452 1762 incurrisse
1465 1730 1673 1770 declarando,
1693 1741 1730 1763 ac
1746 1730 1817 1764 illas
1833 1731 1928 1765 ctiam

1172 1776 1294 1809 iteratis
1305 1777 1649 1822 vicibusaggravando,
1668 1779 1815 1813 invocato
1832 1780 1928 1814 etiam

1171 1826 1210 1858 ad
1240 1827 1313 1863 1100,
1345 1830 1368 1860 51
1403 1838 1486 1871 opus
1502 1828 1616 1870 suerit,
1652 1828 1771 1862 auxilio
1804 1829 1929 1864 brachii

1172 1876 1359 1909 saecularis.

1217 1924 1231 1966 ἓ
1253 1925 1282 1957 7.
1306 1925 1375 1958 Non
1397 1926 1599 1959 obstantibus
1612 1926 1714 1960 felicis
1730 1927 1930 1961 recordatio-

1171 1973 1220 2006 nis
1245 1974 1400 2008 Bonisacii
1425 1976 1529 2020 Papae
1551 1976 1632 2016 Ylll,
1670 1976 1930 2019 praedecessoris

1171 2023 1284 2061 nostri,
1311 2024 1350 2056 de
1375 2035 1452 2064 una,
1482 2030 1512 2057 et
1541 2025 1672 2058 concilii
1699 2025 1860 2068 generalis
1889 2026 1930 2059 de

1172 2071 1298 2105 duabus
1319 2073 1443 2113 diaetis,
1466 2074 1643 2107 dummodo
1664 2075 1736 2118 quis
1756 2075 1841 2108 ultra
1864 2080 1931 2109 tres

1172 2121 1304 2161 diaetas,
1331 2123 1439 2165 vigore
1456 2124 1687 2166 praesentium,
1710 2123 1749 2156 ad
1770 2123 1928 2157 iudicium

1172 2181 1236 2203 non
1255 2172 1413 2211 trabatur,
1427 2183 1463 2204 ac
1480 2172 1595 2205 litteris
1612 2172 1729 2205 nostris
1743 2173 1927 2215 praedictis,

1172 2230 1252 2262 quas
1271 2220 1310 2252 ad
1330 2220 1391 2253 1100
1413 2221 1538 2253 extendi
1560 2221 1691 2254 minime
1708 2221 1825 2255 debere
1840 2222 1931 2255 volu-

1172 2278 1244 2301 mus
1265 2275 1295 2301 et
1315 2269 1529 2310 declaramus,
1554 2281 1671 2314 easque
1692 2270 1798 2303 nullas
1817 2271 1930 2305 decer-

1172 2317 1291 2355 nimus,
1324 2329 1360 2350 ac
1386 2324 1495 2351 nostra
1523 2320 1562 2352 dc
1586 2330 1652 2352 non
1680 2319 1824 2352 tollendo
1858 2319 1930 2353 iure

1172 2366 1318 2409 quaesito
1330 2372 1359 2399 et
1370 2367 1535 2409 quibusvis
1555 2368 1741 2411 apostolicis
1754 2367 1836 2407 aliis3
1854 2379 1929 2402 nec-

1172 2425 1249 2455 non,
1267 2415 1297 2447 in
1312 2416 1565 2458 provincialibus
1585 2422 1615 2449 et
1629 2416 1835 2460 synodalibus
1847 2427 1926 2450 con-

1173 2459 1254 2491 ciliis
1282 2460 1388 2496 editis.
1426 2461 1633 2502 generalibus
1658 2461 1705 2493 vel
1732 2460 1927 2504 specialibus

1172 2504 1455 2537 constitutioniluis
1465 2505 1926 2546 0101·11111;111011111115;0101111111,

1172 2547 1366 2589 iuramento,
1394 2549 1641 2583 confirmatione
1671 2550 1848 2593 apostolica
1878 2550 1928 2583 vel

1172 2593 1283 2635 quavis
1303 2593 1455 2626 firmitate
1472 2594 1535 2627 alia
1555 2595 1716 2627 roboratis
1743 2594 1868 2627 statutis
1897 2599 1928 2627 et

1172 2637 1475 2679 consuctudinibu5;
1505 2638 1679 2682 privilegiis
1703 2649 1852 2682 quoque,
1875 2638 1926 2672 in-

1937 256 1991 284 An.
2009 255 2039 284 c.
2054 236 2126 283 ¹⁸⁷0*

1950 908 2062 935 Deputntio
2078 913 2128 929 exe-

1945 943 2064 966 quutorum,

1953 1941 2064 1968 nerogano
2079 1947 2120 1963 eon

1944 1974 2064 1995 trariorum.
