2237 3100
41 308 92 339 An.
108 310 138 338 C.
155 309 222 339 1561

74 634 225 663 Syndicartque

40 668 146 693 nequeat,
185 666 225 686 nisi

39 703 52 718 n
78 696 138 718 Rom.
162 696 223 719 Pont-

39 727 75 749 vel
84 728 188 755 supremis
196 729 226 749 in-

40 759 176 787 quisitoribus
185 758 227 781 Ur-

39 790 80 812 bin.

51 1113 150 1135 inhibitio
172 1119 224 1134 con-

38 1149 71 1167 tra
84 1146 224 1167 molestantes

37 1179 183 1206 inquisitorem
191 1184 225 1199 su-

37 1214 76 1236 per
99 1209 222 1236 praedictis.

53 2463 164 2491 nerogano
174 2470 224 2486 con-

41 2496 158 2518 turiurum.

908 298 977 323 PIUS
1000 298 1031 322 lv
1050 295 1098 319 1³1³.

240 359 306 395 cari
340 357 514 401 contingat,
550 357 592 392 ita
626 362 773 392 truncata
807 362 838 390 et
871 362 993 390 secreta

239 413 448 460 publicentur
468 418 503 446 ut
526 412 665 457 cognitio
692 412 862 447 nominum
883 418 914 445 et
938 423 992 446 co-

239 468 430 513 gnominum
451 468 596 511 ipsorum
618 467 747 501 testium
779 467 818 500 ad
852 467 993 510 aliquam

239 523 386 557 notitiam
407 522 555 555 devenire
580 532 645 554 non
666 522 776 566 possit*

284 577 299 621 ξ
325 576 356 609 2.
389 575 544 620 Quodque
573 576 641 619 ipse
670 576 842 620 inquisitor
870 587 887 609 a
912 587 993 620 quo-

240 641 338 675 quam
359 630 517 675 syndicari
538 636 688 674 nequeat;
715 636 742 663 et
772 630 909 669 nemini,
933 630 992 663 uisi

241 684 333 718 nobis
366 690 421 717 aut
439 695 498 729 pro
518 689 663 728 tempore
684 685 829 718 existenti
849 686 994 718 Romano

240 738 387 771 Pontifici
411 743 441 771 et
465 738 568 771 almae
584 738 678 771 Urbis
690 744 817 771 nostrae
834 739 994 781 supremis

240 791 504 835 inquisitoribus,
532 792 570 824 de
593 792 795 835 processibus
829 803 887 835 per
920 803 993 825 eum

240 850 353 878 contra
380 845 483 878 dictos
510 845 690 879 haereticos
715 851 745 879 et
773 846 994 878 schismaticos

239 897 384 932 formatis
404 898 563 931 rationem
584 899 719 932 reddere
743 904 908 937 teneatur,
936 910 993 931 au-

240 951 384 985 ctoritate
417 951 605 996 apostolica,
627 958 739 985 tenore
760 953 991 995 praesentium,

239 1005 448 1039 concedimus
472 1005 592 1049 pariter
612 1012 642 1039 et
662 1006 879 1049 indulgemus.

282 1059 297 1103 §
316 1058 348 1092 3.
371 1058 551 1092 Districtius
571 1059 753 1092 inhibentes
778 1059 934 1093 universis
964 1065 993 1093 et

239 1113 374 1156 singulis
393 1113 631 1146 venerabilibus
649 1113 801 1146 fratribus
831 1113 993 1157 arehiepi-

239 1165 357 1210 scopiS,
380 1166 541 1211 episcopis
552 1171 583 1199 et
600 1165 670 1198 aliis
685 1166 848 1210 praelatis,
862 1177 992 1199 eorum-

238 1230 301 1264 que
325 1219 358 1252 in
387 1219 609 1264 spiritualibus
634 1224 664 1252 et
684 1219 918 1263 temporalibus
946 1220 992 1253 vi-

238 1273 332 1307 cariis
353 1284 409 1306 seu
437 1272 628 1307 officialibus
657 1273 862 1316 generalibus
890 1278 921 1306 et
945 1273 993 1306 di-

236 1327 327 1361 lectis
346 1327 421 1361 filiis
441 1326 592 1360 omnibus
612 1331 643 1359 et
670 1326 805 1369 singulis
831 1326 993 1360 iudicibus

236 1385 267 1414 et
287 1380 445 1424 personis,
467 1385 532 1414 tam
549 1379 788 1420 ecclesiasticis,
810 1391 908 1423 quam
927 1392 994 1414 sae-

237 1434 414 1473 cularibus,
428 1434 663 1478 cuiuscumque
684 1433 858 1477 dignitatis,
880 1439 992 1474 status,

236 1487 356 1531 gradus
375 1493 406 1521 et
425 1487 548 1521 ordinis
567 1487 616 1520 vel
645 1487 839 1521 conditionis
859 1488 994 1521 existen-

236 1541 334 1583 tibus,
363 1552 404 1575 ne
428 1542 535 1586 ipsum
557 1541 750 1574 modernum
780 1547 811 1575 et
835 1552 894 1586 pro
916 1547 993 1575 tem-

237 1606 316 1640 pore
342 1595 531 1629 existentem
565 1595 791 1639 inquisitorem
822 1596 861 1629 ad
891 1596 993 1629 nomi-

236 1659 316 1682 num
344 1654 374 1683 et
407 1649 640 1692 cognominum
675 1649 837 1682 dictorum
862 1649 992 1682 testium

237 1702 467 1735 revelationem
496 1707 526 1735 et
556 1701 831 1746 publicationem,
864 1713 920 1735 seu
955 1702 992 1735 de

238 1756 443 1800 processibus
464 1767 522 1801 per
541 1756 693 1789 eumdem
710 1756 903 1789 modernum
918 1767 993 1789 con—

236 1815 286 1843 tra
305 1810 393 1854 ipsos
411 1810 593 1843 haereticos
619 1814 649 1842 et
677 1809 900 1843 schismaticos
927 1811 991 1842 sor-

236 1863 346 1904 matis,
382 1864 431 1897 vel
458 1864 496 1896 ab
524 1874 562 1897 eo
593 1869 623 1897 et
652 1864 722 1896 aliis
748 1864 993 1906 inquisitoribus

237 1928 296 1962 pro
316 1923 462 1962 tempore
478 1917 510 1950 in
531 1918 678 1951 futurum
701 1918 876 1951 formandis
897 1918 992 1951 ratio-

236 1972 286 2005 nis
305 1972 520 2005 redditionem
542 1977 680 2011 arctare,
702 1983 761 2005 nec
787 1983 885 2016 super
902 1983 994 2016 prae-

237 2025 342 2059 missis
362 2037 419 2059 seu
435 2036 548 2059 eorum
566 2025 746 2065 occasione,
768 2026 881 2068 quovis
901 2036 993 2070 prae-

236 2084 336 2120 textu,
363 2080 554 2121 molestare,
587 2080 779 2124 perturbare
799 2080 847 2112 vel
865 2080 992 2122 inquie-

238 2136 304 2165 tare
338 2132 478 2165 audeant
511 2132 560 2165 vel
599 2137 827 2176 praesumant3
864 2132 992 2165 irritum

237 2185 450 2219 nihilominus
470 2190 500 2219 et
520 2186 614 2219 inane
643 2186 866 2227 decernentes,
898 2187 922 2219 si
944 2198 992 2220 se-

238 2250 294 2273 cus
314 2249 413 2284 super
436 2239 485 2272 his
505 2250 523 2272 a
549 2250 726 2283 quoquam,
746 2239 856 2283 quavis
881 2244 992 2273 aucto-

237 2294 349 2334 ritate,
382 2293 520 2327 scienter
538 2294 587 2327 vel
603 2294 800 2337 ignoranter,
824 2292 993 2336 contigerit

237 2347 396 2381 attentari.

281 2402 347 2446 §4
381 2401 451 2435 Non
479 2401 680 2435 obstantibus
710 2400 994 2434 constitutionilms

237 2462 268 2490 et
289 2456 548 2490 ordinationibus
582 2455 767 2499 apostolicis
800 2461 831 2489 et
860 2455 892 2488 in
920 2466 994 2500 pro-

237 2505 428 2539 vincialibus
448 2518 485 2539 ac
506 2506 712 2551 synodalibus
729 2505 874 2538 conciliis
890 2504 992 2541 editis.

237 2556 444 2600 generalibus
454 2556 503 2589 vel
522 2555 731 2599 specialibus,
755 2554 944 2597 statutisque
965 2559 995 2587 et

238 2605 548 2645 consuetudinibus,
581 2604 676 2637 etiam
702 2604 896 2643 iuramento,
920 2614 995 2636 con-

238 2654 421 2688 firmatione
441 2654 618 2699 apostolica
638 2654 685 2687 vel
709 2653 820 2696 quavis
843 2653 994 2685 firmitate
1015 2694 1016 2699 1

1014 2700 1015 2703 ’
1036 2701 1096 2743 nis,
1119 2702 1253 2735 Sanctae
1283 2702 1398 2734 Mariae
1424 2700 1550 2734 Maioris
1574 2706 1791 2744 nuncupatae,

238 2704 299 2737 alia
318 2705 490 2746 roboratis,
510 2703 685 2749 privilegiis
696 2712 839 2747 quoque,
861 2701 994 2735 indultis

1682 282 1743 316 447

1036 356 1066 385 et.
1095 347 1195 382 literis
1220 345 1405 391 apostolicis
1430 345 1461 379 in
1488 345 1686 379 contrarium
1708 357 1789 390 quo-

1036 404 1212 439 modolibet
1232 401 1403 442 concessis,
1433 401 1630 434 confirmatis
1651 408 1675 432 e*
1701 402 1792 434 inno-

1035 460 1124 493 vatis.
1152 458 1274 497 Quibus
1294 456 1454 495 omnibus,
1489 456 1584 489 ctiam
1612 456 1636 488 si
1667 456 1704 489 de
1731 456 1792 488 illis

1036 524 1216 557 corumque
1237 512 1310 545 totis
1335 511 1501 543 tenoribus
1521 510 1681 553 specialis,
1718 521 1789 552 spe-

1037 569 1129 602 cifica
1149 573 1180 600 et
1200 578 1349 611 expressa
1377 565 1497 598 mentio
1523 564 1671 597 habenda
1696 564 1789 599 foret,

1037 622 1167 654 illorum
1201 626 1329 653 tenores
1363 618 1586 663 praesentibus
1617 629 1674 660 pro
1703 618 1791 649 suiti-

1038 675 1160 714 01001οΓ
1191 673 1348 718 expressis
1368 673 1546 711 babentes,
1579 671 1640 703 illis
1661 671 1739 703 alias
1761 671 1792 702 in

1037 740 1094 761 suo
1116 729 1233 761 robore
1256 727 1496 771 permansuris,
1528 727 1588 758 bac
1608 725 1675 758 vice
1696 725 1792 757 ‹lum-

1036 788 1130 822 taxat,
1147 783 1185 814 ad
1197 782 1348 815 effectum
1368 780 1598 825 praesentium,
1612 778 1795 823 specialiter

1037 842 1067 868 ct
1088 846 1234 879 expresse
1255 836 1474 878 latissimeque
1504 835 1710 873 derogamus,
1741 843 1793 866 ce-

1036 889 1178 933 terisque
1199 889 1369 921 contrariis
1389 889 1662 932 quibuscunupie.

1079 943 1194 976 Datum
1215 943 1335 976 Romae
1369 943 1455 985 apud
1491 943 1522 975 S.
1554 942 1696 981 Petrum,
1734 941 1794 974 sub

1036 997 1157 1029 annulo
1178 996 1360 1033 Piscatoris,
1380 996 1430 1028 die
1446 1006 1455 1028 1
1473 995 1666 1033 novembris,
1682 1003 1791 1033 MDLXI,

1037 1050 1243 1093 pontificatus
1263 1050 1365 1082 nostri
1386 1060 1470 1083 anno
1492 1060 1524 1083 11.

1097 1108 1157 1138 ilat.
1180 1109 1227 1138 (lie
1251 1108 1263 1137 ‘1
1292 1117 1355 1137 nov,
1378 1108 1462 1144 1501,
1483 1107 1584 1146 pontis.
1607 1116 1683 1136 anno
1701 1115 1731 1136 11.

1391 1258 1438 1290 LI.

1035 1333 1173 1366 Fructus
1201 1337 1231 1366 et
1259 1333 1475 1365 emolumenta
1499 1333 1542 1365 ad
1569 1332 1747 1375 capitulum
1767 1337 1796 1365 et

1080 1398 1225 1419 mensam
1247 1388 1451 1419 ecclem‘arwn
1460 1378 1564 1418 'Urbis
1583 1397 1728 1418 commun
1737 1387 1797 1418 iter

1079 1441 1273 1483 spectantia,
1294 1444 1321 1473 et
1339 1440 1583 1472 distributiones
1602 1451 1659 1482 pro
1681 1440 1796 1481 (lestin-

1080 1498 1203 1526 ctornm
1221 1494 1459 1526 annitwrsariis
1474 1494 1673 1536 larssiemtcte,
1688 1493 1794 1536 appli-

1080 1551 1198 1579 01111111)-
1212 1548 1497 1579 (tis-trihutionibus
1521 1547 1722 1590 quotidianis
1736 1557 1797 1589 pro

1081 1601 1343 1633 interessentibics
1364 1601 1486 1633 (lirinis
1507 1601 1628 1644 officiis.

1152 1681 1213 1710 Pius
1232 1682 1303 1717 Papa
1319 1681 1360 1713 tv.
1381 1683 1459 1709 motu
1477 1681 1599 1716 proprio.
1620 1683 1675 1709 etc.

1079 1753 1179 1793 Cum,
1216 1754 1299 1787 sicut
1333 1754 1530 1798 accepimus,
1570 1753 1601 1785 in
1622 1753 1683 1785 bac
1712 1752 1796 1785 alma

1035 1807 1119 1840 Urbe
1146 1813 1266 1847 nostra,
1281 1819 1363 1851 quae
1381 1812 1479 1851 caputv
1499 1807 1603 1840 existit
1619 1808 1717 1839 totius
1743 1819 1796 1841 or-

1035 1860 1092 1899 bis,
1105 1866 1136 1893 et
1156 1861 1187 1893 111
1203 1872 1266 1904 qua
1283 1861 1430 1894 coelestis
1446 1861 1581 1893 altitudo
1597 1861 1723 1893 consilii
1741 1862 1795 1895 Se-

1035 1915 1106 1948 dent
1128 1915 1357 1958 Apostolicam,
1376 1915 1473 1948 nullis
1493 1915 1692 1947 delboturam
1716 1921 1796 1949 tem-

1035 1968 1181 2012 poribus,
1205 1968 1397 2002 mirabiliter
1417 1968 1576 2007 stabilivit,
1595 1968 1636 2000 ita
1649 1969 1680 2001 in
1697 1970 1797 2002 eccle—

1035 2022 1088 2055 siis
1116 2022 1293 2066 collegiatis
1328 2022 1454 2055 divinus
1484 2022 1590 2055 cultus
1619 2022 1796 2056 diminutus

1035 2076 1143 2116 suerit,
1181 2082 1215 2109 ut
1244 2076 1359 2109 exteris
1388 2075 1573 2109 nationibus
1608 2076 1795 2109 scandalum

1035 2140 1100 2163 non
1121 2129 1286 2163 modicum
1307 2136 1493 2173 generetur.

1079 2184 1093 2226 ἓ
1119 2184 1150 2216 ‘l.
1177 2184 1324 2216 Volentes
1352 2183 1470 2226 igitur,
1494 2188 1649 2227 quantum
1678 2182 1709 2214 in
1737 2193 1796 2216 no-

1035 2237 1083 2269 bis
1103 2242 1161 2277 est,
1184 2237 1289 2270 divino
1307 2237 1408 2271 cultui
1430 2238 1610 2277 consulere,
1632 2242 1662 2269 ct
1678 2237 1797 2269 abusus

1035 2290 1223 2324 huiusmodi
1239 2292 1365 2331 tollere,
1383 2291 1602 2331 decernimus,
1627 2291 1797 2323 statuimus

1035 2350 1066 2377 et
1086 2344 1275 2378 ordinamus
1300 2356 1412 2378 omncs
1436 2350 1466 2377 et
1486 2355 1711 2388 quoscumque
1728 2345 1796 2377 sru-

1036 2403 1116 2439 ctus,
1151 2398 1306 2440 redditus,
1335 2404 1530 2443 proventus,
1563 2398 1649 2439 iura,
1678 2399 1796 2432 obven-

1036 2451 1138 2486 tiones
1171 2459 1202 2485 et
1237 2452 1457 2486 emolumenta
1496 2464 1740 2496 quacwrunque,
1764 2453 1795 2485 111

1035 2504 1297 2548 quibuscumque
1320 2504 1416 2537 rebus
1434 2503 1620 2543 consistant,
1638 2514 1794 2547 quarum-

1036 2565 1176 2597 cumque
1210 2554 1439 2592 ecclesiarum,
1480 2558 1544 2585 tam
1573 2558 1795 2585 sacrosanctae

1036 2603 1256 2636 Lateranensis
1277 2604 1444 2642 ecclcsiae,
1464 2602 1550 2635 Beati
1567 2602 1650 2635 Petri
1667 2608 1795 2646 aposto-

1036 2653 1143 2685 lorum
1164 2652 1319 2696 principis
1345 2653 1394 2685 ao
1413 2651 1661 2694 gloriosissimae
1691 2650 1794 2694 Virgi-

1806 290 1853 316 An.
1873 289 1902 315 C.
1922 289 1985 316 1561

1825 1765 1888 1786 caus·
1915 1763 1998 1786 ‹rt-ihdi-

1812 1798 1907 1818 tutionis.

1825 2191 1938 2218 Dispocuin
1963 2192 1996 2218 (de

1811 2229 1850 2249 quit
1863 2224 1883 2243 iv.
1892 2223 1995 2250 rubrica).
