2237 3100
21 231 72 260 An.
90 230 119 257 C.
134 227 199 257 {568

31 2115 138 2137 clausulae
154 2120 214 2142 prse-

32 2147 162 2172 sermome,
193 2149 214 2167 et

33 2176 139 2198 decretum
163 2178 214 2199 irri-

33 2211 86 2231 tant.

887 230 955 254 rius
974 230 1005 254 iv
1029 229 1075 254 rr.
1655 216 1718 251 ⁶275
1777 227 1826 253 An.
1844 225 1874 253 c.
1894 223 1959 253 15611

218 281 399 326 contingat,
433 282 620 326 tempestive
640 283 828 329 providere,
855 295 892 318 ac
913 295 966 317 su-

218 347 363 381 premam
387 336 463 370 huic
484 337 611 380 negotio
642 348 774 370 manum
804 349 967 382 apponere

218 391 397 434 cupientes,
419 401 545 424 necnon
566 392 705 426 veriores
721 392 888 426 literarum
903 392 968 425 sin-

217 445 369 488 gulorum
398 445 701 489 praedecessorum,
736 457 772 480 ac
806 446 966 490 rescripti,

218 509 400 543 processus,
436 499 599 533 relationis
618 500 859 544 sententiaeque
875 511 968 544 prae-

217 553 368 593 fatorum,
392 558 422 586 et
441 553 514 587 inde
535 560 720 587 secutorum
733 560 860 588 tenores
876 565 969 598 prae-

219 606 362 640 sentibus
377 617 436 650 pro
452 607 649 641 sufficienter
669 607 827 651 expressis
847 608 969 641 haben—

218 665 277 701 tes,
309 665 399 694 motu
420 660 528 700 simili,
560 672 625 694 non
645 662 685 695 ad
705 662 850 705 ipsorum
871 662 969 695 abba-

218 719 300 754 tum,
322 714 542 758 praelatorum
568 720 598 748 et
617 715 849 749 canonicorum
874 726 970 758 regu-

218 767 336 801 larium
370 768 629 811 congregationis
666 769 887 802 Lateranensis
923 769 971 802 vel

219 820 352 854 alterius
372 832 431 865 pro
452 821 497 854 eis
517 822 610 854 nobis
636 833 734 865 super
754 823 815 855 hoc
845 822 971 855 oblatae

219 874 382 919 petitionis
401 874 604 917 instantiam,
634 876 689 909 sed
719 887 756 909 ex
777 887 865 908 mera
890 876 970 909 deli-

218 928 385 961 beratione
411 934 439 961 et
461 934 549 962 certa
569 929 703 962 scientia
722 929 847 969 nostra',
876 940 913 962 ac
933 930 972 962 de

218 982 414 1027 apostolicae
436 982 601 1026 potestatis
621 983 836 1027 plenitudine,
860 983 899 1016 ad
925 983 971 1016 es-

219 1035 338 1068 fectum
356 1035 554 1069 executionis
574 1035 677 1068 dictae
694 1035 870 1069 sententiae
900 1041 971 1069 tan-

220 1095 299 1129 turn,
320 1099 433 1122 omnes
445 1095 475 1122 et
491 1089 635 1132 singulos
655 1099 826 1133 processus
846 1095 877 1123 et
898 1100 971 1123 sen-

219 1142 335 1176 tentiae
355 1143 574 1187 praefatorum
595 1142 749 1183 desectus,
779 1143 874 1176 etiam
895 1143 971 1176 sub·

219 1196 393 1237 stantiales,
425 1196 449 1229 si
471 1196 525 1241 qui
545 1197 653 1229 forsan
674 1197 706 1229 in
731 1197 851 1230 eisdem
872 1197 971 1231 inter-

218 1251 375 1291 venerint,
393 1251 511 1284 harum
527 1251 608 1284 serie
625 1250 828 1295 supplemus,
846 1262 882 1285 ac
898 1262 973 1285 ean-

171 1327 173 1329 -
220 1303 293 1338 dem
309 1304 513 1344 sententiam,
536 1314 600 1337 una
619 1315 694 1337 cum
716 1304 784 1337 eius
804 1315 970 1348 processu,

219 1357 340 1391 validos
355 1363 387 1392 et
406 1358 552 1391 efficaces
576 1369 659 1398 esse,
690 1368 831 1402 suosque
862 1352 972 1402 plena-

220 1410 285 1445 rios
311 1416 342 1444 et
364 1411 505 1454 integros
535 1411 668 1444 effectus
695 1411 801 1444 sortiri
823 1417 852 1445 et
872 1411 973 1445 invio-

220 1465 360 1499 labiliter
388 1465 427 1499 ab
458 1464 610 1499 omnibus
643 1465 805 1498 observari
836 1464 972 1503 debere;

220 1529 280 1553 nec
292 1524 398 1563 partes
413 1519 498 1563 ipsas
518 1519 557 1552 ab
573 1519 617 1552 eis
637 1519 704 1553 ullo
720 1530 876 1563 umquam
891 1525 974 1553 tem-

223 1583 313 1616 pore,
335 1572 447 1616 quovis
462 1578 628 1617 praetextu
648 1572 831 1616 quaesitove
852 1573 972 1614 colore,

222 1626 346 1659 resilire
376 1636 489 1669 posse,
521 1626 575 1659 sed
604 1626 643 1659 ad
673 1627 804 1659 illorum
826 1627 974 1664 observa-

223 1679 343 1713 tionem
359 1680 475 1720 teneri,
498 1680 709 1724 censurisque
725 1686 753 1713 et
767 1681 891 1725 poenis,
910 1687 974 1713 tam

224 1734 447 1768 ecclesiasticis
466 1745 563 1778 quam
580 1734 785 1778 pecuniariis,
803 1735 841 1768 ad
862 1735 891 1767 id
906 1735 975 1778 cogi

224 1793 255 1821 et
292 1788 461 1832 compelli,
498 1799 603 1832 neque
637 1799 790 1821 monacos
823 1799 976 1822 eorumve

225 1842 507 1886 congregationem
524 1869 531 1883 ‚
583 1843 733 1876 adversus
786 1843 976 1875 sententiam

225 1895 324 1929 aliave
354 1896 550 1940 praemissa,
582 1895 614 1928 in
642 1896 813 1940 pristinum
840 1901 976 1935 statum,

226 1948 337 1993 quovis
356 1949 501 1993 quaesito
522 1949 630 1982 colore
652 1949 700 1982 vel
721 1948 863 1990 ingenio,
889 1949 979 1981 resti-

225 2001 284 2043 tui,
307 2012 367 2035 nec
387 2002 441 2035 illa
469 2007 694 2045 oppugnantes
713 2001 829 2035 audiri.

271 2055 285 2099 ἓ
313 2055 344 2088 7.
379 2055 631 2098 praesentesque
665 2055 774 2088 literas
802 2055 841 2087 de
866 2055 978 2088 subre-

228 2108 347 2152 ptionis
376 2108 425 2141 vel
455 2108 654 2152 obreptionis
686 2108 761 2141 vitio
795 2113 850 2141 aut
878 2108 980 2141 inten-

228 2162 325 2195 tionis
358 2167 485 2195 nostrae
521 2167 577 2195 aut
609 2161 671 2194 alio
707 2161 819 2204 quovis
853 2162 979 2195 desecta

228 2215 333 2249 notari
367 2226 422 2248 seu
454 2215 637 2258 impugnari
667 2217 778 2259 possej
816 2214 925 2257 sicque
951 2220 981 2248 et

229 2280 294 2303 non
323 2269 416 2302 aliter
444 2280 502 2312 per
538 2279 762 2312 quoscumque
796 2268 919 2301 iudices
953 2275 980 2302 et

231 2323 470 2358 commissarios
484 2351 491 2365 ,
528 2323 623 2356 etiam
657 2328 785 2356 sanctae
819 2323 981 2356 Romanae

230 2378 391 2411 Ecclesiae
415 2378 613 2419 cardinales,
642 2377 766 2410 sublata
800 2376 845 2409 eis
876 2382 907 2409 et
927 2388 982 2410 eo-

231 2427 467 2473 rum-cuilibet
500 2427 610 2470 quavis
639 2426 732 2459 aliter
762 2426 925 2459 iudicandi
954 2432 983 2459 et

232 2477 462 2521 interpretandi
484 2476 634 2510 facultate
656 2481 683 2508 et
705 2476 906 2516 auctoritate,
933 2476 984 2508 iu-

233 2526 333 2560 dicari
353 2532 384 2559 et
403 2525 531 2559 definiri
551 2525 685 2564 debere3
708 2535 744 2557 ac
765 2524 920 2568 quicquid
935 2535 984 2557 se-

234 2586 321 2609 cusa
341 2586 518 2619 quoquam,
540 2574 651 2618 quavis
662 2574 864 2614 auctoritate,
881 2574 984 2607 scien-

234 2631 283 2660 ter
315 2625 363 2658 vel
388 2624 588 2668 ignoranter,
617 2621 768 2657 ,attentari
798 2622 985 2665 contigerit,

1011 284 1137 317 irritum
1158 287 1189 316 et
1208 282 1302 316 inane
1327 281 1546 322 decernimus3
1570 281 1761 325 praemissa-

1011 349 1074 382 que
1094 337 1203 371 omnia
1222 343 1380 382 perpetuo
1406 336 1585 369 statuimus.

1055 392 1120 435 58.
1143 392 1179 424 Et
1200 390 1286 435 quod
1312 391 1353 423 ita
1380 390 1458 423 fiant
1486 395 1513 423 et
1551 390 1762 422 observentur
1808 399 1960 434 *atet-umam

1011 446 1160 479 volumus
1171 451 1266 489 atque
1283 445 1484 483 mandamus,
1501 443 1648 476 similiter
1666 454 1762 476 vene·
1778 430 1842 482 {iffi}
1853 434 1962 484 ss‘e'p'ii'ii‘ij

1013 500 1104 533 rabili
1135 500 1222 533 fratri
1254 499 1406 543 episcopo
1427 497 1645 537 Amerinensi,
1668 502 1698 530 et
1716 497 1763 530 di·
1779 501 1798 517 0¹
1814 495 1933 517 ‘⁰⁴⁷⁰¹²‘¹²0⁵‘

1013 554 1103 587 lectis
1124 554 1197 586 siliis
1227 559 1337 586 nostro
1365 552 1395 585 in
1422 552 1507 585 alma
1532 551 1617 584 Urbe
1637 556 1667 584 et
1696 551 1765 584 eius

1013 607 1159 640 districtu
1189 606 1307 640 vicario
1338 606 1369 638 in
1399 605 1621 649 spiritualibus
1640 615 1676 638 ac
1701 605 1764 638 Cu-

1012 661 1078 694 riae
1099 672 1271 695 causarum
1297 660 1449 694 Gamerae
1470 659 1672 703 Apostolicae
1706 670 1764 692 au-

1013 714 1107 747 ditori
1133 714 1355 757 generalibus,
1383 725 1441 757 per
1466 718 1651 758 praesentes
1676 717 1765 746 motu

1014 769 1081 812 pari
1112 769 1300 801 mandantes
1333 773 1493 812 quatenus
1523 767 1596 810 ipsi,
1622 767 1670 799 vel
1700 766 1765 799 duo

1014 827 1069 855 aut
1088 832 1173 855 unus
1194 832 1327 861 eorum,
1356 832 1414 864 per
1439 831 1471 854 se
1500 820 1549 853 vel
1582 820 1682 853 alium
1710 830 1766 853 seu

1013 875 1104 915 alios,
1128 881 1313 919 praesentes
1332 875 1441 908 literas
1461 880 1491 907 et
1511 874 1542 907 in
1557 874 1603 907 eis
1617 879 1767 907 contenta

1014 940 1259 973 quaecumque,
1282 929 1337 961 ubi
1360 934 1388 961 et
1409 928 1538 971 quando
1559 938 1641 972 opus
1660 927 1766 967 fuerit,

1013 994 1050 1016 ac
1071 983 1198 1027 quoties
1217 993 1276 1027 pro
1298 988 1386 1026 parte
1408 982 1543 1015 rectoris
1563 981 1722 1024 generalis
1737 987 1767 1014 et

1014 1036 1185 1075 abbatum,
1230 1036 1450 1080 praelatorum
1493 1046 1529 1068 ac
1567 1034 1766 1077 regularium

1014 1089 1246 1122 canonicorum
1258 1088 1290 1122 S.
1313 1087 1484 1131 Augustini
1507 1087 1767 1130 congregationis

1015 1143 1237 1176 Lateranensis
1282 1142 1500 1186 praefatorum
1544 1142 1592 1174 vel
1631 1140 1768 1174 alicuius

1015 1207 1128 1229 eorum
1156 1196 1283 1229 fuerint·
1299 1194 1462 1239 requisiti,
1492 1194 1679 1227 solemniter
1706 1205 1767 1238 pu-

1015 1249 1182 1291 blicantes,
1210 1261 1247 1283 ac
1273 1249 1336 1282 illis
1365 1249 1397 1281 in
1419 1248 1602 1292 praemissis
1628 1247 1768 1281 efficacis

1015 1303 1209 1337 defensionis
1237 1301 1398 1347 praesidio
1427 1302 1621 1341 assistentes,
1651 1301 1769 1334 saciant

1015 1358 1206 1391 auctoritate
1231 1363 1341 1390 nostra
1363 1356 1434 1389 illos
1459 1355 1680 1400 suppletione,
1712 1354 1767 1388 de-

1017 1417 1117 1451 creto,
1141 1416 1269 1450 statuto,
1298 1410 1461 1443 voluntate
1483 1414 1513 1442 et
1534 1408 1684 1442 mandato
1709 1408 1768 1441 ali-

1017 1464 1107 1508 isque
1128 1463 1313 1509 praemissis
1333 1462 1468 1507 pacifice
1489 1461 1551 1495 srui
1568 1467 1598 1496 et
1614 1461 1766 1505 gaudere.

1017 1518 1086 1551 Non
1108 1519 1329 1562 permittentes
1357 1528 1412 1550 eos
1439 1516 1486 1550 vel
1508 1526 1621 1549 eorum
1655 1526 1770 1560 quem-

1018 1572 1103 1616 piam
1124 1572 1265 1614 desuper
1292 1581 1350 1614 per
1377 1580 1602 1614 quoscumque
1632 1580 1770 1612 quomo-

1018 1625 1137 1658 dolibet
1159 1624 1299 1658 indebite
1325 1624 1506 1663 molestari,
1536 1623 1702 1656 deturbari
1721 1624 1770 1656 vel

1019 1679 1203 1721 inquietari.
1244 1678 1504 1711 Contradictores
1545 1677 1706 1720 quoslibet
1741 1682 1771 1710 et

1019 1733 1155 1765 rebelles
1180 1743 1238 1776 per
1258 1731 1441 1770 sententias,
1464 1740 1627 1770 censuras,
1649 1736 1677 1763 et
1708 1736 1771 1763 tam

1019 1787 1251 1820 ecclesiasticas
1280 1791 1311 1818 et
1341 1785 1563 1829 pecuniarias,
1594 1784 1690 1817 etiam
1720 1795 1772 1817 ar-

1020 1840 1114 1873 bitrio
1150 1851 1208 1873 sno
1243 1839 1457 1873 moderandas
1487 1844 1517 1871 et
1546 1839 1770 1882 applicandas,

1019 1905 1116 1938 quam
1138 1895 1233 1926 etiam
1255 1892 1441 1937 privationis
1465 1891 1700 1925 beneficiorum
1721 1903 1773 1925 ec-

1021 1947 1275 1980 clesiasticorum
1308 1958 1367 1991 per
1400 1947 1487 1990 ipsos
1521 1945 1775 1978 contradictores

1021 2001 1226 2034 obtentorum
1255 2010 1392 2043 poenas,
1422 2000 1549 2042 aliaque
1570 1999 1650 2031 iuris
1670 2009 1775 2032 reme-

1022 2054 1090 2095 dia,
1113 2054 1328 2098 appellatione
1350 2053 1542 2097 postposita,
1566 2063 1775 2097 compescen-

1022 2109 1080 2149 do;
1102 2120 1151 2148 ac,
1171 2107 1321 2151 legitimis
1343 2118 1440 2151 super
1459 2108 1509 2140 liis
1533 2107 1688 2140 habendis
1708 2117 1775 2140 ser-

1021 2163 1099 2195 vatis
1119 2162 1337 2206 processibus,
1359 2162 1431 2195 illos
1456 2163 1638 2201 sententias,
1660 2171 1776 2194 censu-

1023 2227 1074 2249 ras
1090 2222 1120 2249 et
1136 2226 1256 2260 poenas
1272 2215 1459 2248 huiusmodi
1476 2215 1651 2248 incurrisse
1668 2214 1776 2247 decla-

1024 2270 1137 2310 rando,
1160 2270 1297 2314 illosque
1314 2270 1409 2302 etiam
1435 2269 1556 2302 iteratis
1576 2268 1701 2302 vicibus
1721 2279 1776 2311 ag-

1025 2324 1184 2367 gravando
1219 2330 1246 2357 et
1282 2323 1488 2356 interdictum
1524 2323 1777 2356 ecclesiasticum

1025 2377 1235 2421 imponendo,
1268 2377 1412 2410 invocato
1445 2377 1540 2409 etiam
1577 2377 1615 2409 ad
1649 2377 1727 2417 hoc,
1753 2376 1778 2409 si

1026 2438 1108 2471 opus
1128 2427 1178 2466 sit,
1214 2427 1332 2460 auxilio
1358 2426 1481 2459 brachii
1502 2425 1688 2459 saecularis.

1071 2477 1085 2519 ξ
1105 2475 1136 2508 9.
1155 2476 1224 2508 Non
1245 2475 1447 2508 obstantibus
1466 2475 1651 2519 praemissis
1676 2486 1713 2507 ac
1734 2474 1779 2507 fe·
1821 2488 1978 2510 clausuram,

1027 2524 1097 2557 licis
1126 2525 1359 2557 recordationis
1388 2524 1540 2557 Bonifacii
1569 2525 1673 2568 Papae
1701 2524 1777 2564 vill,
1796 2524 1922 2546 '‘mmm‘-

1028 2573 1284 2617 praedecessoris
1304 2573 1416 2614 nostri,
1439 2574 1477 2607 de
1498 2585 1579 2615 una,
1602 2579 1631 2607 et
1652 2573 1779 2606 concilii

1028 2622 1187 2665 generalis
1225 2623 1263 2656 de
1283 2623 1409 2657 duabus
1441 2623 1567 2664 diaetis,
1603 2622 1780 2657 dummodo
