2237 3100
238 209 287 235 An.
305 206 325 233 C
355 205 424 233 1570

272 1280 371 1303 lulitbttio
381 1284 431 1299 cou-

247 1318 277 1333 trt
312 1312 430 1341 impe-lien<

248 1344 280 1359 tes
297 1344 343 1359 oue.
359 1343 391 1364 qut
404 1341 431 1357 tta

247 1376 310 1396 '⁰¹¹⁰‘
322 1375 432 1420 ,ᾞΝᾚῙ
446 1382 575 1409 sanctae
596 1376 797 1409 obedientiae
813 1387 848 1409 ac
863 1376 922 1408 sub
940 1377 1204 1410 exconnnunica-

262 1707 319 1726 (.l.:u-
326 1706 369 1726 ulae
385 1713 406 1732 pr
414 1713 433 1724 υ-

286 2493 398 2517 Decretum
415 2497 444 2516 ir-

482 195 548 230 864

439 257 628 302 municipali
648 263 784 298 statuto,
807 255 904 300 plecti
935 255 1050 294 solent,
1083 253 1192 297 puniri

440 311 588 345 debeant.

482 365 497 408 ἓ
527 364 558 397 4.
592 363 776 397 Mandantes
807 367 870 394 tam
903 360 996 394 Urbis
1032 360 1193 404 praefatae

284 434 424 454 meoniorum
439 416 648 461 gubernatori
671 422 699 449 ct
716 415 830 448 Curiae
856 424 1028 447 cansarum
1042 413 1194 446 Gamerae

240 468 347 489 «tt-nutant,

439 471 639 515 Apostolicae
659 469 801 512 generali
822 468 973 508 auditori,
996 478 1093 511 quam
1124 478 1194 500 om-

439 525 532 557 nibus
563 529 591 556 et
624 522 758 566 singulis
788 522 906 555 nostris
938 528 967 555 et
995 521 1084 555 Sedis
1109 521 1194 564 Apo-

439 577 569 609 stolicae
590 576 622 608 in
643 575 905 620 quiluiscumque
926 574 1198 618 provinciislega—

440 630 476 662 tis
496 635 525 662 et
545 629 737 672 vicelegatis,
758 639 886 662 necnon
912 638 1196 672 quorumcumque

440 682 615 723 civitatum,
639 688 810 722 terrarum,
833 681 1029 725 oppidorum
1050 686 1079 714 et
1112 680 1197 713 loco-

440 746 525 776 rum,
558 735 650 768 nobis
682 741 710 768 et
733 734 837 768 eidem
863 734 936 768 Sedi
969 741 1032 767 tam
1059 734 1197 767 mediate

440 799 538 832 quam
565 789 750 822 immediate
779 788 1011 828 subiectarum,
1039 788 1199 831 guberna-

441 842 574 882 toribus,
595 842 809 886 praetoribus,
833 841 1019 885 capitaneis,
1047 841 1198 874 commis-

441 895 532 929 sariis
563 901 592 928 et
624 895 694 928 aliis
725 895 986 939 quibuscumque
1023 895 1196 936 iudicibus,

442 950 561 994 quavis,
593 949 688 982 etiam
709 949 926 993 subdelegata,
947 954 1105 992 potestate
1137 950 1199 982 ful-

442 1002 602 1045 gentibus,
624 1008 656 1035 ut
678 1008 862 1046 praesentes
882 1008 1006 1035 nostras
1036 1002 1201 1035 inviolabi-

442 1057 516 1090 liter
536 1056 569 1088 in
585 1066 699 1089 eorum
721 1055 848 1088 iudiciis
860 1056 1038 1096 observent,
1052 1066 1111 1089 nec
1125 1067 1201 1089 con-

445 1115 493 1142 tra
530 1109 620 1150 tales,
661 1109 721 1141 nisi
757 1109 885 1141 illarum
925 1109 1027 1141 forma
1065 1115 1199 1149 servata,

446 1162 622 1206 procedere
642 1162 781 1195 audeant
802 1163 851 1195 vel
871 1168 1092 1206 praesumant.

491 1216 505 1259 ξ
526 1216 557 1249 5.
580 1215 760 1248 Districtius
779 1226 910 1259 quoque
931 1215 1115 1249 inhibentes
1135 1216 1203 1260 qui-

445 1268 649 1312 buscumque
683 1275 855 1309 terrarum,
878 1268 1072 1312 oppidorum
1095 1276 1123 1303 ct
1155 1271 1202 1303 lo-

447 1333 559 1356 corum
581 1322 720 1355 dominis
735 1323 766 1355 iu
781 1322 1024 1366 temporalibus,
1038 1322 1070 1355 in
1088 1324 1204 1356 virtute

448 1429 544 1462 tionis
575 1434 632 1462 cle.
667 1428 791 1472 poenis,
822 1440 860 1461 ne
898 1429 941 1461 sic
963 1430 995 1461 iu
1022 1429 1205 1472 praemissis

447 1482 646 1522 iudicantes,
680 1493 793 1515 eorum
825 1483 982 1515 saeculari
1014 1483 1206 1516 auctoritate

447 1536 631 1575 molestare,
655 1535 848 1579 inquietare,
872 1535 1064 1578 perturbare
1084 1537 1131 1570 vel
1146 1535 1215 1569 im->

448 1589 559 1633 pedire
579 1589 717 1622 audeant
738 1589 786 1621 vel
806 1595 1026 1632 praesumant.

493 1642 507 1685 ξ
528 1642 558 1676 ti.
582 1642 797 1675 Decerneutes
811 1648 974 1685 postremo
989 1649 1163 1685 priesentes
1177 1649 1205 1676 et

448 1695 588 1739 desuper
617 1695 837 1728 conficiendas
867 1696 988 1728 litteras
1017 1697 1107 1729 nullo
1134 1707 1207 1729 um-

449 1760 546 1793 quam
569 1756 713 1792 tempore
733 1749 772 1782 de
798 1749 1017 1792 subreptionis
1042 1750 1091 1783 vel
1112 1750 1207 1783 obre-

450 1802 570 1846 ptionis
589 1802 664 1835 vitio
685 1808 739 1834 aut
760 1802 949 1835 intentionis
970 1809 1097 1836 nostrae
1125 1804 1210 1837 defe-

452 1862 505 1889 ctu
526 1855 642 1895 notari,
664 1855 835 1899 minusque
856 1855 915 1889 sub
936 1856 1099 1900 quibusvis
1119 1857 1208 1890 simi-

451 1909 531 1942 lium
552 1910 601 1942 vel
621 1909 826 1942 dissimilium
840 1909 1017 1952 gratiarum
1032 1911 1209 1944 revocatio-

452 1962 546 1995 nibus
560 1962 803 2006 comprehendi,
817 1963 864 1996 vel
882 1963 944 1995 illis
958 1963 1105 2006 derogari
1119 1965 1209 1997 nullo

452 2016 561 2057 modo,
584 2015 677 2050 tacite
697 2017 745 2050 vel
766 2027 925 2060 expresse,
948 2028 1057 2060 posse,
1090 2018 1151 2051 nisi
1172 2018 1210 2051 de

453 2069 514 2102 illis
546 2080 726 2113 eorumque
747 2070 820 2103 totis
842 2071 1008 2103 tenoribus
1029 2082 1065 2104 ac.
1097 2082 1209 2104 eorum

453 2123 567 2156 Datum
597 2123 635 2156 de
666 2123 762 2156 verbo
783 2124 822 2156 ad
842 2124 985 2164 verbum,
1007 2135 1072 2157 non
1104 2131 1210 2158 autem

454 2187 512 2219 per
532 2176 693 2209 clausulas
705 2178 872 2219 generales
884 2177 968 2210 idem
986 2177 1209 2222 importantes,

455 2229 576 2262 mentio
597 2235 627 2263 et
648 2230 808 2273 expressio
823 2230 905 2263 sacta
918 2231 1014 2263 suerit
1029 2243 1036 2267 ;
1051 2231 1212 2275 aliterque

456 2281 554 2315 factas
592 2282 818 2325 derogationes
849 2283 970 2316 nullius
1002 2284 1128 2317 roboris
1165 2285 1212 2317 vel

456 2335 612 2368 momenti
633 2336 714 2376 sore,
731 2341 759 2368 et
782 2341 947 2380 tamquam
962 2337 1039 2369 tales
1053 2348 1070 2369 a
1083 2337 1213 2370 nemine

457 2384 591 2425 attendi,
614 2396 673 2418 nec
694 2385 752 2418 ulli
774 2385 942 2429 suffragari
964 2396 1067 2429 posse.

502 2432 517 2475 ἓ
529 2432 560 2465 7.
571 2433 687 2477 Sicque
699 2445 757 2477 per
768 2445 992 2477 quoscumque
1005 2434 1126 2468 iudices
1139 2439 1210 2475 elon,

459 2479 554 2513 etiam
576 2492 746 2515 causarum
766 2483 878 2516 Palatii
898 2483 1073 2527 Apostolici
1087 2484 1214 2516 audito-

461 2540 510 2562 res
548 2536 577 2563 et
612 2531 644 2564 S.
673 2532 709 2564 R.
744 2533 778 2565 E.
817 2533 996 2566 cardinales
1036 2543 1215 2576 eorumque

461 2579 648 2622 collegium,
658 2581 782 2614 sublata
792 2587 848 2616 elo.
856 2594 864 2623 ;
873 2582 1001 2616 irritum
1013 2593 1143 2627 quoque
1156 2586 1213 2615 etc.

1034 200 1215 226 BULLARIUM
1239 198 1392 223 ROMANUM

2006 199 2056 226 An.
2073 197 2103 225 C.
2122 196 2193 225 {⁸⁷0

1279 251 1294 294 ἓ
1315 250 1345 284 8.
1369 250 1438 283 Non
1459 249 1659 283 obstantibus
1678 250 1850 294 przemissss
1862 261 1899 284 ac
1918 250 1992 294 qui·
2033 259 2145 294 ⁰¹⁵¹¹⁵3¹¹¹⁰
2157 259 2193 280 ‹10-

1234 303 1340 336 busvis
1360 303 1544 346 apostolicis
1564 313 1704 344 necnon,
1732 304 1765 336 in
1785 304 1992 348 provinciali·
2008 292 2138 317 ¹⁰³⁸²⁰⁰⁸²

1235 357 1295 389 bus
1326 363 1357 390 et
1388 356 1594 401 synodalibus
1620 357 1766 390 conciliis
1787 357 1888 398 editis,
1919 369 2000 402 spe-⁴

1236 410 1371 443 cialibus
1391 410 1439 443 vel
1460 410 1666 453 generalibus
1695 410 1993 452 constitutionibus3

1237 474 1271 496 ac
1304 463 1440 506 legibus,
1464 464 1560 497 etiam
1582 463 1816 507 imperialibus,
1846 464 1942 497 etiam
1962 464 1996 497 in

1238 527 1375 560 corpore
1406 517 1497 557 iuris,
1521 523 1555 550 ut
1576 518 1770 561 praefertur,
1805 517 1934 558 clausis;
1960 528 1998 552 ac

1238 570 1415 613 quibusvis,
1439 571 1533 604 etiam
1567 570 1820 614 municipalibus
1841 576 1872 604 et
1896 571 1997 614 parti-

1239 624 1415 664 cularibus,
1432 624 1528 657 etiam
1548 624 1731 657 iuramento
1751 628 1808 658 elo.
1828 624 1998 665 roboratis,

1239 677 1365 709 statutis
1403 683 1431 710 et
1471 677 1780 717 consuetudinibus3
1825 677 2000 721 privilegiis

1240 741 1382 773 quoque,
1410 730 1543 764 indultis
1562 735 1634 772 etc„
1658 732 1717 764 sub
1738 731 2000 775 quibuscumque

1241 783 1407 817 tenoribus
1446 789 1519 823 etc„
1553 785 1650 817 etiam
1682 790 1774 818 motu
1804 785 1902 818 simili
1922 789 1998 826 etc„

1241 836 1336 870 etiam
1358 837 1622 871 consistorialiter
1642 842 1698 871 etc.
1715 849 1751 871 ac
1765 838 1824 872 sub
1837 837 2003 882 quibusvis

1241 890 1414 923 verborum
1447 891 1558 924 formis
1590 891 1751 924 concessis
1789 896 1846 924 etc.
1880 891 2004 930 Quibus

1243 944 1405 983 omuibus,
1428 944 1524 977 etiam
1546 944 1622 977 side
1643 944 1704 977 illis
1717 949 1790 985 etc„
1807 945 1939 978 illorum
1956 950 2003 978 te-

1242 1008 1337 1030 nores
1357 1002 1427 1038 σία,
1445 998 1507 1030 illis
1527 997 1604 1030 alias
1620 1002 1690 1038 etc„
1703 997 1868 1039 latissime,
1883 998 2006 1042 specia-

1243 1051 1317 1084 liter
1342 1057 1371 1084 et
1403 1062 1550 1095 expresse
1577 1051 1793 1095 derogamus,
1825 1051 2005 1096 ceterisque

1244 1104 1414 1138 contrariis
1444 1105 1720 1149 quibuscumque,
1743 1116 1818 1139 curn
1850 1105 2004 1139 clausulis

1244 1158 1437 1203 opportunis
1457 1164 1485 1191 et
1507 1159 1681 1192 consuetis.

1418 1213 1497 1245 Fiat.
1520 1212 1606 1246 Motu
1627 1213 1771 1257 proprio,
1794 1214 1833 1247 M.

1289 1267 1304 1310 ξ
1324 1266 1355 1300 9.
1379 1267 1414 1299 Et
1447 1266 1532 1309 quod
1565 1277 1852 1310 quorumcumque
1871 1273 2006 1302 statuto-
2033 1276 2206 1312 Formseto'ffe-

1247 1331 1332 1360 rum,
1355 1320 1624 1353 constitutionum
1646 1326 1674 1353 et
1696 1320 1804 1364 legum
1826 1326 1883 1355 etc.
1915 1327 2005 1355 teno-
2019 1312 2090 1362 iffi..
2108 1307 2204 1336 ”bm-

1248 1385 1296 1407 res
1310 1374 1491 1407 habeantur
1504 1385 1562 1417 pro
1576 1374 1743 1418 expressis,
1759 1386 1816 1408 seu
1828 1375 1862 1408 in
1879 1381 1947 1409 toto
1957 1376 2006 1409 vel

1248 1428 1279 1460 in
1300 1434 1390 1471 parte
1411 1428 1560 1471 exprimi,
1583 1439 1618 1461 ac
1641 1428 1680 1462 de
1700 1429 1796 1462 verbo
1817 1429 2005 1463 adverbum

1249 1482 1345 1514 inseri
1376 1481 1510 1525 possint.
1534 1482 1569 1514 Et
1591 1482 1629 1515 de
1649 1482 1829 1524 sanctione,
1859 1488 1980 1518 statuto
1996 1510 2004 1524 ,

1249 1534 1476 1575 declaratione,
1508 1535 1648 1575 decreto,
1680 1535 1886 1577 inhibitione,
1915 1547 2007 1570 man-

1249 1589 1322 1621 dato
1343 1594 1372 1621 ct
1393 1588 1464 1621 aliis
1483 1588 1676 1631 praemissis,
1697 1600 1780 1632 quae
1799 1589 1852 1623 hic
1871 1600 1931 1634 pro
1955 1600 2008 1624 re-

1250 1641 1356 1685 petitis
1375 1641 1569 1681 habeantur,
1593 1648 1622 1675 ct
1643 1642 1682 1674 ad
1702 1648 1827 1686 partem
1848 1649 2008 1687 perpetuo

1251 1696 1283 1728 iu
1305 1696 1407 1728 forma
1427 1695 1578 1738 gratiosa,
1602 1701 1631 1729 et
1653 1707 1727 1729 cum
1758 1702 1954 1740 opportuna,
1982 1697 2008 1730 si

1250 1749 1420 1789 videbitur,
1452 1749 1596 1783 iudicum
1617 1749 1836 1793 deputatione,
1858 1750 1914 1794 qui
1933 1750 2009 1784 assi—

1251 1809 1333 1836 stant
1365 1807 1443 1843 ele„
1475 1803 1622 1836 invocato
1654 1807 1711 1836 etc.
1745 1804 1944 1845 saecularis;
1978 1809 2010 1838 et.

1252 1868 1326 1889 cum
1348 1862 1533 1900 opportuno
1566 1857 1696 1890 decreto
1716 1857 1814 1900 quod,
1848 1863 1885 1890 ut
1914 1867 2008 1901 prae-

1252 1915 1356 1943 sentes
1376 1910 1414 1942 ad
1436 1910 1593 1951 omnium,
1606 1921 1748 1954 quorum
1764 1909 1908 1952 interest,
1928 1911 2010 1945 noti·

1253 1962 1330 1995 tiam
1351 1962 1565 2003 deducantur,
1585 1963 1760 2006 nullusque
1780 1963 1933 2007 deinceps
1956 1964 2010 1997 ad-

1253 2026 1361 2049 versus
1381 2026 1433 2049 eas
1453 2015 1594 2060 aliquam
1609 2016 1848 2050 excusationem
1860 2022 2010 2061 praeten-

1254 2070 1329 2102 dere
1349 2075 1402 2102 aut
1417 2070 1632 2112 ignorantiam
1647 2070 1786 2113 allegare
1799 2076 1908 2114 queat,
1923 2071 2011 2115 quod

1254 2124 1326 2156 illae
1358 2123 1599 2167 imprimantur,
1632 2124 1714 2157 etin
1734 2124 1832 2157 valvis
1859 2124 2012 2159 basilicae

1255 2177 1411 2221 Principis
1431 2178 1652 2220 apostolorum
1674 2184 1705 2211 et
1725 2178 1756 2211 S.
1772 2178 1901 2211 Ioannis
1920 2178 2012 2212 Late-

1255 2231 1400 2264 rauensis
1412 2242 1447 2264 ac
1469 2231 1686 2265 Cancellariae
1706 2232 1922 2275 Apostolicae,
1937 2243 2013 2266 nec—

1255 2295 1319 2317 non
1353 2284 1385 2316 in
1415 2284 1483 2317 acie
1503 2284 1613 2328 Campi
1639 2283 1751 2318 Florae
1781 2286 1954 2328 affigantur
1982 2290 2014 2319 et

1256 2338 1334 2370 inibi
1356 2348 1468 2371 earum
1490 2338 1602 2380 copiae
1624 2338 1840 2371 dimittantur.
1856 2337 2013 2382 Quodque

1256 2387 1360 2419 affixio
1382 2386 1567 2419 huiusmodi
1588 2398 1700 2419 onmes
1720 2387 1854 2430 perinde
1881 2386 2011 2428 afficiat,

1257 2447 1291 2468 ae
1313 2435 1337 2468 si
1358 2435 1489 2468 fuissent
1512 2435 1725 2479 personaliter
1744 2435 1912 2476 exhibitae,
1941 2435 2014 2469 inti-

1258 2490 1361 2517 matae
1382 2490 1409 2517 et
1432 2490 1588 2517 ostensae.
1612 2485 1769 2527 Quodque
1789 2495 1902 2518 earum
1927 2489 2013 2518 tran-

1258 2532 1404 2577 sumptis,
1425 2533 1521 2566 etiam
1542 2533 1716 2577 impressis,
1748 2544 1846 2566 manu
1877 2532 2014 2566 alicuius

1259 2583 1375 2616 notarii
1405 2582 1528 2626 publici
1556 2583 1761 2626 subscriptis,
1783 2588 1815 2616 et
1832 2582 1938 2626 sigillo
1958 2582 2014 2616 ali-
