2237 3100
233 237 284 265 An.
299 235 330 266 C.
349 233 418 263 ¹569

477 224 540 258 756

433 297 532 330 super
551 286 602 319 his
622 291 818 319 reservatum
834 311 841 324 ‚
864 290 918 317 aut
939 293 1105 326 regressus
1130 292 1187 315 seu

434 350 582 373 accessus
602 344 632 371 et
652 339 815 380 ingressus
845 336 885 369 ad
918 336 1006 368 illam
1033 337 1081 369 vel
1108 336 1188 369 illud

434 393 495 437 ipsi
515 393 634 425 clerico
654 392 701 423 vel
723 390 877 422 cardinali
898 395 952 422 aut
974 389 1028 422 alii
1040 396 1187 434 exempto

434 446 473 479 sit
492 445 624 478 fueritve
646 453 829 477 concessus.

522 498 713 534 Postremo,
745 495 770 528 si
804 495 878 538 quis
908 495 1044 528 erimine
1078 497 1188 539 aliquo

434 551 612 590 absolutus,
635 555 687 582 aut
710 560 784 581 cum
806 559 870 591 quo
905 559 1004 592 super
1029 549 1187 593 irregula-

435 603 525 636 ritate
559 602 780 645 dispensatum
812 607 868 642 est,
889 602 996 635 denuo
1031 603 1189 646 receperit

434 666 641 700 quacumque
661 656 853 688 auctoritate
874 656 1054 696 ecclesiam,
1076 667 1187 689 mona-

434 709 568 742 sterium
588 709 636 742 vel
670 708 756 741 aliud
776 708 973 741 beneficium
999 709 1189 742 ecelesiasti-

1030 229 1211 254 BULLARIUM
1234 229 1385 254 ROMANUM

1229 281 1388 315 beneficio
1415 282 1646 323 ecclesiastico,
1667 293 1726 326 per
1745 293 1778 316 se
1805 283 1855 317 vel
1883 283 1984 317 alium

1231 346 1287 368 seu
1308 335 1398 375 alios,
1422 335 1650 376 intercesserit,
1671 336 1720 368 rel
1736 336 1814 370 alias
1834 337 1866 369 in
1887 347 1985 379 nego-

1230 389 1273 421 tio
1294 388 1513 422 concessionis
1533 399 1601 422 sese
1621 388 1836 423 immiscuerit
1851 400 1984 433 quoquo

1231 442 1339 482 modo,
1376 442 1493 475 deinde
1514 442 1637 485 aliquid
1658 443 1696 476 de
1725 443 1884 476 fructibus
1912 443 1985 477 talis

1230 495 1379 529 beneficii
1400 496 1439 529 de
1460 496 1556 537 sacto,
1579 496 1676 529 etiam
1697 507 1754 540 per
1774 507 1891 530 manus
1910 507 1986 541 pos-

1231 549 1375 591 sessoris,
1398 560 1434 582 ae
1455 549 1550 582 etiam
1571 549 1728 593 simplicis
1747 549 1931 583 donationis
1950 549 1988 582 ti-

1231 603 1301 636 tulo
1326 603 1520 646 perceperit,
1556 613 1613 636 seu
1634 603 1672 635 de
1693 603 1748 636 illo
1780 604 1988 647 postmodum

1231 657 1269 689 ad
1290 656 1489 688 voluntatem
1511 656 1734 689 intercessoris
1754 656 1850 690 suerit
1879 656 1987 701 dispo-

1231 709 1327 742 situm
1347 708 1634 753 quandocumque.

1997 230 2048 259 An.
2065 230 2096 259 C.
2116 230 2186 260 156⁹

435 773 521 802 cum,
559 762 646 806 quod
680 768 753 795 ante
785 763 833 795 vel
868 768 941 805 post
978 763 1189 796 commissum

434 817 589 849 delictum
618 822 671 848 aut
698 821 896 849 contractam
918 816 1188 858 irregularitatem

1275 762 1290 805 ξς
1310 762 1340 795 6.
1364 763 1472 795 Testes
1493 767 1601 795 autem
1621 763 1659 796 de
1680 774 1810 807 quaque
1827 774 1861 797 re
1877 763 1988 808 singu·
2003 770 2190 829 Ιὸἇεςεέξέεἰᾚὲἶ

1231 816 1315 849 lares
1335 816 1476 859 singulas
1502 816 1639 859 probare
1668 817 1793 850 valeant
1818 828 1987 862 praesum·
2003 833 2120 860 tionesque
2139 832 2188 860 qum

250 1307 273 1328 Et
289 1307 313 1327 ud
329 1305 420 1334 proban*

236 1339 283 1359 <tum
311 1338 423 1358 confiden-

237 1371 286 1390 tiam
294 1372 422 1396 σει-1151111-

236 1402 369 1428 sumptione·
381 1400 421 1420 sur-

237 1433 301 1453 110018
318 1432 420 1453 declarat.

435 869 602 909 dimiserit,
617 869 649 901 111
660 868 824 912 quibusvis
835 868 952 901 horum
968 880 1101 902 casuum
1116 880 1190 902 con-

435 922 586 955 fidentiae
618 922 756 965 pravitas
776 922 812 955 sit
835 927 1010 961 contracta,
1032 933 1189 966 casusque

435 975 623 1008 huiusmodi
643 975 756 1008 litteris
776 975 949 1019 praedictis
974 976 1189 1019 comprehen-

435 1029 553 1061 dantur
573 1040 609 1061 ae
629 1028 655 1061 si
676 1028 738 1061 illis
753 1028 919 1072 speciatim
941 1029 1081 1072 expressi
1111 1030 1189 1062 suis-

403 1078 409 1082 *
435 1087 516 1123 sent,
559 1082 634 1115 licet
667 1082 773 1125 ipsum
815 1082 1028 1115 confidentiae
1067 1083 1190 1116 crimen

435 1136 567 1169 alterius
586 1141 709 1169 tantum
736 1136 836 1180 partis
857 1136 1052 1169 conscientia
1078 1137 1189 1169 511011-

436 1189 583 1222 missum.

480 1244 494 1287 ξ
514 1243 545 1276 4.
568 1243 615 1275 Ad
645 1243 849 1286 probandum
870 1254 945 1276 vero
966 1244 1060 1286 plene
1088 1239 1191 1276 confi'-

436 1296 617 1329 dentiarum
639 1296 788 1335 abusum,
812 1296 896 1329 inter
915 1296 1003 1337 alias,
1020 1297 1115 1329 etiam
1132 1298 1191 1330 liae

436 1349 716 1394 praesumptiones
737 1354 768 1381 et
783 1349 990 1382 coniecturae
1011 1350 1193 1383 habeantur

436 1403 607 1446 legitimae,
624 1403 781 1435 videlieet:

525 1457 557 1489 Si
577 1457 662 1499 quis,
688 1462 757 1499 post
777 1467 899 1489 cessam
920 1456 959 1488 ab
980 1467 1011 1488 se
1023 1458 1191 1490 ecclesiam

436 1511 483 1543 rel
513 1510 746 1543 monasterium
767 1516 819 1542 aut
842 1510 1051 1551 beneficium,
1075 1517 1105 1543 et
1131 1523 1192 1555 pu-

436 1564 587 1597 blicatam
616 1564 865 1607 resignationem
896 1575 951 1597 seu
986 1564 1190 1605 cessionem,

438 1623 630 1661 captamque
639 1629 657 1650 a
666 1628 853 1650 successore
864 1617 1112 1661 possessionem,
1126 1629 1193 1652 sese

438 1671 471 1703 in
492 1671 545 1703 illa
565 1671 612 1704 vel
634 1670 688 1703 illo
710 1682 765 1703 seu
787 1671 885 1703 rebus
904 1671 1004 1711 illius,
1024 1682 1130 1714 perse
1146 1672 1193 1705 vel

439 1723 539 1756 alium
560 1734 617 1757 seu
651 1724 742 1763 alios,
765 1723 803 1756 de
824 1723 907 1757 sacto
928 1724 1109 1766 ingesserit,
1140 1731 1192 1757 aut

440 1777 564 1810 fructus
593 1778 786 1820 perceperit,
819 1783 871 1809 aut
893 1777 1093 1820 quicumque
1121 1789 1194 1811 suc-

441 1840 549 1863 cessor
569 1830 615 1862 illi
636 1831 683 1863 vel
703 1830 772 1863 eius
801 1830 993 1874 propinquis
1026 1831 1113 1874 ipsos
1141 1836 1197 1864 aut

441 1889 565 1928 partem
586 1884 729 1927 aliquam
754 1883 916 1917 remiserit
933 1884 1135 1917 eorumdem.

530 1937 562 1970 Si
583 1937 743 1980 recipiens
763 1937 959 1969 beneficium
993 1937 1197 1970 constituerit

442 1990 656 2023 dimittentem
675 1991 724 2023 vel
745 1990 814 2023 eius
830 1995 979 2033 parentes
995 1997 1050 2023 aut
1066 1991 1197 2034 propin-

442 2054 524 2087 quos
557 2048 786 2087 procuratores
806 2043 845 2075 ad
875 2043 1120 2086 percipiendum
1149 2045 1197 2077 rel

444 2096 618 2129 locandum
639 2096 763 2128 fructus
783 2096 932 2128 beneficii
949 2096 1083 2136 dimissi,
1102 2102 1130 2129 et
1152 2096 1197 2129 illi

445 2150 491 2183 vel
511 2149 574 2182 illis
594 2150 632 2182 de
654 2149 812 2182 fructibus
832 2149 993 2192 perceptis
1017 2154 1069 2181 aut
1092 2150 1198 2193 perci-

445 2203 572 2246 piendis
592 2202 799 2235 donationem
820 2202 943 2234 fecerit.

534 2255 576 2293 Si,
597 2256 645 2288 vel
666 2256 732 2288 sola
750 2255 971 2299 procuratoris
987 2255 1199 2300 depositione,

445 2309 494 2341 rel
526 2309 617 2342 libris
651 2309 862 2342 rationalibus
896 2309 1133 2342 mensariorum
1164 2321 1200 2343 cx

446 2368 536 2405 parte
566 2362 754 2395 dimittentis
774 2362 952 2405 expeditio,
974 2373 1056 2405 quae
1088 2374 1200 2406 perso-

446 2420 519 2443 nam
541 2412 727 2455 recipientis
752 2411 929 2452 concernit,
953 2417 1124 2455 prosecuta
1151 2413 1200 2453 sit,

446 2459 608 2503 simulque
633 2471 790 2503 expensae
812 2471 868 2503 pro
890 2471 927 2493 ea
946 2460 1145 2493 necessariae
1161 2461 1200 2493 ab

447 2508 502 2540 1110
524 2509 624 2541 factae
644 2509 775 2542 suerint.

492 2557 506 2599 ,ξ
531 2557 561 2589 5.
588 2557 745 2601 Denique,
774 2558 798 2590 si
819 2558 892 2602 quis
912 2569 970 2602 pro
992 2557 1200 2591 concessione
1220 2558 1222 2600 ξ
1242 2558 1448 2591 advocatione
1461 2570 1633 2591 causarum
1650 2558 1837 2592 huiusmodi
1853 2563 1997 2593 etreser-

448 2604 544 2638 alicui
564 2606 658 2646 saeta,
694 2618 900 2650 quacumque
930 2606 1134 2645 auctoritate,
1162 2607 1200 2639 de

1233 870 1357 912 ptiones
1378 875 1408 902 et
1424 869 1639 910 coniecturas,
1671 870 1847 914 pluresque
1877 871 1990 905 huius-
2003 863 2102 892 ⁹¹⁰¹³⁶¹¹¹·

1232 922 1319 956 modi
1344 922 1625 967 praesumptiones
1646 927 1677 955 et
1697 923 1904 958 coniecturae
1924 925 1991 968 ple-

1232 987 1305 1009 nam
1323 976 1545 1019 probationem
1566 976 1684 1009 saciant
1703 976 1735 1010 in
1756 977 1942 1021 praedictis.

1277 1029 1334 1072 {T
1349 1030 1509 1069 Ceterum,
1527 1029 1694 1063 criminosi
1710 1035 1741 1063 et
1756 1031 1854 1064 ceteri
1866 1041 1990 1072 omnes,
2017 1041 2189 1093 ‘quisquem-

2004 1078 2074 1101 clpien
2090 1079 2104 1093 1.

1232 1083 1288 1127 qui
1309 1084 1347 1116 ad
1368 1083 1606 1126 perhibendum
1628 1083 1660 1117 in
1682 1084 1809 1118 casibus
1833 1084 1991 1119 simoniae

1233 1136 1454 1169 testimonium
1476 1136 1577 1180 recipi
1598 1143 1744 1180 possunt,
1764 1138 1804 1171 ad
1824 1138 1992 1182 praedicta

1233 1191 1341 1223 omnia
1362 1190 1583 1224 admittantur.

1278 1244 1291 1287 ξ
1317 1244 1347 1277 8.
1381 1244 1441 1277 Sed
1468 1254 1508 1277 ne
1528 1243 1713 1287 quisquam,
1736 1244 1831 1278 etiam
1850 1255 1931 1279 vana
1950 1245 1990 1279 fi-

1234 1350 1357 1391 iudicii,
1381 1350 1413 1382 111
1434 1350 1569 1384 erimine
1586 1356 1779 1394 perseveret,
1806 1356 1906 1396 utque
1927 1352 1990 1386 hoe

1235 1404 1356 1436 malum
1377 1403 1532 1447 gravioris
1553 1414 1709 1437 censurae
1725 1404 1856 1438 stimulo
1872 1416 1992 1450 usque-

1234 1468 1362 1500 quaque
1388 1457 1611 1501 prohibeatur,
1643 1468 1756 1501 omnes
1789 1463 1820 1492 et
1847 1457 1992 1503 singulos

1235 1510 1291 1553 qui
1306 1511 1475 1554 hucusque
1489 1510 1653 1551 ecclesias,
1672 1511 1878 1553 monasteria,
1894 1513 1992 1546 bene-

1234 1564 1320 1605 ficia,
1338 1565 1474 1605 fruetus,
1492 1564 1665 1608 pensiones
1685 1565 1800 1598 aliasve
1817 1576 1878 1606 res,
1893 1566 1992 1600 inter-

1236 1616 1369 1650 cedente
1390 1617 1452 1650 hoc
1469 1617 1683 1651 confidentiae
1699 1618 1785 1659 vitio,
1797 1624 1993 1663 receperunt

1236 1681 1272 1703 ac
1293 1670 1444 1710 retinent,
1471 1671 1533 1704 11151
1553 1671 1669 1712 statim,
1691 1671 1729 1704 ad
1762 1682 1795 1705 se
1819 1672 1937 1706 reversi
1962 1678 1994 1706 et

1236 1723 1473 1768 resipiscentes,
1496 1723 1593 1758 celeri
1613 1724 1798 1759 dimissione
1823 1725 1883 1758 sibi
1915 1737 1992 1770 pro-

1237 1778 1410 1820 spexerint,
1434 1783 1464 1810 et
1491 1777 1545 1821 qui
1570 1777 1647 1822 quid
1667 1779 1730 1812 tale
1750 1778 1940 1812 admiserint
1958 1779 1991 1812 in

1237 1831 1396 1871 futurum,
1420 1831 1515 1864 etiam
1536 1832 1687 1865 omnibus
1718 1837 1748 1865 et
1768 1832 1903 1875 singulis
1921 1833 1992 1866 aliis

1239 1883 1394 1925 ecclesiis,
1419 1884 1630 1925 monasteriis,
1651 1884 1871 1928 dignitatibus,
1889 1886 1992 1919 admi-

1239 1937 1492 1978 nistrationibus,
1516 1938 1630 1971 officiis
1650 1943 1680 1971 et
1698 1938 1865 1972 beneficiis
1884 1939 1994 1978 obten-

1238 1990 1290 2030 tis,
1321 2002 1403 2034 quae
1434 1991 1554 2035 pariter
1580 1991 1639 2025 sub
1665 1991 1749 2025 dieta
1778 1992 1994 2026 reservatione

1240 2044 1472 2088 comprehendi
1491 2045 1652 2084 volumus,
1676 2055 1803 2078 necnon
1824 2045 1993 2086 fructibus,

1240 2097 1451 2141 pensionibus
1471 2103 1499 2130 et
1528 2096 1599 2130 aliis
1627 2097 1723 2131 rebus
1757 2097 1994 2139 ecclesiasticis,

1240 2160 1277 2182 ae
1298 2149 1394 2182 etiam
1415 2150 1577 2183 Romanae
1598 2149 1712 2184 Curiae
1734 2156 1764 2184 et
1783 2150 1854 2196 aliis
1880 2151 1994 2185 officiis

1241 2203 1474 2246 temporalibus
1486 2203 1704 2247 praesentium
1728 2204 1919 2238 auctoritate
1929 2204 1995 2250 pri-

1240 2267 1364 2297 vamus,
1384 2262 1411 2290 et
1427 2257 1585 2291 adfutura
1600 2257 1760 2291 inhabiles
1775 2257 1993 2299 decernimus,

1242 2315 1283 2350 et,
1300 2309 1332 2342 in
1353 2310 1431 2343 iuris
1443 2310 1634 2351 subsidium,
1651 2311 1995 2345 excommunicationis

1243 2364 1400 2396 sententia
1420 2364 1626 2405 innodamus,
1649 2375 1666 2397 a
1693 2375 1757 2408 qua
1782 2365 1904 2405 nullus,
1933 2364 1996 2398 nisi

1242 2412 1274 2444 in
1304 2413 1416 2446 mortis
1450 2412 1586 2446 articulo
1620 2413 1824 2454 constitutus,
1859 2413 1898 2446 ab
1931 2413 1995 2447 alio

1219 2472 1337 2511 ¹quam
1373 2472 1390 2494 a
1423 2462 1567 2494 Romano
1596 2461 1752 2495 Pontifice
1784 2461 1996 2496 absolutionis

1243 2509 1437 2543 beneficium
1475 2510 1576 2543 valeat
1613 2510 1769 2543 obtinere.
1806 2510 1869 2542 Nos
1897 2510 1994 2552 enim,

1242 2606 1366 2641 vatione
1405 2607 1596 2651 cognitionis
1634 2608 1780 2648 illarum,
1819 2618 1995 2652 rerumque

2043 1249 2189 1271 Confidentiae

1233 1296 1327 1329 ducia
1356 1297 1457 1330 fretus
1498 1308 1564 1330 non
1597 1297 1785 1330 intendendi
1815 1303 1928 1331 contra
1957 1309 1990 1332 se
2004 1283 2191 1338 111-11111111θό1,ιρῑῖῗᾶ

2004 1343 2029 1363 ad
2058 1349 2111 1370 quo·
2138 1348 2191 1370 ape·
2215 1373 2218 1376 Δ

2004 1377 2057 1396 ciel.
