2237 3100
470 220 486 253 1
493 220 556 254 048

427 281 536 316 CXLV.
551 281 728 325 Suppressa
739 278 987 321 congregatione
999 277 1126 311 Ordinis
1139 278 1170 311 S.

516 335 627 369 Crucis
647 334 756 367 Fontis
775 333 960 371 Avellauae,
984 331 1083 375 ipsius
1104 342 1172 364 mo-

516 388 655 421 nasteria
670 392 700 419 et
712 387 781 418 lora
791 385 1027 418 Camaldulensi
1042 395 1175 428 congre.-

517 440 637 484 gationi
654 438 812 478 attribuit,
833 437 907 471 788.
942 437 947 442 ”

427 495 550 527 CXLVI.
573 492 765 527 Constitutio
786 492 942 525 Bonifacii
968 491 1031 524 VIII
1063 497 1175 524 contra

516 547 714 580 offendentes
734 545 766 578 S.
789 546 824 578 R.
848 546 884 579 E.
912 545 1090 578 cardinales
1121 556 1174 578 ex-

519 600 661 633 tenditur
676 599 771 633 etiam
792 605 903 632 contra
914 599 1050 632 scientes
1067 604 1098 632 et
1112 609 1175 631 non

516 654 703 693 revelantes,
734 652 809 686 792.

429 707 563 740 CXLVII.
590 707 798 740 Confirmatio
828 706 1066 739 constitutionis
1100 705 1177 739 Gre-

515 760 597 804 gorii
621 761 659 793 XI
679 771 716 793 ac
739 761 916 793 sententiae
945 761 1026 793 latae
1047 760 1078 792 in
1099 759 1178 792 Rota

517 814 659 847 Romana
679 815 718 847 ad
740 816 878 847 savorem
891 819 1113 847 sacrosanctae
1129 824 1179 846 ec-

517 868 631 901 clesiae
657 867 878 901 Lateranensis
910 868 948 900 de
976 867 1071 907 Urbe,
1095 867 1179 900 circa

517 921 586 954 eius
609 921 887 965 praeeminentiam
909 926 939 953 et
968 920 1179 963 superiorita-

517 980 580 1007 tem
611 980 642 1007 et
672 974 926 1018 praerogativam
948 985 1044 1017 supra
1069 984 1181 1006 omnes

518 1028 610 1061 Urbis
631 1034 662 1062 et
682 1029 768 1061 orbis
789 1029 939 1062 ecclesias
958 1039 994 1061 ac
1015 1028 1178 1061 basilicam

518 1082 549 1114 S.
573 1082 658 1115 Petri
679 1082 717 1115 de
739 1082 834 1123 Urbe,
857 1082 932 1116 794.

430 1135 579 1168 CXLVIII.
607 1136 683 1169 Duae
695 1136 875 1181 ³sententia)
906 1136 1077 1168 definitiva*
1106 1146 1181 1168 con-

519 1190 648 1230 I'ormes,
669 1190 750 1223 latae
772 1201 828 1233 pro
850 1190 970 1222 fabrica
991 1190 1022 1222 S.
1046 1189 1130 1222 Petri
1144 1190 1181 1222 de

523 1242 615 1283 Urbe,
640 1243 759 1275 faciunt
782 1254 849 1276 10111
880 1243 1053 1275 iudicatam
1086 1242 1117 1275 in
1144 1253 1181 1276 ea

519 1302 608 1341 parte
629 1297 660 1329 iu
681 1308 744 1340 qua
758 1302 831 1329 sunt
843 1297 1037 1334 conforme&
1052 1301 1082 1329 ct
1097 1307 1182 1329 com-

519 1350 685 1384 missiones
705 1350 978 1394 appellationum,
1002 1361 1085 1393 quae
1105 1349 1182 1383 sim-

520 1404 649 1448 pliciter
669 1405 926 1437 concederentur
954 1416 972 1436 a
993 1404 1181 1447 Signatura,

521 1468 648 1500 semper
676 1457 903 1500 intelliguntur
936 1468 1009 1489 rum
1040 1457 1184 1489 clausula

519 1511 589 1543 sine
606 1511 807 1554 praeiudicio
831 1511 1026 1544 emecucionis
1046 1511 1184 1544 (lustrum.

521 1565 749 1607 conformium‚
773 1565 847 1598 795.

433 1616 556 1651 CXLIX.
580 1618 725 1651 Facultas
745 1618 871 1661 collegii
891 1619 1119 1662 deputatorum
1138 1618 1183 1650 sa—

522 1671 629 1704 bricae
663 1671 814 1705 basilicae
846 1671 876 1704 S.
910 1672 993 1704 Petri
1029 1672 1067 1704 (10
1100 1671 1184 1704 Urbe

522 1725 701 1768 exequendi
731 1725 839 1758 omma
867 1725 921 1768 pia
951 1726 1076 1768 legata,
1104 1725 1185 1758 int'ra

522 1789 642 1811 annum
663 1790 681 1811 a
701 1778 751 1811 (110
774 1778 885 1811 mortis
909 1783 1097 1812 testatorum
1119 1790 1186 1812 rea-

522 1829 594 1862 liter
613 1839 678 1861 non
698 1828 889 1872 adimpleta,
913 1839 986 1861 rum
1007 1829 1186 1862 retentione

525 1877 655 1921 quintae
672 1878 770 1920 partis
785 1889 843 1921 pro
860 1878 1070 1911 subventione
1084 1878 1187 1911 dictae

525 1927 677 1967 fabricae,
702 1926 778 1960 797.

436 1976 492 2009 CL.
515 1975 661 2009 Facultas
681 1976 808 2018 collegii
832 1982 862 2009 et
890 1976 1118 2019 deputatorum
1140 1978 1186 2009 sa—

524 2025 632 2058 1111000
651 2025 801 2058 basilicae
818 2025 848 2058 S.
866 2025 949 2057 Petri
964 2026 1002 2057 (10
1019 2026 1102 2058 Urbe
1118 2037 1189 2059 exe-

525 2074 646 2117 quendi
667 2084 893 2117 quaecumque
910 2074 1011 2116 legata
1032 2074 1094 2117 pia,
1106 2075 1189 2107 int'ra

526 2123 700 2156 triennium
736 2134 753 2155 a
782 2122 832 2155 die
862 2122 967 2155 obitus
1000 2128 1188 2157 testatorum

527 2183 591 2205 non
611 2172 755 2216 impleta,
779 2183 853 2204 cum
869 2172 1048 2205 retentione
1068 2174 1189 2206 medie-

528 2223 598 2254 tatis
619 2232 731 2255 eorum
754 2232 812 2264 pro
843 2221 926 2254 dicta
953 2222 1083 2261 l'abrira,
1112 2223 1185 2258 799.

440 2271 510 2305 CLI.
532 2270 710 2304 Prohibitio
742 2271 780 2304 ad
806 2277 975 2314 quaestum
1003 2272 1189 2314 publicandi

528 2320 742 2362 indulgentias
767 2325 797 2352 et
823 2320 1088 2360 contessionalia,
1111 2321 1187 2354 800.

441 2369 525 2402 CLII.
549 2369 773 2412 Eleemosynae
795 2380 852 2413 pro
874 2369 1044 2402 carceratis
1060 2369 1091 2401 in
1107 2370 1190 2403 Urbe

531 2418 750 2461 colligendae,
784 2419 1004 2461 expendantur
1035 2429 1092 2461 pro
1127 2419 1190 2451 sol-

530 2467 639 2499 vendis
666 2466 778 2499 debitis
804 2477 982 2510 pauperum
1012 2473 1189 2500 carcerato-

534 2526 625 2556 rum;
648 2521 678 2548 01
699 2526 755 2558 pro
776 2515 883 2548 debito
904 2526 990 2548 mere
1007 2515 1089 2548 civili
1111 2516 1190 2548 iutra

533 2570 653 2607 septem
683 2576 821 2606 aurcos,
857 2576 951 2598 nemo
985 2570 1188 2605 carceretur,

534 2613 609 2647 801.

1048 225 1193 249 BULLARII
1218 224 1335 249 ROMANI

1214 277 1312 311 CLIII.
1343 276 1494 310 Ordinem
1533 277 1669 310 fratrum
1702 277 1963 312 Praedicatorum

1303 329 1477 373 privilegiis
1491 335 1597 370 ornat,
1612 330 1723 374 eisque
1743 341 1894 366 concessa
1909 333 1964 365 fir-

1304 388 1380 423 mat,
1404 383 1479 417 801.

1216 434 1311 469 CLIV.
1334 436 1486 469 Moniales
1516 447 1580 469 non
1607 442 1720 470 exeant
1739 438 1889 471 clausura
1908 440 1967 472 sub

1306 501 1409 533 poena
1436 491 1780 525 excoimuunicationis
1809 498 1839 525 et
1862 493 1967 537 priva-

1306 543 1421 584 tionis,
1440 555 1521 588 quae
1542 545 1638 578 etiam
1649 545 1831 579 extenditur
1842 547 1881 579 ad
1895 546 1970 579 dan-

1308 602 1354 631 tes
1365 598 1537 639 licentiam,
1552 599 1742 634 comitantes
1755 604 1786 633 et
1805 605 1970 644 receptan-

1306 656 1365 691 tes,
1388 651 1464 686 808.

1219 703 1300 738 CLV.
1322 705 1488 738 Damnatio
1508 711 1539 738 et
1559 705 1848 740 excommunicatio
1869 706 1971 740 Elisa·

1307 758 1402 799 110111,
1430 759 1559 801 reginae
1589 759 1733 802 Angliae‚
1756 759 1890 803 eiusque
1920 760 1972 793 ad-

1307 811 1522 853 haerentium,
1538 824 1612 845 cum
1632 813 1769 846 aliarum
1791 823 1972 857 poenarum

1308 865 1500 906 adiectione,
1524 866 1600 899 810.

1221 918 1316 951 CLVI.
1339 919 1491 953 Prohibet
1519 919 1683 953 canonicis
1706 920 1974 954 Lateranensibus

1310 983 1350 1006 ne
1371 973 1456 1005 ullus
1487 978 1625 1006 tractare
1656 974 1756 1017 possit
1789 974 1827 1007 de
1861 974 1975 1007 officiis

1308 1026 1523 1069 generalatus,
1544 1027 1743 1060 visitatorum
1765 1033 1795 1061 et
1815 1028 1975 1071 praelatu-

1310 1091 1432 1120 rarum,
1450 1080 1511 1112 nisi
1531 1080 1564 1112 in
1582 1080 1724 1124 capitulo
1745 1081 1901 1123 generali,
1915 1080 1975 1113 sub
2023 1103 2025 1105 -

1312 1144 1407 1176 poena
1421 1133 1763 1166 excommunicationis
1775 1139 1806 1167 et
1821 1134 1975 1178 privatio-

1311 1187 1360 1219 nis
1380 1187 1585 1230 dignitatum,
1608 1193 1685 1227 etc.,
1708 1187 1784 1221 811.

1223 1239 1331 1273 CLVII.
1362 1240 1558 1274 Resorniatio
1586 1241 1682 1274 totius
1704 1241 1831 1275 Ordinis
1859 1241 1976 1276 Cister-

1312 1294 1438 1335 cieusis,
1456 1300 1520 1327 tam
1541 1295 1647 1338 quoad
1667 1300 1783 1328 statum
1804 1296 1990 1329 monacho-.

1314 1358 1386 1380 rum
1401 1353 1432 1381 et
1446 1348 1591 1381 divinum
1604 1349 1727 1381 cultum
1741 1359 1839 1392 quam
1856 1354 1979 1383 restau-

1312 1401 1468 1434 rationem
1490 1402 1761 1436 monasteriorum
1786 1403 1976 1447 praestatio-

1313 1465 1453 1498 nemque
1483 1456 1647 1489 fructuum
1682 1467 1812 1489 mensae
1840 1467 1978 1490 conven-

1313 1509 1408 1541 tualis
1429 1508 1460 1541 111
1485 1509 1564 1542 locis
1590 1510 1834 1551 commendatis,
1857 1509 1933 1543 813.

1226 1562 1348 1596 CLVIII.
1384 1562 1540 1595 Extinctio
1574 1563 1831 1606 congregationis
1866 1564 1980 1597 Beatae

1312 1616 1428 1649 Mariae
1448 1616 1620 1649 Servorum
1644 1622 1849 1661 nuncupatae
1863 1644 1870 1657 ,
1894 1617 1980 1650 eius-

1314 1680 1377 1712 que
1410 1669 1486 1702 unio
1523 1669 1651 1702 Ordinis
1687 1669 1885 1703 Servitarum
1921 1670 1981 1703 sub

1315 1723 1496 1756 obedientia
1524 1723 1641 1767 prioris
1669 1724 1829 1766 generalis
1855 1723 1982 1757 Ordinis

1316 1777 1473 1817 eiusdem,
1496 1776 1571 1810 8¹17.

1228 1830 1324 1864 CLIX.
1358 1831 1525 1863 Mandatur
1553 1831 1800 1875 archiepiscopo
1833 1830 1982 1864 Mediola-

1316 1885 1405 1917 nensi
1432 1884 1566 1927 eiusque
1596 1884 1806 1927 suffraganeis
1837 1892 1868 1917 ut
1905 1895 1982 1929 pro-

1316 1939 1453 1981 mulgari
1480 1945 1510 1972 01
1534 1939 1696 1972 observari
1716 1939 1835 1972 saciant
1854 1939 1982 1972 decreta

1317 1992 1349 2024 in
1369 1992 1488 2036 synodo
1519 1992 1705 2036 provinciali
1731 1992 1876 2025 eiusdem
1904 2003 1981 2036 pro-

1316 2046 1436 2079 vinciae
1457 2046 1553 2087 edita,
1576 2045 1661 2079 iuxta
1681 2045 1940 2079 emendationem
1952 2050 1982 2078 et

1318 2099 1562 2143 explicationem
1577 2099 1701 2132 Summi
1715 2098 1887 2139 Ponfificis,
1903 2098 1979 2132 819.

1230 2154 1314 2187 CLX.
1337 2153 1532 2186 Reformatio
1559 2153 1685 2186 Ordinis
1716 2153 1851 2185 fratrum
1872 2152 1984 2186 Servo-

1319 2218 1389 2239 rum
1410 2207 1443 2239 B.
1467 2207 1582 2240 Mariae
1602 2206 1750 2249 Virginis,
1772 2206 1847 2239 82¹1.

1231 2261 1328 2295 CLXI.
1350 2261 1527 2294 Declaratio
1545 2266 1575 2293 et
1590 2260 1755 2304 ampliatio
1770 2259 1899 2293 concilii
1916 2259 1983 2292 Tri-

1319 2314 1452 2354 dentini,
1472 2325 1542 2357 cap.
1565 2324 1634 2354 xiv,
1657 2324 1733 2347 sess.
1756 2323 1828 2346 xxtv
1853 2313 1892 2346 de
1912 2323 1984 2358 pro-

1318 2368 1476 2401 hibitione
1490 2367 1611 2411 aliquid
1630 2367 1775 2411 exigendi
1791 2367 1838 2400 vel
1854 2366 1983 2411 petendi

1319 2417 1350 2449 in
1372 2417 1541 2450 collatione
1561 2416 1660 2449 aliave
1680 2416 1863 2460 provisione
1883 2417 1982 2449 bene-

1319 2466 1466 2499 Iiciorum
1488 2465 1793 2505 00010311131100111111,
1815 2466 1864 2498 vel
1885 2465 1922 2497 ad
1944 2465 1981 2497 11-

1320 2514 1424 2547 10111111
1440 2514 1673 2558 possessionem
1687 2514 1890 2553 admissione,
1905 2512 1979 2546 8⁶27.

1232 2564 1341 2598 CLXII.
1366 2564 1527 2597 Innovatio
1557 2563 1654 2596 officii
1678 2562 1884 2596 summatoris
1902 2560 1983 2593 line-

1319 2624 1428 2646 rarum
1446 2613 1708 2656 apostolicarum,
1722 2611 1778 2646 uni
1794 2622 1831 2645 ex
1847 2610 1878 2644 S.
1892 2609 1928 2643 R.
1946 2609 1979 2642 E.
