2237 3100
238 240 287 266 An.
305 241 333 267 C.
354 238 419 267 ¹568

234 559 342 579 sidona-xm
378 566 415 585 per

232 591 360 611 ordinarios,
391 597 401 609 u

477 228 542 265 684

433 294 533 327 rendo
559 293 653 328 etiam
682 292 818 327 decretis
845 291 927 325 sacri
957 289 1085 324 concilii
1112 288 1180 322 Tri-

432 348 566 382 (lentini.

475 403 490 445 ξ
514 403 544 435 1.
568 402 651 434 Motu
680 399 810 444 proprio
844 404 873 432 et
893 409 930 432 cx
949 408 1038 431 mera
1058 397 1179 431 delibe-

260 463 363 515 ale-cifras
378 469 415 491 ra·
430 456 553 489 ratione
594 460 745 497 certaque
773 452 904 486 scientia
936 457 1044 485 nostra
1073 462 1110 484 ac
1142 452 1179 484 de

236 501 272 516 ΥΟΕ
282 502 307 515 ila
320 501 342 516 OS
358 502 416 515 ΓΟΙΠ-

234 527 415 552 peut-niumm.
430 509 622 552 apostolic-ac
643 506 805 551 potestatis
825 506 1036 549 plenitudine,
1049 505 1110 538 hac
1125 515 1180 538 no-

406 594 410 607 ,
430 568 491 596 stra
506 568 663 605 perpetuo
674 561 808 593 valitura
821 559 1058 600 constitutione,
1068 570 1180 593 omnes

429 622 455 649 ct
486 616 628 657 singulos
654 620 795 648 rectores
816 614 1050 658 parochialium
1078 615 1180 647 eccle-

429 671 560 707 siarmn,
581 669 817 711 cuiuscumque
851 667 1030 711 dignitatis,
1057 673 1155 700 status
1169 695 1176 705 ,

426 723 555 766 gradus,
568 723 700 763 ordinis,
719 722 912 756 conditionis
923 727 953 755 et
964 722 1177 766 przeeminen-

428 777 487 809 tiae
522 776 641 809 suerint
655 804 662 816 ,
698 777 730 808 in
761 776 1022 820 quibuscumque
1057 776 1174 819 regnis,

425 831 611 874 provinciis,
634 831 825 872 civitatibus,
840 830 1045 864 dioecesibus
1058 842 1093 863 ac
1108 831 1178 863 aliis

425 884 588 918 christiani
607 885 693 918 orbis
712 885 857 929 partibus
877 885 1099 926 consistentes,
1122 885 1176 929 qui

425 938 643 982 parochialem
656 939 823 972 ecclesiam
837 949 874 972 ac
886 938 1113 972 canonicatum
1123 943 1178 971 aut

424 992 624 1036 dignitatem,
648 993 743 1026 etiam
764 998 834 1037 post
861 993 1081 1037 pontificalem
1111 1004 1177 1026 rna-

424 1046 524 1079 iorem
545 1058 599 1080 seu
623 1047 849 1090 principalem,
872 1046 905 1079 in
925 1046 1090 1090 quibusvis
1119 1058 1175 1091 pa-

423 1100 650 1134 triarchalibus
669 1106 724 1134 aut
739 1101 996 1145 metropolitanis
1012 1102 1059 1134 vel
1073 1102 1177 1134 cathe-

422 1154 566 1188 dralibus
582 1166 637 1188 seu
656 1155 831 1198 collegiatis
847 1155 1000 1196 ecclesiis,
1017 1166 1073 1188 seu
1090 1155 1175 1188 aliud

422 1209 651 1253 quodcumque
675 1209 869 1242 beneficium
901 1208 1173 1251 ecclesiasticum,

422 1262 518 1295 etiam
555 1274 837 1306 quarumcumque
858 1263 1135 1306 dispensationum
1159 1274 1175 1295 a

422 1317 573 1350 Rotnanis
584 1317 792 1351 Pontificibus
803 1317 1105 1360 praedecessoribus
1116 1328 1175 1351 no-

422 1371 494 1404 stris
510 1382 565 1404 seu
581 1371 676 1404 etiam
688 1382 705 1404 a
717 1371 809 1404 nobis
823 1371 980 1404 hactenus
994 1372 1174 1414 quomodo-

423 1425 499 1459 libet
511 1425 768 1469 impetraturum,
780 1437 816 1459 ac
827 1425 1007 1459 litterarum
1022 1425 1174 1469 apostoli-

422 1490 533 1512 carum
556 1480 696 1526 desuper
712 1479 933 1524 expeditarum
958 1479 1063 1521 titulo,
1096 1490 1175 1523 quas

421 1544 533 1567 omnes
552 1533 613 1567 hac
630 1534 789 1579 praesenti
819 1533 1047 1567 constitutione
1067 1534 1176 1567 abole-

420 1598 493 1621 mus
518 1593 549 1621 et
568 1598 769 1629 remeamus,
793 1599 849 1621 seu
877 1599 1087 1632 quocumque
1111 1588 1174 1621 alio

419 1647 584 1685 praetextu
596 1642 752 1684 obtinent,
767 1654 839 1676 cum
850 1643 954 1686 prima
968 1648 997 1676 et
1009 1643 1174 1687 praecipua

419 1695 532 1729 debeat
544 1707 611 1730 esse
623 1708 701 1729 cura
711 1696 906 1738 animarum,
915 1708 969 1730 eos
979 1697 1018 1730 ad
1029 1697 1172 1730 residen-

419 1750 495 1782 dum
510 1751 541 1783 in
559 1751 695 1784 ecclesia
709 1751 887 1795 parochiali
901 1756 930 1784 et
952 1751 994 1783 ibi
1012 1751 1043 1783 in
1060 1751 1173 1784 divinis

419 1805 676 1846 deserviendum,
689 1811 717 1838 et
733 1805 839 1839 debito
858 1805 1087 1838 eorumofficio
1104 1806 1174 1838 fun-

417 1859 570 1901 gendum,
594 1859 725 1892 omnino
744 1859 845 1892 teneri
867 1865 896 1892 et
917 1859 1073 1902 obligatos
1094 1870 1172 1899 csse,

417 1924 453 1946 ac
474 1913 512 1945 ad
541 1913 571 1945 id
592 1924 650 1956 per
670 1912 838 1956 episcopos
873 1918 903 1946 et
928 1913 1065 1946 aliorum
1088 1914 1173 1946 loco—

418 1977 530 1999 corum
545 1966 738 2005 ordinarios.
752 1967 846 1999 etiam
860 1971 1022 2009 tamquam
1038 1968 1173 2011 Aposto-

418 2020 497 2054 licae
508 2021 597 2053 Sedis
613 2021 785 2063 delegatos,
802 2021 860 2053 sub
877 2021 1041 2053 sententiis
1053 2027 1083 2054 et
1099 2032 1173 2054 cen-

417 2074 500 2107 suris
521 2075 748 2107 ecclesiasticis
763 2085 804 2120 ac·
814 2074 1020 2118 pecuniariis,
1039 2074 1171 2107 arbitrio

416 2140 529 2162 eorum
564 2129 776 2169 declarandis,
799 2139 836 2161 ac
865 2128 960 2161 etiam
985 2128 1172 2172 privationis

416 2183 575 2216 dictarum
605 2183 840 2227 parochialium
870 2187 900 2215 et
928 2182 1067 2215 aliorum
1088 2194 1170 2226 quo-

417 2247 634 2280 rumcumque
666 2236 900 2270 beneficiorum
935 2236 1058 2279 poenis,
1094 2248 1171 2280 qua-

418 2301 557 2333 cumque
568 2290 783 2334 appellatione
799 2295 934 2329 remota,
948 2290 1018 2333 cogi
1038 2295 1068 2322 et
1084 2301 1170 2323 com-

418 2344 492 2387 pelli
504 2355 595 2388 posse
604 2349 633 2377 ct
645 2344 771 2384 debere,
786 2343 974 2376 auctoritate
984 2344 1168 2386 apostolica,

418 2402 529 2430 tenore
557 2397 774 2441 praesentium
801 2397 982 2437 statuimus,
1012 2397 1169 2440 praecipi-

418 2456 490 2479 mus
520 2452 550 2479 ct
581 2447 779 2480 ordinamus.
803 2446 864 2479 Eos
883 2451 991 2479 tamen
1012 2446 1056 2478 sic
1089 2446 1167 2478 resi-

418 2495 530 2527 dentes
560 2495 591 2527 in
612 2495 756 2529 ecclesiis
785 2494 1035 2539 parochialibus„
1056 2504 1168 2527 omnes

418 2548 446 2576 et
468 2544 610 2587 singulos
626 2545 761 2585 fructus,
781 2544 924 2577 redditus
939 2548 969 2576 et
984 2549 1166 2587 proventus,

419 2592 513 2626 etiam
541 2594 748 2627 canonicatus
768 2593 816 2627 sui
834 2593 882 2626 vel
911 2591 1084 2635 dignitatis,
1111 2602 1167 2624 seu

418 2643 549 2677 alterius
580 2643 814 2687 cuiuscumque
838 2641 998 2683 beneficii,
1029 2641 1167 2683 exceptis

1026 233 1206 260 BULLARIUM
1225 234 1377 259 ROMANUM

1223 288 1389 321 dumtaxat
1417 288 1612 333 quotidianis
1631 288 1910 323 distributionibus
1943 293 1974 322 et

1223 342 1304 383 aliis,
1323 353 1405 386 quae
1426 353 1463 375 ex
1482 342 1566 376 iusta
1585 353 1681 376 causa
1700 343 1847 377 absentes
1866 342 1973 388 perci-

1222 407 1298 440 pere
1319 407 1383 429 non
1404 397 1518 438 solent,
1536 396 1656 430 lucrari
1672 397 1830 431 volumus.

1266 450 1280 493 g
1308 450 1338 482 2.
1377 450 1493 494 Sicquc
1520 461 1579 494 per
1603 461 1825 494 quoscumque
1850 451 1974 484 iudices

1222 508 1252 537 et.
1273 503 1523 544 commissarios
1545 504 1639 538 etiam
1662 515 1833 538 causarum
1862 504 1973 538 Palatii

1221 557 1395 601 Apostolici
1416 558 1579 591 auditores
1594 569 1630 591 ac
1650 558 1681 592 S.
1704 558 1740 591 R.
1763 558 1797 591 E.
1826 558 1972 592 cardina—

1222 612 1278 652 les,
1307 612 1430 644 sublata
1451 612 1496 645 eis
1529 617 1559 646 et
1579 624 1692 646 eorum
1714 611 1846 645 cuilibet
1864 612 1974 656 quavis

1221 665 1313 698 aliter
1333 665 1497 699 iudicandi
1518 671 1549 699 et
1565 666 1796 710 interpretandi
1812 665 1972 707 facultate,

1222 719 1437 762 interpretari,
1462 719 1599 753 iudicari
1628 726 1658 753 et
1687 720 1816 753 definiri
1841 719 1971 760 debere,

1220 783 1348 806 necnon
1373 774 1499 806 irritum
1521 780 1552 807 et
1579 774 1673 807 inane
1698 773 1854 818 quicquid
1881 785 1974 808 secus

1221 838 1317 871 super
1337 828 1386 860 bis
1406 839 1424 860 a
1449 839 1626 872 quoquam,
1640 828 1750 872 quavis
1767 828 1970 870 auctoritate,

1220 881 1358 915 scienter
1377 882 1424 915 vel
1440 882 1638 925 ignoranter,
1655 887 1842 916 attentatum
1863 882 1972 917 forsan

1220 940 1266 968 est
1293 935 1450 969 hactenus
1479 937 1527 969 vel
1555 936 1587 969 in
1606 941 1771 980 posterum
1802 937 1972 981 contigerit

1218 990 1378 1031 attentari,
1400 990 1605 1024 decernimus
1625 996 1656 1024 et
1674 991 1889 1025 declaramus.

1262 1044 1276 1087 ἓ
1312 1043 1344 1077 3.
1375 1044 1445 1078 Non
1474 1043 1675 1077 obstantibus
1707 1045 1905 1089 praemissis,
1934 1056 1971 1079 ac

1218 1097 1382 1140 quibusvis
1413 1097 1707 1142 dispensationibus
1735 1104 1766 1132 et
1795 1099 1971 1143 exemptio-

1218 1150 1313 1184 nibus
1333 1152 1512 1196 litterisque
1533 1152 1717 1197 apostolicis
1737 1153 1877 1198 desuper
1892 1164 1970 1187 con-

1218 1206 1320 1243 sectis:
1350 1216 1476 1239 necnon
1491 1206 1685 1250 apostolicis,
1715 1206 1747 1239 in
1768 1207 1971 1252 provinciali-

1218 1261 1278 1293 bus
1298 1265 1327 1292 et
1348 1261 1554 1304 synodalibus
1575 1260 1719 1294 conciliis
1740 1261 1844 1302 editis,
1871 1272 1969 1305 gene-

1218 1314 1339 1348 ralibus
1364 1316 1411 1347 vel
1428 1314 1622 1358 specialibus
1641 1314 1926 1350 constitutionibus
1940 1320 1971 1349 et

1218 1369 1486 1409 ordinationibusg
1505 1373 1544 1407 et,
1565 1369 1661 1402 etiam
1684 1369 1877 1412 iuramento,
1895 1381 1970 1404 con-

1218 1423 1399 1457 firmatione
1420 1423 1596 1467 apostolica
1614 1424 1661 1457 vel
1682 1424 1793 1468 quavis
1819 1425 1969 1459 firmitate

1217 1477 1277 1510 alia
1291 1477 1460 1519 roboratis,
1477 1478 1603 1512 statutis
1615 1484 1646 1512 et
1663 1479 1968 1520 consuetudinibus;

1217 1531 1389 1575 privilegiis
1408 1543 1550 1575 quoque,
1571 1532 1703 1565 indultis
1714 1538 1745 1566 et
1760 1533 1875 1566 litteris
1889 1544 1968 1578 apo-

1217 1585 1349 1626 stolicis,
1371 1586 1538 1629 quibusvis
1554 1587 1714 1630 personis,
1731 1587 1764 1619 in
1783 1597 1901 1630 genere
1919 1587 1968 1621 vel

1216 1639 1247 1672 in
1261 1640 1367 1683 specie
1388 1645 1419 1673 et
1438 1640 1514 1674 alias
1534 1640 1792 1684 quomodolibet,
1808 1640 1969 1675 concessis

1216 1699 1245 1727 et,
1263 1694 1460 1738 approbatis,
1483 1695 1515 1727 in
1531 1700 1762 1738 posterumque
1791 1696 1968 1730 conceden-

1215 1749 1263 1782 dis
1301 1754 1331 1782 ct
1372 1748 1610 1793 approbandis,
1637 1749 1755 1792 quibus
1793 1750 1944 1784 omnibus
1958 1779 1965 1793 ,

1215 1803 1339 1836 etiamsi
1356 1803 1394 1836 dc
1411 1803 1473 1836 illis
1494 1814 1674 1846 eorumque
1702 1803 1776 1837 totis
1800 1804 1968 1838 tenoribus

1215 1856 1374 1900 specialis,
1404 1856 1555 1900 specifica
1575 1862 1605 1889 et
1625 1856 1801 1898 individua,
1824 1867 1890 1891 non
1909 1869 1968 1891 au-

1213 1915 1277 1943 tea]
1298 1921 1356 1954 per
1377 1910 1538 1943 clausulas
1557 1910 1724 1953 generales
1744 1909 1828 1943 idem
1844 1910 1967 1955 impor-

1215 1970 1328 2005 lantes,
1352 1963 1471 1998 mentio
1492 1975 1548 1997 seu
1568 1963 1698 2008 quaevis
1717 1964 1780 1997 alia
1805 1965 1967 2009 expressio

1215 2017 1373 2058 habenda,
1396 2022 1451 2050 aut
1470 2017 1531 2050 alia
1551 2017 1707 2062 exquisita
1727 2018 1829 2051 forma
1849 2029 1886 2052 ac
1903 2019 1966 2052 hoc

1214 2073 1367 2105 servanda
1397 2073 1489 2113 soret,
1517 2083 1630 2105 eorum
1653 2077 1793 2114 tenores,
1815 2083 1852 2106 ac
1877 2072 1902 2106 si
1927 2073 1966 2107 de

1213 2126 1310 2160 verbo
1330 2127 1368 2159 ad
1388 2125 1521 2159 verbum
1542 2125 1773 2168 insererentur,
1796 2126 1964 2170 praesenti·

1213 2180 1273 2213 bus
1302 2191 1361 2224 pro
1389 2180 1587 2214 sufficienter
1610 2179 1768 2224 expressis
1795 2180 1962 2221 habentes,

1213 2233 1275 2266 illis
1295 2234 1374 2267 alias
1393 2234 1426 2266 in
1446 2245 1504 2267 suo
1519 2234 1636 2267 robore
1651 2233 1886 2278 permansuris,
1904 2234 1964 2267 hac

1211 2287 1277 2320 vice
1298 2288 1472 2329 dumtaxat,
1496 2288 1534 2321 ad
1559 2288 1708 2321 effectum
1729 2287 1960 2332 praesentium,

1212 2341 1393 2385 specialiter
1404 2347 1434 2375 et
1445 2352 1593 2386 expresse
1609 2342 1814 2385 derogamus,
1831 2341 1962 2375 ceteris—

1211 2407 1274 2439 que
1305 2395 1474 2429 contrariis
1503 2395 1774 2439 quibuscumque.
1806 2395 1963 2428 Volumus

1211 2450 1317 2478 autem
1334 2445 1418 2489 quod
1444 2445 1559 2478 harum
1590 2445 1769 2478 litterarum
1799 2450 1961 2478 transum-

1211 2494 1283 2537 ptis,
1299 2494 1393 2527 etiam
1410 2494 1586 2539 impressis,
1598 2505 1696 2528 manu
1711 2494 1827 2527 notarii
1840 2493 1960 2537 publici

1210 2543 1410 2587 subscriptis,
1428 2554 1466 2576 ac
1481 2543 1585 2586 sigillo
1601 2543 1739 2577 alicuius
1754 2553 1911 2586 personae
1928 2543 1961 2575 in

1209 2592 1361 2635 dignitate
1382 2593 1597 2626 ecclesiastica
1617 2593 1807 2627 constitutae
1818 2592 1960 2634 munitis,

1209 2642 1321 2675 eadem
1343 2653 1475 2686 prorsus
1490 2643 1581 2685 fides,
1594 2648 1658 2675 tam
1674 2642 1707 2676 in
1728 2641 1847 2675 iudicio
1863 2651 1959 2686 quam

1989 231 2040 259 An.
2060 231 2088 259 C.
2106 227 2176 257 ¹568

2014 458 2127 480 Decretum
2146 459 2171 480 ir—

1989 490 2064 511 ritune.

2011 1051 2123 1074 Clausulas
2131 1052 2170 1074 de-

1985 1085 2115 1110 rogatoriae.
