2237 3100
62 234 109 260 ξπ.
131 231 160 259 C.
175 232 244 259 ¹560

64 1159 189 1180 franciscus
205 1165 240 1179 rex

57 1190 92 1209 Ρῑυ
101 1190 195 1211 Ιϊιιιίῐίτί
205 1198 222 1217 p·
234 1197 242 1210 ι·

58 1223 139 1242 bucias
154 1225 175 1242 el
192 1227 242 1242 orss-

57 1256 124 1273 torem
155 1254 240 1280 exponit

57 1286 124 1305 adhuc
140 1285 241 1305 subsiste-

57 1322 79 1337 re
96 1322 177 1339 causas.
190 1322 240 1342 pro-

56 1350 103 1373 pter
115 1353 166 1374 quas
180 1346 239 1372 capi-

56 1378 144 1398 tulorum
162 1381 239 1398 etmo-

54 1409 168 1429 nasterior.
194 1409 239 1434 pri-

53 1440 131 1463 zi'ecia
155 1439 237 1464 eligen-

55 1472 74 1491 di
95 1471 133 1491 stri
156 1470 239 1497 pineta-

55 1506 88 1524 tos
135 1502 235 1528 suspendi

55 1532 153 1559 debeam,
169 1532 222 1560 sibi-1
233 1549 238 1558 ,

55 1567 99 1586 suis
113 1566 240 1592 praedeces-

55 1596 138 1618 soribus
153 1601 240 1617 eonces-

53 1634 98 1648 sum
115 1628 147 1648 ius
170 1627 240 1648 nomi-

52 1660 131 1684 nandi,
160 1658 238 1680 confir-

56 1692 106 1711 mari
124 1689 184 1718 petit.

936 229 1005 253 rtrs
1024 229 1055 252 IV
1075 229 1123 252 PP.

258 281 435 316 decernens
451 293 488 315 ex
509 287 586 315 tunc
602 292 824 325 quascumque
841 281 1014 314 electiones

258 340 286 369 et
300 335 534 379 postulationes
555 347 591 368 ac
608 336 737 368 illarum
750 336 1014 369 confirmationes

258 396 285 423 et
307 390 528 431 admissiones,
542 401 669 423 necnon
691 390 928 423 nominationes
940 401 1014 423 con-

258 451 305 478 tra
332 445 508 489 praemissa
537 450 705 478 attentatas
730 450 757 477 et
789 444 819 476 in
848 450 1013 487 posterum

257 499 468 538 attentandas,
488 510 523 532 ac
537 499 747 542 provisiones,
764 497 1012 542 praefectiones,

257 553 465 586 commendas
475 551 1012 596 etaliasdispositionesperlulium

260 606 545 650 praedecessorem
567 612 594 637 vt
617 606 799 637 llomannm
825 604 1013 637 Pontificem

256 671 293 692 ac.
313 660 429 694 Sedem
440 660 602 703 praelatos
623 659 798 697 faciendas,
821 668 857 689 ac
877 657 951 689 inde
963 668 1013 690 se-

256 719 355 759 quuta
377 724 604 757 quaecumque
626 713 716 746 nulla
731 717 761 745 et
782 709 919 744 invalida
939 712 1014 743 nul-

257 769 384 813 liusque
405 768 532 802 roboris
547 769 595 801 vel
612 766 766 801 momenti
782 767 863 806 sore,
887 776 923 799 ac
944 765 1014 798 irri-

255 828 323 856 tum
350 827 379 855 et
400 822 495 854 inane
516 821 675 865 quidquid
699 831 792 853 secus
809 830 908 863 super
927 819 977 852 his
997 831 1014 852 a

255 887 433 920 quoquam,
451 875 562 919 quavis
581 874 784 910 auctoritate,
807 872 946 905 scienter
966 873 1014 905 vel

256 930 453 973 ignoranter,
474 929 672 972 contingeret
685 925 845 966 attentari,
868 932 966 970 prout
981 926 1011 959 in

256 984 391 1028 singulis
412 984 512 1016 literis
523 983 810 1027 praedecessorum
824 979 1013 1013 huiusmodi

258 1039 387 1084 plenius
403 1038 599 1071 continetur.

299 1092 314 1133 ,ξ
335 1093 366 1125 5.
390 1092 470 1125 (Luni
481 1097 588 1124 autem
600 1088 822 1133 postmodum,
835 1087 920 1120 dicto
929 1088 1013 1121 Hen-

255 1145 324 1179 rico
346 1156 421 1187 rege
441 1146 479 1178 ab
492 1146 554 1178 hae
572 1144 645 1176 luce
657 1143 834 1183 subtracto,
852 1153 911 1186 per
920 1153 1014 1175 vene.-

257 1199 390 1232 rabilem
427 1200 557 1231 fratrem
593 1202 740 1230 nostrum
777 1196 989 1229 philibertum
1003 1223 1010 1236 ,

256 1251 1012 1296 episcopumEngolismensem,oratoremtuum

255 1305 340 1348 apud
359 1316 431 1345 nos,
449 1305 505 1348 qui
520 1305 712 1338 recolendae
725 1303 901 1337 memoriae
912 1304 1012 1337 Paulo

254 1359 336 1402 Papa
347 1364 474 1402 quarto,
484 1358 633 1391 similiter
643 1358 883 1402 przedecessore
890 1363 1012 1397 nostro,

253 1412 333 1445 sicut
359 1413 496 1446 Domino
521 1413 655 1456 placuit,
678 1413 716 1445 de
738 1412 845 1445 medio
871 1412 1009 1453 sublato,

254 1466 358 1500 divina
378 1468 501 1500 favente
515 1467 698 1506 clementia,
720 1467 767 1499 ad·
781 1466 905 1499 Summi
926 1466 1012 1510 Apo-

254 1521 387 1553 stolatus
402 1521 527 1565 apicem
545 1520 701 1565 assumpti
723 1521 856 1559 suimus,
875 1520 1013 1553 destina-

256 1579 337 1614 tum,
352 1574 445 1607 nobis
456 1574 573 1618 exponi
595 1574 711 1607 seceris
732 1584 857 1613 causas,
880 1579 1012 1618 propter

254 1638 333 1670 quas
354 1629 515 1671 praefatus
535 1628 683 1661 Clemens
700 1628 930 1672 praedecessor
946 1628 1011 1671 pri-

255 1681 367 1726 xilegia
378 1683 541 1727 praedicta
552 1682 763 1725 suspenderat
777 1686 804 1714 et
813 1681 917 1713 eidem
931 1682 1012 1714 llen-

254 1735 320 1769 rico
341 1736 425 1779 regi,
449 1737 555 1780 quoad
580 1736 713 1775 viveret,
741 1735 778 1767 ad
806 1734 959 1768 ecclesias
983 1742 1012 1768 et

254 1790 447 1824 monasteria
483 1801 520 1822 ac
550 1789 778 1822 conventuales
809 1793 839 1820 et
863 1789 1013 1822 electiros

255 1845 425 1889 prioratus,
446 1844 612 1889 privilegia
623 1844 796 1888 praedicta,
815 1848 847 1875 ui
867 1844 1011 1887 praeser-

252 1904 316 1941 tur,
333 1899 496 1940 habentia,
516 1908 669 1943 personas
680 1897 812 1930 idoneas
823 1897 1012 1930 nominandi

254 1953 417 1986 licentiam
434 1958 465 1986 et
475 1953 662 1985 facultatem
675 1956 891 1990 concesserat,
905 1950 1011 1984 adhuc

254 2008 387 2047 durent;
408 2013 522 2050 tuque,
546 2018 605 2050 pro
629 2006 719 2039 filiali
741 2004 922 2038 obedientia
947 2016 1011 2048 qua

254 2071 313 2094 nos
336 2068 367 2094 et
391 2062 508 2095 dictam
529 2061 644 2095 Sedem
664 2059 886 2104 prosequeris,
911 2059 1011 2092 dictas

255 2114 376 2155 literas,
403 2116 499 2149 modo
525 2121 556 2148 et
580 2115 684 2147 forma
705 2114 825 2158 quibus
858 2124 1011 2147 concessa

254 2170 398 2209 fuerunt,
417 2168 642 2202 inviolabiliter
656 2168 838 2209 observare,
857 2179 893 2201 ac
911 2167 945 2200 in
958 2179 1010 2201 re-

254 2232 330 2266 gno,
345 2222 539 2266 Delpliinatu
556 2229 585 2256 et
602 2222 757 2256 comitatu
774 2221 945 2265 praedictis
956 2222 1011 2255 ob-

255 2276 373 2309 servari
395 2277 512 2317 facere,
527 2282 556 2309 et
568 2287 626 2320 pro
647 2277 775 2310 illarum
791 2276 1010 2310 observatione

255 2337 326 2364 tuas
345 2337 491 2374 patentes
502 2330 611 2363 literas
623 2330 743 2364 similes
754 2330 811 2372 eis,
824 2341 905 2375 quas
919 2341 1011 2374 prae-

255 2380 339 2413 fatus
348 2379 509 2413 Henricns
525 2390 581 2412 rex
600 2379 639 2412 ad
649 2379 770 2413 dictum
785 2379 903 2413 Iulium
916 2391 1010 2423 prae-

255 2428 458 2462 decessorem
487 2429 724 2470 transmiserat,
754 2440 893 2473 quarum
920 2435 1009 2463 teno-

255 2490 324 2513 rem
345 2479 383 2512 de
404 2478 500 2511 verbo
513 2478 551 2510 ad
571 2477 716 2519 verbum,
735 2478 832 2522 signis
849 2484 879 2512 et
895 2479 1009 2512 chara-

255 2528 397 2562 cteribus
421 2527 558 2568 omissis,
582 2527 805 2572 praesentibus
820 2527 917 2561 inseri
933 2528 1010 2561 seci-

257 2589 347 2619 mus,
376 2577 459 2610 infra
479 2589 531 2611 sex
558 2576 703 2622 proxime
724 2578 849 2611 futuros
874 2583 905 2611 et
928 2577 1011 2611 infra

256 2627 335 2660 alios
363 2637 417 2660 sex
451 2637 487 2660 ex
520 2632 595 2659 tunc
626 2625 809 2660 immediate
839 2633 1011 2670 sequentes

335 2680 409 2712 Ball.
433 2679 509 2710 Rom.
537 2679 591 2710 vol.
618 2679 675 2709 t'll.
852 2680 870 2710 ⁶2

1746 225 1766 257 9

1057 292 1183 315 menses
1208 283 1246 314 de
1273 283 1439 316 literarum
1471 284 1727 327 praedecessoris
1754 286 1813 317 hu-

1058 336 1194 369 iusmodi
1217 336 1246 368 in
1269 337 1361 370 dictis
1381 347 1480 380 regno
1501 344 1529 369 et
1550 338 1745 381 Delphinatu
1776 351 1811 372 ac

1058 389 1211 423 comitatu
1232 401 1293 423 usn
1310 396 1337 423 ct
1351 391 1441 423 viridi
1463 391 1663 424 observantia
1684 393 1812 436 plenam

1057 443 1153 477 fidem
1162 444 1366 484 facientibus,
1381 445 1459 477 alias
1467 450 1539 477 tuas
1550 451 1695 488 patentes
1705 445 1813 479 literas

1057 496 1094 528 ad
1117 508 1175 530 nos
1195 503 1223 530 et
1245 498 1359 531 Sedem
1377 498 1513 531 candem
1533 498 1750 533 transmittere
1767 499 1813 532 in-

1057 551 1181 591 tendas,
1203 557 1234 585 et
1254 560 1453 596 proptereaa
1469 552 1560 586 nobis
1585 553 1742 587 instanter
1761 566 1812 587 re-

1057 605 1207 647 quisieris
1228 613 1260 639 ut
1283 607 1448 651 privilegia
1469 607 1633 651 praedicta
1653 607 1693 640 ad
1717 608 1812 641 vitam

1059 663 1144 691 tuam
1167 661 1377 704 >iis1⁷iendere,
1405 672 1441 694 ac
1461 661 1530 701 tibi,
1553 662 1659 704 quoad
1682 662 1810 699 vixeris,

1058 724 1211 754 personas
1224 714 1356 747 idoneas
1371 726 1407 747 ac
1425 714 1512 747 iuxta
1530 720 1685 748 statutum
1700 716 1813 750 Leonis

1057 763 1315 804 praedecessoris
1336 764 1523 797 huiusmodi
1554 765 1755 808 qualificatus
1773 767 1812 800 ad

1057 818 1210 851 ecclesias
1239 824 1269 851 et
1294 819 1489 852 monasteria
1520 830 1645 853 necnon
1673 831 1813 855 conven-

1057 872 1160 904 tuales
1175 877 1205 905 et
1217 872 1366 906 electivos
1385 873 1548 917 prioratus
1567 874 1672 917 regni,
1685 875 1815 920 Delphi-

1056 930 1151 958 natus
1160 931 1191 958 et
1211 926 1382 959 comitatus
1393 926 1635 970 przedictorum,
1645 928 1812 973 privilegio

1057 980 1227 1023 proprium
1239 980 1379 1023 eligendi
1390 981 1570 1024 praelatum
1589 982 1732 1023 suffulta,
1756 994 1814 1027 pro

1058 1038 1203 1076 tempore
1228 1033 1385 1074 vacantia,
1408 1033 1501 1067 nobis
1517 1040 1547 1067 et
1565 1034 1711 1069 Romano
1731 1037 1813 1070 Pon-

1056 1086 1134 1120 tifici
1160 1098 1218 1130 pro
1238 1092 1385 1132 tempore
1402 1087 1546 1121 existenti
1563 1094 1618 1121 ant
1633 1089 1706 1123 Sedi
1724 1101 1814 1134 prae-

1056 1141 1160 1181 dictae,
1171 1142 1268 1175 modo
1277 1142 1308 1174 in
1321 1147 1437 1175 statuto
1448 1146 1476 1174 et
1490 1142 1692 1177 ordinatione
1701 1144 1814 1177 Leonis

1055 1196 1315 1239 praedecessoris
1326 1196 1513 1229 huiusmodi
1528 1202 1691 1239 contento,
1709 1199 1813 1232 nomi-

1054 1251 1154 1283 nandi
1179 1250 1342 1283 licentiam
1369 1255 1400 1283 et
1422 1251 1608 1285 facultatem
1635 1253 1813 1287 concedere

1054 1305 1223 1338 vellemus.

1100 1358 1156 1401 ξῦ.
1177 1358 1252 1398 Nos,
1272 1358 1341 1402 qui,
1355 1359 1393 1391 de
1405 1358 1589 1402 praemissis
1601 1360 1752 1394 omnibus
1767 1361 1813 1394 in-

1055 1413 1196 1454 formati,
1219 1425 1332 1447 causas
1348 1414 1380 1446 in
1396 1414 1497 1446 literis
1522 1414 1696 1448 Clementis
1716 1427 1809 1460 prae·
1846 1418 1850 1421 *

1055 1467 1233 1501 decessoris
1247 1467 1436 1501 huiusmodi
1446 1478 1612 1511 expressas
1623 1469 1728 1503 adhuc
1739 1471 1812 1503 sub·
1836 1503 1852 1509 ,,

1055 1522 1166 1555 sistere
1187 1521 1419 1565 comperimus,
1432 1522 1575 1554 volentes
1586 1521 1811 1557 inconvenien-

1055 1575 1141 1608 tibus
1162 1575 1335 1618 pracdictis
1355 1585 1548 1615 occurrere,
1581 1586 1618 1609 ac
1647 1583 1814 1621 sperantes

1056 1629 1144 1672 quod
1159 1634 1206 1668 tu,
1226 1628 1307 1662 sicut
1328 1629 1486 1662 hactenus
1505 1629 1620 1671 fecisti,
1648 1631 1680 1664 in
1705 1632 1812 1665 nomi-

1055 1682 1169 1715 nandis
1190 1683 1336 1726 personis
1348 1683 1387 1715 ad
1399 1683 1552 1716 ecclesias
1567 1691 1598 1717 et
1619 1687 1814 1720 monasteria

1054 1747 1092 1769 ac
1116 1737 1279 1780 prioratus
1302 1736 1489 1770 huiusmodi
1516 1737 1558 1771 sis
1583 1749 1712 1784 semper
1735 1751 1813 1785 prae

1055 1790 1157 1822 oculis
1180 1791 1283 1823 Deum
1312 1791 1494 1831 habiturus,
1522 1798 1553 1825 et.
1584 1793 1812 1827 conscientiam

1054 1849 1142 1877 tuam
1169 1845 1315 1878 laesurus
1336 1856 1401 1878 nou
1425 1846 1487 1886 sis,
1514 1846 1620 1879 habita
1648 1859 1745 1891 supe-r
1764 1848 1814 1882 his

1054 1910 1130 1932 cum
1156 1900 1310 1933 fratribus
1335 1901 1453 1934 nostris
1478 1901 1623 1935 eiusdem
1648 1902 1680 1935 S.
1708 1903 1745 1936 R.
1774 1904 1810 1936 E.

1055 1954 1275 1987 cardinalibus
1301 1961 1428 1988 matura
1457 1955 1657 1989 discussione
1684 1962 1714 1989 et
1739 1957 1812 1990 dili-

1052 2009 1139 2051 genti
1166 2008 1331 2049 examine,
1360 2020 1398 2042 ac
1425 2009 1464 2042 dc
1493 2020 1606 2043 eorum
1628 2011 1762 2044 consilio
1783 2018 1813 2045 et

1054 2063 1200 2096 unanimi
1217 2074 1390 2104 consensu,
1417 2064 1619 2107 singularum
1644 2065 1810 2099 literarum

1053 2118 1342 2162 praedecessorum
1363 2117 1552 2150 huiusmodi
1573 2118 1713 2151 veriores
1724 2125 1812 2153 teno-

1053 2182 1116 2211 res,
1134 2182 1172 2205 ac
1191 2171 1217 2204 si
1237 2171 1276 2205 de
1296 2171 1392 2204 verbo
1413 2171 1451 2204 ad
1472 2171 1607 2205 verbum
1628 2171 1810 2207 insereren-

1054 2231 1117 2267 tur,
1131 2225 1355 2270 praesentibus
1376 2236 1435 2268 pro
1456 2224 1613 2269 expressis
1633 2230 1664 2259 et
1683 2227 1811 2260 insertis

1053 2279 1220 2320 habentes,
1243 2289 1280 2311 ae
1300 2278 1464 2322 privilegia
1480 2278 1629 2322 capitulis
1645 2286 1810 2325 metropo-

1053 2333 1226 2366 litanarum
1247 2337 1279 2366 et
1298 2332 1435 2365 aliarum
1452 2333 1687 2367 cathedralium
1706 2335 1810 2368 eccle-

1053 2383 1173 2416 siarum
1210 2393 1247 2415 ao
1280 2382 1492 2415 conventibus
1516 2383 1808 2423 monasteriorum,

1054 2444 1119 2466 non
1134 2438 1242 2465 tamen
1264 2441 1377 2465 eorum
1396 2443 1477 2475 quae
1488 2442 1546 2476 per
1556 2433 1723 2476 generales
1734 2445 1810 2467 suo-

1054 2493 1126 2514 rnm
1146 2481 1304 2515 Ordinum
1321 2486 1480 2524 reguntur
1496 2487 1530 2514 et·
1546 2481 1613 2524 regi
1634 2492 1810 2515 consuere-

1054 2536 1141 2572 runt,
1154 2542 1191 2565 ac
1203 2531 1407 2575 prioratuum
1418 2531 1681 2564 conventualium
1702 2536 1731 2564 et
1744 2533 1808 2565 ele-

1054 2581 1212 2614 ctivornm
1233 2579 1422 2615 huiusmodi
1441 2581 1580 2624 eligendi
1603 2581 1661 2614 sibi
1683 2583 1809 2625 praela-

1054 2637 1123 2664 tum
1148 2641 1313 2671 concessa,
1335 2642 1353 2664 a
1372 2631 1424 2664 die
1452 2630 1565 2664 ultima
1585 2630 1659 2664 dicti
1691 2631 1809 2664 mensis

1828 232 1876 258 λη,
1894 231 1922 257 C.
1942 232 2010 260 ¹560

1854 1369 1931 1391 lisdem
1942 1372 2013 1397 itaqu·

1829 1406 1951 1426 <vn-iden„
1965 1402 2013 1423 Pius

1829 1434 1946 1454 huiusmodi
1982 1435 2013 1454 ius

1828 1463 1848 1484 si
1861 1466 1941 1485 incisco
1978 1470 2013 1485 §.¹3-

1829 1502 1896 1516 tun-:u
1923 1496 1966 1521 rcgi
1988 1498 2012 1516 ad

1829 1529 1846 1548 ri
1858 1535 1874 1547 ,ς
1887 1529 1949 1548 witam
1961 1534 2013 1548 con>

1829 1562 1883 1581 evim
1897 1564 1916 1580 ct
1934 1561 2011 1580 contit-

1829 1599 1860 1614 nra
