2237 3100
426 286 491 321 502

383 348 507 393 proprii
528 349 595 382 sola
616 348 778 391 signatura
807 347 944 380 sufficiat
964 352 994 378 et
1014 346 1134 389 ubique

383 402 478 436 fidem
501 402 605 441 faciat,
643 401 673 433 in
696 401 814 433 iudicio
840 406 866 433 et
896 405 995 435 extra,
1025 401 1133 442 regula

382 455 543 489 contraria
557 466 619 488 non
637 455 792 487 obstante.
816 454 853 486 Et
869 453 1091 493 nihilominus,
1111 454 1135 485 si

382 508 552 547 videbitur,
576 508 686 540 literae
703 507 854 550 desuper,
877 506 971 539 etiam
989 517 1046 550 per
1066 507 1136 539 hre-

382 572 418 594 ve
438 567 583 594 nostrum
605 567 659 593 aut
679 560 821 592 officium
851 560 1135 597 contradictartun,

383 615 479 647 simul
498 615 545 647 vel
567 614 606 646 ad
626 618 762 656 partem,
790 612 932 656 expediri
957 613 1090 657 possint.

426 669 442 711 ᾗ
461 668 492 701 9.
512 667 545 700 Et
567 667 655 709 quod
675 666 893 710 praesentium
916 677 972 699 seu
997 667 1138 711 desuper

219 736 365 762 rsmumpto.
383 721 658 754 conficiendarum
697 719 865 752 literarum
913 713 1134 764 transumptis,

183 774 227 788 ‘¹¹¹¹‘
243 768 302 788 ‘³⁶⁰⁵‘
383 774 478 807 etiam
513 772 687 817 impressis,
727 783 825 806 manu
858 772 995 806 alicuius
1022 774 1137 807 notarii

384 827 508 871 publici
529 826 718 870 subscriptis
738 831 769 859 et
788 825 892 869 sigillo
910 826 1048 860 alicuius
1064 838 1137 870 per-

383 890 481 913 sonae
502 879 534 912 in
554 879 706 922 dignitate
736 878 952 912 ecclesiastica
982 880 1138 913 constitu-

383 938 451 974 tae,
490 938 542 966 aut
578 933 689 966 curiae
722 932 957 966 ecclesiasticae
993 934 1136 975 munitis,

384 986 497 1020 eadem
531 996 665 1031 prorsus
699 986 778 1019 fides
811 986 1022 1027 adhibemur,
1057 999 1139 1031 quae

385 1039 463 1084 ipsis
483 1039 697 1083 originalibus
714 1039 933 1080 adhiberetur,
950 1040 974 1073 si
992 1041 1140 1073 exhibitae

387 1095 489 1128 forent
510 1095 558 1127 vel
579 1099 737 1127 ostensae.

551 1147 631 1188 Fiat,
656 1152 745 1180 motu
764 1147 909 1191 proprio.
935 1148 972 1179 M.

431 1201 545 1234 Datum
567 1201 686 1233 Romae
707 1200 794 1243 apud
813 1200 846 1234 S.
870 1200 1013 1239 Petrum,
1026 1210 1067 1233 xn
1085 1202 1140 1233 ha-

389 1255 500 1287 lendas
515 1253 665 1294 ianuarii,
688 1264 774 1286 anno
795 1264 815 1286 1.

431 1308 524 1340 Anno
544 1318 562 1340 a
583 1307 743 1340 nativitate
765 1307 889 1340 Domini
907 1318 1035 1345 Mbtixrt,
1059 1307 1142 1340 indi-

388 1357 494 1390 ctione
507 1366 547 1396 tx,
557 1356 607 1389 die.
616 1367 691 1389 vcro
703 1357 810 1395 lunae,
819 1367 876 1389 xxx
886 1356 1004 1388 mensis
1015 1356 1144 1389 det-‹jun-

387 1405 464 1444 bris,
498 1405 706 1450 pontificatus
740 1404 931 1437 sanctissimi
957 1404 988 1437 in
1018 1405 1143 1438 Christo

389 1453 488 1497 patris
508 1459 539 1487 et
558 1454 593 1486 D.
616 1454 653 1486 N.
681 1454 717 1486 D.
750 1453 795 1485 Pii
819 1453 924 1485 divina
944 1454 1144 1497 providentia

387 1503 492 1547 Papae
502 1504 524 1535 V
540 1513 624 1536 anno
641 1514 663 1543 t,
685 1502 925 1547 suprascriptus
941 1508 1048 1535 motus
1073 1515 1146 1547 pro-

390 1553 480 1597 prius
500 1553 613 1586 affixus
633 1557 663 1585 et
683 1551 867 1595 publicatus
894 1552 954 1584 fuit
983 1552 1021 1584 ad
1043 1553 1146 1585 valvas

390 1602 549 1645 Principis
568 1602 795 1645 Apostolorum
822 1602 855 1633 B.
874 1601 959 1634 Petri
987 1601 1025 1633 de
1049 1602 1144 1642 Urbe,

389 1652 607 1686 Cancellariae
628 1651 830 1695 Apostolicae
851 1652 925 1684 etin
946 1652 1015 1684 acic
1036 1651 1146 1696 Campi

391 1702 516 1741 Florae,
539 1701 679 1734 dimissis
699 1701 816 1734 ibidem
830 1701 974 1735 eiusdem
987 1701 1089 1745 copiis
1104 1702 1148 1734 at'-

391 1750 473 1790 fixis,
501 1756 535 1783 ut
558 1750 657 1783 moris
676 1756 735 1789 est,
759 1761 816 1794 per
836 1761 894 1783 nos
914 1751 1066 1784 loannem
1087 1751 1147 1785 Ge-

393 1800 477 1833 rardi
498 1805 528 1833 et
547 1800 763 1833 Christianum
785 1800 822 1833 de
844 1800 958 1839 Monte,
980 1801 1147 1844 praelibati

392 1849 584 1883 sanctissimi
606 1848 727 1881 domini
745 1849 842 1882 nostri
862 1849 966 1893 Papae
984 1860 1145 1883 cursores.

438 1898 621 1941 Stephanus
636 1898 674 1930 de
688 1897 774 1937 Olea,
790 1897 943 1940 magister
963 1909 1146 1932 cursorum.

436 1951 497 1981 Dat.
514 1952 561 1981 die
576 1951 609 1980 <21
630 1950 765 1980 decemb.
782 1951 869 1987 1556,
886 1952 986 1990 pontit.
1004 1962 1080 1981 auno
1099 1962 1116 1981 1.

183 299 233 327 An.
250 298 280 326 C.
300 298 367 326 ¹566

215 1382 330 1402 Publiratw

706 2062 836 2095 XXXIV.

397 2125 486 2165 Quod
500 2125 612 2166 feeerit
633 2125 739 2157 mitior
754 2135 832 2167 pars
848 2126 1065 2157 ramlinalimn
1077 2137 1152 2158 san-

441 2175 602 2207 ctissimae
642 2173 873 2216 Inqaim'cionis
907 2174 963 2209 ecl,
992 2174 1152 2216 (tlsqm'b-ns

441 2223 636 2261 absentibus,
659 2223 758 2255 etima
784 2222 857 2258 (leto,
884 2223 966 2253 valet
987 2233 1023 2254 ac
1043 2224 1071 2254 <si
1090 2234 1154 2254 em-

444 2283 497 2305 nes
516 2272 663 2314 fecissent
687 2272 712 2304 1.

522 2348 585 2377 Pius
606 2348 677 2383 Papa
694 2348 724 2381 V,
746 2348 825 2375 motu
839 2347 960 2382 proprio.
981 2348 1035 2375 etc.

444 2410 523 2443 Cum
540 2410 641 2443 felicis
661 2409 893 2443 recordationis
910 2409 983 2441 Pius
1001 2410 1045 2446 tv,
1067 2421 1155 2452 prae-

230 2476 278 2497 mus
296 2475 323 2496 iv
347 2476 388 2495 edi·
401 2459 550 2492 decessor
570 2465 689 2499 noster,
707 2470 765 2503 per
781 2469 874 2491 suum
893 2458 1066 2501 specialem
1086 2470 1154 2490 mo-

204 2509 232 2528 dit
255 2510 324 2543 const.
354 2507 387 2527 htc
403 2513 471 2541 tun]
493 2509 663 2552 propriusss
684 2513 741 2542 etc.
760 2507 787 2540 2·

204 2541 343 2560 enunciatam.

442 2571 451 2596 Ι
475 2570 593 2597 Similem
618 2571 835 2597 constitutionem
852 2569 933 2596 edidit
951 2568 1012 2595 Pius
1029 2569 1072 2600 lv,
1093 2573 1157 2596 cum

404 2618 461 2641 nos,
478 2613 506 2635 ut
525 2617 617 2645 supra,
635 2618 692 2645 pag.
706 2611 767 2637 301.

440 2651 456 2677 ᾖ
471 2650 611 2678 Omittitur
628 2650 731 2684 relatio,
752 2651 813 2686 quia
835 2650 890 2684 ipsa
908 2649 976 2676 bulla
996 2652 1036 2676 est.
1057 2658 1081 2675 m
1102 2649 1159 2676 loco

404 2697 485 2726 supra
500 2690 625 2718 indicato.

979 293 1157 317 BULLARIUM
1181 293 1331 318 ROMANUM

1221 346 1236 387 ᾗ
1262 346 1286 377 t.
1315 346 1387 385 Nos,
1409 351 1578 389 postquam
1609 346 1712 379 divina
1732 346 1931 390 providentia

1177 398 1215 431 ad
1245 398 1362 430 summi
1394 399 1592 442 apostolatus
1622 399 1747 442 apicem
1777 400 1932 443 assumpti

1178 462 1302 490 snmus,
1335 451 1575 483 considerantes
1605 451 1734 484 eosdem
1756 453 1934 495 praefectos
1949 449 2095 475 '¹¹⁸‘¹¹¹*⁵‘¹¹⁰‘⁰⁵‘

1179 504 1358 537 cardinales
1390 504 1420 536 in
1451 504 1545 537 variis
1574 515 1611 537 ac
1632 503 1763 537 diversis
1796 506 1935 549 publicis

1180 557 1333 599 negociis,
1365 558 1405 590 ob
1431 568 1544 590 eorum
1565 557 1797 600 experientiam
1827 564 1857 591 et
1876 559 1934 593 do-

1180 610 1329 652 ctrinam,
1354 611 1527 655 implicitos
1547 616 1578 644 et
1597 617 1773 655 occupatos
1802 622 1885 653 esse,
1901 618 1937 646 ut

1180 663 1301 696 dictum
1330 664 1473 697 osticium
1495 664 1725 698 concernentia
1740 675 1778 697 eo
1799 665 1937 699 celerius

1180 717 1323 760 expediri
1345 717 1479 761 possint,
1511 728 1576 760 quo
1598 717 1643 750 illi
1663 718 1837 762 praepositi
1868 718 1939 752 aliis

1181 771 1322 813 negociis
1343 770 1464 803 suerint
1484 771 1591 804 minus
1612 771 1772 816 impliciti,
1795 772 1868 804 loco
1887 772 1937 816 ip-

1181 834 1310 864 sorum,
1342 824 1461 867 quibus
1482 823 1577 857 etiam
1608 824 1745 857 aliorum
1778 835 1938 870 quorum-

1181 877 1253 909 dam
1285 877 1494 920 negociorum
1523 877 1562 910 ad
1585 877 1700 911 Sedem
1720 878 1938 922 Apostolicam

1182 931 1397 973 spectantium
1429 941 1541 963 curam
1570 931 1738 971 dedimus,
1770 931 1803 965 in
1824 932 1938 966 eodem

1183 995 1274 1017 sacro
1295 984 1406 1017 Officio
1423 983 1643 1027 Inquisitionis
1663 985 1845 1019 haereticae
1864 996 1939 1030 pra-

1181 1038 1285 1070 vitatis
1313 1038 1538 1082 deputavimus
1569 1037 1777 1081 inquisitores
1806 1039 1941 1072 dilectos

1185 1092 1267 1124 filios
1287 1097 1414 1125 nostros
1440 1091 1675 1125 Bel-nardinum
1696 1092 1828 1126 Scotum
1859 1092 1940 1126 tituli

1184 1145 1291 1179 Sancti
1312 1145 1473 1185 Matthaei,
1497 1145 1681 1189 Scipionem
1702 1146 1785 1179 tituli
1806 1146 1942 1180 Sanctae

1185 1198 1367 1231 Anastasiae
1388 1199 1555 1239 Rebibam,
1576 1199 1786 1233 Franciscum
1803 1199 1886 1232 tituli
1908 1199 1938 1232 S.

1185 1252 1297 1285 Crucis
1318 1251 1348 1283 in
1380 1252 1580 1285 Hierusalem
1612 1252 1817 1293 l’aciechum‚
1849 1253 1942 1286 Ioan-

1186 1316 1258 1337 nem
1286 1305 1493 1337 Francisrum
1515 1306 1553 1338 de
1574 1305 1732 1339 Gambara
1757 1306 1841 1339 tituli
1862 1307 1942 1340 San-

1186 1365 1255 1391 ctae
1284 1358 1513 1399 Ptuhj=ntianae,
1540 1364 1668 1392 sanctae
1688 1360 1852 1393 Romanae
1882 1360 1942 1393 Ec-

1187 1412 1301 1445 clesiae
1328 1412 1516 1445 cardinales.

1231 1468 1245 1507 ,ξ
1270 1466 1301 1498 Q.
1325 1466 1368 1497 Ne
1385 1471 1490 1498 tamen
1514 1465 1544 1498 in
1566 1471 1732 1509 posterum
1760 1467 1799 1499 de
1829 1477 1943 1500 eorum

1189 1518 1411 1552 iurisdictione
1446 1519 1597 1551 haesitari
1637 1520 1818 1563 contingat,
1855 1525 1944 1554 motu

1189 1573 1283 1605 simili
1306 1578 1334 1605 et
1357 1584 1392 1605 ex
1417 1578 1503 1606 certa
1524 1578 1634 1605 nostra
1656 1573 1789 1607 scientia
1810 1574 1945 1618 deputa—

1191 1626 1309 1659 tionem
1346 1627 1547 1667 huiusmodi,
1581 1631 1692 1659 tenore
1710 1627 1944 1670 praesentium,

1189 1680 1409 1724 approbamus
1429 1685 1459 1713 et
1475 1680 1720 1721 confirmamus,
1734 1687 1776 1723 et„
1787 1687 1947 1725 quatenus

1184 1745 1273 1778 ,opus
1293 1734 1343 1774 sit,
1366 1735 1405 1766 de
1427 1744 1508 1767 novo
1530 1734 1658 1767 eosdem
1676 1742 1818 1778 quatuor
1841 1735 1946 1769 cardi-

1192 1789 1280 1821 nales
1290 1788 1458 1832 generales
1473 1788 1654 1821 haereticae
1667 1788 1828 1831 pravitatis
1838 1789 1872 1822 in
1888 1789 1949 1823 eis-

1192 1843 1264 1875 dem
1290 1842 1374 1874 ahna
1396 1841 1491 1881 Urbe,
1521 1841 1617 1875 Curia
1638 1841 1782 1875 Romana
1812 1853 1849 1875 ac
1883 1847 1947 1876 tota

1193 1895 1359 1939 republica
1387 1895 1561 1928 christiana
1582 1905 1743 1936 creamus,
1773 1896 1947 1929 confirma-

1194 1960 1266 1982 mus
1285 1954 1316 1983 et
1341 1950 1546 1992 deputamus.

1237 2004 1252 2045 §
1272 2002 1302 2035 3.
1329 2002 1364 2034 Et
1384 2002 1528 2046 insuper,
1547 2013 1606 2047 pro
1619 2002 1754 2035 t'aciliori
1771 2013 1882 2036 earum
1899 2012 1951 2036 ex-

1194 2056 1369 2101 peditione,
1393 2056 1574 2095 statuimus,
1598 2056 1804 2089 decernimus
1816 2060 1846 2089 et
1862 2055 1949 2089 ordi-

1196 2120 1310 2143 namus
1332 2114 1362 2141 ut
1390 2109 1625 2153 ‹piiequid'per
1646 2109 1802 2142 maiorem
1824 2114 1949 2153 partem

1196 2162 1414 2208 praesentium
1431 2163 1492 2201 vel,
1505 2163 1668 2206 aliquibus
1676 2163 1875 2203 absentibus,
1894 2173 1952 2206 per

1196 2219 1278 2250 duos
1298 2228 1334 2249 ex
1356 2216 1527 2259 praedictis
1545 2216 1764 2249 cardinalibus
1780 2215 1951 2259 deputatis,

1196 2271 1251 2315 qui
1268 2270 1299 2302 in
1321 2270 1571 2313 [tongregatione
1592 2280 1651 2313 pro
1672 2269 1757 2302 dicto
1778 2268 1884 2302 officio
1901 2268 1950 2301 in-

1199 2323 1390 2357 tervenerint
1414 2334 1469 2355 seu
1487 2323 1713 2363 troianum-int,
1737 2323 1877 2362 dictum,
1899 2332 1952 2365 ge-

1198 2384 1299 2415 stum,
1333 2383 1503 2417 statutum,
1535 2376 1736 2415 ordinatum,
1770 2375 1949 2414 decretum,

1200 2431 1407 2465 terminatum
1428 2442 1484 2463 seu
1506 2429 1732 2463 sententiatim]
1747 2428 1896 2468 extiterit,
1914 2428 1953 2461 sit

1200 2486 1339 2519 validum
1361 2490 1388 2517 et
1421 2484 1564 2523 firmum,
1602 2483 1643 2515 ita
1673 2487 1704 2515 et
1736 2481 1841 2514 taliter
1865 2481 1953 2524 quod

1201 2535 1290 2567 nullo
1309 2534 1405 2565 modo
1422 2531 1604 2576 impugnari
1621 2530 1732 2574 possit,
1764 2528 1896 2573 perinde
1917 2540 1953 2562 ac

1200 2583 1225 2616 si
1247 2594 1359 2615 omnes
1375 2587 1403 2614 et
1425 2581 1542 2624 singuli
1559 2579 1736 2614 cardinales
1749 2577 1904 2622 praedicti
1922 2578 1954 2611 in

1202 2632 1285 2665 dicta
1303 2630 1551 2674 congregatione
1571 2627 1816 2662 intervenissent
1836 2631 1866 2660 et
1881 2637 1956 2660 con-

1202 2681 1373 2721 venissent,
1404 2684 1435 2713 et
1459 2678 1563 2712 maior
1583 2688 1657 2721 pars
1677 2686 1790 2710 eorum
1816 2685 1955 2709 consen-

1945 293 1996 320 An.
2013 293 2045 320 C.
2063 292 2132 321 ¹⁸66

1973 353 2012 376 Hic
2034 353 2132 376 Pontifex

1948 387 2049 414 quosdam
2065 386 2132 406 cardi-

1948 417 2008 438 nales
2023 417 2132 444 deputavit

1987 1488 2010 1509 Et
2035 1488 2096 1509 modo
2115 1491 2144 1508 ta-

1959 1519 2003 1541 lem
2028 1519 2145 1546 deputatio-

1960 1556 2010 1572 nem
2026 1550 2145 1573 continuam

1986 2021 2149 2049 facultatesque

1966 2053 2000 2074 1110-
2037 2058 2150 2080 expressas

1966 2083 2047 2104 eisdem
2073 2088 2150 2103 ennoe-

1966 2115 2002 2135 dit.
