2237 3100
45 261 96 287 An.
112 258 142 286 C.
161 257 224 287 ¹571

69 655 85 677 V
100 655 225 678 declaratio.

53 863 150 886 Clausala
178 866 225 887 sub-

38 894 82 917 Ιιιι
90 902 131 920 εκ.

63 1306 173 1328 (ῙΙιιιιιιΙιο
183 1307 222 1329 de·

37 1339 165 1365 rogatoriae.

65 2249 125 2272 Ftdes

37 2285 173 2309 nummorum,

162 2254 222 2273 [ΙΙΙ]-

922 255 990 280 rlus
1013 255 1031 280 v
1055 254 1104 279 1³1³.
1678 242 1741 276 945

241 319 349 354 afferri
378 319 616 365 praeiudicium
643 319 706 353 iuri
727 318 874 352 visitandi
895 318 997 351 dictas

241 373 442 418 parochiales
484 374 635 408 ecclesias
672 378 703 406 et
746 373 807 406 alia
839 372 996 406 beneficia

239 437 352 460 curam
387 428 569 460 animarum
596 427 763 467 habentia,
790 426 876 470 quod
904 432 996 459 antea

240 481 400 525 Religioni
425 487 454 515 et
483 481 639 515 militibus
668 480 838 525 praedietis
864 491 995 525 compe-

239 535 336 568 tebat.

284 589 300 633 g
319 588 351 623 8.
374 588 625 632 Inhibemusquc
647 598 794 632 expresse
815 587 907 620 dictis
926 587 995 631 epi-

240 642 346 686 seopis
370 647 401 675 et
425 643 496 676 aliis
521 642 747 686 superioribus
768 652 808 674 ne
834 641 895 674 hac
923 640 997 673 visi-

240 695 328 730 tandi
353 696 518 737 facultate,
550 696 597 729 eis
625 706 683 739 per
711 701 896 739 praesentes
923 705 996 728 con-

218 746 221 747 ⁷
240 760 340 791 cessa,
350 750 413 783 alio
426 755 558 783 utantur
571 749 666 783 modo
675 747 771 793 quam
781 749 992 793 praescripto.

283 805 298 848 ἓ
317 804 348 838 9.
372 804 489 848 Sicque
510 815 567 848 per
586 814 810 848 quoscumque
830 804 955 837 iudices
966 809 996 836 et

238 858 490 898 commissarios,
512 858 623 902 quavis
643 858 835 891 anctoritate
859 857 995 900 fungen-

238 918 297 953 tes,
319 912 445 946 sublata
465 912 510 945 eis
535 917 566 945 et
588 923 702 946 eorum
729 911 861 945 cuilibet
885 912 995 956 quavis

238 966 332 1000 aliter
350 966 516 999 iudicandi
533 965 807 1010 etinterpretandi
828 965 992 1006 facultate,

237 1019 373 1054 iudicari
394 1026 426 1054 et
438 1020 565 1054 definiri
577 1019 708 1061 debere;
726 1020 853 1053 irritum
864 1031 994 1064 quoque

237 1074 387 1116 etimne,
410 1074 435 1108 si
456 1085 548 1108 secus
568 1085 667 1118 super
694 1073 744 1107 his
763 1085 781 1107 a
805 1085 990 1118 quoquam,

236 1129 349 1174 quavis
359 1129 562 1169 auctoritate,
583 1129 723 1162 scienter
734 1129 783 1162 vel
797 1128 993 1172 ignoranter,

237 1183 408 1226 contigerit
426 1183 587 1223 attentari,
614 1182 831 1216 decernimus.

279 1237 295 1281 ἓ
322 1237 376 1271 10.
407 1237 478 1270 Non
504 1237 708 1270 obstantibus
738 1236 924 1280 praemissis
956 1248 993 1270 ac

236 1290 521 1324 constitutionibus
541 1296 572 1324 et
591 1290 852 1324 ordinationibus
867 1297 993 1335 aposto-

235 1344 317 1386 licis,
338 1343 371 1377 in
391 1344 710 1388 provincialibusque
737 1350 767 1378 et
787 1345 993 1389 synodalibus

236 1398 385 1432 conciliis
396 1398 499 1440 editis,
508 1399 714 1442 generalibus
724 1399 773 1432 vel
785 1399 990 1444 specialibus;

235 1462 363 1486 necnon
388 1452 554 1496 quibusvis
577 1452 704 1486 statutis
729 1457 759 1486 et
784 1454 992 1487 consuetudi-

236 1505 351 1547 nibus,
380 1506 620 1547 stabilimentis,
651 1507 765 1540 usibus
795 1513 826 1540 et
854 1508 990 1548 naturis,

237 1560 332 1594 etiam
343 1560 538 1601 iuramento,
554 1560 801 1594 confirmatione
817 1562 993 1606 apostolica

235 1614 284 1648 vel
305 1615 415 1658 quavis
445 1615 595 1648 firmitate
620 1614 681 1648 alia
706 1615 878 1655 roboratis,
894 1616 992 1661 privi-

236 1668 328 1711 legiis
347 1679 489 1713 quoque,
510 1669 643 1703 indultis
664 1674 695 1702 et
709 1669 825 1703 litteris
841 1670 992 1714 apostoli-

236 1721 293 1763 cis,
322 1722 356 1756 in
384 1722 583 1756 eontrarium
614 1723 722 1757 forsan
748 1724 994 1768 quomodolibet

236 1777 397 1811 concessis
415 1783 445 1811 et
465 1777 674 1819 confirmatis,
695 1778 815 1822 quihus
830 1779 992 1821 omnibus,

240 1840 354 1864 eorum
379 1836 509 1865 tenores
528 1842 565 1864 ac
585 1831 610 1864 si
627 1832 666 1865 de
682 1832 780 1865 verbo
800 1832 839 1866 ad
858 1833 991 1867 verbum

237 1884 458 1918 insererentur
474 1886 707 1930 praesentibus,
723 1897 782 1930 pro
794 1887 993 1921 sufficienter

238 1938 395 1984 expressis
406 1939 570 1981 habentes,
582 1939 646 1973 illis
662 1940 741 1973 alias
755 1940 787 1973 in
804 1952 862 1974 suo
875 1941 992 1975 robore

235 1993 468 2036 permansuris,
489 1993 549 2026 hac
572 1993 640 2027 vice
660 1994 836 2034 dumtaxat,
859 1995 898 2028 ad
914 1996 991 2029 effe-

236 2051 324 2079 ctum
345 2046 577 2090 praesentium,
601 2047 785 2092 specialiter
796 2053 827 2081 et
843 2059 992 2093 expresse

235 2099 438 2144 derogamus,
465 2100 646 2145 ceterisque
666 2101 837 2135 contrariis
857 2102 991 2146 quibus-

235 2163 388 2198 cumque.

279 2207 342 2251 §11
353 2235 359 2241 .
370 2208 526 2241 Volumus
541 2214 649 2243 autem
666 2209 753 2253 quod
770 2210 990 2254 praesentium

236 2263 448 2308 transumptis
466 2268 524 2297 etc.

279 2316 395 2350 Datum
419 2317 539 2350 Romae
559 2318 645 2361 apud
665 2318 819 2351 Sanctum
845 2317 989 2358 Petrum,

236 2370 296 2405 sub
305 2371 427 2404 annulo
436 2371 619 2412 Piscatoris,
629 2371 681 2405 die
688 2371 841 2415 vigesimo
849 2373 991 2405 secundo

236 2425 442 2469 septembris,
462 2425 634 2459 millesimo
659 2426 918 2469 quingentesimo
943 2437 992 2460 se-

235 2479 438 2523 ptuagesimo
454 2479 572 2523 primo,
592 2480 802 2523 pontificatus
816 2480 917 2513 nostri
934 2490 991 2513 an-

237 2542 279 2565 no
298 2537 398 2566 sexto.

276 2600 340 2631 Dat.
359 2600 408 2631 die
423 2599 462 2631 2⁶2
477 2604 553 2640 sept.
578 2601 666 2640 1571,
685 2601 789 2641 pontis.
807 2610 883 2632 anno
909 2609 948 2632 νι.

316 2711 391 2742 Ball.
414 2710 492 2742 Rom.
519 2710 574 2741 Vol.
596 2710 654 2741 VII.
854 2711 912 2742 ¹19

1350 305 1472 339 CCVIII.

1038 376 1142 409 Iussio
1165 374 1361 408 instituendi
1384 374 1423 406 ab
1444 373 1622 405 ordinm-iss
1649 373 1784 405 locorum

1082 429 1367 471 confraternitates
1379 427 1552 460 Doctrinae
1565 427 1784 463 Christianae,

1083 484 1125 516 acl
1144 480 1259 526 pueros
1275 483 1415 526 aliosque
1433 482 1564 515 (livinae
1579 481 1656 524 lrgsz's
1676 492 1787 523 erper-

1084 542 1127 570 tes
1147 538 1238 570 bonis
1254 537 1395 570 moribus
1414 546 1556 580 sanaque
1570 536 1718 568 doctrina
1737 536 1788 567 sn-

1081 592 1286 627 struendum:
1302 596 1330 625 et
1344 591 1626 634 inclulyentiorum
1645 594 1711 622 tam
1730 600 1788 632 pro

1082 645 1300 686 confratribus
1325 656 1420 689 quam
1437 655 1496 688 per
1520 655 1568 677 cos
1588 643 1790 676 instruendis

1082 698 1231 741 elarqz'tio
1252 698 1277 730 ¹.

1091 770 1152 798 rius
1171 771 1242 806 Papa
1261 770 1291 803 V.
1312 771 1345 798 ad
1365 770 1491 799 futuram
1505 770 1546 799 rei
1561 769 1732 798 memoriam.
1746 753 1755 761 ’

1081 831 1125 864 Ex
1145 832 1253 866 debito
1275 833 1444 876 pastoralis
1463 833 1572 873 oflicii,
1595 833 1699 873 nobis,
1721 843 1789 865 ine-

1037 885 1105 918 ritis
1120 885 1194 919 licet
1215 886 1403 930 imparibus,
1424 888 1535 920 exalto
1557 887 1731 926 commissi,
1752 886 1789 919 ad

1037 951 1074 974 ea
1094 940 1233 973 libenter
1255 940 1463 981 intendimus,
1484 953 1542 985 per
1561 952 1643 984 qum¹
1665 941 1791 973 divinus

1037 994 1143 1027 cultus
1167 994 1378 1038 fideliumque
1395 995 1520 1028 devotio
1541 994 1660 1038 ubique
1690 994 1791 1027 sust-i-

1036 1048 1103 1093 piat
1124 1047 1375 1089 incrementum,
1398 1060 1435 1082 ac
1457 1049 1543 1093 ipsos
1564 1049 1673 1081 fideles
1697 1049 1734 1081 ad
1761 1049 1791 1081 id

1036 1102 1245 1146 indulgentiis
1258 1108 1289 1135 et
1304 1102 1546 1136 remissionilms
1560 1103 1740 1141 inritamus,
1758 1108 1790 1136 ut

1036 1156 1263 1190 christifideles
1275 1156 1334 1201 ipsi
1344 1167 1401 1200 por
1415 1157 1614 1199 temporalia,
1627 1167 1709 1200 (quae
1722 1167 1791 1199 egc-

1036 1210 1112 1251 rint‚
1139 1211 1292 1254 consequi
1318 1211 1440 1244 valeant
1463 1211 1606 1255 praemia
1631 1210 1792 1243 felicitatis

1036 1270 1198 1299 aeternae.

1079 1319 1141 1363 §AE
1163 1319 1226 1352 Nos
1248 1319 1359 1361 igitur,
1394 1320 1595 1352 attendentes
1626 1319 1712 1362 quod
1741 1318 1789 1350 in-

1035 1373 1137 1406 fantes
1156 1378 1186 1406 et
1202 1372 1296 1416 pueri
1316 1373 1410 1405 bonis
1426 1374 1570 1406 moribus
1588 1379 1614 1405 et
1630 1372 1791 1405 exercitiis

1036 1427 1174 1468 educati,
1198 1427 1289 1471 quasi
1303 1438 1431 1471 semper
1449 1427 1543 1460 vitam
1558 1427 1720 1471 pudicam,
1732 1427 1789 1459 lio-

1035 1486 1159 1515 nestam
1181 1486 1212 1515 et
1231 1481 1449 1525 exemplarem
1469 1492 1505 1514 ae
1527 1482 1700 1525 aliquando
1717 1492 1789 1514 san-

1036 1541 1119 1568 ctam
1140 1540 1254 1579 agun13
1276 1546 1293 1568 e
1309 1545 1462 1568 converso
1478 1541 1586 1568 autem
1605 1535 1658 1578 qui
1672 1545 1789 1579 paren-

1036 1593 1103 1622 tum
1125 1588 1268 1623 carentia
1293 1600 1348 1622 seu
1376 1595 1566 1633 paupertate
1587 1596 1638 1622 aut
1666 1589 1791 1621 iinvuria

1034 1643 1083 1677 vel
1102 1643 1227 1687 ignavia
1248 1654 1312 1676 non
1329 1643 1374 1677 sic
1395 1644 1533 1683 educati,
1555 1654 1709 1687 persaepe
1730 1644 1789 1676 du-

1035 1705 1155 1731 cuntur
1175 1698 1207 1731 in
1228 1697 1361 1731 exitium
1382 1703 1424 1737 et,
1447 1698 1534 1742 quod
1551 1697 1642 1741 peius
1663 1703 1721 1737 est,
1744 1709 1790 1731 se-

1035 1763 1110 1785 cum
1131 1752 1255 1785 ducunt
1274 1752 1385 1796 plures
1405 1752 1438 1784 in
1454 1752 1632 1792 interitum,
1649 1753 1745 1789 unde,
1764 1751 1789 1784 si

1035 1805 1206 1849 diligenter
1218 1805 1344 1839 educati
1361 1810 1392 1838 et
1406 1805 1439 1837 in
1455 1805 1601 1838 doctrina
1618 1805 1790 1837 christiana

1035 1859 1185 1893 instructi
1200 1859 1331 1897 fuerint,
1351 1871 1369 1892 a
1389 1858 1471 1891 vitiis
1491 1864 1519 1892 et
1538 1858 1645 1891 multis
1658 1858 1727 1891 aliis
1739 1870 1789 1891 er-

1034 1912 1788 1953 roribusretraherentur.Considerantesetiam,

1034 1973 1132 2012 prout
1156 1978 1193 2001 ex
1222 1967 1285 2000 fide
1315 1966 1419 2010 dignis
1449 1966 1603 1999 relatibus
1629 1966 1788 1998 intellexi-

1034 2032 1118 2061 mus,
1131 2021 1219 2065 quod
1231 2021 1380 2054 nonnulli
1394 2020 1589 2065 approbatae
1606 2020 1687 2052 vitae
1704 2020 1789 2052 cliri-

1034 2075 1197 2116 stifideles‚
1219 2075 1360 2116 caritate,
1381 2074 1528 2108 omnium
1550 2084 1700 2117 suprema
1726 2074 1788 2106 vir-

1035 2136 1117 2170 tute,
1139 2130 1225 2163 circa
1244 2130 1307 2163 hoc
1327 2135 1391 2162 lain
1412 2129 1501 2173 pium
1530 2134 1657 2171 tamque
1680 2128 1789 2171 reipu-

1033 2184 1137 2217 blicae
1153 2184 1405 2217 saluberrimum
1418 2182 1663 2226 opusactjeersiti,
1679 2182 1710 2214 in
1722 2181 1787 2215 sin-

1033 2238 1117 2281 gulis
1133 2238 1357 2271 festivitatibus
1377 2242 1407 2271 et
1431 2236 1602 2269 dominicis
1622 2236 1736 2269 diebus
1756 2235 1787 2268 in

1034 2292 1164 2325 diversis
1183 2291 1369 2325 ecclesiiset
1384 2290 1462 2323 locis
1477 2290 1538 2322 boc
1556 2300 1637 2333 opus
1657 2289 1788 2323 sanctis-

1034 2345 1152 2379 simum
1173 2345 1311 2389 amplexi
1341 2349 1424 2382 sunt,
1453 2349 1483 2376 et
1510 2343 1553 2375 ibi
1580 2343 1709 2376 eosdem
1738 2343 1786 2376 in-

1034 2400 1134 2433 fantes
1150 2405 1181 2433 et
1199 2410 1319 2443 pueros
1338 2410 1375 2432 ac
1395 2398 1472 2431 alias
1494 2397 1692 2431 miserabiles
1712 2409 1786 2441 per-

1033 2464 1127 2487 sonas
1165 2453 1357 2486 christianae
1384 2451 1524 2485 veritatis
1553 2452 1680 2494 ignaras
1711 2462 1786 2484 con-

1033 2507 1160 2550 gregari
1179 2507 1312 2547 faciunt,
1339 2512 1370 2539 et
1392 2516 1447 2539 eos
1467 2505 1561 2539 bonis
1581 2505 1726 2538 moribus
1757 2511 1788 2538 ot

1033 2572 1110 2595 sana
1121 2561 1266 2595 doctrina
1276 2560 1440 2593 instruunt
1454 2571 1490 2592 ac
1501 2559 1671 2603 diligenter
1690 2560 1722 2592 in
1738 2559 1786 2592 via

1071 2625 1081 2651 l
1104 2624 1170 2653 Vide
1189 2623 1329 2651 concilium
1340 2622 1473 2657 Trident.‚
1490 2631 1556 2651 sess.
1575 2629 1653 2655 xxiv,
1673 2624 1710 2649 De
1734 2623 1784 2648 Re-

1032 2668 1122 2703 form,
1134 2677 1190 2705 cap.
1203 2676 1240 2697 ιν.

1801 250 1851 277 An.
1868 249 1897 278 C.
1914 249 1981 279 1571

1833 839 1950 861 Exordium.

1833 1322 1975 1343 commendati

1807 1361 1854 1381 opt-1
1863 1356 1878 1375 is
1899 1356 1987 1376 ducendi

1807 1388 1923 1407 ‹lm-trinam
1935 1387 1990 1408 cliri-

1807 1420 1904 1439 stiauam.
