2237 3100
44 288 96 317 An.
111 287 140 316 C.
161 288 227 316 ¹562

926 288 994 312 PIUS
1018 289 1048 312 Iv
1072 289 1119 312 PP-

285 340 348 374 Pro
364 339 565 373 restitutione
581 340 714 381 iurium,
741 351 783 374 sc.
811 340 843 378 Ο,
871 342 898 373 h.
927 341 979 374 25.

286 393 348 426 Pro
368 393 511 436 quolibet
532 394 780 427 salvoconducto
802 406 860 439 pro
889 395 995 427 homi—

244 445 327 480 cidio
355 446 394 479 ad
427 446 561 490 quodvis
593 452 737 490 tempus,
770 447 794 480 si
823 447 903 481 sorte
928 447 995 480 dari

244 499 407 543 contingat
426 499 465 531 de
493 500 643 533 mandato
664 500 856 533 sanctissimi
879 501 915 534 D.
943 501 994 541 N„

243 564 285 586 sc.
313 552 344 585 1.

288 605 320 639 Si
335 616 395 650 pro
406 605 470 639 alio
482 605 741 647 minoridelicto,
764 618 807 640 sc.
830 607 861 648 Ο,
884 608 913 640 b.
941 608 994 641 50.

287 659 349 692 Pro
370 659 501 692 decreto
511 660 551 692 ad
562 661 787 704 exequendum
809 661 996 694 mandatnm

243 711 308 746 iam
320 712 486 746 decretum
499 713 722 754 revocationis,
741 713 939 747 inhibitionis
950 715 997 747 vcl

245 765 401 810 sequestri
421 766 459 799 de
472 766 691 810 consignando
702 768 787 800 bona
807 767 996 810 depositam,

244 820 293 853 vel
313 818 426 852 similis
437 825 584 862 naturae,
608 832 672 854 una
688 832 761 854 cum
774 821 837 854 fide
846 821 894 854 vel
906 832 998 854 man-

245 873 318 906 dato
335 872 474 917 desuper
486 878 684 918 opportuno,
697 874 863 907 carlemcm
873 874 904 915 ‘l‚
913 885 954 906 sc.
968 874 998 915 Ο,

245 927 274 959 b.
303 926 321 960 7
348 925 405 971 ΗΞ.
936 978 940 982 .

287 979 351 1013 Pro
380 979 558 1013 cassatione
583 980 756 1013 cuiuslibet
781 980 936 1025 simplicis
961 981 998 1013 fi-

245 1032 448 1074 deiussionis,
461 1032 664 1076 obligationis
675 1035 722 1066 vel
734 1034 898 1077 querelae,
911 1046 954 1067 sc.
969 1034 998 1075 0,

247 1087 276 1119 b.
305 1086 358 1120 10.

288 1139 350 1172 Pro
371 1139 549 1173 cassatione
575 1140 688 1173 similis
712 1140 929 1175 fideiussionis
951 1143 999 1175 vel

245 1192 398 1236 querelae
418 1192 450 1225 in
470 1192 588 1236 quibus
608 1198 737 1226 secutus
757 1194 854 1227 suerit
869 1205 1000 1238 proces—

246 1256 300 1279 sus
325 1246 374 1279 vel
390 1256 523 1279 examen
542 1246 698 1291 inquisiti,
716 1258 781 1280 non
797 1253 905 1281 tamen
926 1259 1001 1282 con-

246 1298 421 1340 demnatio,
447 1310 489 1332 sc.
513 1298 545 1339 Ο,
572 1300 601 1333 b.
629 1300 682 1334 20.

289 1351 351 1385 Pro
376 1351 553 1386 cassatione
580 1352 692 1387 similis
717 1353 934 1388 fideiussionis
952 1356 1001 1389 vel

245 1404 450 1448 obligationis
470 1405 502 1438 in
520 1416 616 1439 causa
631 1406 718 1450 gravi
739 1413 769 1440 et
785 1418 843 1450 pro
864 1419 1002 1452 persona

243 1457 350 1500 tertia,
372 1459 556 1493 attendatur
575 1459 783 1504 importantia
803 1460 903 1505 ipsius
924 1474 1000 1496 cau-

245 1507 349 1549 safflt
368 1522 525 1556 personae
547 1513 728 1556 inquisitae,
754 1519 784 1547 et
805 1519 905 1548 stetur
916 1516 1001 1550 iudi-

245 1564 295 1598 cio
307 1565 429 1599 domini
445 1566 574 1607 iudicis,
592 1567 654 1600 nisi
666 1572 773 1612 partes
784 1567 904 1602 fuerint
919 1569 1003 1604 inter

245 1629 279 1653 se
299 1620 490 1661 concordes,
512 1632 554 1654 sc.
582 1620 614 1654 1.

288 1673 350 1707 Pro
370 1674 549 1708 cassatione
576 1686 747 1720 processus
759 1677 791 1710 in
805 1688 901 1711 causa
913 1679 1001 1723 capi-

244 1727 312 1769 tali,
330 1738 389 1772 pro
409 1728 554 1772 quolibet
574 1729 739 1774 inquisito,
762 1743 805 1765 sc.
835 1733 866 1765 1.

290 1781 323 1815 δί
343 1783 375 1815 in
392 1783 629 1825 causaminori‚
641 1785 673 1818 in
683 1796 747 1828 qua
757 1790 865 1819 tamen
879 1787 1000 1819 veniret

246 1836 443 1880 imponenda
454 1847 558 1881 poena
575 1839 722 1883 corporis
737 1839 897 1881 affiictiva,
911 1851 952 1873 sc.
967 1840 1000 1881 Ο,

290 1946 351 1980 Pro
373 1946 552 1979 cassatione
572 1958 744 1991 processus
769 1947 800 1980 in
821 1948 882 1981 alia
907 1959 1003 1982 causa

246 2010 311 2033 non
337 1999 482 2044 capitali,
509 1999 542 2033 in
569 2012 633 2045 qua
661 2011 726 2034 non
746 2001 869 2035 veniret
897 2002 1001 2046 impo-

246 2053 353 2088 nenda
363 2064 466 2098 poena
479 2055 625 2100 corporis
639 2055 798 2095 afflictiva,
811 2066 852 2088 sc.
863 2055 895 2095 Ο,
906 2056 935 2088 b.
946 2056 998 2090 50.

291 2109 353 2143 Pro
373 2109 549 2142 cassatione
564 2119 735 2153 processus
755 2108 787 2141 in
809 2119 906 2142 causa
916 2110 1002 2153 gravi

247 2168 278 2197 et
305 2174 364 2207 pro
389 2173 529 2208 persona
548 2163 641 2196 tertia
669 2163 853 2196 attendatur
879 2163 1002 2209 impor-

246 2217 345 2250 tantia
361 2227 477 2250 causae
495 2222 525 2250 et
536 2227 706 2260 personae,
725 2221 756 2250 et
771 2221 872 2250 stetur
883 2216 1002 2251 iudicio

248 2271 370 2306 domini
391 2270 519 2310 iudicis,
541 2276 702 2315 utsupra.

290 2327 352 2360 Pro
388 2327 604 2359 instrumento
639 2324 816 2358 sententiae
846 2325 877 2357 in
908 2337 1004 2359 causa

248 2379 390 2425 capitali,
412 2391 453 2413 sc.
482 2379 514 2412 2.

236 2457 252 2470 ,
291 2430 352 2464 Pro
374 2429 470 2462 simili
488 2428 702 2462 instrumento
723 2427 755 2460 in
776 2438 883 2469 causa,
895 2429 927 2461 in
939 2440 1003 2473 qua

246 2484 356 2513 tamen
375 2478 498 2512 veniret
518 2476 714 2521 imponenda
734 2487 838 2519 poena
858 2477 1004 2522 corporis

251 2528 411 2568 afflictiva,
433 2538 474 2560 sc.
503 2526 536 2567 1,
562 2527 591 2559 b.
619 2525 673 2559 50.

294 2577 357 2611 Pro
377 2576 474 2610 simili
488 2575 704 2609 instrumento
721 2573 753 2607 in
765 2584 862 2607 causa
871 2575 1001 2615 minori,

248 2638 292 2660 sc.
320 2627 353 2660 ’1.

1683 278 1747 311 183

1038 340 1116 379 riae,
1140 339 1350 373 absolutionis
1365 339 1412 372 vel
1434 339 1552 372 decreti
1571 339 1717 373 habentis
1728 341 1790 373 vim

1039 393 1151 426 similis
1171 393 1359 433 sententiae,
1386 404 1427 425 se.
1446 392 1476 432 0,
1502 393 1530 424 b.
1559 393 1612 426 50.

1083 447 1144 480 Pro
1161 446 1365 489 susceptione
1381 456 1595 479 censurarum
1605 447 1653 479 vel
1664 446 1792 480 termini

1040 500 1070 533 in
1093 500 1222 540 iudicio,
1248 511 1289 533 sc.
1317 500 1349 539 Ο,
1377 500 1406 533 b.
1434 500 1465 533 5.

1082 554 1144 587 Pro
1154 554 1217 588 fide
1229 554 1403 587 cuiuslibet
1417 558 1507 587 actus
1524 553 1693 594 iudicialis,
1705 565 1746 587 sc.
1759 555 1791 593 0,

1041 608 1069 639 h.
1097 607 1151 641 ’10-

1083 661 1144 694 Pro
1165 661 1227 693 fido
1249 660 1369 694 decreti
1388 660 1512 701 visitae‚
1535 666 1623 694 extra
1643 660 1727 694 diem
1749 661 1793 694 vi-

1040 714 1130 754 sitae,
1152 726 1194 747 sc.
1224 714 1256 753 0,
1283 715 1311 746 b.
1340 714 1371 748 5.

1085 768 1145 800 Pro
1171 767 1276 811 rogitu
1302 777 1461 811 procurae
1486 767 1519 800 in
1543 767 1664 808 officio,
1691 779 1733 801 sc.
1760 768 1793 808 Ο,

1041 822 1070 853 b.
1099 820 1128 854 5.

1085 873 1116 907 Si
1138 878 1225 906 extra
1247 873 1405 914 officinm,
1423 885 1464 907 se.
1489 874 1521 914 Ο,
1548 874 1576 906 b.
1605 874 1659 908 10.

1085 927 1147 959 Pro
1168 927 1314 971 expensis
1330 927 1632 969 contumacialibus,
1647 927 1679 961 in
1701 939 1796 962 causa

1042 980 1169 1024 capitali
1190 980 1366 1021 ordinaria,
1389 980 1507 1024 inqua,
1529 981 1797 1024 praecedentibus

1042 1033 1180 1073 indiciis,
1195 1044 1271 1066 reus
1291 1034 1388 1066 fuerit
1413 1033 1554 1067 monitus
1574 1039 1605 1067 et
1628 1035 1660 1066 in
1682 1040 1796 1068 contu-

1042 1086 1179 1119 maciam
1201 1087 1448 1127 condemnatus,
1470 1098 1512 1119 sc.
1540 1087 1572 1128 Ο,
1600 1087 1627 1119 b.
1657 1087 1710 1121 50.

1087 1139 1118 1173 δί
1135 1140 1167 1172 in
1186 1150 1283 1172 causa
1303 1151 1369 1174 non
1390 1139 1531 1184 capitali,
1554 1140 1586 1172 in
1607 1150 1670 1184 qua
1690 1145 1797 1174 tamen

1042 1192 1138 1225 modo
1159 1193 1337 1236 praemisso
1358 1204 1433 1226 reus
1454 1193 1493 1226 sit
1508 1193 1540 1226 in
1566 1204 1702 1237 poenam
1724 1204 1797 1227 cor-

1043 1246 1132 1291 poris
1152 1246 1335 1279 afflictivam
1357 1247 1603 1287 condemnatus,
1626 1258 1668 1280 sc.
1697 1247 1728 1280 1.

1087 1299 1119 1332 Si
1140 1299 1172 1331 in
1193 1299 1255 1332 alia
1275 1299 1394 1333 minori
1415 1310 1523 1340 cansa,
1546 1300 1580 1332 in
1600 1311 1664 1343 qua
1684 1300 1798 1334 eodem

1044 1353 1140 1386 modo
1157 1363 1232 1386 reus
1247 1353 1287 1386 sit
1301 1358 1426 1386 tantum
1448 1353 1479 1386 in
1491 1364 1629 1397 poenam
1643 1354 1797 1397 pecunia-

1044 1406 1125 1438 riam
1147 1406 1391 1447 condemnatus,
1412 1417 1454 1439 sc.
1482 1406 1514 1447 Ο,
1542 1407 1571 1439 b.
1599 1407 1652 1441 50.

1087 1459 1148 1492 Pro
1170 1459 1328 1492 similibus
1349 1459 1496 1504 expensis
1508 1460 1798 1493 contumacialibus

1043 1513 1075 1545 in
1097 1524 1193 1546 causa
1209 1513 1430 1546 commissalia
1451 1513 1483 1546 in
1503 1513 1608 1557 primo
1629 1513 1746 1557 capite,
1763 1518 1800 1546 ut

1044 1577 1155 1611 supra,
1182 1577 1223 1599 sc.
1251 1566 1283 1607 ⁶2,
1312 1567 1340 1599 b.
1364 1567 1418 1601 50.

1088 1620 1120 1653 Si
1143 1619 1174 1652 in
1191 1620 1346 1661 secundo,
1369 1631 1411 1653 sc.
1440 1620 1470 1653 2.

1089 1673 1120 1707 Si
1136 1673 1169 1706 in
1189 1673 1283 1706 tertio
1305 1673 1420 1717 capite,
1441 1685 1483 1706 sc.
1511 1673 1543 1714 1,
1571 1674 1599 1706 b.
1627 1673 1680 1708 50.

1089 1726 1120 1759 Si
1140 1738 1215 1760 vero
1240 1728 1428 1761 huiusmodi
1450 1737 1607 1771 expensae
1626 1727 1746 1761 suerint
1766 1727 1799 1760 in

1045 1791 1141 1814 causa
1161 1782 1248 1824 gravi
1272 1782 1321 1814 vel
1342 1792 1401 1826 pro
1428 1792 1564 1825 persona
1594 1781 1707 1822 tertia,
1735 1780 1798 1814 exi-

1044 1840 1148 1879 gatur,
1165 1834 1251 1868 iuxta
1267 1835 1509 1879 importantiam
1531 1846 1647 1868 causae
1667 1840 1698 1868 etv
1717 1846 1797 1879 qua-

1044 1889 1165 1922 litatem
1186 1899 1355 1932 personae,
1373 1889 1507 1922 arbitrio
1528 1889 1649 1922 domini
1670 1888 1795 1921 iudicis.

1088 1943 1149 1976 Pro
1174 1943 1340 1986 quibusvis
1360 1943 1430 1977 aliis
1446 1943 1680 1983 instrumentis,
1703 1953 1798 1987 expe-

1044 1997 1219 2030 ditionibus
1246 2003 1276 2030 et
1296 1997 1482 2042 scripturis,
1510 2008 1649 2040 quorum
1676 2007 1800 2030 merces

1045 2050 1077 2084 in
1098 2051 1259 2096 praesenti
1272 2056 1343 2084 taxa
1358 2062 1424 2084 non
1439 2050 1643 2095 exprimitur,
1661 2055 1692 2083 et
1702 2050 1799 2083 etiam

1044 2106 1077 2138 in
1098 2106 1296 2150 praeinsertis
1316 2105 1347 2138 in
1368 2104 1487 2149 quibus
1506 2104 1653 2138 videlicet
1673 2109 1800 2137 contro-

1044 2159 1146 2192 versia
1162 2159 1246 2193 inter
1256 2159 1420 2192 notarium
1436 2164 1467 2192 et
1482 2163 1605 2203 partem
1626 2157 1705 2191 oriri
1722 2168 1799 2191 con-

1046 2213 1164 2256 tigerit,
1183 2218 1284 2246 stetur
1299 2213 1433 2245 arbitrio
1451 2212 1573 2245 domini
1595 2211 1723 2245 iudicis.

1089 2267 1207 2300 Eadem
1228 2272 1299 2299 taxa
1319 2266 1507 2310 przeinscrta
1528 2270 1671 2298 servetur
1686 2265 1718 2298 in
1730 2265 1800 2308 qui-

1044 2321 1150 2354 busvis
1158 2321 1274 2354 officiis
1282 2320 1503 2353 criminalilnis
1514 2318 1695 2363 praedictis,
1704 2319 1799 2352 etiam

1045 2374 1077 2408 in
1090 2375 1195 2408 causis
1205 2374 1310 2408 mixtis
1318 2375 1364 2407 vel
1377 2373 1471 2407 etiam
1485 2373 1632 2407 civilibus
1643 2383 1680 2406 ac
1691 2372 1800 2406 crimi-

1045 2429 1172 2462 nalibus
1192 2427 1462 2472 dependentibus,
1483 2432 1538 2460 aut
1557 2427 1676 2472 quibus
1695 2427 1733 2460 de
1750 2426 1799 2459 in-

1045 2483 1165 2511 teresse
1186 2478 1255 2510 fisci
1276 2477 1393 2520 agitur.

1089 2528 1124 2560 In
1152 2527 1223 2561 aliis
1242 2538 1317 2560 vero
1347 2537 1435 2560 mere
1460 2525 1607 2559 civilibus
1626 2525 1658 2558 in
1680 2525 1799 2558 eisdem

1046 2576 1160 2610 officiis
1196 2575 1453 2620 pertractandis,
1491 2575 1586 2608 etiam
1616 2574 1648 2607 in
1675 2573 1802 2607 casibus

1047 2624 1230 2669 praedictis,
1250 2629 1394 2657 servetur
1410 2629 1481 2658 taxa
1502 2623 1637 2658 notariis
1657 2622 1801 2657 civilibus

292 2676 354 2712 Pro
380 2676 599 2710 instrumento
629 2672 805 2708 sententiae
824 2673 1004 2708 declarato·
1047 2673 1217 2707 novissime
1238 2673 1399 2718 imposita.

1808 291 1857 314 An.
1876 288 1901 314 C.
1925 289 1989 317 ¹552
