2237 3100
15 273 66 303 Αιι.
82 272 113 300 C.
130 270 199 299 ¹5⁷0

15 575 124 596 Clnnnulae
136 579 198 601 prae-

16 607 144 628 neri-stivae.

42 970 113 991 tussto
128 969 201 990 admit·

15 1002 74 1023 tendi
119 1001 202 1028 praedi-

15 1035 61 1054 ctos
76 1031 186 1054 officiales.

91 1890 204 1917 nerogano

21 1923 185 1944 contrariorum.

894 267 962 293 PIUS
985 267 1005 292 V
1028 268 1075 292 PP.

1654 254 1718 289 833

212 323 252 357 de
273 332 311 356 eo
331 321 503 365 disponere
524 321 619 355 etiam
639 320 741 354 libere
761 320 889 354 etlicite
909 331 963 354 va-
982 319 1166 377 151111111115,
1192 317 1448 363 praeservatixis,
1482 317 1763 359 derogatoriarum

211 371 296 412 leat,
333 370 609 414 quemadmodum
643 370 682 402 de
719 370 834 403 ceteris
862 369 965 402 dictae

210 419 326 453 Curiae
346 419 461 453 officiis
481 418 584 464 pretio
610 418 749 463 receptis
777 419 895 462 cuique
920 423 967 451 est

212 468 419 512 permissum,
440 473 497 502 etc.

257 517 345 561 §18
381 518 596 551 Decernentes
635 517 743 550 omnia
782 516 967 560 supradicta

212 566 307 600 firma
337 572 368 600 et
395 566 546 600 inviolata
578 572 737 610 perpetuo
766 565 965 604 consistere,

211 616 457 662 ν111111116,1’1111111
478 621 508 649 et
525 616 664 649 efficacis
680 621 875 653 contractus,
886 614 968 646 inter

213 678 272 700 nos
292 671 322 700 et
350 666 466 699 Sedem
487 670 518 698 et
545 665 713 698 Cameram
734 664 966 708 Apostolicam,

213 725 342 749 necnon
363 724 476 748 omnes
496 713 650 757 deinceps
669 718 886 746 summatores
910 713 968 745 lia-

212 760 303 800 bere;
325 770 362 792 ac
382 758 511 792 irritum
533 763 564 791 et
583 757 678 791 inane
698 757 855 801 quicquid
878 767 970 790 secus

213 820 313 852 super
331 808 382 841 his
402 818 461 852 per
480 818 704 851 quoscumque
724 834 730 847 ,
754 807 892 840 scienter
922 807 970 840 vel

214 858 414 902 ignoranter,
438 856 609 899 contigerit
629 856 789 889 attentari.

259 907 274 951 ἓ
294 906 347 941 19.
370 906 523 939 111116111115
544 904 641 948 igitur
655 904 801 937 omnium
820 903 972 947 collegio-

214 967 289 990 rum
309 960 340 989 et
364 954 549 988 officiorum
584 953 825 997 praedictorum
860 953 970 985 desen-

215 1015 304 1038 sores
321 1031 328 1046 ‚
361 1003 540 1036 mensarios
558 1029 565 1043 ,
598 1001 810 1045 depositarios
843 1012 971 1035 necnon

213 1053 419 1097 vectigalium
430 1053 652 1096 redemptores
662 1056 693 1084 et
709 1055 833 1084 ceteros
848 1061 971 1091 01111165,

213 1103 253 1137 ad
274 1113 356 1146 quos
374 1101 523 1146 pertinet,
541 1106 576 1133 ut
595 1100 735 1144 quisque
759 1110 818 1143 pro
839 1110 884 1139 se,
911 1101 972 1133 111111

214 1162 231 1185 a
251 1151 345 1185 nobis
364 1161 430 1183 non
451 1155 617 1194 expectata
633 1148 775 1181 iussione
787 1154 842 1181 aut
857 1149 973 1182 mentis

213 1206 343 1235 nostrae
363 1200 594 1239 declaratione,
608 1197 811 1242 praedictum
828 1208 972 1230 summa-

213 1255 318 1283 torem
338 1255 369 1282 et
388 1249 427 1282 ab
448 1259 485 1282 eo
520 1247 783 1280 substituendum
805 1252 835 1279 et
856 1246 972 1285 substi-

213 1299 352 1333 tuendos
367 1325 374 1339 ‚
411 1307 539 1331 necnon
569 1296 809 1340 praesidentem
831 1300 861 1328 et
881 1306 973 1328 reco-
994 1303 996 1317 ἰ

214 1348 356 1392 gnitores
390 1358 503 1381 omnes
525 1373 532 1387 ‚
560 1351 627 1378 tam
648 1344 848 1378 coniunctim
874 1356 973 1387 quam
995 1363 996 1368 =

215 1397 352 1439 divisim,
375 1397 416 1430 ad
434 1395 600 1440 praedicta
625 1394 735 1427 onmia
760 1394 919 1438 recipiant
944 1400 975 1427 61
995 1405 996 1416 ³

215 1446 396 1486 admittant,
420 1446 531 1488 eisque
552 1445 591 1477 de
616 1443 695 1487 ipsis
715 1443 868 1475 omnibus
889 1442 972 1476 inte·
995 1454 996 1478 1

214 1506 271 1539 gre
288 1494 515 1539 respondeant,
529 1498 558 1526 et
572 1493 611 1526 ab
628 1491 699 1525 aliis
713 1491 830 1524 saciant
843 1502 975 1536 respon-

216 1593 402 1627 officiorum
435 1591 587 1626 exercitio
631 1590 894 1635 suspendimus,
945 1595 975 1623 et

217 1642 516 1676 emolumentorum
540 1640 751 1684 perceptione
786 1639 972 1682 privamus,

216 1691 334 1731 donec,
356 1689 572 1724 satisfactione
593 1689 734 1732 praevia,
758 1688 938 1721 meruerint
957 1699 975 1721 a
995 1727 997 1738 A

216 1740 362 1774 Romano
381 1739 538 1773 Pontifice
553 1737 767 1771 restitutionis
778 1737 974 1770 beneficium

217 1788 375 1822 obtinere.

263 1839 278 1882 g
298 1838 352 1872 ΞΟ.
375 1838 445 1871 Νο11
466 1836 669 1871 obstantibus
702 1842 813 1869 nostra
838 1835 877 1869 de
910 1846 975 1868 non

218 1888 362 1921 tollendo
382 1887 453 1920 iure
473 1886 619 1930 quaesito
632 1891 662 1918 et
681 1885 752 1917 aliis
772 1884 975 1917 constitutio-

218 1936 314 1970 nibus
334 1942 365 1970 et
376 1935 635 1970 ordinationibus
655 1933 851 1978 apostolicis,
875 1944 912 1966 ac
929 1944 977 1966 se-

219 1985 422 2026 cretariatus,
445 1984 655 2028 scriptoriae,
689 1982 821 2016 archivii
852 1988 975 2016 cetero-

219 2045 360 2078 rumque
370 2033 553 2067 officiorum
566 2037 597 2066 et
610 2032 836 2075 collegiorum,
848 2041 976 2064 necnon

218 2083 362 2117 Camerze
369 2081 463 2115 Urbis
474 2086 505 2114 et
515 2081 721 2124 vectigalium
734 2081 976 2124 praedictorum,

220 2133 417 2172 iuramento,
453 2131 702 2165 confirmatione
727 2130 905 2174 apostolica
928 2130 977 2163 vel

219 2181 332 2226 quavis
352 2180 503 2213 firmitate
524 2180 586 2212 alia
606 2179 766 2212 roboratis
784 2206 791 2219 ,
824 2179 950 2212 statutis
967 2204 974 2218 ,

221 2229 524 2270 consuetudinibus,
547 2228 660 2261 usibus
670 2232 701 2261 et
712 2228 848 2268 naturis,
872 2237 976 2270 quan-

221 2284 397 2322 tocumque
421 2282 567 2320 tempore
593 2277 779 2316 observatis3
802 2275 979 2320 privilegiis

222 2337 367 2371 quoque,
380 2326 513 2359 indultis
529 2330 559 2358 et
579 2325 693 2358 litteris
704 2324 901 2369 apostolicis,
916 2325 979 2357 illis

223 2386 404 2419 eorumque
438 2374 698 2418 praesidentibus
716 2400 723 2414 ,
760 2373 915 2406 ministris
949 2379 979 2406 et

223 2424 370 2469 personis
394 2434 453 2468 per
473 2433 698 2467 quoscumque
718 2423 881 2456 Romanos
894 2422 978 2454 Pon-

225 2469 326 2503 tifices
350 2469 617 2513 praedecessores
647 2472 774 2500 nostros
800 2477 837 2499 ac
866 2477 924 2499 nos
950 2471 980 2499 et

223 2513 340 2547 Sedem
374 2513 573 2557 praedictam
595 2538 603 2552 ‚
627 2511 722 2545 etiam
752 2522 812 2554 per
845 2510 979 2543 niodum

224 2557 334 2591 statuti
358 2557 507 2601 perpetui
528 2567 565 2589 ae
586 2556 657 2589 initi
683 2560 713 2589 et
729 2555 871 2599 stipulati
901 2565 979 2588 con-

225 2606 357 2643 tractus,
381 2607 411 2635 et
431 2601 535 2641 aliter,
567 2600 626 2634 sub
647 2600 908 2643 quibuscumque
934 2604 979 2632 te-

225 2646 359 2680 noribus
380 2651 410 2680 et
430 2645 554 2686 formis,
577 2655 614 2678 ac
639 2655 714 2679 cum
735 2643 900 2688 quibusvis
928 2654 980 2677 re-

304 2695 379 2725 Bull.
399 2694 476 2725 Rom.
503 2694 558 2724 Vol.
581 2693 640 2724 VII.
844 2692 902 2723 105

1008 368 1219 411 derogatoriis
1239 367 1374 410 aliisque
1391 366 1641 406 efficacioribus,
1658 366 1765 400 effica-

1009 418 1144 450 cissimis
1162 423 1192 451 et
1211 417 1348 450 insolitis
1369 414 1522 449 clausulis
1540 442 1547 455 ,
1570 426 1699 448 necnon
1719 416 1764 448 ir-

1009 467 1180 501 ritantibus
1191 465 1455 505 etaliisdecretis,
1472 470 1616 504 etmotu,
1632 465 1766 498 scientia

1009 522 1040 549 et
1052 517 1218 560 potestatis
1235 515 1437 560 plenitudine
1450 513 1620 554 similibus,
1639 524 1767 548 necnon

1010 565 1282 605 consistorialiter,
1293 576 1330 598 ac
1342 575 1379 597 ex
1389 563 1504 603 causis,
1517 568 1769 607 quantumcum-

1010 625 1073 656 que
1100 613 1254 650 onerosis,
1278 613 1450 652 concessis,
1479 612 1688 653 confirmatis,
1717 613 1766 646 in-

1012 663 1133 696 novatis
1151 689 1158 702 ,
1195 661 1331 695 extensis
1362 667 1392 694 et
1425 660 1610 694 moderatis.
1645 660 1768 700 Quibus

1012 712 1175 749 omnibus,
1195 711 1290 744 etiam
1312 711 1348 751 si,
1362 721 1421 754 pro
1442 710 1574 743 illorum
1592 709 1766 743 sufficienti

1012 761 1232 804 derogatione,
1254 761 1291 793 de
1313 760 1358 793 eis
1379 769 1560 802 eorumque
1580 758 1654 792 totis
1674 763 1766 792 teno-

1013 809 1102 842 ribus
1136 809 1284 853 speeialis
1302 835 1309 848 ,
1350 807 1526 851 specifica,
1563 818 1713 852 expressa
1738 813 1769 842 et

1014 858 1179 891 individua
1198 869 1234 891 ac
1255 858 1293 890 de
1304 857 1401 890 verbo
1420 857 1618 897 adverbum,
1633 868 1698 890 non
1709 868 1768 891 au-

1014 912 1077 940 tem
1099 918 1157 951 per
1177 906 1339 939 clausulas
1358 905 1525 948 generales
1542 905 1627 938 idem
1649 906 1771 950 impor-

1013 960 1125 995 tantes,
1147 955 1267 988 mentio
1288 966 1344 988 5611
1365 955 1495 998 quaevis
1519 955 1581 987 alia
1606 956 1769 999 expressio

1014 1005 1174 1045 habenda,
1198 1010 1252 1037 aut
1272 1004 1379 1045 aliqua
1400 1003 1461 1035 alia
1482 1004 1640 1046 exquisita
1667 1005 1771 1037 forma

993 1082 994 1090 ,
1014 1053 1053 1085 ad
1066 1053 1126 1086 lioc
1143 1054 1297 1086 servanda
1314 1053 1407 1091 soret,
1426 1057 1554 1085 tenores
1566 1052 1767 1094 huiusmodi,

1015 1113 1052 1135 ac
1072 1103 1097 1135 51
1118 1103 1157 1135 de
1185 1102 1283 1135 verbo
1311 1101 1350 1134 ad
1380 1102 1513 1134 verbum
1548 1101 1772 1134 insererentur

1015 1152 1252 1195 praesentibus,
1270 1162 1328 1194 pro
1345 1150 1503 1194 expressis
1523 1150 1687 1190 habentes,
1708 1150 1772 1183 illis

1015 1200 1093 1233 alias
1113 1200 1146 1233 111
1163 1211 1221 1233 5110
1242 1201 1359 1233 robore
1377 1199 1611 1243 permansuris,
1626 1200 1687 1232 hac
1702 1199 1771 1233 vice

1016 1249 1192 1290 dumtaxat,
1216 1249 1399 1293 specialiter
1420 1256 1449 1281 et
1466 1259 1613 1291 expresse
1635 1249 1771 1291 deroga-

1016 1309 1099 1331 111115.
1123 1299 1280 1342 Quodque
1291 1298 1466 1341 aliquibus,
1490 1297 1707 1331 communiter
1723 1297 1772 1331 vel

1016 1347 1167 1387 divisim,
1191 1359 1207 1380 a
1233 1348 1398 1391 praedicta
1423 1347 1462 1380 sit
1495 1347 1576 1380 Sede
1610 1347 1771 1380 indultum

1017 1398 1105 1439 quod
1126 1397 1288 1437 interdici,
1312 1397 1465 1440 suspendi
1482 1397 1530 1429 vel
1547 1396 1771 1429 excommuni—

1017 1447 1083 1479 cari
1105 1457 1169 1479 non
1195 1445 1320 1489 possint
1345 1456 1403 1489 per
1422 1445 1544 1478 litteras
1579 1444 1772 1488 apostolicas

995 1516 997 1538 t
1017 1507 1082 1529 non
1103 1496 1255 1529 facientes
1280 1495 1408 1538 plenam
1429 1499 1459 1527 et
1480 1505 1663 1537 expressam
1685 1494 1772 1529 aede

216 1544 296 1578 deri.
320 1544 379 1584 Qui
401 1542 651 1577 contrafecerint
669 1569 676 1583 ,
700 1551 755 1575 eos
785 1541 909 1573 tamdiu
935 1541 974 1574 ab
995 1565 997 1572 1

1016 1546 1114 1578 verbo
1135 1545 1173 1577 ad
1194 1544 1328 1577 verbum
1354 1544 1392 1576 de
1427 1543 1551 1576 indulto
1585 1543 1773 1576 huiusmodi

996 1618 997 1623 ,
1018 1594 1228 1633 mentionem,
1253 1592 1433 1635 ceterisque
1454 1592 1624 1626 contrariis
1641 1592 1774 1636 quibus-

1019 1654 1057 1676 cu
1064 1654 1173 1685 mque.

1062 1692 1076 1733 ξ
1096 1692 1149 1724 91.
1172 1691 1257 1723 Nulli
1278 1701 1355 1733 ergo
1375 1695 1432 1723 etc.

1062 1741 1175 1773 Datum
1198 1740 1319 1773 Romae
1348 1740 1434 1782 apud
1452 1739 1484 1772 S.
1507 1740 1656 1779 Petrum,
1688 1724 1797 1773 anno¹

1018 1789 1250 1822 lncarnationis
1275 1788 1457 1821 dominicae
1477 1787 1648 1821 millesimo
1677 1788 1774 1831 quin-

1017 1838 1196 1881 gentesimo
1217 1837 1466 1881 septuagesimo,
1488 1842 1599 1870 octavo
1621 1837 1776 1870 kalendas

1018 1887 1098 1927 iulii,
1120 1886 1326 1930 pontificatus
1350 1886 1453 1919 nostri
1477 1896 1562 1919 anno
1587 1896 1617 1919 v.

1074 1940 1138 1970 Dat.
1156 1940 1203 1969 die
1218 1939 1257 1969 ⁶24
1273 1939 1349 1969 iunii
1369 1939 1457 1977 1570,
1475 1940 1580 1980 pontis.
1598 1950 1674 1970 anno
1690 1948 1718 1970 r.

1020 2109 1064 2141 De
1076 2109 1206 2141 decimis
1224 2109 1358 2151 aliisque
1369 2108 1521 2140 subsidiis
1542 2118 1603 2139 uon
1619 2106 1777 2140 solvendis

1047 2169 1066 2191 (ι
1090 2158 1249 2200 fratribus
1271 2157 1405 2190 Ordinis
1420 2157 1690 2189 Praedicatormn
1717 2156 1742 2189 ¹.

1064 2221 1124 2249 Pius
1141 2222 1213 2256 Papa
1227 2221 1257 2253 V,
1270 2221 1304 2248 ad
1322 2221 1485 2256 perpetuam
1504 2220 1545 2247 rei
1561 2220 1731 2248 memoriam.

1065 2274 1210 2307 Militanti
1244 2274 1438 2315 Ecclesiae,
1478 2274 1552 2305 licet
1592 2272 1773 2313 immeriti,

1021 2323 1212 2366 disponente
1241 2323 1391 2363 Domino,
1415 2322 1652 2366 praesidentes,
1689 2321 1776 2354 circa

1021 2383 1133 2405 curam
1178 2371 1388 2405 ecclesiarum
1429 2377 1459 2405 et
1502 2371 1776 2404 monasteriorum

1021 2421 1241 2464 quorumlibet
1253 2420 1448 2463 illorumque
1462 2430 1685 2463 personarum,
1697 2429 1777 2463 prce-

1022 2465 1132 2499 sertim
1164 2465 1319 2498 Ordinum
1354 2465 1489 2497 fratrum
1512 2464 1774 2504 Mendicantium‚

1022 2510 1151 2543 solertia
1162 2509 1329 2542 reddimur
1338 2508 1496 2541 indefessa
1507 2508 1634 2541 solliciti
1642 2508 1778 2547 ut,iuxta

1023 2554 1166 2587 debitum
1193 2553 1361 2597 pastoralis
1382 2552 1501 2592 officii,
1524 2563 1638 2586 eorum
1660 2562 1777 2586 occur-

1022 2608 1131 2631 ramus
1158 2598 1346 2641 dispendiis,
1377 2603 1407 2630 et
1433 2597 1643 2641 profectibus,
1672 2597 1778 2630 divina

1060 2653 1070 2678 1
1094 2651 1133 2679 Ex
1149 2651 1215 2679 Bull.
1238 2651 1316 2678 liuius
1333 2650 1452 2683 Ordinis,
1475 2655 1538 2678 tom.
1561 2658 1589 2684 ν,
1605 2658 1666 2686 pag.
1687 2650 1748 2678 w.

1778 268 1827 295 An.
1845 265 1874 295 C.
1895 267 1964 296 1570

1797 1693 1884 1715 Sanctio
1896 1699 1974 1721 poem-

1800 1724 1829 1746 is.

1814 2285 1934 2308 Exordium.
