2237 3100
67 234 248 263 An.c.1565

87 613 198 634 Personae
213 614 249 634 01·-

65 646 119 666 dinis
145 645 250 671 gaudeant

66 678 138 703 gratiis
151 677 249 704 hospital.

65 708 135 728 Saus-ii
160 708 251 735 Spiritus

67 739 91 759 de
121 737 189 764 Urbe;

80 1096 178 1117 Gonu-itm
193 1097 242 1116 inat·

68 1128 132 1147 iicuto
178 1128 251 1147 mortis

67 1158 183 1184 indulgent.
198 1164 251 1178 cou-

69 1193 198 1217 sequantur3

96 1364 190 1390 Ieiuniis,
213 1368 251 1385 ele.

69 1395 146 1416 Terrae
161 1395 252 1416 Saus-iae

70 1427 183 1452 gaudeant.

120 1908 257 1929 Decedentes

74 1940 127 1961 iuli-a
136 1946 211 1960 aunum
220 1943 257 1959 etc,

75 1972 182 1997 indulgen.
210 1977 259 1991 ceu-

74 2006 196 2030 sequuntur.

935 237 1003 261 PIUS
1028 236 1059 260 lv
1078 234 1126 259 PP.

264 290 401 330 riorum,
431 288 664 323 abbatissarum
689 300 745 323 seu
770 290 1011 333 priorissarum,

264 349 376 388 quater
395 336 538 388 quolibet
558 355 641 377 anno
658 344 793 388 ingredi,
816 350 843 377 et
863 356 935 378 cum
953 346 1013 379 eis-

265 398 336 431 dem
367 397 561 431 monialibus
595 397 682 441 loqui
712 403 742 431 et
770 399 951 432 conversari
986 405 1015 431 et

264 451 469 484 resectionem
479 452 680 495 corporalem
691 463 818 485 sumere
826 452 1015 495 (dummodo
1035 465 1037 477 2

265 506 381 540 ibidem
403 517 467 540 non
476 508 679 551 pernoctent)
691 507 813 551 possint
830 512 860 540 et
879 508 1012 541 valeant.

309 560 323 603 ἓ
339 560 414 593 142.
432 561 598 604 Quodque,
612 572 687 593 cum
704 561 846 605 primum
863 561 923 605 ipsi
939 573 1016 595 con-

265 614 378 646 fratres
400 613 431 646 in
453 614 593 657 praefata
614 614 876 648 confraternitate
900 615 1018 648 descri-

265 668 402 708 bentur,
429 668 579 700 omnibus
607 673 635 700 et
664 668 797 711 singulis
823 668 1015 712 privilegiis,

267 721 437 764 suffragiis,
479 721 705 763 indulgentiis,
735 721 954 766 spiritualibus
989 728 1019 755 et

267 774 509 819 temporalibus,
532 785 590 818 per
608 785 665 807 nos
681 780 708 807 et
730 775 809 807 alios
829 775 1018 818 praedeces-

267 839 355 861 sores
390 833 515 861 nostros
548 828 697 871 praefatis
729 828 878 871 hospitali
913 828 1018 861 Sancti

266 882 403 926 Spiritus
422 881 455 915 in
483 882 575 915 Saxia
604 882 641 915 de
668 881 752 915 Urbe
777 892 903 914 necnon
934 883 1020 915 illius

266 935 494 975 confratribus,
518 936 647 979 quibus,
660 935 743 968 inter
754 941 870 975 cetera,
891 946 1020 969 conces-

267 1000 393 1022 cessum
416 989 528 1022 existit.

310 1043 325 1086 §
341 1043 416 1077 143.
436 1044 474 1076 Ut
493 1043 691 1087 quicumque
713 1043 882 1087 poenitens
897 1048 926 1075 et
946 1053 1021 1076 con-

267 1096 360 1129 tritus
380 1107 499 1130 nomen
520 1098 589 1130 lesu
612 1097 641 1129 in
671 1097 783 1129 mortis
803 1096 940 1129 articulo
965 1107 1020 1129 no-

268 1149 446 1190 minaverit,
458 1149 637 1194 plenariam
655 1154 863 1193 peceatorum
874 1160 1020 1189 suorum,

268 1202 362 1235 etiam
374 1203 412 1235 de
425 1203 554 1247 quibus,
569 1202 628 1235 nisi
649 1208 750 1235 morte
763 1202 1018 1246 praeveniretur,

268 1256 490 1296 confiteretur,
518 1256 741 1288 remissionem
773 1261 1001 1299 consequatur.

312 1309 412 1352 §444
435 1309 566 1342 Necnon
589 1309 734 1349 ieiuniis,
754 1308 880 1352 vigiliis,
903 1309 1021 1341 oratio-

268 1362 374 1402 nibus,
404 1362 717 1406 peregrinatirmibus
745 1363 862 1395 'l'errae
888 1363 1022 1396 Sanctae

268 1422 297 1449 et
318 1416 524 1460 indulgentiis
544 1416 738 1460 ljileiiissimis
754 1417 785 1450 S.
808 1416 930 1449 1111111101
948 1417 1022 1449 anni

269 1470 549 1514 quinquagenarii,
571 1476 601 1503 ct
616 1471 788 1503 stationum
802 1476 832 1503 et
849 1470 1023 1504 dedicatio·

270 1535 346 1557 num
369 1529 485 1557 sancta:
510 1524 545 1557 R.
568 1523 730 1564 Ecclesiae,
752 1535 788 1556 ac
810 1523 902 1557 bonis
922 1524 1024 1557 omni-

271 1578 341 1616 bus,
364 1588 445 1620 quae
467 1577 544 1610 1111111
569 1577 600 1609 111
621 1577 733 1610 eodem
751 1588 842 1610 sacro
859 1577 1022 1621 hospitali,

270 1642 306 1664 ac
341 1631 510 1665 universali
547 1636 749 1664 sacrosancta
785 1631 939 1663 militante
965 1632 1046 1664 Etr-¹

271 1685 380 1725 clesia,
397 1685 516 1728 quibus
536 1685 632 1718 ceteri
649 1685 826 1717 confratres
842 1685 1023 1728 potiuntur,

271 1745 297 1771 et
322 1739 353 1771 in
384 1740 528 1772 futurum
550 1739 687 1781 gavisuri
714 1744 807 1777 suut,
829 1738 892 1777 uti,
915 1739 1023 1782 potiri,

270 1793 410 1835 gaudere
431 1799 458 1826 et
482 1792 673 1836 participare
694 1792 842 1825 debeant.

315 1847 329 1890 ᾖ
348 1847 419 1879 145.
445 1847 478 1879 Ε1
498 1847 521 1879 si
543 1847 624 1879 infra
645 1857 766 1879 annum
788 1846 939 1886 obierint,
964 1847 1026 1889 ple-

272 1901 395 1933 nariam
420 1901 565 1933 omuimn
592 1906 800 1945 peccatorum
823 1910 955 1933 suorum
980 1899 1026 1931 in-

273 1955 469 1998 dulgentiam
498 1961 749 1998 consequantur.
773 1955 805 1987 Et
835 1954 858 1985 si
880 1953 1024 1993 vixerint,

274 2013 401 2052 praeter
417 2008 569 2041 stationes
581 2008 685 2047 Urbis,
704 2007 916 2051 infrascriptis
932 2007 1026 2039 etiam

274 2062 398 2102 diebus,
414 2067 584 2106 sequentes
600 2062 814 2104 indulgentias
831 2072 1028 2104 consequeu-

275 2122 338 2157 tur,
361 2115 507 2149 videlicet
522 2116 656 2159 singulis
676 2115 790 2149 diebus
805 2115 885 2147 vitae
901 2126 1026 2155 eorum,

276 2175 303 2202 et
340 2181 397 2213 per
421 2180 534 2203 eunies
564 2169 631 2201 dics
657 2169 780 2202 veneris
808 2168 903 2201 totius
932 2169 1027 2207 almi,

277 2223 374 2256 unius
389 2223 464 2256 anni
487 2229 517 2256 et
531 2222 742 2267 quadraginta
759 2222 899 2261 dierum,
922 2222 953 2254 111
970 2222 1031 2254 siu-

276 2277 359 2320 gulis
383 2278 603 2322 apostolorum
632 2277 862 2316 ttsaestivitatibus,
891 2276 1029 2309 duoriun

279 2332 416 2364 millium
437 2342 611 2370 annorum;
635 2331 666 2363 in
688 2332 766 2364 sesto
786 2330 985 2374 Eljiiphauiae
1002 2336 1028 2363 et

279 2386 413 2429 singulis
425 2387 539 2419 dicbus
556 2392 625 2430 post
641 2391 795 2425 octavam,
812 2390 940 2417 centum
960 2384 1031 2417 mil-

279 2435 357 2468 lium
380 2447 552 2473 annorum;
577 2436 607 2468 in
624 2435 784 2468 dominica
801 2445 863 2478 qua
875 2439 1031 2474 cantatur,

280 2495 338 2527 pro
352 2484 484 2517 introitu
502 2484 626 2525 missae,
640 2485 753 2518 (hmzis
766 2488 862 2523 terra,
873 2483 911 2516 de
924 2494 1032 2516 mense

282 2532 417 2566 ianuarii
429 2540 455 2567 et
478 2533 613 2577 singulis
628 2533 741 2566 diebus
753 2532 923 2566 dominicis
944 2543 1033 2565 men-

281 2583 363 2615 sium
386 2583 483 2615 totius
503 2584 590 2623 anui,
608 2582 703 2615 trium
719 2582 856 2615 millium
874 2592 1032 2614 annorum

1700 216 1764 251 3653

1056 288 1166 321 tertiae
1183 285 1282 331 partis
1301 283 1448 318 omnium
1469 286 1692 326 peccatorum,
1715 281 1746 313 in
1767 281 1810 313 se-

1056 341 1243 376 stivitatibus
1262 341 1297 374 D.
1318 340 1354 372 N.
1375 339 1398 371 l.
1421 338 1470 377 C„
1492 336 1637 369 videlicet
1658 335 1809 368 Nativita-

1058 397 1106 437 tis‚
1125 393 1393 433 Resurrectionis,
1411 390 1613 425 Ascensionis
1633 395 1661 422 et
1680 388 1812 432 singulis

1058 451 1171 483 diebus
1191 461 1249 494 per
1269 454 1422 487 octavam,
1439 446 1578 479 duorum
1600 444 1737 477 millium
1755 453 1812 475 1111-

1058 515 1174 538 norum
1196 509 1226 537 et
1241 503 1498 545 octingentarum
1516 499 1810 543 quadragenarum,

1060 559 1090 591 in
1112 558 1404 591 sestoPentecostes
1418 559 1448 588 et
1463 553 1597 597 singulis
1618 552 1731 585 diebus
1743 557 1814 595 post

1059 618 1214 652 octavam,
1239 616 1312 644 octo
1334 609 1472 643 millium
1485 617 1661 647 annorum,
1683 611 1712 639 et
1739 605 1813 639 toti—

1060 667 1132 699 dem
1159 665 1462 709 quadragenarum,
1497 662 1629 694 infesto
1662 660 1815 704 Corporis

1060 719 1175 752 Christi
1196 724 1227 752 et
1256 719 1389 761 singulis
1419 716 1531 749 diebus
1557 721 1627 759 post
1656 720 1812 755 octavam,

1061 774 1200 806 duorum
1236 772 1373 805 millium
1405 781 1565 803 annorum
1600 775 1631 802 et
1662 768 1815 812 septimae

1062 826 1161 870 partis
1182 826 1326 859 omnium
1340 830 1561 868 peccatorum,
1579 822 1609 855 in
1632 823 1709 855 sesto
1729 821 1815 855 Nati-

1061 879 1163 912 vitatis
1179 879 1291 912 Beatae
1304 879 1419 911 Mariae
1441 883 1470 910 et
1491 876 1748 919 singtilistlieluis
1761 886 1817 919 per

1062 933 1130 965 eius
1160 938 1316 972 octavam,
1335 931 1466 974 triginta
1478 930 1614 963 millium
1641 940 1814 968 annorum',

1063 986 1094 1019 in
1116 986 1194 1018 sesto
1221 985 1373 1018 Omnium
1400 985 1605 1023 Sanctorum,
1629 988 1655 1015 et
1684 981 1817 1025 singulis

1062 1039 1175 1072 diebus
1200 1050 1302 1082 usque
1323 1038 1362 1071 ad
1383 1038 1498 1071 festum
1520 1036 1626 1070 Sancti
1646 1035 1815 1075 Leonardi,

1063 1093 1159 1126 trium
1184 1093 1323 1125 millium
1343 1102 1503 1125 annorum
1525 1097 1552 1124 et
1575 1090 1705 1123 totidem
1737 1100 1817 1134 qua-

1063 1147 1292 1190 dragcnarum.

1107 1201 1213 1244 gille.
1236 1200 1460 1243 Largientibus
1476 1193 1553 1232 'vero
1574 1209 1629 1232 seu
1654 1197 1818 1231 transmit-

1064 1254 1215 1294 tentibus,
1229 1255 1277 1287 vel
1294 1254 1325 1286 in
1336 1264 1449 1286 eorum
1466 1252 1586 1285 ultimis
1603 1251 1820 1284 voluntatilms

1064 1308 1110 1340 vel
1128 1307 1325 1341 testamentis
1341 1306 1521 1349 legantibus
1537 1305 1656 1348 aliquid
1673 1305 1711 1337 de
1728 1304 1820 1337 lionis

1065 1362 1130 1394 suis
1155 1362 1258 1394 eidem
1285 1360 1448 1405 hospitali,
1468 1360 1499 1391 iu
1521 1359 1657 1391 articulo
1688 1357 1817 1395 mortis⁷

1066 1416 1242 1459 plenariam
1265 1426 1281 1447 a
1303 1415 1398 1458 culpa
1415 1419 1444 1446 et
1466 1424 1569 1457 poena
1584 1412 1730 1445 omnium
1749 1423 1822 1455 pee-

1066 1475 1210 1503 catorum
1238 1479 1371 1502 suorum
1399 1467 1622 1500 remissionem
1655 1471 1681 1498 ct
1716 1465 1821 1498 indul-

1066 1523 1225 1566 gentiam,
1254 1534 1289 1555 ac
1317 1522 1435 1566 cuique
1464 1521 1603 1560 animae,
1625 1531 1707 1565 quae
1733 1519 1823 1551 unita

1066 1576 1191 1609 Christo
1208 1576 1239 1608 in
1256 1576 1388 1609 caritate
1405 1575 1443 1607 ab
1461 1575 1521 1607 liae
1534 1574 1605 1607 luce
1626 1573 1820 1616 migraverit,

1068 1630 1098 1662 in
1130 1629 1316 1674 purgatorio
1346 1628 1504 1669 existenti,
1535 1638 1593 1671 pro
1623 1638 1686 1670 qua
1717 1626 1823 1659 anima

1067 1685 1281 1727 eleemosyna,
1298 1694 1356 1727 per
1373 1683 1477 1726 ipsum
1500 1681 1688 1725 magistrum
1706 1686 1825 1713 010011-

1068 1743 1196 1770 ventum
1210 1749 1264 1770 seu
1278 1737 1316 1769 1111
1328 1737 1372 1769 eis
1384 1737 1553 1780 deputatos
1565 1735 1710 1775 taxanda,
1721 1735 1824 1767 eidem

1068 1791 1217 1835 hospitali
1248 1790 1454 1833 erogabitur,
1478 1796 1508 1822 ut
1543 1789 1688 1822 eamdem
1717 1788 1823 1821 indul-

1068 1846 1207 1889 gentiam
1225 1845 1401 1889 plenariam
1414 1855 1430 1877 a
1444 1855 1545 1888 poena
1557 1849 1583 1876 et
1603 1844 1696 1887 culpa
1712 1843 1824 1886 (quan-

1070 1903 1136 1930 tum
1169 1898 1277 1942 pietati
1303 1897 1474 1930 Maiestatis
1499 1896 1623 1929 divinae
1653 1896 1824 1940 placuerit)

1071 1957 1299 1995 consequatur,
1322 1951 1532 1984 concedimus
1553 1956 1579 1983 et
1604 1950 1821 1992 indulgemus.

1114 2006 1220 2049 ξ147.
1243 2005 1379 2038 Notariis
1399 2016 1486 2043 vero,
1509 2004 1563 2048 qui
1586 2003 1687 2047 rogati
1707 2003 1826 2036 suerint

1071 2059 1108 2091 de
1134 2059 1332 2092 testamentis
1351 2059 1399 2091 vel
1419 2058 1488 2091 aliis
1509 2057 1630 2090 ultimis
1654 2056 1825 2089 voluntati-

1071 2113 1143 2152 bus,
1165 2113 1197 2145 in
1218 2113 1337 2157 quibus
1357 2112 1479 2156 aliquid
1500 2111 1626 2155 disponi
1655 2110 1822 2153 contigerit

1073 2167 1103 2199 111
1122 2168 1259 2200 savorem
1281 2172 1311 2200 et
1331 2167 1539 2200 commodum
1562 2165 1749 2198 eorurmsslem
1771 2165 1828 2197 110-

1072 2221 1194 2265 spitalis
1214 2226 1242 2254 et
1265 2220 1407 2261 militiae,
1424 2226 1468 2261 ut,
1486 2220 1545 2252 sub
1566 2219 1827 2252 exeomimmica-

1074 2275 1169 2307 tionis
1203 2286 1319 2319 poena,
1347 2274 1590 2319 dispositionem
1624 2272 1824 2312 huiusmodi,

1073 2334 1194 2372 quanto
1215 2329 1309 2362 citius
1329 2329 1498 2362 commode
1533 2332 1702 2371 poterunt,
1726 2326 1826 2369 magi-

1074 2387 1139 2416 stro
1156 2388 1184 2415 ct
1201 2382 1456 2416 eonventuidicti
1470 2380 1647 2425 hospitalis,
1659 2381 1705 2413 rel
1723 2379 1826 2420 alteri,

1075 2443 1132 2476 per
1152 2443 1249 2475 quem
1271 2432 1300 2464 id
1327 2432 1442 2476 poterit
1464 2431 1501 2464 ad
1524 2430 1667 2474 ipsorum
1687 2430 1828 2473 magistri

1075 2486 1105 2513 et
1125 2487 1301 2514 conventus
1326 2481 1470 2514 notitiam
1486 2479 1664 2524 pervenire,
1678 2478 1827 2511 intimare

1076 2535 1200 2564 curent.

1120 2580 1221 2624 §MS
1236 2580 1314 2625 lpsis
1332 2590 1460 2623 quoque
1472 2579 1607 2612 notariis
1619 2583 1645 2611 et
1664 2579 1826 2611 confesso-

280 2637 309 2666 et
322 2632 451 2665 totidem
463 2632 756 2676 quadragenarum,
769 2636 798 2664 et
809 2630 1032 2664 remissionem
1053 2625 1059 2682 1
1077 2628 1166 2663 ribus
1184 2629 1371 2663 eorumdem
1391 2628 1628 2669 decedentium,
1643 2627 1674 2660 in
1685 2638 1818 2661 suorum

1824 224 1873 251 An.
1891 224 1920 251 C.
1940 222 2007 250 1565

1860 1205 2019 1228 1)(11111111051111ἶ

1835 1240 1882 1266 quid
1920 1237 2017 1263 ltuspitali

1834 1271 1949 1297 plenariam
1979 1268 2018 1287 lia*

1835 1302 1884 1322 bont
1908 1300 2019 1325 iu-tutgen-

1835 1335 1891 1355 tiam.

1867 1999 1945 2029 Nomai
1970 2012 2023 2028 nutu

1841 2042 1904 2061 siceut

1841 2072 1895 2092 sarta
1927 2072 2024 2097 titul-uati

1842 2107 1862 2125 et
1878 2104 1972 2124 militiae.
