2237 3100
492 201 580 238 1006
1088 208 1236 234 BULLARJI
1260 208 1380 234 nomm

447 263 670 298 Lateranensis
689 263 824 296 ecclesia
844 262 990 295 omnium
1011 261 1099 295 orbis
1119 261 1333 294 ecclesiarum
1349 266 1448 305 caput
1467 261 1631 295 declarata
1650 261 1711 295 suit
1734 272 1753 295 a
1773 263 1928 307 Gregorio
1949 262 2004 306 XI,

543 316 608 351 794
628 317 656 349 ἶ).
680 316 757 349 Rota
783 316 896 355 etiam,
914 315 964 347 cui
978 314 1053 347 Pius
1066 314 1089 347 V
1113 314 1197 347 hanc
1213 313 1464 347 controversiam
1485 314 1696 348 decidendam
1718 316 1897 358 commisit,
1918 317 2003 351 idem

537 369 774 414 pronunciavit,
799 368 876 401 ibid.
900 367 959 400 Hic
986 367 1131 400 Pontifex
1152 367 1331 410 praemissa
1351 367 1540 408 confirmat,
1563 368 1709 401 defectus
1739 370 1881 413 supplet,
1912 370 2000 404 omni

538 421 816 456 contradictorum
837 420 1055 464 appellatione
1075 426 1199 453 remota
1212 447 1220 459 ‚
1244 419 1308 454 795
1327 431 1359 452 α.

448 477 546 519 Leges
566 476 652 509 circa
669 476 771 514 dotes,
795 484 931 507 munera
944 479 975 507 et
995 479 1187 507 ornamenta
1200 474 1388 507 mulierum.
1414 473 1449 506 V.
1471 473 1616 518 Populus
1636 474 1813 508 Romanus.

447 528 709 572 Legitimationes
728 527 831 560 sactae
860 527 1059 559 naturalium
1080 526 1280 571 spuriorum,
1304 526 1336 559 in
1362 526 1603 570 praeiudicium
1629 532 1818 560 vocatorum
1849 538 1889 561 ex
1909 533 2004 562 testa-

538 588 646 616 mento
659 583 708 615 vel
722 582 784 614 alia
795 582 900 615 valida
924 581 1147 625 dispositione,
1163 582 1373 625 abrogantur,
1397 582 1422 615 si
1435 582 1582 615 nondum
1604 581 1668 615 sint
1686 583 1818 616 sortitae
1839 582 2004 624 effectum,

536 635 578 669 93
593 635 610 668 b
631 640 662 668 et
680 645 742 679 seq.
759 635 918 668 Extinctio
932 634 1040 667 litium
1058 634 1270 678 pendentium
1290 634 1375 668 circa
1395 635 1498 668 dictas
1517 634 1776 678 legitimationes,
1798 635 1842 670 94
1860 647 1892 669 α.
1915 635 2005 669 Inhi-

537 688 616 721 bitio
637 693 751 721 contra
771 689 906 721 comites
920 687 1081 732 palatinos
1091 693 1121 721 et
1134 687 1214 721 alios
1229 688 1415 721 facultatem
1431 688 1633 731 legitimandi
1648 689 1816 730 habentes,
1838 700 1879 722 ne
1894 695 2008 724 contra

537 742 675 774 sormam
706 740 805 774 huius
838 740 1052 774 ordinationis
1087 740 1262 784 legitiment
1279 768 1287 781 ‚
1324 741 1403 774 ibid.
1441 741 1604 775 Statutum
1642 742 1704 776 hoc
1747 742 1825 786 ligat
1865 753 1980 777 omnes
1995 769 2004 784 ,

538 795 646 839 quoad
665 794 916 837 legitimationes
936 795 1034 828 factas
1055 794 1246 828 auctoritate
1265 795 1463 839 apostolica;
1489 796 1597 839 quoad
1622 807 1699 830 vero
1719 796 1819 830 factas
1842 795 2005 840 imperiali

537 849 759 889 concessione,
782 849 861 891 ligat
881 854 1007 882 tantum
1023 848 1055 881 in
1076 848 1170 881 terris
1185 848 1349 882 Romanae
1370 849 1545 890 Ecclesiae,
1559 849 1610 896 :95
1625 861 1657 883 a.

447 901 657 946 Leprosariae
678 901 840 935 favoribus
859 902 898 935 ab
913 901 1126 935 Pontificibus
1145 902 1184 934 M.
1208 901 1430 935 cumulantur.
1460 902 1496 935 V.
1518 902 1846 947 Hierosolymitanum
1868 913 2006 938 nosoco-

541 964 655 987 mium.

446 1007 596 1048 Libellos,
617 1007 664 1041 uti
680 1007 803 1049 dicunt,
818 1007 958 1041 famosos
973 1013 1004 1041 et
1020 1007 1144 1041 litteras
1158 1008 1296 1041 d'avvz'sz'
1309 1007 1499 1049 scribentes,
1515 1009 1685 1051 dictantes
1699 1009 1886 1051 retinentes,
1898 1014 2004 1044 trans-

536 1061 709 1102 mittentes,
727 1067 800 1103 etc„
818 1061 938 1106 quibus
958 1062 1072 1106 poenis
1087 1061 1283 1101 afficiantur,
1306 1061 1370 1096 969
1387 1062 1404 1095 b
1422 1067 1453 1096 et
1471 1073 1535 1108 seq.

447 1114 620 1149 Librorum
641 1115 882 1160 prohibitorum
907 1116 1012 1150 index.
1043 1116 1076 1149 V.
1100 1116 1347 1150 Haereticorum
1363 1115 1449 1149 libri.

448 1167 586 1202 Litterae
606 1169 802 1213 apostolicae
818 1168 1041 1213 provisionum
1055 1179 1153 1213 super
1167 1169 1278 1212 gratiis
1288 1169 1544 1212 resignationum
1559 1169 1809 1211 beneficiorum,
1824 1181 1889 1215 qua
1901 1170 2007 1207 forma

537 1222 756 1266 expediendae
776 1222 857 1262 sint,
879 1221 943 1256 55⁶2
964 1222 981 1255 b
1006 1228 1038 1255 et
1062 1233 1124 1266 seq.
1149 1222 1228 1255 Cum
1247 1223 1354 1266 agitur
1373 1222 1412 1256 de
1433 1222 1754 1257 excommunicandis
1773 1223 1825 1258 his
1844 1224 1901 1268 qui
1919 1225 2007 1259 bona

537 1275 704 1319 deperdita
723 1276 771 1309 vel
791 1276 956 1309 subtracta
977 1275 1147 1309 restituere
1168 1282 1223 1309 aut
1249 1276 1391 1309 revelare
1412 1281 1582 1317 recusant,
1604 1276 1729 1311 litterae
1752 1277 1872 1311 dentur
1891 1278 1932 1311 ad
1955 1278 2006 1312 in-

536 1329 685 1362 stantiam
718 1339 860 1372 quorum
891 1328 1027 1362 civiliter
1056 1328 1211 1369 interest,
1247 1328 1374 1362 adiecta
1406 1329 1569 1363 bonorum
1599 1329 1844 1373 designatione,
1876 1330 1941 1365 836
1967 1332 2007 1372 b,-

536 1382 697 1426 episcopis
725 1388 780 1415 aut
806 1393 921 1416 eorum
953 1381 1081 1416 vicariis
1116 1381 1360 1415 committantur
1384 1383 1444 1416 sub
1472 1382 1577 1416 forma
1601 1393 1619 1416 a
1648 1383 1788 1417 concilio
1815 1383 2007 1419 Tridentino

537 1435 749 1479 praescripta,
773 1434 836 1469 837
857 1447 888 1468 a.
918 1435 952 1468 V.
976 1435 1176 1469 Summator.

449 1489 533 1523 Loca
549 1489 603 1533 pia
622 1489 769 1522 instituta
799 1489 864 1522 sive
885 1488 1104 1532 dependentia
1129 1499 1147 1520 a
1168 1488 1357 1522 nosocomio
1377 1488 1407 1522 S.
1431 1488 1582 1533 Spiritus
1596 1488 1628 1522 in
1648 1488 1742 1522 Saxia
1761 1489 1801 1523 de
1816 1489 1902 1524 Urbe
1925 1501 2002 1526 nec·

539 1553 605 1576 non
636 1542 699 1576 alia
727 1543 888 1586 quaedam
914 1542 1115 1576 contendunt
1133 1552 1167 1575 sc
1188 1548 1337 1587 exempta
1356 1553 1424 1576 esse
1440 1543 1480 1576 ab
1506 1542 1749 1576 ordinariorum
1764 1543 2003 1587 iurisdictione,

540 1595 600 1629 0211
639 1607 670 1628 a.
693 1596 776 1629 Lites
797 1596 873 1629 hinc
893 1602 1019 1629 exortas
1041 1597 1080 1629 ad
1102 1607 1134 1630 se
1160 1596 1293 1629 advocat
1313 1596 1388 1630 Pius
1403 1596 1452 1637 IV,
1475 1596 1539 1629 212
1555 1607 1575 1630 a
1586 1607 1598 1637 ,·
1619 1601 1747 1630 revocat
1761 1597 2006 1641 praedictorum

539 1649 708 1682 facultates
732 1648 878 1692 erigendi
892 1649 1044 1682 ecclesias
1066 1655 1093 1683 ot
1108 1649 1276 1683 societates
1296 1649 1360 1682 sive
1381 1650 1452 1682 illas
1472 1649 1504 1682 in
1521 1659 1636 1683 eorum
1649 1649 1797 1683 membra
1815 1650 2008 1694 recipiendi,

541 1702 760 1745 ecclesiasque
781 1709 811 1735 et
836 1702 1005 1736 societates
1025 1702 1214 1736 huiusmodi
1236 1702 1365 1736 subiicit
1386 1702 1603 1736 iurisdictioni
1635 1702 1878 1736 ordinariorum
1898 1708 1930 1737 et
1955 1714 2007 1738 re-

540 1762 667 1790 ctorum
688 1757 938 1801 parochialium,
959 1757 1038 1790 ibid.
1062 1756 1381 1790 Contravenientium
1398 1767 1533 1801 poenae,
1547 1756 1613 1790 2113
1634 1768 1666 1790 ιι.
1688 1757 1777 1790 Idem
1788 1757 1935 1791 Pontifex
1949 1768 2006 1802 ge-

540 1810 695 1844 neraliter
715 1816 839 1843 revocat
862 1810 972 1843 omnia
991 1811 1139 1844 locorum
1157 1811 1286 1854 piorum
1308 1810 1474 1854 privilegia
1495 1810 1703 1854 dispensandi
1733 1820 1832 1855 super
1851 1811 2008 1854 irregula-

541 1863 701 1904 sitatibus,
730 1863 970 1907 impedimentis
1000 1864 1306 1904 matrimonialibus,
1338 1868 1411 1904 etc„
1447 1864 1642 1908 quibusdam
1667 1864 1810 1909 exceptis
1833 1864 2010 1909 privilegiis

540 1921 647 1965 quoad
673 1921 828 1954 fabricam
850 1921 880 1954 S.
900 1921 998 1961 Petri,
1025 1920 1089 1955 ⁰229
1103 1932 1134 1954 α.
1164 1922 1196 1953 l'.
1225 1921 1428 1954 Monasteria.

452 1973 652 2008 Locationes.
681 1973 716 2007 V.
738 1974 826 2007 Bona
850 1974 1082 2014 ecclesiastica,
1104 1973 1237 2007 Camera
1258 1974 1454 2018 Apostolica.

1201 2160 1249 2200 M

454 2288 603 2332 Magister
621 2290 703 2323 sacri
739 2290 851 2323 Palatii
877 2296 1007 2324 creatur
1041 2291 1218 2324 canonicus
1252 2290 1444 2334 theolog-alis
1465 2289 1618 2323 basilicae
1637 2289 1670 2323 S.
1692 2288 1779 2323 Petri
1793 2289 1833 2323 de
1852 2288 1951 2331 Urbe,
1972 2294 2010 2323 ut

543 2343 574 2376 S.
598 2343 740 2377 Thomae
750 2343 931 2377 doctrinam
952 2344 1077 2385 doceat,
1093 2344 1157 2378 842
1175 2355 1206 2377 α.
1225 2345 1353 2378 Primus
1373 2344 1551 2377 canonicus
1566 2342 1758 2385 theologalis
1769 2342 1908 2375 Thomas
1919 2342 2008 2379 Man-

544 2395 645 2440 rique,
666 2397 744 2429 ibid.
768 2398 796 2429 l».
811 2397 999 2431 Interdictio
1010 2397 1290 2442 archipresbytero
1312 2403 1343 2431 et
1363 2397 1527 2431 canonicis
1551 2407 1627 2430 eum
1645 2395 1857 2440 impediendi,
1879 2395 1959 2429 ibid.

455 2447 559 2481 Maioli
579 2449 642 2492 (S.)
662 2450 862 2493 regularium
884 2451 1105 2494 congregatio.
1135 2451 1167 2483 V.
1191 2451 1378 2485 Somascha.

456 2501 680 2536 Maioricenses
700 2504 825 2545 fratres,
847 2503 975 2538 Ordinis
1004 2504 1282 2545 Praedicatormn,
1322 2504 1505 2549 pactionem
1527 2503 1651 2537 faciunt
1671 2513 1745 2536 cum
1769 2500 2006 2546 parochialium

545 2555 757 2588 ecclesiarum
778 2557 960 2590 rectoribus
998 2562 1029 2591 et
1047 2557 1176 2591 duobus
1197 2558 1358 2602 episcopis
1390 2558 1517 2591 insulae
1538 2557 1577 2590 dc
1611 2557 1709 2591 modo
1741 2554 1918 2601 sepeliendi
1939 2553 2009 2588 sine

544 2608 679 2653 parochi
695 2608 890 2651 interventu,
911 2610 977 2644 544
996 2610 1013 2644 b
1033 2615 1064 2644 et
1082 2620 1144 2654 seq.
