2237 3100
248 253 298 280 An.
314 253 343 281 C.
363 252 429 281 156&

249 1899 308 1920 rides
325 1903 431 1920 tran-um-

247 1934 335 1957 plorum.

490 244 553 279 276

444 306 601 351 quispiam
634 306 849 351 praesentium
877 307 984 351 vigore
1016 308 1101 341 ultra
1130 313 1193 340 tres

445 360 564 394 diaetas
584 361 623 394 ad
644 361 799 394 iudicium
821 362 1054 401 nontraliatur,
1078 372 1113 394 ac
1126 361 1194 394 aliis

443 414 607 458 quibusvis
628 415 909 448 constitutionibus
930 421 960 448 et
982 414 1193 447 ordinationi-

443 468 504 501 bus
531 469 731 513 apostolicis⁷
767 480 894 502 necnon
924 469 1193 502 monasteriorum

444 527 474 554 et
502 522 656 556 Ordinum
688 534 724 556 ac
755 522 1041 566 congregationum
1067 524 1193 567 praesa-

443 580 562 617 torum,
594 577 689 609 etiam
718 577 916 617 iuramento,
950 577 1193 610 confirmatione

444 629 618 672 apostolica
638 630 685 662 vel
705 631 815 674 quavis
836 630 987 663 firmitate
1016 630 1077 663 alia
1097 631 1193 664 robo-

445 682 529 722 ratis,
551 683 675 716 statutis
694 684 742 717 vel
770 684 1077 725 consuetudinibus,
1096 685 1193 729 privi-

444 736 533 778 legiis
553 748 700 781 quoque,
734 737 865 771 indultis
885 738 1035 782 etjliteris
1065 744 1193 782 aposto—

444 790 513 823 licis
534 790 595 824 illis
620 802 800 836 eorumque
818 792 1042 836 superioribus
1062 804 1098 825 ac
1119 803 1193 836 per-

444 844 549 885 sonis,
582 846 641 878 sub
675 846 935 890 quibuscumque
970 847 1136 880 tenoribus
1165 852 1195 879 ct

443 897 566 939 formis,
596 911 632 933 ac
655 911 728 933 cum
754 901 928 944 quibusviS,
949 901 1044 934 etiam
1059 902 1194 944 deroga-

443 952 599 986 toriarum
621 954 844 996 derogatoriis,
879 956 1013 999 aliisque
1034 955 1194 988 efficacio-

444 1001 534 1034 ribus
554 1009 583 1035 et
617 1003 752 1036 insolitis
781 1005 946 1045 clausulis,
977 1005 1194 1038 irritantibus-

443 1062 505 1094 que
535 1058 565 1084 ct
598 1053 668 1085 aliis
693 1054 846 1095 decretis,
884 1054 916 1086 in
945 1065 1062 1097 genere
1091 1055 1138 1088 vel
1164 1055 1195 1087 in

443 1101 565 1144 specie,
589 1102 684 1135 etiam
706 1109 794 1136 motu
820 1110 850 1136 et
869 1104 1001 1137 scientia
1027 1104 1195 1145 similibus,

443 1151 685 1193 quomodolibet
706 1153 866 1185 concessis
891 1163 927 1185 ac
953 1152 1048 1185 ctiam
1076 1153 1196 1186 iteratis

445 1199 566 1233 vicibus
600 1202 785 1245 approbatis
818 1208 849 1235 et
882 1203 1053 1242 innovatis,
1079 1204 1197 1246 quibus

446 1249 608 1291 omnibus,
632 1250 762 1283 illorum
783 1256 911 1285 tenores
924 1263 981 1295 pro
998 1251 1197 1285 sufficienter

446 1299 602 1342 expressis
626 1306 656 1333 et
676 1300 803 1333 insertis
831 1301 1002 1341 habentes,
1034 1301 1096 1333 illis
1121 1301 1198 1334 alias

447 1347 479 1379 in
511 1358 569 1381 suo
604 1349 721 1382 robore
756 1350 995 1393 permansuris,
1037 1350 1097 1383 hac
1130 1350 1197 1384 vice

447 1395 620 1437 dumtaxat,
645 1398 828 1442 specialiter
847 1405 877 1433 et
897 1409 1045 1443 expresse
1062 1399 1197 1443 deroga-

447 1457 536 1485 mus,
572 1448 741 1481 contrariis
772 1449 1052 1493 quibuscumque3
1083 1456 1136 1483 aut
1173 1450 1197 1483 si

446 1496 621 1539 aliquibus,
662 1497 880 1531 communiter
910 1499 958 1531 vel
979 1499 1120 1539 divisim,
1159 1499 1198 1532 ab

448 1545 630 1589 Apostolica
643 1547 679 1579 sit
701 1546 781 1579 Sede
806 1547 967 1580 indultum
989 1548 1074 1591 quod
1098 1548 1197 1581 inter-

448 1594 520 1633 dici,
561 1596 711 1640 suspendi
746 1597 793 1629 vel
823 1597 1098 1630 excommunicari
1133 1608 1198 1630 non

448 1644 567 1686 possint
606 1656 664 1689 per
695 1646 804 1678 literas
835 1646 1029 1690 apostolicas
1057 1657 1122 1680 non
1152 1648 1198 1680 sa-

448 1692 568 1725 cientes
588 1695 716 1737 plenam
733 1701 763 1727 et
785 1706 966 1738 expressam
988 1707 1024 1729 ac
1044 1696 1082 1729 de
1102 1697 1199 1729 verbo

448 1742 485 1773 ad
511 1743 644 1776 verbum
670 1743 709 1777 de
734 1743 858 1777 indulto
890 1744 1077 1778 huiusmodi
1108 1757 1198 1779 men-

448 1791 580 1825 tionem.

492 1841 578 1884 540.
609 1842 765 1876 Volumus
790 1849 897 1876 autem
930 1845 1017 1886 quod
1046 1856 1198 1888 praesen-

447 1889 526 1922 tium
553 1891 775 1935 transumptis,
799 1903 897 1925 manu
915 1893 1053 1927 alicuius
1082 1895 1197 1928 notarii

449 1939 569 1982 publici
590 1940 791 1984 subscriptis,
815 1947 842 1974 et
864 1942 968 1984 sigillo
990 1954 1146 1986 personae
1167 1945 1199 1977 in

448 1988 600 2032 dignitate
621 1989 835 2023 ecclesiastica
852 1992 1043 2025 constitutae
1057 1993 1198 2034 munitis,

449 2036 480 2070 in
502 2038 621 2071 iudicio
633 2044 661 2071 et
679 2044 765 2072 extra
786 2039 920 2073 ubilibet
940 2041 1086 2074 locorum
1104 2043 1198 2086 plena

449 2092 478 2119 et
494 2086 637 2127 indubia,
661 2088 837 2132 eademque
854 2100 987 2133 prorsus
1010 2090 1088 2123 fides
1108 2091 1198 2124 adhi-

448 2135 572 2177 beatur,
592 2137 604 2164 1
620 2136 643 2169 si
666 2138 767 2170 forent
785 2138 942 2172 exhibitae
968 2139 1015 2172 vel
1040 2146 1195 2173 ostensae.

491 2185 604 2218 Datum
626 2185 745 2220 Romae
780 2188 864 2232 apud
891 2188 921 2221 S.
958 2188 1113 2229 Petrum,
1141 2190 1199 2223 sub

448 2235 568 2267 annulo
588 2234 770 2277 Piscatoris,
806 2236 855 2269 die
890 2237 1125 2271 decimaoctava
1155 2240 1199 2272 se-

448 2283 583 2325 bruarii,
616 2285 787 2319 millesimo
817 2286 1075 2330 quingentesimo
1111 2299 1199 2321 sexa-

449 2333 571 2374 gesimo
592 2340 718 2377 quarto,
738 2336 944 2378 pontificatus
959 2336 1058 2369 nostri
1075 2347 1158 2370 anno
1167 2347 1196 2370 v.

477 2381 537 2411 Dat.
551 2384 596 2412 die
617 2384 650 2413 18
667 2384 807 2414 sebiuaiii
829 2386 1032 2424 15t3t,p011ut'.
1053 2396 1128 2416 :inno
1145 2396 1171 2416 v.

493 2444 645 2487 Sequitur
661 2450 750 2478 tenor
764 2449 941 2481 sententiae
958 2449 1153 2491 praedictae.

495 2511 611 2544 Christi
632 2514 762 2546 nomine
784 2514 940 2556 invocato,
968 2525 1026 2559 pro
1046 2516 1199 2549 tribunali

450 2559 596 2593 sedentes
620 2566 647 2593 et
669 2563 772 2594 solum
793 2564 893 2596 Deum
920 2576 995 2608 prae
1016 2565 1119 2598 oculis
1143 2566 1199 2598 ha-

488 2615 497 2639 1
521 2614 635 2641 Cherub.
658 2615 746 2642 addit:
769 2626 834 2649 qum
854 2621 914 2650 ipsis
930 2622 1113 2651 praesentibus
1124 2622 1200 2645 adhi-

451 2650 569 2682 beretur,
589 2653 610 2676 si
629 2650 719 2684 forent
738 2656 787 2678 etc.
811 2654 847 2688 (a.
869 2653 917 2689 r).

1041 253 1219 280 BULLARIUM
1242 254 1392 280 ROMANUM

1233 307 1348 341 bentes
1370 305 1526 351 perhanc
1549 309 1691 338 nostram
1703 303 1898 338 definitivam
1915 313 1985 337 sen-

2005 247 2054 275 An.
2070 247 2100 275 c.
2117 248 2184 288 ωας

2030 307 2057 329 En
2061 309 2137 330 ari-atio
2148 309 2185 330 dit-

1957 358 1962 363 ,
2003 339 2114 361 terentiae.

1235 361 1380 400 tentiam,
1404 369 1502 403 quam
1522 359 1655 392 serimus
1669 358 1703 391 in
1721 358 1771 391 his
1793 358 1933 402 scriptis,
1955 367 1988 390 m

1236 425 1333 448 causa
1345 419 1375 447 et
1387 413 1503 453 causis,
1522 423 1605 456 quae
1622 423 1730 446 coram
1746 412 1850 453 nobis,
1868 418 1897 445 et
1909 422 1989 456 quas

1236 468 1359 502 dilectis
1379 467 1455 501 filiis
1475 467 1592 500 nostris
1624 467 1734 500 Ioanni
1755 466 1901 500 Michaeli
1931 466 1988 500 Sa-

1236 533 1364 563 raceno,
1387 522 1471 555 tituli
1493 521 1524 555 S.
1552 521 1744 561 Anastasiae,
1764 520 1875 553 Ioanni
1909 521 1990 565 Bap-

1235 577 1326 609 tistae
1347 576 1493 616 Cicadae‚
1506 576 1590 608 tituli
1607 575 1638 609 S.
1657 574 1841 616 Clementis,
1860 585 1896 608 ac
1912 575 1988 607 Ber-

1236 629 1371 663 nardino
1393 629 1500 670 Scoto,
1521 628 1607 661 tituli
1628 628 1658 662 S.
1682 628 1832 669 Mattliaei,
1854 628 1884 661 S.
1900 628 1937 661 R.
1951 628 1986 661 E.

1237 683 1467 723 cardinalibus,
1478 683 1584 727 primo
1597 682 1782 723 audiendas,
1795 692 1990 725 cognoscen-

1236 737 1291 770 das
1307 742 1336 770 et
1353 747 1410 781 per
1430 747 1484 770 eos
1504 736 1696 769 decidendas
1716 741 1746 769 et
1760 735 1989 776 terminandas,

1237 798 1266 825 et
1286 782 1401 825 deind'e
1421 802 1480 836 per
1500 791 1658 834 praefatos
1677 791 1856 824 cardinales
1882 801 1941 833 per
1959 800 1992 822 a·

1237 845 1393 889 postolica
1413 850 1522 878 nostra
1542 844 1699 888 rescripta
1725 843 1817 877 nobis
1846 844 1990 877 referen-

1237 898 1292 931 das
1312 897 1564 938 commissimus,
1587 897 1670 930 inter
1689 896 1822 931 dilectos
1842 897 1926 930 filios
1937 896 1992 929 ab-

1237 953 1334 993 bates,
1361 953 1520 996 praelatos
1553 958 1584 985 et
1619 951 1793 985 canonicos
1825 952 1992 996 regulares

1238 1005 1364 1039 Ordinis
1386 1006 1416 1039 S.
1440 1005 1623 1049 Augustini,
1655 1005 1913 1049 congregationis
1932 1006 1991 1039 La-

1237 1060 1424 1101 teranensis,
1450 1066 1481 1093 et
1505 1060 1686 1093 universam
1711 1060 1992 1104 congregationem

1238 1125 1274 1147 ex
1294 1124 1370 1155 una,
1393 1120 1421 1148 et
1443 1115 1613 1158 praelatos,
1628 1113 1759 1147 abbates
1778 1119 1809 1147 et
1841 1124 1994 1147 monacos

1238 1168 1365 1201 Ordinis
1385 1168 1415 1202 S.
1439 1168 1614 1209 Benedicti,
1644 1168 1903 1212 congregationis
1921 1168 1994 1202 Cas-

1239 1223 1387 1263 sinensis,
1409 1223 1487 1256 alias
1507 1223 1537 1256 S.
1562 1223 1702 1256 Iustinae
1726 1223 1765 1256 de
1789 1222 1898 1256 Padua
1912 1232 1995 1256 nun-

1240 1281 1384 1319 cupatos,
1417 1281 1447 1309 et
1475 1276 1592 1309 dictam
1627 1287 1741 1309 eorum
1771 1277 1993 1320 congregatio-

1240 1340 1326 1371 nem,
1349 1330 1387 1363 de
1409 1335 1439 1363 et.
1459 1330 1796 1374 superpraecedentia
1816 1335 1847 1363 et
1866 1330 1936 1364 iure
1948 1330 1994 1363 in-

1240 1389 1288 1416 ter
1308 1394 1362 1416 eos
1382 1384 1610 1427 praecedendi,
1645 1390 1709 1417 tam
1731 1383 1762 1416 in
1784 1384 1996 1428 processioni-

1240 1437 1300 1469 bus
1333 1448 1430 1481 quam
1451 1437 1484 1470 in
1504 1437 1711 1481 generalibus
1740 1443 1770 1471 et
1792 1437 1997 1482 synodalibus

1241 1502 1297 1523 seu
1322 1491 1575 1535 provincialibus
1595 1491 1753 1532 conciliis,
1781 1491 1996 1536 omnibusque

1241 1544 1365 1577 actibus
1385 1545 1525 1589 publicis
1545 1551 1576 1578 et
1595 1545 1736 1590 privatis,
1769 1545 1931 1589 rebusque
1966 1556 1997 1579 a·

1241 1597 1292 1631 liis
1312 1598 1344 1631 in
1379 1599 1458 1632 actis
1478 1610 1594 1632 causae
1628 1604 1659 1632 et
1679 1609 1850 1632 causarum
1880 1598 1996 1632 huius-

1242 1652 1328 1684 modi
1348 1652 1444 1685 latius
1463 1652 1608 1685 deductis
1630 1658 1660 1685 et
1676 1653 1806 1686 illorum
1828 1652 1997 1686 occasione

1242 1706 1274 1738 in
1299 1706 1403 1749 prima
1424 1717 1480 1740 seu
1502 1707 1562 1739 alia
1587 1718 1696 1740 versae
1712 1707 1833 1740 suerint
1848 1711 1878 1740 et
1892 1712 1996 1740 verte-

1241 1760 1358 1792 bantur
1378 1761 1550 1801 instantiis,
1573 1760 1717 1804 partibus
1727 1771 1763 1793 ex
1775 1760 1887 1800 altera,
1899 1770 1998 1793 causa

1242 1813 1427 1846 huiusmodi
1449 1824 1557 1847 coram
1579 1814 1672 1847 dictis
1706 1814 1924 1847 cardinalibus
1957 1814 1994 1847 ad

1242 1867 1374 1909 plenum
1395 1867 1557 1908 ventilata,
1579 1878 1615 1901 ac
1637 1868 1765 1911 saepius
1784 1867 1902 1901 auditis
1921 1878 1996 1912 par-

1242 1920 1338 1960 tibus,
1352 1920 1499 1954 etdubiis
1520 1922 1552 1954 in
1573 1932 1609 1954 ea
1625 1922 1719 1965 plene
1729 1921 1881 1954 discussis
1900 1927 1931 1955 et
1944 1932 1996 1955 re-

1242 1974 1366 2015 solutis,
1389 1986 1424 2007 ac
1444 1975 1517 2008 visis
1542 1976 1579 2008 de
1608 1976 1679 2009 iure
1713 1975 1869 2016 videndis,
1892 1980 1922 2009 et
1941 1976 1996 2009 de-

1242 2038 1330 2060 mum
1353 2039 1410 2071 per
1430 2029 1531 2062 dictos
1551 2030 1732 2063 cardinales
1751 2029 1843 2063 nobis
1871 2035 1997 2063 matura

1242 2081 1381 2125 desuper
1414 2083 1495 2116 sacta
1524 2083 1680 2117 relatione
1697 2111 1704 2125 ,
1727 2083 1997 2127 pronunciamus,

1242 2136 1483 2177 sententiamus,
1501 2137 1707 2171 decernimus
1733 2142 1763 2171 et
1796 2136 1998 2171 declaramus

1242 2189 1383 2230 abbates,
1407 2192 1567 2234 praelatos
1588 2197 1617 2225 et
1638 2192 1811 2225 canonicos
1834 2191 1998 2235 regulares

1243 2235 1501 2287 congregationis
1528 2245 1760 2286 Lateranensis,
1782 2245 1828 2278 uti
1849 2245 1994 2284 clericos,

1242 2296 1372 2330 dimissa
1393 2298 1553 2342 superiori
1574 2304 1670 2339 veste,
1687 2299 1786 2343 pallio
1804 2309 1860 2332 seu
1881 2309 1995 2342 cappa,

1243 2351 1275 2383 in
1304 2351 1388 2385 linea
1413 2358 1496 2386 veste
1530 2353 1736 2397 clericalique
1768 2352 1879 2386 habitu
1913 2352 1997 2385 ince-

1242 2403 1353 2437 dentes
1372 2405 1473 2448 (quod
1494 2406 1590 2440 etiam
1611 2407 1642 2439 in
1668 2407 1751 2439 alma
1779 2411 1889 2439 nostra
1916 2405 1996 2439 urbe

1242 2451 1362 2487 Romae
1387 2461 1579 2489 consuetum
1618 2456 1678 2489 suit
1711 2461 1741 2488 et
1768 2466 1856 2488 nunc
1883 2454 1995 2488 obser-

1242 2503 1358 2545 vatur),
1376 2503 1408 2536 in
1426 2505 1686 2547 processionibus
1706 2510 1736 2537 et
1755 2503 1904 2537 omnibus
1924 2504 1995 2536 aliis

1243 2550 1367 2584 actibus
1387 2552 1526 2595 publicis
1545 2559 1576 2587 et
1595 2554 1736 2598 privatis,
1758 2558 1822 2586 tam
1843 2552 1876 2585 in
1911 2552 1996 2586 dicta

1242 2599 1327 2633 alma
1361 2601 1445 2636 Urbe
1467 2610 1575 2636 nostra
1603 2609 1777 2646 nostroque
1799 2608 1829 2635 et
1864 2613 1994 2636 succes-

1243 2658 1353 2682 sorum
1373 2656 1559 2685 nostrorum
1580 2657 1766 2695 conspectu,
1790 2663 1889 2696 quam
1917 2653 1996 2687 alias

2040 2202 2121 2224 Decisio
2145 2206 2191 2230 quo·

2012 2235 2036 2254 ad
2062 2234 2192 2260 praeceden-

2013 2266 2061 2285 tiam
2077 2266 2132 2286 inter
2142 2269 2193 2292 pro-

2011 2296 2065 2318 fatos
2080 2297 2193 2317 canonico·

2012 2332 2033 2349 et
2048 2327 2173 2355 monachos,
