2237 3100
266 288 314 314 An.
333 289 362 315 C.
382 289 450 316 ¹562

513 280 578 313 ⁶224

507 342 522 386 ξ
542 341 595 375 81.
618 342 770 386 Idemque
790 343 965 386 barigellus
985 349 1015 375 et
1035 343 1132 375 ceteri
1145 353 1217 375 exe·
1236 350 1238 391 ᾗ

1068 292 1164 314 RFLLA
1170 292 1245 314 nimi
1270 291 1421 314 noitANt'M

1260 343 1320 382 eis,
1344 341 1458 375 officiis
1482 345 1512 373 et
1538 340 1668 373 illorum
1689 339 1880 374 officialibus
1901 351 2014 384 supra-

324 407 446 427 norumdem
463 400 591 429 cutores
611 402 722 429 contra
738 396 973 429 committentes
989 396 1126 435 fraudes,
1137 407 1217 439 quas
1259 396 1363 435 dietis,
1386 406 1444 438 per
1463 403 1687 438 quoscumque
1708 393 1869 427 Romanos
1886 393 2016 426 Pontifi-

261 441 355 463 polestas
391 444 447 458 cirea

262 468 347 490 trau-ies
380 472 447 490 artui-

261 505 315 520 cuni.

323 1312 439 1333 Poenarum

257 1345 345 1364 inflictio
420 1345 439 1364 in

255 1377 350 1397 notarios
362 1393 367 1401 ,
386 1382 440 1396 con-

255 1408 326 1433 sules,
342 1413 440 1428 assesso-

255 1444 296 1462 reS.
313 1442 359 1464 cla,
376 1444 441 1465 prae-

254 1471 325 1490 missis
353 1473 440 1490 eontra-

255 1502 375 1522 venientes.

290 1955 299 1973 λ
317 1953 443 1980 pauperihus

259 1987 368 2012 quit-quam
389 1990 443 2009 exigi

258 2016 390 2043 prohibetur.

286 2377 396 2399 ‹ztausutao
413 2379 447 2399 de-

264 2410 392 2435 rog-ituriae.

464 448 660 481 inventiones
680 455 812 487 vocant,
836 460 874 482 eo
899 449 995 481 niodo
1020 455 1055 481 ut
1074 454 1216 483 extraor-
1236 442 1237 487 l

463 501 577 534 dinarii
603 508 633 534 et
656 502 709 534 alii
729 502 843 535 Curiae
868 502 1015 545 Capitolii
1036 509 1064 535 et
1087 514 1215 537 conser-

460 560 605 587 vatorum
627 559 813 587 executores
834 554 967 594 faciunt,
990 555 1028 587 ad
1053 557 1215 591 executio-

461 618 532 639 nem
544 607 719 651 procedere
732 607 865 651 possint,
875 608 1052 642 dummodo
1066 609 1096 642 in
1105 610 1215 644 fraude

459 661 676 704 deprehensos
696 661 734 694 ad
760 661 847 705 ipsos
867 668 1109 697 conservatores
1128 664 1214 698 dese-

459 718 527 746 rant
549 719 576 746 et
594 714 766 754 deducant,
785 715 988 759 habeantque
1005 721 1129 760 partem
1143 729 1215 761 poe-

460 778 572 799 narum
594 767 779 800 huiusmodi
801 768 1023 802 inventionum
1038 797 1045 811 ,
1069 777 1162 814 prout
1185 778 1215 805 et

457 819 532 853 dicti
553 821 809 854 extraordinarii.
829 822 891 855 Nec
908 833 1022 856 eorum
1039 824 1211 867 quispiam,

457 872 511 917 qui
542 873 764 907 executionem
799 885 863 908 non
899 876 1028 917 fecerit,
1048 883 1213 921 praetextu

457 927 543 969 quod
556 927 637 959 sacta
653 927 747 960 suerit
761 929 907 962 executio
919 930 957 962 ab
974 940 1012 963 eo
1028 936 1211 970 executore,

457 991 473 1011 a
507 990 571 1022 quo
596 980 667 1012 fieri
702 991 766 1013 non
793 987 932 1025 poterat.
953 983 1000 1015 vel
1022 983 1053 1015 in
1075 985 1158 1025 loco,
1182 985 1212 1017 in

456 1043 520 1075 quo
550 1038 658 1067 certus
682 1040 835 1067 executor
859 1036 1031 1079 deputatus
1051 1043 1132 1075 erat,
1154 1039 1213 1070 ali-

455 1086 533 1129 quid
554 1097 687 1130 prorsus
707 1099 724 1120 a
745 1088 901 1131 partibus,
921 1095 1031 1122 contra
1047 1102 1127 1133 quas
1143 1103 1213 1125 exe-

454 1140 542 1172 cutio
563 1140 643 1173 sacta
660 1141 766 1182 suerit,
785 1143 845 1175 sub
865 1154 969 1186 poena
985 1144 1071 1184 furti,
1088 1145 1212 1188 exigere

453 1193 582 1226 audeat.

499 1246 513 1287 ‚Q
533 1246 587 1279 82.
620 1247 651 1279 Si
673 1248 745 1292 quis
770 1260 844 1282 vero
870 1261 907 1282 ex
930 1250 1063 1283 notariis
1084 1257 1110 1284 et
1134 1263 1211 1285 eon-

455 1299 579 1333 sulibus
613 1312 649 1333 ac
685 1301 816 1335 illorum
850 1303 1065 1337 asscssoriluis
1091 1305 1212 1348 aliquid

456 1358 567 1386 contra
589 1355 775 1397 praemissa,
801 1366 856 1388 eos
881 1357 1056 1400 respective
1078 1369 1211 1392 concer-

455 1406 581 1447 nentia,
605 1407 636 1440 in
658 1409 776 1452 quibus
796 1410 980 1453 specialiter
999 1422 1103 1455 poena
1124 1412 1212 1445 adie-

455 1465 503 1492 cta
528 1471 591 1493 non
627 1461 681 1499 sit,
704 1462 908 1504 admiserint,
936 1470 1064 1508 praeter
1084 1476 1212 1498 excom-

454 1514 683 1548 municationis
703 1516 906 1557 sententiam,
925 1528 1023 1561 quam
1044 1517 1113 1562 ipso
1130 1519 1213 1553 sacto

454 1579 622 1601 incurrere
654 1570 816 1611 volumus,
840 1571 935 1604 etiam
970 1572 1167 1615 pecuniariis
1183 1579 1213 1606 et,

455 1623 679 1666 corporalibus
712 1625 836 1667 poenis,
862 1626 970 1669 quoad
1004 1627 1146 1660 notarios
1184 1632 1215 1660 et

454 1677 670 1709 mandatarios
698 1679 864 1711 curiarum
886 1681 1103 1723 praefatarum
1130 1681 1214 1725 ipso-

456 1741 528 1763 rum
540 1730 698 1764 iudicum:
713 1737 744 1764 et
754 1733 861 1775 quoad
874 1734 1024 1767 consules
1037 1739 1067 1767 et.
1083 1734 1213 1768 illorum

456 1784 598 1817 notarios
619 1790 648 1817 et
672 1796 861 1827 assessores,
885 1793 1148 1821 conservatorum
1165 1800 1215 1821 ar-

456 1837 552 1871 bitrio
572 1838 765 1872 afficiantur.

502 1892 516 1935 ξ
536 1891 589 1925 83,
617 1892 654 1925 Et
679 1892 892 1926 nihilominus
914 1904 1027 1927 omnes
1047 1900 1076 1927 et
1098 1895 1215 1938 singuli

459 1946 634 1990 supradicti
648 1947 679 1979 in
692 1947 750 1980 hac
763 1952 870 1980 nostra
883 1947 1112 1982 constitutione
1129 1960 1215 1982 com-

460 2000 610 2043 prehensi
631 2001 731 2033 sciant
746 2006 774 2034 et
792 2011 867 2034 sane
884 2001 1059 2045 intelligant
1078 2003 1108 2035 id
1128 2004 1215 2048 quod

459 2053 537 2095 sibi,
561 2054 592 2086 in
613 2054 778 2097 quibusvis
799 2054 944 2095 casibus,
967 2055 1115 2099 accipere
1137 2068 1215 2090 con-

459 2118 585 2140 cessum
606 2108 718 2148 extitit,
736 2109 774 2141 ad
793 2119 953 2152 pauperes
973 2114 1003 2141 et
1023 2109 1217 2153 impotentes

459 2161 549 2194 nullo
584 2162 680 2195 modo
714 2162 861 2203 extendi,
898 2174 916 2195 a
949 2163 1068 2207 quibus
1094 2164 1215 2208 aliquid

459 2225 593 2258 prorsus
613 2215 718 2259 accipi
739 2226 844 2260 posse,
863 2216 921 2249 sub
939 2217 1051 2259 poenis
1067 2218 1218 2261 superius

460 2269 634 2312 respective
655 2269 824 2313 expressis,
842 2269 975 2302 omnino
992 2270 1213 2313 prohibemus.

505 2322 519 2365 ,ξ
539 2321 591 2355 84.
619 2323 689 2356 Non
709 2323 910 2356 obstantibus
923 2323 1218 2364 vconstitutionibus

461 2380 492 2409 et
524 2375 783 2409 ordinationibus
816 2376 1012 2420 apostolicis,
1036 2377 1161 2419 legibus
1181 2389 1218 2411 ac

462 2425 553 2458 Urbis
592 2431 619 2458 et
655 2426 817 2459 Romanae
851 2425 965 2459 Curiae
1001 2427 1217 2470 praelatarum

462 2475 597 2513 statutis,
612 2475 707 2507 etiam
724 2474 906 2507 iuramento
927 2479 955 2507 et
973 2474 1219 2509 confirmatione
1238 2507 1239 2522 ,

462 2523 637 2566 apostoliea
657 2524 704 2555 vel
730 2522 840 2565 quavis
866 2523 1017 2555 firmitate
1041 2524 1101 2556 alia
1123 2525 1218 2557 robo-
1239 2563 1240 2571 ἵ

463 2571 554 2611 ratis,
578 2571 663 2616 stylis
687 2577 717 2604 et
750 2571 1051 2612 consuetudinibus,
1075 2583 1156 2616 quos
1190 2578 1220 2605 et

463 2631 543 2663 quas
573 2631 630 2663 per
659 2625 842 2664 praesentes
862 2621 1100 2665 improbamus,
1122 2621 1218 2664 privi-

464 2669 555 2713 legiis
574 2679 716 2714 quoque,
740 2669 872 2703 indultis
892 2675 921 2702 et
947 2670 1046 2704 literis
1066 2671 1219 2715 apostoli·
1236 2710 1242 2730 λ

1259 459 1311 481 ces
1331 447 1596 492 praedecessores
1621 451 1763 487 nostros,
1784 457 1821 479 ac
1842 446 1939 479 etiam
1959 456 2017 490 per

1259 512 1316 534 nos
1337 506 1449 534 eontra
1474 500 1650 544 praemissa
1678 500 1726 532 vel
1760 499 1891 543 aliquod
1922 509 2016 543 prae-

1258 554 1431 587 missorum
1452 553 1558 585 forsan
1579 553 1735 585 hactenus
1751 551 1923 593 concessis,
1942 563 2016 586 con-

1259 607 1393 640 firmatis
1413 612 1441 640 et
1461 606 1629 647 innovatis,
1652 605 1770 650 quibus
1790 605 1953 646 omnibus,
1975 606 2014 638 il-

1258 661 1364 693 lorum
1387 666 1527 700 tenores,
1542 670 1578 692 ac
1594 659 1619 692 si
1640 659 1678 692 de
1698 659 1795 692 verbo
1822 659 1860 691 ad
1880 659 2016 693 verbum

1258 714 1481 758 praesentibus
1506 713 1616 746 inserti
1642 714 1766 753 forent,
1787 724 1846 758 pro
1871 713 1966 757 plene
1986 718 2016 746 et

1258 767 1456 800 sullieienter
1467 767 1625 811 expressis
1635 767 1801 807 habentes,
1815 767 1922 810 quoad
1935 777 2016 810 prae—

1257 821 1352 853 missa
1382 821 1565 861 dumtaxat,
1587 820 1769 865 specialiter
1803 825 1834 853 et
1867 832 2015 865 expresse

1257 875 1466 917 derogamus,
1490 874 1670 917 ceterisque
1690 873 1860 907 contrariis
1882 873 2016 917 quibus-

1256 939 1408 971 cunique.

1300 981 1384 1014 Nulli
1406 992 1481 1024 ergo
1494 980 1627 1014 omnino
1639 980 1810 1013 hominurn
1826 980 1920 1014 liceat
1930 982 2015 1015 hanc

1256 1035 1405 1079 paginam
1426 1040 1552 1067 nostrae
1575 1034 1760 1075 sanctionis,
1783 1035 1904 1076 statuti,
1927 1035 2013 1068 ordi-

1256 1087 1403 1128 nationis,
1424 1087 1607 1127 voluntatis,
1627 1087 1853 1131 prohibitionis
1874 1093 1904 1121 et
1924 1088 2015 1122 dero-

1255 1141 1390 1183 gationis
1411 1141 1596 1184 infringere,
1619 1141 1667 1174 vel
1685 1141 1713 1174 ei
1740 1152 1821 1175 ausu
1841 1141 2014 1176 temerario

1255 1194 1428 1234 contraire.
1452 1194 1484 1227 Si
1506 1194 1578 1238 quis
1598 1200 1706 1227 autem
1728 1199 1784 1228 etc.

1298 1248 1413 1281 Datum
1434 1248 1554 1281 Romae
1574 1249 1661 1292 apud
1686 1249 1840 1282 Sanctum
1861 1249 2012 1290 Petrum,

1255 1312 1340 1335 anno
1374 1302 1608 1335 Incarnationis
1635 1303 1817 1336 dominicae
1843 1302 2014 1336 millesimo

1254 1355 1513 1398 quingentesimo
1530 1355 1883 1399 sexagesimosecundo,
1900 1367 2017 1390 secun-

1255 1409 1294 1440 do
1322 1409 1473 1442 kalendas
1494 1409 1580 1450 iulii,
1604 1409 1810 1453 pontificatus
1835 1409 1936 1443 nostri
1957 1421 2014 1443 an-

1255 1474 1296 1495 no
1318 1473 1363 1496 111.

1255 1518 1282 1559 ΗῙ·
1302 1517 1367 1560 Ego
1392 1517 1482 1558 Pius,
1506 1517 1685 1551 catholicae
1705 1517 1866 1552 Ecclesiae
1892 1517 2016 1562 episco-

1345 1583 1416 1615 pus.

1299 1625 1484 1668 Sequuntur
1505 1625 1735 1659 Cardinaliztm
1767 1626 2016 1669 subscriptiones

1256 1683 1284 1712 el
1301 1679 1490 1722 publicatio

1314 1736 1375 1766 Dat.
1392 1737 1437 1766 die
1455 1738 1493 1767 30
1506 1737 1580 1766 iunii
1602 1737 1688 1773 1562,
1706 1737 1808 1775 pontis.
1829 1747 1904 1767 anno
1920 1746 1963 1768 111.

1580 1920 1695 1953 LXXII.

1259 1996 1458 2039 Reformalz'o
1496 1997 1792 2039 referendariorum
1827 1998 2018 2041 siqnaturae

1304 2051 1449 2084 e'uslitiac
1475 2051 1619 2084 Romani
1642 2051 1815 2095 Pontificis
1834 2056 1864 2084 et
1884 2051 2016 2085 ordina-

1305 2105 1405 2137 {iones
1425 2116 1443 2137 α
1464 2105 1622 2138 iudicibus
1640 2105 1812 2145 Romanae?
1829 2103 1947 2138 Curiae
1966 2105 2018 2138 ob-

1302 2158 1479 2191 servandae
1499 2158 1525 2189 1.

1346 2238 1409 2267 Pius
1428 2239 1568 2273 episcopus
1589 2246 1686 2267 servus
1710 2246 1851 2268 servorum
1865 2239 1927 2272 Dei.

1396 2292 1429 2320 ad
1461 2293 1623 2328 perpetuam
1648 2293 1689 2321 rei
1710 2293 1878 2322 memoriam.

1304 2365 1383 2399 Cum
1411 2376 1516 2409 nuper
1539 2375 1597 2398 nos
1621 2365 1762 2408 generali
1783 2364 1965 2398 officiorum
1985 2370 2017 2398 et

1260 2418 1470 2452 tribunalium
1483 2419 1646 2452 Romanae
1657 2418 1781 2458 Curiae,
1792 2428 1850 2462 pro
1862 2417 2016 2451 abusibus

1261 2471 1467 2515 extirpandis,
1486 2482 1522 2504 ac
1535 2470 1706 2504 universali
1723 2470 1755 2503 in
1771 2481 1806 2504 ea
1822 2470 2015 2513 litigantium

1261 2525 1510 2566 commoditate,
1537 2524 1757 2558 reformationi
1782 2524 2017 2558 intenderimus

1298 2593 1307 2617 Ι
1337 2591 1586 2618 Referendariorum
1607 2590 1758 2617 huiusmodi
1784 2591 1933 2625 privilegia,
1956 2591 2016 2618 vide

1262 2636 1286 2661 in
1315 2637 1423 2662 constit.
1454 2644 1513 2663 xxx
1540 2636 1611 2663 Pauli
1633 2635 1685 2667 tlt,
1716 2637 1827 2668 Debita,
1865 2639 1926 2663 tom.
1966 2643 2015 2669 vi,

1261 2688 1318 2716 pag.
1341 2680 1402 2708 286.

2032 287 2082 315 An.
2099 287 2129 315 C.
2149 286 2217 314 ¹562

2056 1003 2140 1025 Sanctio
2162 1008 2216 1030 poe-

2028 1035 2090 1056 nah's.

2057 2375 2123 2398 Causa
2156 2376 2218 2398 huius

2030 2408 2197 2429 rosormuuouis.
