2237 3100
850 274 944 299 mom·
964 274 1163 300 nussmcmun

237 328 311 363 XCI.
330 329 466 362 Fructus
484 326 730 366 beneficiorum,
753 326 807 359 lite
824 328 984 371 pendente
1002 334 1007 345 ·

324 381 520 426 deponendi,
539 381 625 424 apud
638 380 787 413 idoneam
814 391 984 423 personam

323 446 341 468 a
365 434 471 468 iudice
492 434 672 477 eligendam
697 433 816 476 deponi
853 434 982 474 debent,

323 499 388 521 non
415 488 614 521 obstantibus
638 487 899 532 quibuscumque
922 493 984 521 sta-

323 541 399 575 tutis
415 541 659 585 disponentibus
676 541 763 584 quod
790 541 931 585 capitula
955 546 986 574 et

324 594 471 628 canonici
496 605 550 628 eos
574 594 744 637 recipiant,
772 593 848 627 663.

236 648 322 682 XCII.
340 649 427 688 Quae
442 648 676 686 beneficiorum
692 648 984 681 ecclesiasticorum

324 701 556 744 resignationes
576 711 633 744 per
657 701 827 745 episcopos
852 706 883 734 et
906 702 985 735 alios

324 756 493 789 collatores
517 755 641 788 admitti
666 755 799 799 possint,
825 755 890 789 664

235 809 335 843 XCIII.
363 808 559 842 Reformatio
575 809 711 841 fratrum
731 808 859 842 Ordinis
872 809 984 842 Cruci-

324 862 480 903 ferorum,
513 862 689 906 praecipue
721 862 807 895 circa
837 863 984 906 proprie-

324 921 431 956 tatem,
457 915 767 949 administrationem
799 927 985 960 munusque

324 969 524 1008 officialium,
551 969 626 1003 666.
849 1002 853 1005 .

231 1023 335 1057 XCIV.
361 1022 530 1056 Revocatio
541 1022 686 1056 omnium
708 1023 948 1067 privilegiorum
968 1035 986 1057 a

324 1076 405 1109 Sede
433 1076 615 1120 Apostolica
644 1076 834 1110 officialibus
859 1083 886 1111 et
916 1079 986 1113 aliis

324 1129 585 1173 quibuscumque
595 1140 836 1171 concessorum,
856 1133 986 1165 creandi

324 1182 489 1223 doctores,
523 1183 706 1217 licentiatos
736 1189 766 1217 et
796 1185 983 1227 magistros3

326 1242 352 1269 et
376 1237 551 1270 declaratio
576 1237 683 1280 quoad
707 1237 866 1272 beneficia
890 1244 921 1272 et
940 1239 986 1272 di-

325 1290 473 1333 gnitates,
500 1290 575 1324 673.

236 1343 321 1377 XCV.
339 1344 516 1377 Translatio
531 1355 628 1378 curae
642 1345 832 1378 monialium
849 1356 866 1378 a
882 1346 987 1379 fratri-

324 1397 385 1430 bus
397 1397 525 1432 Ordinis
541 1398 700 1432 Minorum
717 1399 984 1433 Conventualium

327 1452 365 1484 ad
387 1451 567 1485 ordinarios
591 1453 749 1493 Iocorum,
775 1452 850 1486 674.

239 1504 534 1539 XCVI.Monasteria
543 1506 733 1538 monialium
745 1506 898 1539 fratribus
907 1507 987 1540 Con-

325 1558 527 1592 ventualibus
566 1558 796 1600 subiectarum,
829 1565 986 1603 perpetuo

327 1612 514 1646 eximuntur
533 1613 571 1646 ab
593 1623 706 1646 eorum
731 1613 868 1647 fratrum
889 1625 986 1659 supe-

326 1666 482 1707 rioritate‚
515 1672 546 1700 et
574 1666 792 1700 subiiciuntur
816 1667 986 1701 ordinariis

324 1719 485 1760 locorum,
501 1719 576 1753 676.

237 1772 347 1806 XCVII.
366 1773 561 1806 Reformatio
577 1773 712 1806 fratrum
730 1774 890 1807 Minorum
906 1774 987 1808 Con-

324 1827 521 1860 ventualium
534 1826 660 1860 Ordinis
675 1827 706 1861 S.
722 1827 894 1869 Francisci‚
908 1829 983 1862 676.

238 1879 361 1913 XCVIII.
385 1880 562 1913 Declaratio
579 1881 707 1914 concilii
723 1881 909 1922 Tridentini,
925 1893 987 1916 ses-

325 1933 413 1966 sione
433 1934 585 1977 vigesima
605 1940 731 1977 quarta,
753 1934 855 1978 capite
878 1936 984 1976 tertio,

325 1997 423 2031 super
450 1986 681 2030 impedimento
706 1988 855 2032 publicae
884 1989 985 2022 bone-

324 2040 423 2081 statis,
451 2041 536 2074 circa
561 2042 723 2085 sponsalia
745 2043 794 2075 vel
820 2043 986 2077 matrimo-

325 2095 390 2135 nia,
417 2094 491 2129 678.

237 2148 338 2182 XCIX.
349 2149 544 2182 Reformatio
557 2149 691 2182 fratrum
706 2154 737 2182 et
753 2160 901 2183 sororum
915 2151 987 2184 Ter-

325 2203 360 2236 tii
380 2202 506 2237 Ordinis
529 2203 567 2236 de
586 2203 783 2237 Poenitentia
804 2204 835 2237 S
859 2204 987 2237 Franci-

321 2257 382 2296 -sci,
408 2257 441 2289 in
473 2257 702 2290 communione
732 2262 763 2290 et
795 2257 854 2290 sub
888 2258 985 2292 trium

324 2310 583 2344 substantialium
614 2316 763 2344 votorum
788 2312 986 2355 professione

325 2364 511 2405 viventium,
539 2364 613 2398 679.

237 2411 271 2445 C.
307 2412 350 2446 De
383 2413 556 2446 residentia
586 2418 749 2447 rectorum
775 2414 985 2447 ecclesiarum

324 2462 569 2505 pzrochialium,
590 2462 850 2506 quibuscumque
881 2464 987 2497 indul-

324 2511 375 2551 tis,
387 2511 481 2544 etiam
492 2511 690 2555 apostolicis,
701 2523 766 2545 non
775 2512 985 2555 obstantibus,

238 2609 284 2644 CI.
311 2609 463 2643 Breviarii
486 2610 621 2643 Romani
646 2611 684 2644 ad
706 2611 907 2654 psallendum
928 2613 986 2645 ho-

305 2670 377 2693 ras
401 2660 583 2701 canonicas,
608 2671 646 2695 ex
668 2660 803 2695 >decreto
834 2661 925 2697 Sacri
957 2667 988 2696 et

1644 266 1728 301 1045

1113 327 1325 361 OEeumenici
1354 326 1488 361 Concilii
1519 327 1694 361 Tridentini
1720 341 1770 363 re-

1113 381 1224 421 stituti,
1240 381 1441 425 approbatio,
1460 393 1537 415 cum
1554 382 1772 426 prohibitione

1113 446 1189 468 usus
1209 435 1345 468 aliorum
1368 436 1613 477 Breviariorum,
1631 444 1773 481 praeter-

1113 500 1209 531 quam
1222 489 1409 532 aprimaeva
1430 490 1632 524 institutione
1645 491 1774 525 Ordinis

1113 552 1130 573 a
1147 542 1227 575 Sede
1241 543 1423 585 Apostoliea
1439 545 1485 576 vel
1502 556 1519 577 a
1535 545 1773 580 consuetudine

1113 605 1210 637 supra
1244 606 1347 629 annos
1371 598 1547 632 ducentum
1576 600 1772 644 approbato-

1113 658 1195 687 rum,
1217 648 1291 683 685.

1118 701 1298 736 Iurisdietio
1323 709 1353 736 et
1382 704 1548 739 facultates
1576 706 1773 740 visitatorum

1115 766 1283 789 carcerum
1317 759 1419 791 almae
1454 759 1546 793 Urbis
1560 787 1567 800 ,
1600 760 1632 793 in
1653 761 1774 795 caussis

1114 810 1177 837 tam
1197 805 1343 839 civilibus
1358 819 1454 850 quam
1472 809 1695 843 criminalibus
1706 822 1774 844 car-

1114 859 1310 893 ceratorum,
1337 855 1411 890 688.

1157 906 1309 951 Sequitur
1333 909 1512 944 iurisdictio
1533 911 1565 945 in
1581 913 1701 946 caussis
1712 913 1774 947 cri-

1115 960 1301 1002 minalibus,
1329 962 1403 996 689.

1123 1014 1291 1048 Revocatio
1308 1016 1497 1051 facultatum
1510 1020 1691 1062 camerarii,
1708 1022 1773 1055 cle-

1114 1063 1257 1096 ricorum
1279 1070 1309 1098 et
1328 1065 1465 1099 aliorum
1483 1068 1668 1102 officialium
1688 1082 1774 1105 reve-

1114 1117 1232 1150 rendae
1252 1117 1403 1152 Gamerae
1428 1121 1629 1164 Apostolicae
1655 1135 1773 1159 conce-

1114 1170 1209 1203 dendi
1235 1173 1476 1207 commissiones
1502 1175 1534 1207 in
1555 1176 1657 1210 forma
1680 1178 1719 1211 Si
1737 1180 1774 1212 in

1112 1225 1290 1258 evidentem
1319 1237 1416 1270 super
1444 1228 1691 1264 alienationibus
1715 1231 1774 1265 ho-

1114 1289 1230 1311 norum
1243 1281 1536 1315 ecclesiasticorum
1555 1290 1610 1317 aut
1627 1285 1774 1319 locorum

1116 1331 1246 1375 piorum
1268 1334 1504 1379 cuiuscumque
1524 1337 1653 1378 valoris,
1676 1338 1750 1373 690.

1115 1386 1312 1430 Approbatio
1324 1388 1562 1423 reformationis
1574 1391 1708 1425 fratrum
1722 1392 1776 1426 Mi-

1113 1449 1231 1472 norum
1271 1440 1535 1476 Conventualium
1577 1444 1703 1478 Ordinis
1741 1446 1772 1479 S.

1114 1492 1289 1535 Francisci,
1306 1494 1338 1527 in
1356 1496 1498 1539 capitulo
1525 1497 1669 1531 eiusdem
1686 1498 1775 1532 Ordi-

1114 1546 1163 1579 nis
1182 1558 1240 1590 per
1260 1559 1314 1581 eos
1335 1549 1532 1592 praefinitae,
1557 1550 1633 1584 691.

1026 1598 1083 1632 CV.
1099 1599 1264 1645 Exemptio
1283 1603 1430 1636 omnium
1450 1604 1638 1637 monialium
1659 1616 1676 1638 a
1693 1606 1775 1649 regi-

1115 1654 1201 1687 mine
1222 1660 1252 1688 et
1272 1666 1350 1689 cura
1370 1656 1504 1690 fratrum
1525 1658 1774 1692 IIumiIiatorum

1114 1707 1146 1739 in
1166 1714 1372 1752 perpetuum3
1394 1715 1424 1744 et
1444 1711 1663 1745 subiiciuntur
1687 1712 1773 1746 ordi-

1116 1761 1214 1794 nariis
1238 1762 1398 1804 Iocorum,
1426 1764 1500 1798 695.

1116 1814 1233 1849 Contra
1244 1817 1386 1851 notarios
1398 1824 1427 1851 et
1443 1819 1532 1859 alios,
1548 1820 1774 1864 responsiones

1115 1879 1246 1902 reorum
1260 1871 1541 1916 depositionesque
1554 1874 1682 1906 testium
1695 1884 1776 1917 quo-

1115 1919 1291 1953 modolibet
1318 1922 1540 1965 propalantes,
1572 1922 1620 1955 vel
1652 1923 1696 1956 eis
1721 1928 1777 1956 aut

1114 1968 1248 2002 testibus
1267 1969 1299 2002 in
1324 1971 1454 2004 secretis
1477 1972 1660 2005 carceribus
1685 1972 1776 2005 Urbis

1115 2017 1259 2059 detentis,
1285 2025 1341 2052 aut
1365 2021 1434 2053 aliis
1459 2032 1516 2064 pro
1537 2022 1593 2061 eis»,
1619 2020 1775 2054 nuncium

1115 2068 1306 2109 deferentes,
1334 2068 1409 2103 696.

1027 2116 1112 2150 CVII.
1136 2117 1253 2150 Contra
1277 2129 1342 2151 non
1366 2119 1542 2152 revelantes
1576 2125 1606 2152 et
1635 2129 1700 2152 non
1724 2129 1776 2152 re-

1115 2166 1280 2200 stituentes
1304 2168 1480 2212 scripturas
1503 2168 1543 2200 ad
1569 2168 1775 2201 reverendam

1114 2215 1280 2249 Cameram
1296 2217 1511 2260 Apostolicam
1532 2217 1778 2262 quomodolibet

1115 2270 1306 2308 spectantes,
1329 2266 1403 2299 697.

1027 2313 1124 2348 CVIII.
1147 2315 1324 2349 Declaratio
1341 2316 1427 2359 quod
1448 2316 1561 2349 fratres
1577 2315 1777 2349 Praedicato-

1115 2377 1165 2399 res
1181 2365 1306 2399 Ordinis
1321 2366 1351 2398 S.
1370 2365 1529 2398 Dominici
1548 2365 1668 2410 ubique
1685 2376 1776 2409 prac-

1116 2415 1230 2448 cedant
1250 2414 1364 2448 ceteris
1376 2415 1526 2447 fratribus
1539 2415 1776 2458 cuiuscumque

1088 2484 1092 2490 ·
1114 2464 1240 2498 Ordinis
1264 2464 1488 2506 religiosorum
1509 2463 1772 2505 Mendicantium‚

1115 2513 1190 2546 699.

1026 2562 1100 2597 CIX.
1114 2563 1233 2596 Contra
1245 2572 1468 2604 quoscumque
1485 2561 1632 2601 clericos,
1644 2566 1708 2594 tam
1720 2572 1776 2594 sm-

1115 2612 1240 2643 rulares
1255 2621 1351 2654 quam
1366 2610 1541 2653 regulares,
1563 2610 1693 2644 nefandi
1713 2609 1775 2644 cri-

1116 2660 1211 2693 minis
1232 2670 1314 2700 reos,
1342 2658 1416 2694 702.

1025 698 1085 733 CII.

1025 1013 1100 1047 CIII.

1026 1383 1097 1418 CIV.

1026 1812 1097 1847 CVI.
