2237 3100
62 282 115 309 An.
130 280 162 309 C.
178 281 246 310 ¹560

260 331 431 366 animabus
441 331 642 365 confratrum
658 332 888 365 defunctorum
903 342 942 365 ac
965 341 1016 364 eo-

260 396 334 419 rum
358 395 498 429 quorum
515 395 653 429 corpora
663 385 702 418 ab
713 384 790 430 ipsis
801 386 1016 419 confratribus

259 439 393 472 humata
413 439 519 472 forent
537 438 792 472 anniversarium
802 439 1014 480 celebrarent,

259 498 291 527 et
309 492 447 526 infirmis
467 492 594 536 egem,
621 492 722 536 ipsius
746 493 1016 526 confraternitatis

259 546 299 580 de
322 546 449 580 medico
471 551 501 579 et
521 546 731 591 eleemosynis
752 557 811 590 pro
831 557 925 591 posse
941 557 1014 579 suc-

259 606 441 641 currerent,
454 600 591 644 illosque
607 601 645 633 de
662 601 863 634 confratrum
883 600 1014 633 caritate

255 653 433 694 visitarent,
450 659 548 697 atque
567 654 673 687 officia
693 654 810 695 divina,
828 658 925 698 prout
944 653 1014 686 aliis

257 707 576 742 confraternitatibus
601 719 790 742 concessum
817 712 895 748 erat,
923 718 1012 741 exer-

257 767 379 795 cerent.

300 815 316 858 ἓ
331 814 361 847 2.
381 814 461 848 Cum
471 820 590 855 autem,
602 814 685 848 sicut
695 814 806 848 eadem
817 814 929 858 petitio
937 814 1013 847 sub-

81 879 242 902 minatione.-
255 866 420 912 iungebat,
432 868 515 902 dicta
526 868 784 908 confraternitas,
802 867 924 912 Spiritu
935 868 1012 902 San-

55 912 242 965 Εξᾶἷξωῗξᾷἶ
256 926 307 956 cto
318 922 500 964 adiuvante,
523 933 686 956 concursu
705 921 869 962 fidelium,
896 921 952 965 qui
972 922 1011 955 ad

55 972 241 1027 {zzffgg‘ffffl‘i'
254 974 345 1008 illam
366 976 605 1015 confluxerunt,
627 980 837 1019 augmentum
858 980 888 1007 et
908 975 941 1008 in
962 976 1010 1008 di-

255 1027 314 1062 ctis
324 1028 386 1072 piis
402 1029 556 1073 operibus
572 1029 809 1062 incrementum
825 1038 890 1061 non
908 1028 1012 1062 modi-

255 1091 330 1114 cum
350 1081 547 1126 susceperit,
569 1092 606 1114 ac
629 1081 661 1114 in
681 1080 748 1113 dies
768 1086 936 1124 augeatur,
959 1081 1009 1114 di-

255 1134 363 1178 ctique
384 1135 574 1176 confratres,
596 1133 650 1178 qui
671 1133 773 1177 ipsam
794 1134 1008 1168 confraterni-

252 1193 350 1221 tatem
382 1189 486 1232 primo
511 1188 544 1221 in
568 1188 599 1222 S.
627 1187 791 1220 Laurentii
816 1187 850 1220 in
873 1188 1008 1222 Damaso

253 1240 499 1281 constituerunt,
514 1245 544 1274 et
555 1241 594 1273 ad
606 1251 759 1285 praesens
774 1240 806 1274 in
826 1240 858 1274 S.
880 1241 1009 1275 Ioannis

253 1294 470 1338 Evangelistae
485 1293 517 1327 in
533 1294 616 1339 Ayra
631 1294 734 1328 dictae
751 1294 844 1328 Urbis
864 1295 1008 1329 ecclesiis

251 1353 478 1392 congregatam
496 1349 648 1390 retinent,
669 1348 764 1382 etiam
782 1359 841 1393 pro
861 1349 948 1383 illius
959 1349 1006 1382 di-

248 1401 392 1435 rectione
404 1406 434 1435 et
453 1407 627 1446 augmento
648 1403 805 1435 nonnulla
826 1402 966 1447 capitula
977 1408 1007 1436 et

249 1458 365 1488 statuta
385 1453 520 1488 fecerint
540 1460 571 1488 et
591 1455 769 1497 ediderint,
788 1461 819 1489 et
838 1456 1006 1490 venerabi-

247 1508 311 1542 lem
331 1509 464 1542 fratrem
484 1513 632 1542 nostrum
657 1509 861 1551 Federicum,
879 1510 1005 1555 episco-

246 1573 326 1607 pum
335 1563 592 1604 Praenestinum,
609 1564 641 1597 S.
654 1563 690 1596 R.
703 1564 738 1597 E.
754 1564 951 1598 cardinalem
967 1566 1005 1599 de

245 1616 352 1650 Caesis
368 1623 606 1661 nuncupatum,
621 1617 653 1650 in
671 1617 775 1652 dictae
791 1619 1004 1653 confraterni-

244 1671 317 1704 tatis
331 1676 551 1716 protectorem
572 1671 739 1714 elegerint,
763 1678 861 1716 prout
886 1673 918 1706 in
938 1685 1004 1706 uno

243 1725 292 1758 vel
312 1725 463 1769 pluribus
480 1725 694 1767 documentis,
716 1732 746 1759 et
766 1728 874 1760 forsan
895 1728 1003 1771 publi-

244 1777 299 1820 cis,
319 1779 460 1823 desuper
477 1780 632 1813 confectis
647 1781 775 1824 plenius
790 1782 909 1815 dicitur
929 1793 1004 1815 con-

242 1832 351 1873 tineri;
368 1833 539 1876 guardiani
561 1839 591 1867 et
610 1834 888 1868 administratores
908 1846 1002 1879 prae-

242 1886 320 1920 dicti
343 1887 437 1921 nobis
462 1887 629 1922 humiliter
655 1889 831 1932 supplicari
857 1890 1003 1923 fecerunt

243 1946 278 1974 ut
307 1940 501 1975 institutioni
539 1943 826 1984 confraternitatis,
869 1944 1002 1988 eiusque

243 1995 369 2029 statutis
378 2001 409 2029 et
424 1996 573 2040 capitulis
585 1997 785 2037 huiusmodi,
797 2009 854 2041 pro
865 1998 1001 2032 firmiori

242 2049 374 2082 illorum
385 2049 603 2091 subsistentia,
613 2052 808 2095 apostolicae
826 2052 1000 2086 confirma-

242 2102 338 2137 tionis
354 2103 455 2136 rohur
470 2103 622 2145 adiicere,
634 2116 671 2138 ac
685 2105 763 2138 alias
775 2105 806 2138 in
817 2106 1001 2149 praemissis

242 2162 428 2201 opportune
451 2157 621 2201 providere
645 2158 685 2192 de
709 2159 906 2202 benignitate
926 2171 1001 2204 apo-

242 2210 355 2245 stolica
375 2210 597 2254 dignaremur.

286 2265 301 2309 ἓ
321 2265 353 2299 3.
376 2265 439 2299 Nos
459 2266 574 2309 igitur,
597 2266 652 2310 qui
673 2266 933 2301 christifidelium
949 2268 1000 2302 de-

62 2331 161 2354 ronmex
192 2332 226 2353 di-
241 2318 420 2360 votionem,
452 2320 613 2353 orationes
640 2325 671 2353 et
701 2320 930 2364 poenitentiam
962 2334 1000 2356 ac

42 2367 97 2386 etam
110 2363 226 2386 confrater·
301 2378 307 2383 .
361 2378 366 2384 .
564 2378 569 2384 .

41 2397 129 2418 nitatem
145 2395 226 2417 ateius
243 2383 385 2412 caritatis
402 2389 500 2422 opera
516 2379 636 2422 ubique
654 2380 815 2420 locorum,
833 2381 887 2413 sed
908 2391 1000 2425 prae-

41 2428 229 2486 ἕζῗίᾞήῗξῖζζζ
243 2437 338 2481 cipue
354 2437 387 2470 in
406 2437 476 2482 ipsa
496 2438 592 2477 Urbe,
615 2437 751 2471 feliciter
770 2439 923 2482 adaugeri
933 2439 998 2472 sin-

41 2492 229 2545 ἓζῗζζῶζέῃζξζξιζ
244 2496 326 2530 ceris
345 2495 566 2530 desideramus
586 2496 766 2538 affectibus,
793 2497 876 2530 hanc
897 2497 998 2531 dicto-

41 2554 131 2612 ξξξζξθῑ·
167 2554 316 2588 Cari·rum
345 2555 545 2588 confratrum
575 2554 777 2588 devotionem
802 2554 834 2588 in
861 2556 998 2590 Domino

244 2613 476 2655 collaudantes,
503 2624 541 2647 ac
564 2612 771 2658 guardianos,
793 2614 998 2649 administra-

242 2677 331 2707 tores
363 2677 395 2706 et
421 2670 576 2708 officiales
602 2671 784 2718 praedictos
814 2682 854 2709 ac
883 2683 998 2709 eorum

940 277 1008 301 PIUS
1032 277 1062 300 lv

1087 277 1134 300 PP.
1727 265 1768 299 87

1058 328 1235 373 quemlibet
1246 339 1263 361 a
1280 327 1445 372 quibusvis
1456 327 1812 369 excommunicationis,

1058 381 1278 427 suspensionis
1306 387 1336 415 et
1361 381 1521 415 interdicti
1548 381 1683 426 aliisque
1709 383 1813 416 eccle-

1058 436 1192 470 siasticis
1216 435 1400 477 sententiis,
1424 435 1570 469 censuris
1595 441 1625 469 et
1645 436 1770 480 poenis,
1796 448 1816 470 a

1057 490 1127 523 iure
1147 490 1195 524 vel
1215 490 1254 523 ab
1279 489 1423 537 homine,
1451 489 1560 532 quavis
1576 489 1746 523 occasione
1765 491 1813 524 vel

1058 555 1155 576 causa
1172 543 1255 585 latis,
1282 542 1438 587 siquibus
1454 543 1699 587 quomodolibet
1719 543 1813 577 inno-

1057 597 1120 630 dati
1156 597 1310 638 existunt,
1344 597 1384 630 ad
1413 595 1565 630 effectum
1593 596 1813 641 praesentium

1056 651 1218 684 dumtaxat
1230 650 1510 695 consequendum,
1529 650 1646 683 harum
1664 650 1747 684 serie
1757 651 1813 684 ab·

1056 705 1212 737 solventes
1232 711 1263 738 et
1283 705 1448 738 absolutos
1468 705 1535 738 fore
1556 710 1736 745 censentes3
1754 715 1815 738 nec

1055 768 1120 791 non
1130 758 1277 792 omnium
1288 765 1318 792 et
1330 759 1532 803 singulorum
1540 758 1812 793 documentorum

1055 811 1296 854 praedictorum
1313 818 1441 846 tenores
1456 813 1681 856 praesentibus
1692 824 1751 857 pro
1762 824 1813 847 ex-

1054 864 1171 908 pressis
1183 865 1349 907 hahentes,
1364 865 1550 899 huiusmodi
1566 866 1811 911 supplicationi-

1052 918 1113 951 bus
1133 917 1290 958 inclinati,
1314 919 1490 952 dummodo
1512 919 1707 953 dilectorum
1727 919 1811 954 filio-

1053 982 1125 1004 rum
1138 972 1504 1005 archiconfraternitatis
1524 972 1670 1007 Caritatis
1683 1001 1690 1015 ,
1715 974 1809 1008 etiam

1053 1025 1091 1057 de
1109 1025 1203 1065 L‘rbc,
1216 1025 1255 1057 ad
1272 1025 1476 1070 infrascripta
1495 1026 1628 1059 accedat
1647 1038 1808 1067 assensus,

1052 1077 1288 1111 institutionem
1308 1078 1580 1112 confraternitatis
1595 1080 1634 1113 de
1645 1079 1808 1121 Oratione,

1052 1131 1130 1164 alias
1151 1131 1190 1164 tle
1210 1131 1309 1165 Morte
1326 1139 1532 1176 nuncupatae
1552 1132 1754 1174 huiusmodi,
1772 1145 1810 1167 ac

1052 1184 1161 1218 omnia
1179 1191 1209 1218 et
1230 1184 1369 1228 singula,
1392 1197 1450 1230 per
1469 1186 1665 1229 guardianos
1685 1193 1715 1220 et
1731 1198 1810 1221 con-

1050 1239 1166 1271 fratres
1191 1239 1386 1284 praedictos,
1409 1239 1495 1274 circa
1514 1240 1703 1284 praemissa,
1726 1241 1810 1274 edita

1051 1293 1271 1327 ordinationes
1291 1300 1321 1327 et
1342 1300 1469 1334 statuta,
1485 1305 1522 1327 ac
1538 1300 1636 1338 prout
1655 1294 1710 1327 illa
1730 1305 1808 1328 con-

1051 1353 1187 1380 cernunt
1201 1353 1307 1380 cetcra
1328 1348 1361 1380 in
1381 1348 1501 1381 eisdem
1518 1348 1721 1381 documentis
1733 1359 1808 1382 con-

1050 1406 1147 1441 tenta,
1170 1401 1257 1434 licita
1276 1407 1306 1434 ct
1326 1401 1473 1442 honesta,
1497 1412 1533 1434 ac
1554 1401 1654 1435 sacris
1674 1401 1807 1435 canoni-

1048 1454 1108 1487 bus
1125 1465 1191 1487 non
1209 1455 1386 1497 contraria,
1409 1455 1586 1499 apostolica
1602 1455 1805 1496 auctoritate,

1049 1514 1161 1541 tenore
1182 1509 1401 1552 praesentium
1414 1536 1421 1549 ,
1435 1519 1471 1542 ex
1483 1514 1570 1542 certa
1581 1509 1727 1550 scientia,
1750 1520 1806 1553 ap-

1048 1561 1224 1606 probamus
1251 1569 1281 1596 et
1306 1563 1556 1602 confir1namus;
1582 1573 1619 1595 ac
1644 1573 1758 1596 omnes
1777 1569 1810 1596 et

1048 1616 1192 1660 singulos
1205 1617 1284 1649 iuris
1300 1623 1331 1650 et
1351 1616 1425 1650 facti
1446 1617 1603 1658 defectus,
1626 1617 1652 1650 si
1672 1616 1727 1661 qui
1744 1618 1807 1651 for-

1047 1680 1102 1702 san
1128 1670 1357 1704 intervenerint
1377 1670 1409 1703 in
1434 1670 1576 1712 eisdem,
1602 1672 1804 1716 supplemus,

1047 1723 1173 1767 illisque
1183 1724 1335 1758 omnibus
1345 1731 1519 1769 perpetuae
1532 1725 1693 1758 firmitatis
1704 1725 1806 1759 robur

1046 1777 1226 1811 adiicimus.
1254 1778 1292 1811 Et
1316 1778 1528 1812 nihilominus
1553 1779 1699 1813 eamdem
1725 1790 1804 1812 con-

1045 1830 1279 1865 fraternitatem
1299 1833 1338 1865 de
1356 1832 1524 1873 Oratione,
1547 1832 1625 1866 alias
1645 1833 1684 1866 de
1704 1833 1804 1866 Morte

1044 1886 1308 1929 nuncupandam,
1321 1886 1441 1919 eisdem
1455 1887 1551 1920 modo
1560 1892 1588 1920 et
1599 1887 1715 1928 forma,
1730 1887 1802 1931 qui-

1043 1939 1104 1972 bus
1114 1951 1171 1983 per
1182 1939 1268 1984 ipsos
1278 1940 1503 1974 christifideles
1523 1940 1668 1974 instituta
1685 1940 1800 1982 existit,

1043 1994 1082 2027 de
1102 2005 1196 2035 novo,
1214 1995 1405 2028 auctoritate
1426 2000 1457 2028 et
1471 2000 1584 2028 tenore
1603 1995 1799 2039 praemissis,

1043 2048 1241 2082 instituimus
1257 2054 1288 2082 et
1308 2048 1403 2082 etiam
1420 2049 1584 2092 erigimus.

1087 2102 1149 2145 §Aa
1172 2103 1216 2136 Ac
1232 2102 1352 2136 eisdem
1372 2102 1572 2145 guardianis,
1595 2103 1799 2137 administra-

1043 2156 1168 2190 toribus
1176 2162 1205 2190 et
1218 2156 1435 2190 confratribus
1447 2167 1671 2200 quascumque
1678 2157 1799 2191 utrius-

1041 2221 1104 2254 que
1126 2221 1218 2244 sexus
1228 2221 1384 2255 personas
1404 2211 1450 2244 eis
1470 2211 1551 2244 bene
1566 2211 1648 2244 visas
1667 2222 1705 2244 ac
1729 2222 1800 2254 gra-

1041 2269 1088 2297 tas
1120 2271 1151 2297 et
1178 2270 1338 2309 acceptas,
1362 2270 1427 2298 tam
1448 2265 1681 2299 ecclesiasticas
1700 2276 1798 2310 quam

1041 2325 1234 2365 saeculares,
1245 2325 1475 2368 undecumque
1487 2324 1669 2365 existentes,
1679 2325 1796 2359 dictam

1041 2383 1338 2417 confraternitatem
1355 2383 1480 2427 ingredi
1490 2383 1645 2424 volentes,
1659 2384 1799 2418 cuiusvis

1041 2442 1169 2475 licentia
1182 2442 1314 2476 minime
1335 2442 1501 2485 requisita,
1528 2441 1561 2474 in
1586 2452 1699 2475 eorum
1720 2454 1797 2477 con-

1040 2501 1155 2533 fratres
1175 2512 1210 2533 ac
1233 2500 1506 2533 confraternitatis
1535 2501 1696 2543 gremium
1713 2501 1796 2535 reci-

1040 2558 1149 2602 piendi
1171 2565 1199 2592 et
1222 2558 1432 2599 admittendi,
1459 2558 1623 2592 licentiam
1645 2565 1673 2592 ct
1694 2559 1796 2593 facul-

1040 2622 1136 2651 tatem
1158 2617 1378 2651 concedimus.

1083 2676 1100 2720 ἓ
1115 2675 1146 2710 5.
1170 2675 1302 2720 Eisque,
1317 2686 1392 2711 cum
1408 2675 1552 2711 eiusdem
1571 2675 1594 2710 F
1597 2675 1715 2711 ederici
1727 2675 1796 2721 epi-

1829 275 1881 302 Αη,
1898 276 1924 302 C.
1946 276 2014 303 1560

1841 2114 1890 2136 Eius
1905 2115 2002 2138 officiali-

1814 2147 1853 2168 bus
1904 2148 1999 2175 indulget

1815 2184 1958 2207 quoscumque
1980 2180 2000 2200 in

1815 2210 1944 2232 confutem.
1965 2216 2001 2232 re-

1814 2242 1894 2268 cipere3
