2237 3100
39 325 89 352 Λη.
108 324 136 351 C.
153 325 222 352 1562

924 326 990 349 PIUS
1009 325 1040 348 lv
1060 325 1106 348 PP.

1680 314 1743 348 0209

64 381 209 408 nemusque,
237 388 273 410 ex
289 388 320 410 se
338 377 479 417 decreta,
498 377 593 410 etiam
609 377 814 421 quantumvis
829 378 990 411 ordinaria
1034 378 1128 410 detur
1163 377 1375 409 commoditas
1409 376 1581 410 carceratis
1614 376 1714 409 libere
1740 378 1788 408 to-

43 646 218 666 Couttahentiutu

36 678 165 703 cognitione,

61 912 181 934 Ofticiorum
189 920 221 934 ai-

36 945 115 970 tendis,

58 1071 219 1093 lnhihiunuibus

35 1104 107 1128 vigore
152 1103 220 1130 Euge-

36 1139 120 1159 manae,

60 1389 162 1411 Terminis
182 1395 218 1410 rc-

34 1419 124 1447 ferentii,

62 1657 164 1678 Mandatis
194 1658 219 1679 de

35 1690 199 1714 manutenendo,

62 2067 165 2089 mandans
185 2074 222 2088 su-

37 2100 138 2127 spicionis
153 2098 221 2125 tugoe,

67 2508 136 2536 Capti<
152 2510 225 2530 dandis

43 2543 91 2561 ante
107 2543 216 2565 torturam,

236 435 267 463 et
295 429 386 463 solita
400 456 407 469 ‚
430 429 485 462 sed
507 441 635 473 semper
657 431 695 463 ad
717 430 856 464 iudicem
878 442 989 464 recur-

235 489 318 524 rant,
338 483 397 516 sub
418 493 523 527 poena
544 484 613 517 salsi
639 489 669 517 et
693 484 880 528 privationis
900 496 989 518 excr-

235 536 313 570 citii.

278 591 292 633 g
313 589 366 622 22.
394 589 579 633 Curentque
605 591 701 623 etiam
727 591 843 624 notarii
879 596 914 624 ut
939 602 991 624 co·

233 648 389 686 gnoscant
409 644 637 677 contrahentes
652 645 763 677 saltem
785 655 842 688 per
862 644 989 688 deposi-

235 697 354 730 tionem
376 697 473 729 unius
502 708 538 729 ex
564 697 697 731 testibus
723 697 753 729 in
776 698 990 731 instrumento

233 750 447 795 apponendis,
474 761 513 783 ne
544 751 596 784 fiat
627 752 806 795 suppositio
835 762 989 795 persona-

235 814 319 836 rum.

278 858 293 900 ξ
308 857 362 891 23.
385 858 475 897 Item⁷
490 869 603 891 eorum
621 859 725 891 officia
740 859 915 891 arrendare.
925 870 989 892 non

236 910 375 954 possint,
399 910 460 942 nisi
482 911 628 954 personis
653 923 711 956 per
732 912 837 956 ipsum
863 913 989 945 audito-

236 974 303 996 rem
324 964 522 1008 approbatis.

278 1017 293 1060 ἓ
313 1017 365 1050 24.
394 1017 563 1051 Praeterea
588 1017 717 1051 auditor
743 1019 904 1061 praefatus
924 1029 989 1051 uon

235 1071 390 1103 concedat
410 1070 583 1104 monitoria
595 1072 641 1104 vel
654 1071 862 1104 inhibitiones
879 1072 911 1104 in
928 1072 989 1104 vim

234 1123 472 1156 constitutionis
491 1124 696 1167 Eugenianae
717 1124 749 1157 in
770 1124 910 1158 favorem
932 1137 989 1158 cu-

235 1176 374 1217 rialium,
400 1177 459 1210 nisi
481 1188 539 1221 pro
561 1177 633 1218 illis,
652 1178 707 1221 qui
726 1178 836 1211 saltem
859 1190 917 1222 per
932 1190 989 1211 an-

234 1241 313 1263 num
334 1230 366 1263 in
386 1231 482 1264 Curia
503 1230 656 1264 continue
678 1231 884 1265 residentiam
905 1231 989 1266 fece-

235 1283 308 1316 rint.

277 1337 292 1381 ξ
312 1337 366 1371 25.
396 1337 434 1370 Et
463 1338 487 1370 si
517 1338 683 1381 contingat
702 1348 806 1371 unum
826 1339 990 1373 notarium

233 1391 379 1435 accipere
410 1391 585 1425 terminum
610 1402 669 1435 pro
703 1391 766 1425 alio
795 1393 922 1426 notario
951 1394 990 1426 ad

234 1445 452 1486 referendum,
476 1451 624 1479 teneatur
657 1445 724 1490 ipse
749 1446 914 1491 accipiens
934 1458 992 1491 per

234 1504 332 1532 totam
353 1499 441 1532 illam
463 1499 561 1540 diem,
583 1511 647 1543 qua
667 1500 841 1544 acceperit,
864 1502 991 1535 relatio-

235 1563 309 1586 nem
330 1554 447 1587 facere.

278 1607 292 1651 ξ
312 1607 365 1641 26.
389 1607 426 1640 Et
442 1607 576 1652 insuper
595 1608 723 1641 auditor
744 1609 905 1652 praefatus
925 1620 990 1643 non

234 1661 391 1694 concedat
415 1662 565 1694 mandata
599 1662 637 1695 de
672 1663 913 1696 manutenendo
933 1664 991 1696 ali-

234 1726 332 1759 quem
352 1715 385 1747 in
405 1715 626 1759 possessione,
652 1716 684 1748 in
710 1727 773 1759 qua
798 1717 912 1757 existit,
932 1717 992 1749 nisi

234 1769 373 1802 constito
398 1770 511 1802 saltem
537 1769 822 1803 extraiudicialiter
842 1781 916 1803 eum
938 1782 992 1803 ac.-

234 1817 358 1861 cepisse
378 1823 409 1851 et
433 1818 605 1851 retinuisse
638 1829 712 1851 vere
746 1824 776 1851 et
810 1821 990 1859 actualiter,

235 1876 299 1899 non
320 1871 428 1899 autem
445 1867 614 1900 verbaliter
625 1872 655 1900 et¹
672 1873 836 1900 momento
853 1873 991 1909 tantum,

235 1915 471 1959 possessionem
491 1921 670 1958 vacantem,
694 1922 724 1949 et
743 1926 810 1950 non
831 1928 906 1950 cum
919 1929 993 1961 spo-

237 1964 279 1998 lio
299 1965 443 1999 alterius.

281 2015 370 2058 527.
401 2015 502 2048 Porro
532 2026 597 2048 non
628 2016 785 2048 concedat
806 2016 994 2049 mandatum

237 2064 276 2097 de
310 2064 468 2107 capiendo
502 2065 627 2097 ratione
662 2065 855 2109 suspicionis
878 2067 971 2108 fugae
985 2094 992 2107 ,

238 2112 299 2145 nisi
320 2113 457 2146 constito
478 2114 537 2146 sibi
558 2114 669 2147 saltem
691 2114 866 2147 summarie
891 2121 921 2147 et
942 2126 995 2147 ex-

238 2161 484 2194 traiudicialiter
516 2162 555 2195 de
585 2161 706 2195 credito
742 2162 864 2205 liquido
899 2169 929 2196 et
958 2164 995 2197 de

239 2209 423 2253 suspicione
444 2211 538 2253 fugae
559 2211 671 2244 saltem
698 2222 755 2254 per
776 2211 995 2246 iuramentum

238 2258 340 2303 ipsius
365 2259 550 2299 creditoris,
573 2265 603 2292 et
627 2259 687 2292 nisi
723 2260 803 2292 sacta
837 2261 996 2295 solutione

237 2309 286 2341 vel
310 2304 456 2353 deposito
486 2308 604 2341 actuali
635 2319 693 2352 per
718 2314 861 2342 actorem
883 2311 921 2343 de
943 2322 996 2343 ex-

240 2358 384 2402 pressisl
409 2363 574 2402 capturae,
599 2357 631 2390 in
657 2363 806 2391 eventum
834 2359 865 2391 in
899 2371 997 2403 quem

240 2407 294 2440 illa
318 2407 458 2440 indebite
480 2408 561 2440 facta
582 2407 761 2448 detegatur.

285 2457 300 2500 ξ
324 2456 378 2489 28.
415 2457 551 2499 Insuper
579 2455 742 2500 praefatus
775 2456 904 2491 auditor
941 2469 997 2491 seu

242 2504 311 2538 eius
344 2504 571 2537 locumtenens
600 2504 630 2536 in
656 2504 879 2539 criminalibus
904 2507 999 2541 faeiat

242 2564 371 2597 semper
403 2554 479 2586 dare
509 2553 635 2597 copiam
658 2553 853 2587 indiciorum
874 2567 929 2589 reo
950 2558 998 2590 vel

242 2602 426 2647 petentibus
445 2613 505 2646 pro
526 2613 564 2635 eo
585 2608 658 2635 ante
678 2607 854 2644 torturam;
869 2611 900 2638 et
919 2616 998 2649 pen-

241 2651 337 2684 dente
356 2651 496 2684 termino
520 2652 559 2684 ad
579 2651 742 2685 faciendas
771 2652 974 2688 defensiones
989 2682 997 2695 ‚

280 2710 291 2735 ί
312 2710 449 2741 Expensis,
467 2708 585 2736 Cherub.
605 2709 643 2743 (n.
661 2709 710 2744 τ.),

323 2753 399 2783 Bull.
425 2752 502 2784 Rom.
521 2753 576 2784 vol.
599 2753 657 2784 Vll.
881 2755 918 2786 27

1034 430 1154 474 quendi
1174 430 1382 463 cumeorum
1404 429 1563 463 advocatis
1583 435 1611 462 et
1638 441 1789 473 procum-

1034 484 1175 524 toribus,
1196 483 1290 516 etiam
1322 483 1451 517 semotis
1485 483 1632 523 arbitris,
1661 483 1719 515 nisi
1742 489 1788 516 ta-

1034 548 1107 570 men
1123 537 1261 581 qualitas
1277 548 1392 570 causae
1408 537 1496 569 aliud
1513 537 1694 569 necessario
1716 548 1788 569 sua-

1033 591 1102 623 deat
1123 602 1130 629 ;
1168 601 1250 633 quae
1284 591 1414 634 quidem
1448 589 1642 623 indicunt-um
1678 590 1789 633 copiae

1033 644 1151 676 dentur
1170 643 1370 688 pauperibus
1385 644 1483 687 gratis
1499 650 1526 677 et
1540 644 1660 687 absque
1681 644 1790 687 aliqua

1034 697 1249 738 pecuniarum
1271 697 1449 731 exactione.

1077 751 1090 793 ξ
1112 751 1163 783 29.
1192 752 1363 784 Praeterea
1384 751 1501 784 notarii
1523 762 1588 783 non
1615 751 1785 783 conficiant

1033 810 1156 846 regesta
1177 804 1208 836 in
1231 805 1336 837 causis
1365 805 1536 837 ‹tadinati-iis
1557 816 1614 837 uec
1637 805 1789 837 commis-

1033 856 1124 889 sariis
1143 867 1209 889 non
1226 858 1455 891 excedentibus
1475 859 1617 891 valorem
1636 859 1790 891 ducento-

1033 922 1104 943 rum
1134 912 1354 948 ssoreuorum.
1378 923 1412 944 ac
1436 912 1465 944 in
1488 911 1563 956 ipsis
1597 912 1728 953 regestis
1761 919 1791 945 et

1033 964 1228 997 extractibus
1253 970 1280 997 et
1302 965 1564 1009 quilniscumqu·=
1586 966 1655 997 aliis
1677 977 1789 998 eurmn

1033 1017 1291 1061 expeditionibus
1324 1023 1495 1051 teneantur
1529 1030 1653 1052 servare
1685 1025 1787 1060 taxus,

1033 1071 1120 1104 iuxta
1150 1072 1415 1105 reformationem
1447 1072 1475 1104 iu
1512 1073 1683 1105 novissimo
1711 1084 1789 1105 con-

1033 1124 1106 1157 eilio
1122 1125 1327 1158 Lateranensi
1348 1125 1476 1158 editam.

1077 1178 1091 1221 ξ
1111 1177 1165 1211 30.
1193 1179 1334 1211 Tandem
1348 1205 1355 1218 ,
1378 1184 1413 1211 ut
1433 1179 1588 1211 tollantur
1609 1185 1790 1212 conum-»r-

1033 1232 1096 1265 siae
1118 1232 1202 1265 inter
1222 1232 1395 1265 tribunalia
1415 1232 1518 1265 dictae
1534 1232 1660 1271 Curiae,
1676 1239 1703 1266 et
1721 1235 1791 1266 uni-

1033 1285 1151 1328 cuique
1176 1297 1233 1318 sua
1258 1286 1437 1318 iurisdictio
1463 1291 1618 1326 serretur,
1645 1287 1790 1319 declara-

1034 1350 1106 1372 mus
1135 1340 1358 1372 executionem
1393 1339 1597 1380 obligationis
1627 1340 1657 1372 in
1689 1341 1791 1373 fornia

1032 1392 1184 1426 Gamerae
1203 1393 1240 1425 ad
1258 1394 1438 1437 praefatum
1455 1392 1635 1426 auditorem
1648 1394 1790 1427 Gamerae

1033 1446 1183 1490 privative.
1204 1447 1311 1489 quoad
1331 1446 1393 1478 alia
1417 1446 1589 1478 tribunalia
1614 1447 1788 1490 pertinere,

1034 1506 1250 1544 praeterquam
1277 1500 1309 1532 in
1332 1500 1555 1532 instrumentis
1582 1500 1792 1544 dependenti-

1034 1554 1094 1586 bus
1114 1565 1131 1586 a
1153 1554 1257 1587 causis
1278 1559 1307 1587 et
1328 1554 1407 1587 actis
1427 1555 1459 1586 in
1480 1553 1550 1586 aliis
1575 1555 1791 1587 trilnutaliluis

1033 1607 1220 1641 huiusmodi
1242 1607 1349 1651 gestis,
1370 1614 1399 1640 et
1418 1607 1697 1650 sinepraeiudici‹:›
1720 1620 1790 1640 mo-

1034 1666 1084 1693 tus
1113 1661 1237 1705 proprii
1265 1672 1322 1704 per
1355 1672 1414 1694 nos
1443 1661 1475 1694 in
1507 1661 1644 1694 favorem
1677 1662 1789 1706 populi

1034 1715 1169 1748 Romani
1190 1715 1276 1748 editi.
1343 1720 1345 1722 ’

1079 1769 1093 1812 ξ
1113 1768 1167 1801 31.
1203 1769 1381 1802 Distrietius
1414 1769 1595 1802 inhibentes
1628 1770 1788 1806 auditoriv

1035 1823 1094 1855 sub
1115 1822 1344 1865 indignationis
1364 1828 1503 1861 nostrae2
1523 1828 1549 1855 et
1571 1824 1790 1856 locumteuen-
1823 1818 1917 1863 ⁰„f,.[,¹‚]¹
1939 1818 1962 1862 [2

1035 1877 1121 1909 tibus
1147 1876 1208 1909 sire
1244 1876 1405 1910 iudicibus
1432 1888 1468 1910 ac
1498 1878 1632 1909 notariis
1666 1878 1793 1921 praedi-

1036 1930 1106 1970 ctis,
1125 1930 1184 1963 sub
1202 1930 1546 1963 excommunicationis
1567 1932 1648 1963 latae
1670 1937 1795 1963 sentcn-

1037 1983 1097 2016 tiae
1117 1995 1155 2016 ae
1175 1984 1363 2028 privationis
1383 1984 1565 2016 officiorum
1589 1996 1720 2016 suorum
1739 1985 1797 2016 hu-

1037 2038 1218 2070 iusmodiet.
1236 2037 1316 2077 aliis,
1338 2038 1433 2070 etiam
1455 2037 1664 2079 gravioribus,
1686 2044 1796 2071 nostro

1038 2097 1068 2124 et.
1088 2102 1147 2135 pro
1168 2097 1315 2135 tempore
1342 2092 1503 2124 existentis
1528 2092 1663 2123 [tomani
1687 2093 1795 2124 Ponti-

1039 2145 1107 2177 licis·
1141 2144 1273 2177 arbitrio
1298 2145 1481 2185 infligendis
1516 2150 1545 2177 et,
1579 2146 1794 2189 applicandis,

1039 2198 1163 2242 poenis,
1187 2208 1226 2230 ne
1247 2198 1285 2231 de
1307 2198 1565 2241 expeditionibus
1594 2209 1630 2230 ac
1661 2199 1799 2231 decretis

1039 2257 1069 2284 et
1089 2252 1159 2284 aliis
1184 2251 1242 2284 sibi
1264 2262 1321 2295 per
1341 2257 1526 2295 praesentes
1547 2251 1740 2289 interdictis,
1762 2264 1796 2285 ac

1039 2310 1150 2338 contra
1165 2305 1406 2348 praedictorum
1426 2305 1643 2348 capitulorum
1662 2306 1797 2337 sorinam

1039 2364 1070 2391 et
1093 2363 1256 2399 tenorem,
1279 2359 1372 2391 etiam
1399 2358 1588 2402 quorumvis
1614 2358 1798 2402 pririlseio-

1039 2423 1134 2452 rum,
1158 2413 1359 2445 indultorum
1381 2423 1418 2445 ac
1438 2412 1607 2444 literarum
1642 2412 1687 2444 eis
1717 2423 1798 2455 quo-

1040 2465 1216 2499 modolibet
1239 2476 1485 2505 concessarum,
1509 2466 1557 2499 vel
1591 2465 1653 2498 alio
1688 2465 1800 2508 quovis

1041 2520 1221 2559 praetextu,
1236 2526 1267 2547 se
1289 2514 1503 2547 intromittere
1524 2519 1579 2547 aut
1606 2513 1659 2546 illa
1680 2513 1799 2545 immu-

1041 2569 1107 2596 tare
1117 2565 1165 2596 vel
1181 2564 1318 2597 alterare
1339 2563 1571 2607 quoquomodo
1593 2563 1729 2595 audeant
1743 2573 1799 2594 seu

1041 2618 1262 2655 praesumant.

1806 323 1855 349 An.
1874 323 1902 350 C.
1923 324 1988 349 1ΐὶὓὲ

1807 798 1876 816 (nnsis
1898 804 1916 815 oi
1939 804 1956 815 iu
1976 805 1978 817 t

1807 827 1911 851 t'ttilthus,

1845 1191 1925 1211 luri<=li⁴
1936 1193 1993 1211 tint-3

1808 1224 1854 1243 aud.
1871 1225 1978 1243 Minoide.

1086 2660 1168 2704 §322
1191 2661 1407 2695 Decernentes
1425 2671 1653 2706 quaecumque
1671 2661 1798 2693 decreta
1815 2701 1820 2721 1
1838 2670 1939 2721 :ztan-uta
1952 2671 2002 2690 >ut-

1824 2708 1834 2721 d
1847 2708 1865 2722 ss.

1042 2713 1073 2741 et
1092 2713 1162 2741 acta
1187 2709 1227 2741 ab
1252 2709 1374 2743 eisdem
1399 2709 1562 2751 auditore,
1585 2709 1747 2743 iudicibus
1768 2713 1796 2740 et
