<?xml version="1.0" encoding="UTF-8"?>
<!DOCTYPE html PUBLIC "-//W3C//DTD XHTML 1.0 Transitional//EN"
    "http://www.w3.org/TR/xhtml1/DTD/xhtml1-transitional.dtd">
<html xmlns="http://www.w3.org/1999/xhtml" xml:lang="en" lang="en">
 <head>
  <title>
</title>
<meta http-equiv="Content-Type" content="text/html;charset=utf-8" />
  <meta name='ocr-system' content='tesseract 3.04.00' />
  <meta name='ocr-capabilities' content='ocr_page ocr_carea ocr_par ocr_line ocrx_word'/>
</head>
<body>
  <div class='ocr_page' id='page_1' title='image "./bullarumdiplomat07cath_0766.png"; bbox 0 0 2237 3100; ppageno 0'>
   <div class='ocr_carea' id='block_1_1' title="bbox 221 251 403 282">
    <p class='ocr_par' dir='ltr' id='par_1_1' title="bbox 221 251 403 282">
     <span class='ocr_line' id='line_1_1' title="bbox 221 251 403 282; baseline -0.011 0"><span class='ocrx_word' id='word_1_1' title='bbox 221 255 268 282; x_wconf 77' lang='lat' dir='ltr'>An.</span> <span class='ocrx_word' id='word_1_2' title='bbox 290 254 319 281; x_wconf 86' lang='lat' dir='ltr'>C.</span> <span class='ocrx_word' id='word_1_3' title='bbox 337 251 403 280; x_wconf 75' lang='lat'><strong>¹568</strong></span> 
     </span>
    </p>
   </div>
   <div class='ocr_carea' id='block_1_2' title="bbox 223 998 409 1330">
    <p class='ocr_par' dir='ltr' id='par_1_2' title="bbox 223 998 409 1330">
     <span class='ocr_line' id='line_1_2' title="bbox 250 998 407 1019; baseline 0 -1"><span class='ocrx_word' id='word_1_4' title='bbox 250 998 366 1019; x_wconf 68' lang='lat' dir='ltr'>nevomiio</span> <span class='ocrx_word' id='word_1_5' title='bbox 379 998 407 1018; x_wconf 87' lang='lat' dir='ltr'>in-</span> 
     </span>
     <span class='ocr_line' id='line_1_3' title="bbox 223 1030 408 1051; baseline 0 -1"><span class='ocrx_word' id='word_1_6' title='bbox 223 1030 328 1051; x_wconf 81' lang='grc'>(101101-1101</span> <span class='ocrx_word' id='word_1_7' title='bbox 341 1034 408 1050; x_wconf 75' lang='lat' dir='ltr'>traus-</span> 
     </span>
     <span class='ocr_line' id='line_1_4' title="bbox 223 1061 407 1087; baseline -0.005 -6"><span class='ocrx_word' id='word_1_8' title='bbox 223 1061 307 1081; x_wconf 74' lang='lat' dir='ltr'>terendi</span> <span class='ocrx_word' id='word_1_9' title='bbox 324 1062 407 1087; x_wconf 60' lang='lat' dir='ltr'>pensio-</span> 
     </span>
     <span class='ocr_line' id='line_1_5' title="bbox 223 1092 408 1117; baseline -0.005 -5"><span class='ocrx_word' id='word_1_10' title='bbox 223 1098 262 1112; x_wconf 82' lang='lat' dir='ltr'>nes</span> <span class='ocrx_word' id='word_1_11' title='bbox 277 1092 375 1117; x_wconf 71' lang='lat' dir='ltr'>collegiis</span> <span class='ocrx_word' id='word_1_12' title='bbox 387 1095 408 1112; x_wconf 88' lang='lat' dir='ltr'>et</span> 
     </span>
     <span class='ocr_line' id='line_1_6' title="bbox 224 1123 407 1143; baseline 0.011 -2"><span class='ocrx_word' id='word_1_13' title='bbox 224 1123 349 1143; x_wconf 70' lang='lat' dir='ltr'>officialibus</span> <span class='ocrx_word' id='word_1_14' title='bbox 366 1123 407 1143; x_wconf 86' lang='grc'>111)-</span> 
     </span>
     <span class='ocr_line' id='line_1_7' title="bbox 223 1154 409 1175; baseline 0.005 -1"><span class='ocrx_word' id='word_1_15' title='bbox 223 1160 297 1175; x_wconf 73' lang='grc'>111.11100</span> <span class='ocrx_word' id='word_1_16' title='bbox 334 1154 409 1175; x_wconf 76' lang='lat' dir='ltr'>Curiae</span> 
     </span>
     <span class='ocr_line' id='line_1_8' title="bbox 223 1189 409 1210; baseline 0 -5"><span class='ocrx_word' id='word_1_17' title='bbox 223 1189 409 1210; x_wconf 72' lang='lat' dir='ltr'>concessorum,et</span> 
     </span>
     <span class='ocr_line' id='line_1_9' title="bbox 224 1216 408 1243; baseline -0.011 -6"><span class='ocrx_word' id='word_1_18' title='bbox 224 1222 261 1243; x_wconf 82' lang='lat' dir='ltr'>per</span> <span class='ocrx_word' id='word_1_19' title='bbox 284 1216 350 1237; x_wconf 69' lang='lat' dir='ltr'>laicos</span> <span class='ocrx_word' id='word_1_20' title='bbox 375 1216 408 1236; x_wconf 85' lang='lat' dir='ltr'>vel</span> 
     </span>
     <span class='ocr_line' id='line_1_10' title="bbox 224 1249 409 1268; baseline -0.005 -1"><span class='ocrx_word' id='word_1_21' title='bbox 224 1249 316 1268; x_wconf 75' lang='lat' dir='ltr'>elericos</span> <span class='ocrx_word' id='word_1_22' title='bbox 336 1249 409 1267; x_wconf 70' lang='grc'>0011111·</span> 
     </span>
     <span class='ocr_line' id='line_1_11' title="bbox 226 1280 408 1303; baseline 0.005 -6"><span class='ocrx_word' id='word_1_23' title='bbox 226 1282 285 1303; x_wconf 74' lang='lat' dir='ltr'>gatus</span> <span class='ocrx_word' id='word_1_24' title='bbox 301 1284 337 1299; x_wconf 78' lang='lat' dir='ltr'>eas</span> <span class='ocrx_word' id='word_1_25' title='bbox 354 1280 408 1299; x_wconf 70' lang='lat' dir='ltr'>reti-</span> 
     </span>
     <span class='ocr_line' id='line_1_12' title="bbox 225 1310 297 1330; baseline 0 -1"><span class='ocrx_word' id='word_1_26' title='bbox 225 1310 297 1330; x_wconf 80' lang='lat' dir='ltr'>nendi.</span> 
     </span>
    </p>
   </div>
   <div class='ocr_carea' id='block_1_3' title="bbox 465 241 530 276">
    <p class='ocr_par' dir='ltr' id='par_1_3' title="bbox 465 241 530 276">
     <span class='ocr_line' id='line_1_13' title="bbox 465 241 530 276; baseline 0 0"><span class='ocrx_word' id='word_1_27' title='bbox 465 241 530 276; x_wconf 78' lang='lat'>710</span> 
     </span>
    </p>
   </div>
   <div class='ocr_carea' id='block_1_4' title="bbox 420 294 1177 1350">
    <p class='ocr_par' dir='ltr' id='par_1_4' title="bbox 420 294 1176 926">
     <span class='ocr_line' id='line_1_14' title="bbox 421 294 1175 346; baseline -0.015 -9"><span class='ocrx_word' id='word_1_28' title='bbox 421 303 478 344; x_wconf 88' lang='lat' dir='ltr'>ris,</span> <span class='ocrx_word' id='word_1_29' title='bbox 499 301 619 346; x_wconf 89' lang='lat' dir='ltr'>quibus</span> <span class='ocrx_word' id='word_1_30' title='bbox 631 299 775 334; x_wconf 77' lang='lat' dir='ltr'>Ecclesia</span> <span class='ocrx_word' id='word_1_31' title='bbox 792 298 862 342; x_wconf 90' lang='lat' dir='ltr'>ipsa</span> <span class='ocrx_word' id='word_1_32' title='bbox 878 301 1046 339; x_wconf 86' lang='lat' dir='ltr'>tantopere</span> <span class='ocrx_word' id='word_1_33' title='bbox 1062 294 1175 337; x_wconf 79' lang='lat' dir='ltr'>digno-</span> 
     </span>
     <span class='ocr_line' id='line_1_15' title="bbox 420 347 1175 397; baseline -0.015 -7"><span class='ocrx_word' id='word_1_34' title='bbox 420 357 523 390; x_wconf 88' lang='lat' dir='ltr'>scitur</span> <span class='ocrx_word' id='word_1_35' title='bbox 542 355 700 397; x_wconf 74' lang='lat' dir='ltr'>indigere,</span> <span class='ocrx_word' id='word_1_36' title='bbox 724 353 755 384; x_wconf 90' lang='lat' dir='ltr'>id</span> <span class='ocrx_word' id='word_1_37' title='bbox 775 351 842 383; x_wconf 86' lang='lat' dir='ltr'>sere</span> <span class='ocrx_word' id='word_1_38' title='bbox 862 348 1049 382; x_wconf 88' lang='lat' dir='ltr'>universum</span> <span class='ocrx_word' id='word_1_39' title='bbox 1066 347 1175 380; x_wconf 87' lang='lat' dir='ltr'>multi-</span> 
     </span>
     <span class='ocr_line' id='line_1_16' title="bbox 421 400 1175 452; baseline -0.013 -10"><span class='ocrx_word' id='word_1_40' title='bbox 421 409 498 443; x_wconf 87' lang='lat' dir='ltr'>tudo</span> <span class='ocrx_word' id='word_1_41' title='bbox 518 406 695 452; x_wconf 87' lang='lat' dir='ltr'>praeripiat</span> <span class='ocrx_word' id='word_1_42' title='bbox 715 404 885 436; x_wconf 88' lang='lat' dir='ltr'>laicorum.</span> <span class='ocrx_word' id='word_1_43' title='bbox 908 401 990 434; x_wconf 90' lang='lat' dir='ltr'>Ilinc</span> <span class='ocrx_word' id='word_1_44' title='bbox 1006 400 1175 433; x_wconf 82' lang='lat' dir='ltr'>manifesta</span> 
     </span>
     <span class='ocr_line' id='line_1_17' title="bbox 421 453 1175 503; baseline -0.015 -8"><span class='ocrx_word' id='word_1_45' title='bbox 421 472 480 495; x_wconf 90' lang='lat' dir='ltr'>nos</span> <span class='ocrx_word' id='word_1_46' title='bbox 507 459 645 503; x_wconf 81' lang='lat' dir='ltr'><strong>impellit</strong></span> <span class='ocrx_word' id='word_1_47' title='bbox 664 456 837 490; x_wconf 67' lang='lat' dir='ltr'>necessitas</span> <span class='ocrx_word' id='word_1_48' title='bbox 857 460 904 494; x_wconf 92' lang='lat' dir='ltr'>ut,</span> <span class='ocrx_word' id='word_1_49' title='bbox 927 454 989 486; x_wconf 90' lang='grc'>1100</span> <span class='ocrx_word' id='word_1_50' title='bbox 1017 453 1175 486; x_wconf 88' lang='lat' dir='ltr'>indomita</span> 
     </span>
     <span class='ocr_line' id='line_1_18' title="bbox 422 506 1174 558; baseline -0.015 -9"><span class='ocrx_word' id='word_1_51' title='bbox 422 514 600 558; x_wconf 86' lang='lat' dir='ltr'>eupiditate</span> <span class='ocrx_word' id='word_1_52' title='bbox 641 519 788 553; x_wconf 88' lang='lat' dir='ltr'>repressa</span> <span class='ocrx_word' id='word_1_53' title='bbox 805 535 812 549; x_wconf 90' lang='lat'>‚</span> <span class='ocrx_word' id='word_1_54' title='bbox 854 506 1020 541; x_wconf 87' lang='lat' dir='ltr'>communi</span> <span class='ocrx_word' id='word_1_55' title='bbox 1062 507 1174 539; x_wconf 79' lang='lat' dir='ltr'>Eccle-</span> 
     </span>
     <span class='ocr_line' id='line_1_19' title="bbox 422 559 1174 604; baseline -0.012 -4"><span class='ocrx_word' id='word_1_56' title='bbox 422 568 487 601; x_wconf 88' lang='lat' dir='ltr'>siae</span> <span class='ocrx_word' id='word_1_57' title='bbox 500 565 595 599; x_wconf 87' lang='lat' dir='ltr'>saluti</span> <span class='ocrx_word' id='word_1_58' title='bbox 611 564 831 598; x_wconf 74' lang='lat' dir='ltr'>consulamus.</span> <span class='ocrx_word' id='word_1_59' title='bbox 851 562 890 594; x_wconf 88' lang='lat' dir='ltr'>At</span> <span class='ocrx_word' id='word_1_60' title='bbox 909 560 985 604; x_wconf 83' lang='lat' dir='ltr'>quia</span> <span class='ocrx_word' id='word_1_61' title='bbox 998 559 1108 593; x_wconf 86' lang='lat' dir='ltr'>onmia</span> <span class='ocrx_word' id='word_1_62' title='bbox 1124 560 1174 592; x_wconf 93' lang='lat' dir='ltr'>in-</span> 
     </span>
     <span class='ocr_line' id='line_1_20' title="bbox 422 613 1175 658; baseline -0.009 -6"><span class='ocrx_word' id='word_1_63' title='bbox 422 618 593 653; x_wconf 87' lang='lat' dir='ltr'>commoda</span> <span class='ocrx_word' id='word_1_64' title='bbox 613 616 718 650; x_wconf 88' lang='lat' dir='ltr'>statim</span> <span class='ocrx_word' id='word_1_65' title='bbox 739 615 862 658; x_wconf 85' lang='lat' dir='ltr'>ubique</span> <span class='ocrx_word' id='word_1_66' title='bbox 882 614 975 646; x_wconf 83' lang='lat' dir='ltr'>facile</span> <span class='ocrx_word' id='word_1_67' title='bbox 991 613 1175 646; x_wconf 87' lang='lat' dir='ltr'>subducere</span> 
     </span>
     <span class='ocr_line' id='line_1_21' title="bbox 422 666 1174 711; baseline -0.008 -6"><span class='ocrx_word' id='word_1_68' title='bbox 422 683 486 705; x_wconf 90' lang='lat' dir='ltr'>non</span> <span class='ocrx_word' id='word_1_69' title='bbox 506 672 661 709; x_wconf 85' lang='lat' dir='ltr'>valemus,</span> <span class='ocrx_word' id='word_1_70' title='bbox 684 680 720 703; x_wconf 92' lang='lat' dir='ltr'>ea</span> <span class='ocrx_word' id='word_1_71' title='bbox 737 669 860 708; x_wconf 87' lang='lat' dir='ltr'>saltem,</span> <span class='ocrx_word' id='word_1_72' title='bbox 880 677 964 711; x_wconf 83' lang='lat' dir='ltr'>quae</span> <span class='ocrx_word' id='word_1_73' title='bbox 983 666 1076 700; x_wconf 90' lang='lat' dir='ltr'>nobis</span> <span class='ocrx_word' id='word_1_74' title='bbox 1098 676 1174 710; x_wconf 91' lang='lat' dir='ltr'>pro-</span> 
     </span>
     <span class='ocr_line' id='line_1_22' title="bbox 421 717 1176 764; baseline -0.009 -6"><span class='ocrx_word' id='word_1_75' title='bbox 421 725 506 758; x_wconf 85' lang='lat' dir='ltr'>xima</span> <span class='ocrx_word' id='word_1_76' title='bbox 526 729 600 757; x_wconf 89' lang='lat' dir='ltr'>sunt</span> <span class='ocrx_word' id='word_1_77' title='bbox 628 728 659 756; x_wconf 93' lang='lat' dir='ltr'>ct</span> <span class='ocrx_word' id='word_1_78' title='bbox 679 727 752 755; x_wconf 90' lang='lat' dir='ltr'>ante</span> <span class='ocrx_word' id='word_1_79' title='bbox 771 721 883 754; x_wconf 92' lang='grc'>0011105</span> <span class='ocrx_word' id='word_1_80' title='bbox 904 717 1106 764; x_wconf 85' lang='lat' dir='ltr'>frequentius</span> <span class='ocrx_word' id='word_1_81' title='bbox 1123 719 1176 751; x_wconf 84' lang='lat' dir='ltr'>ob-</span> 
     </span>
     <span class='ocr_line' id='line_1_23' title="bbox 421 772 1173 819; baseline -0.008 -9"><span class='ocrx_word' id='word_1_82' title='bbox 421 782 598 816; x_wconf 77' lang='lat' dir='ltr'>versantur,</span> <span class='ocrx_word' id='word_1_83' title='bbox 630 776 662 809; x_wconf 85' lang='lat' dir='ltr'>in</span> <span class='ocrx_word' id='word_1_84' title='bbox 691 775 805 819; x_wconf 87' lang='lat' dir='ltr'>primis</span> <span class='ocrx_word' id='word_1_85' title='bbox 832 774 945 807; x_wconf 86' lang='lat' dir='ltr'>tollere</span> <span class='ocrx_word' id='word_1_86' title='bbox 973 772 1173 812; x_wconf 77' lang='lat' dir='ltr'>curabimus,</span> 
     </span>
     <span class='ocr_line' id='line_1_24' title="bbox 423 825 1174 869; baseline -0.008 -6"><span class='ocrx_word' id='word_1_87' title='bbox 423 836 458 863; x_wconf 87' lang='lat' dir='ltr'>ut</span> <span class='ocrx_word' id='word_1_88' title='bbox 478 829 596 863; x_wconf 86' lang='lat' dir='ltr'>caeteri</span> <span class='ocrx_word' id='word_1_89' title='bbox 618 839 743 869; x_wconf 89' lang='lat' dir='ltr'>Omnes,</span> <span class='ocrx_word' id='word_1_90' title='bbox 767 829 844 860; x_wconf 90' lang='lat' dir='ltr'>dum</span> <span class='ocrx_word' id='word_1_91' title='bbox 865 825 988 860; x_wconf 84' lang='lat' dir='ltr'>venerit</span> <span class='ocrx_word' id='word_1_92' title='bbox 1008 836 1096 866; x_wconf 89' lang='lat' dir='ltr'>usus,</span> <span class='ocrx_word' id='word_1_93' title='bbox 1121 835 1174 858; x_wconf 89' lang='lat' dir='ltr'>ae-</span> 
     </span>
     <span class='ocr_line' id='line_1_25' title="bbox 423 882 864 926; baseline -0.007 -10"><span class='ocrx_word' id='word_1_94' title='bbox 423 883 538 926; x_wconf 85' lang='lat' dir='ltr'>quiore</span> <span class='ocrx_word' id='word_1_95' title='bbox 558 882 667 915; x_wconf 91' lang='lat' dir='ltr'>animo</span> <span class='ocrx_word' id='word_1_96' title='bbox 689 882 864 925; x_wconf 84' lang='lat' dir='ltr'>patiantur.</span> 
     </span>
    </p>

    <p class='ocr_par' dir='ltr' id='par_1_5' title="bbox 422 931 1177 1350">
     <span class='ocr_line' id='line_1_26' title="bbox 466 931 1176 979; baseline -0.008 -10"><span class='ocrx_word' id='word_1_97' title='bbox 466 937 481 979; x_wconf 65' lang='grc' dir='ltr'>ἓ</span> <span class='ocrx_word' id='word_1_98' title='bbox 502 936 533 969; x_wconf 67' lang='lat'>2.</span> <span class='ocrx_word' id='word_1_99' title='bbox 564 936 686 978; x_wconf 84' lang='lat' dir='ltr'>Itaque,</span> <span class='ocrx_word' id='word_1_100' title='bbox 706 935 744 967; x_wconf 92' lang='lat' dir='ltr'>de</span> <span class='ocrx_word' id='word_1_101' title='bbox 769 934 863 967; x_wconf 87' lang='lat' dir='ltr'>nobis</span> <span class='ocrx_word' id='word_1_102' title='bbox 883 931 1055 966; x_wconf 71' lang='lat' dir='ltr'>attributae</span> <span class='ocrx_word' id='word_1_103' title='bbox 1085 936 1176 975; x_wconf 84' lang='lat' dir='ltr'>pote-</span> 
     </span>
     <span class='ocr_line' id='line_1_27' title="bbox 422 985 1177 1033; baseline -0.009 -10"><span class='ocrx_word' id='word_1_104' title='bbox 422 990 511 1023; x_wconf 87' lang='lat' dir='ltr'>statis</span> <span class='ocrx_word' id='word_1_105' title='bbox 531 989 746 1033; x_wconf 86' lang='lat' dir='ltr'>plenitudine,</span> <span class='ocrx_word' id='word_1_106' title='bbox 764 996 952 1021; x_wconf 80' lang='lat' dir='ltr'>revocamus</span> <span class='ocrx_word' id='word_1_107' title='bbox 964 991 995 1018; x_wconf 93' lang='grc'>01</span> <span class='ocrx_word' id='word_1_108' title='bbox 1009 985 1177 1018; x_wconf 76' lang='lat' dir='ltr'>abolemus</span> 
     </span>
     <span class='ocr_line' id='line_1_28' title="bbox 423 1037 1177 1084; baseline -0.008 -9"><span class='ocrx_word' id='word_1_109' title='bbox 423 1042 532 1076; x_wconf 90' lang='lat' dir='ltr'>omnia</span> <span class='ocrx_word' id='word_1_110' title='bbox 557 1046 588 1075; x_wconf 83' lang='lat' dir='ltr'>et</span> <span class='ocrx_word' id='word_1_111' title='bbox 607 1050 833 1084; x_wconf 89' lang='lat' dir='ltr'>quaecumque</span> <span class='ocrx_word' id='word_1_112' title='bbox 862 1038 1041 1083; x_wconf 73' lang='lat' dir='ltr'>privilegia,</span> <span class='ocrx_word' id='word_1_113' title='bbox 1075 1037 1177 1070; x_wconf 90' lang='lat' dir='ltr'>sacul-</span> 
     </span>
     <span class='ocr_line' id='line_1_29' title="bbox 424 1090 1176 1138; baseline -0.009 -10"><span class='ocrx_word' id='word_1_114' title='bbox 424 1101 522 1135; x_wconf 87' lang='lat' dir='ltr'>tates,</span> <span class='ocrx_word' id='word_1_115' title='bbox 549 1094 806 1138; x_wconf 75' lang='lat' dir='ltr'>dispensationes</span> <span class='ocrx_word' id='word_1_116' title='bbox 827 1098 857 1126; x_wconf 89' lang='grc'>01</span> <span class='ocrx_word' id='word_1_117' title='bbox 885 1091 1010 1124; x_wconf 88' lang='lat' dir='ltr'>indulta</span> <span class='ocrx_word' id='word_1_118' title='bbox 1036 1090 1176 1122; x_wconf 84' lang='lat' dir='ltr'>militum</span> 
     </span>
     <span class='ocr_line' id='line_1_30' title="bbox 424 1143 1177 1188; baseline -0.009 -7"><span class='ocrx_word' id='word_1_119' title='bbox 424 1149 454 1181; x_wconf 82' lang='lat' dir='ltr'>S.</span> <span class='ocrx_word' id='word_1_120' title='bbox 485 1148 582 1188; x_wconf 87' lang='lat' dir='ltr'>Petri,</span> <span class='ocrx_word' id='word_1_121' title='bbox 618 1147 649 1180; x_wconf 83' lang='lat' dir='ltr'>S.</span> <span class='ocrx_word' id='word_1_122' title='bbox 685 1146 794 1187; x_wconf 86' lang='lat' dir='ltr'>Pauli,</span> <span class='ocrx_word' id='word_1_123' title='bbox 824 1146 855 1179; x_wconf 87' lang='lat' dir='ltr'>S.</span> <span class='ocrx_word' id='word_1_124' title='bbox 892 1143 1040 1186; x_wconf 75' lang='lat' dir='ltr'>Georgii,</span> <span class='ocrx_word' id='word_1_125' title='bbox 1071 1143 1118 1175; x_wconf 84' lang='lat' dir='ltr'>Pii</span> <span class='ocrx_word' id='word_1_126' title='bbox 1139 1143 1177 1175; x_wconf 82' lang='lat' dir='ltr'>de</span> 
     </span>
     <span class='ocr_line' id='line_1_31' title="bbox 424 1196 1177 1239; baseline -0.009 -5"><span class='ocrx_word' id='word_1_127' title='bbox 424 1202 559 1235; x_wconf 90' lang='lat' dir='ltr'>Laureto</span> <span class='ocrx_word' id='word_1_128' title='bbox 580 1205 611 1233; x_wconf 90' lang='lat' dir='ltr'>et</span> <span class='ocrx_word' id='word_1_129' title='bbox 629 1200 668 1232; x_wconf 77' lang='lat' dir='ltr'>(le</span> <span class='ocrx_word' id='word_1_130' title='bbox 685 1199 778 1239; x_wconf 84' lang='lat' dir='ltr'>Lilio,</span> <span class='ocrx_word' id='word_1_131' title='bbox 810 1209 869 1231; x_wconf 90' lang='lat' dir='ltr'>nee</span> <span class='ocrx_word' id='word_1_132' title='bbox 896 1207 961 1230; x_wconf 88' lang='grc'>0011</span> <span class='ocrx_word' id='word_1_133' title='bbox 986 1196 1177 1229; x_wconf 82' lang='lat' dir='ltr'>secretario-</span> 
     </span>
     <span class='ocr_line' id='line_1_32' title="bbox 423 1248 1177 1294; baseline -0.008 -8"><span class='ocrx_word' id='word_1_134' title='bbox 423 1265 496 1287; x_wconf 91' lang='lat' dir='ltr'>rum</span> <span class='ocrx_word' id='word_1_135' title='bbox 511 1281 518 1294; x_wconf 92' lang='lat'>,</span> <span class='ocrx_word' id='word_1_136' title='bbox 559 1252 837 1286; x_wconf 79' lang='lat' dir='ltr'>cubiculariorum</span> <span class='ocrx_word' id='word_1_137' title='bbox 880 1256 911 1283; x_wconf 87' lang='lat' dir='ltr'>et</span> <span class='ocrx_word' id='word_1_138' title='bbox 949 1248 1177 1282; x_wconf 79' lang='lat' dir='ltr'>scutiferorum</span> 
     </span>
     <span class='ocr_line' id='line_1_33' title="bbox 423 1301 1177 1350; baseline -0.008 -11"><span class='ocrx_word' id='word_1_139' title='bbox 423 1306 735 1350; x_wconf 84' lang='lat' dir='ltr'>apostolicorum,ac</span> <span class='ocrx_word' id='word_1_140' title='bbox 752 1304 1014 1348; x_wconf 74' lang='lat' dir='ltr'>(piibuscumque</span> <span class='ocrx_word' id='word_1_141' title='bbox 1030 1302 1101 1334; x_wconf 89' lang='lat' dir='ltr'>aliis</span> <span class='ocrx_word' id='word_1_142' title='bbox 1114 1301 1177 1334; x_wconf 80' lang='lat' dir='ltr'>Ro-</span> 
     </span>
    </p>
   </div>
   <div class='ocr_carea' id='block_1_5' title="bbox 409 1355 1178 1400">
    <p class='ocr_par' dir='ltr' id='par_1_6' title="bbox 409 1355 1178 1400">
     <span class='ocr_line' id='line_1_34' title="bbox 409 1355 1178 1400; baseline -0.009 -7"><span class='ocrx_word' id='word_1_143' title='bbox 409 1370 538 1397; x_wconf 88' lang='lat' dir='ltr'>.manae</span> <span class='ocrx_word' id='word_1_144' title='bbox 558 1359 674 1392; x_wconf 89' lang='lat' dir='ltr'>Curiae</span> <span class='ocrx_word' id='word_1_145' title='bbox 688 1363 718 1391; x_wconf 91' lang='lat' dir='ltr'>et</span> <span class='ocrx_word' id='word_1_146' title='bbox 737 1357 941 1400; x_wconf 85' lang='lat' dir='ltr'>Apostolieae</span> <span class='ocrx_word' id='word_1_147' title='bbox 962 1355 1054 1388; x_wconf 85' lang='lat' dir='ltr'>Sedis</span> <span class='ocrx_word' id='word_1_148' title='bbox 1079 1355 1178 1388; x_wconf 89' lang='lat' dir='ltr'>colle-</span> 
     </span>
    </p>
   </div>
   <div class='ocr_carea' id='block_1_6' title="bbox 423 1408 1184 2353">
    <p class='ocr_par' dir='ltr' id='par_1_7' title="bbox 423 1408 1184 2353">
     <span class='ocr_line' id='line_1_35' title="bbox 423 1408 1178 1455; baseline -0.008 -10"><span class='ocrx_word' id='word_1_149' title='bbox 423 1413 484 1455; x_wconf 76' lang='lat' dir='ltr'>giis</span> <span class='ocrx_word' id='word_1_150' title='bbox 505 1417 536 1445; x_wconf 93' lang='lat' dir='ltr'>et</span> <span class='ocrx_word' id='word_1_151' title='bbox 555 1411 681 1451; x_wconf 86' lang='lat' dir='ltr'>osticiis,</span> <span class='ocrx_word' id='word_1_152' title='bbox 704 1416 767 1444; x_wconf 88' lang='grc'>10111</span> <span class='ocrx_word' id='word_1_153' title='bbox 798 1410 830 1443; x_wconf 87' lang='grc'>10</span> <span class='ocrx_word' id='word_1_154' title='bbox 851 1409 936 1442; x_wconf 90' lang='lat' dir='ltr'>dicta</span> <span class='ocrx_word' id='word_1_155' title='bbox 956 1408 1052 1441; x_wconf 89' lang='lat' dir='ltr'>Curia</span> <span class='ocrx_word' id='word_1_156' title='bbox 1081 1418 1178 1450; x_wconf 89' lang='lat' dir='ltr'>quam</span> 
     </span>
     <span class='ocr_line' id='line_1_36' title="bbox 424 1463 1180 1506; baseline -0.009 -7"><span class='ocrx_word' id='word_1_157' title='bbox 424 1471 512 1499; x_wconf 85' lang='lat' dir='ltr'>extra</span> <span class='ocrx_word' id='word_1_158' title='bbox 532 1476 602 1498; x_wconf 91' lang='lat' dir='ltr'>eam</span> <span class='ocrx_word' id='word_1_159' title='bbox 619 1464 815 1503; x_wconf 86' lang='lat' dir='ltr'>constitutis,</span> <span class='ocrx_word' id='word_1_160' title='bbox 838 1463 1050 1506; x_wconf 84' lang='lat' dir='ltr'>ipsorumque</span> <span class='ocrx_word' id='word_1_161' title='bbox 1071 1470 1180 1504; x_wconf 89' lang='lat' dir='ltr'>perso-</span> 
     </span>
     <span class='ocr_line' id='line_1_37' title="bbox 423 1513 1178 1560; baseline -0.011 -8"><span class='ocrx_word' id='word_1_162' title='bbox 423 1520 486 1560; x_wconf 85' lang='lat' dir='ltr'>nis,</span> <span class='ocrx_word' id='word_1_163' title='bbox 508 1528 635 1551; x_wconf 88' lang='lat' dir='ltr'>necnon</span> <span class='ocrx_word' id='word_1_164' title='bbox 665 1516 882 1555; x_wconf 87' lang='lat' dir='ltr'>conclavistis,</span> <span class='ocrx_word' id='word_1_165' title='bbox 896 1515 934 1547; x_wconf 90' lang='lat' dir='ltr'>de</span> <span class='ocrx_word' id='word_1_166' title='bbox 953 1513 1178 1558; x_wconf 80' lang='lat' dir='ltr'>pensionibus,</span> 
     </span>
     <span class='ocr_line' id='line_1_38' title="bbox 424 1566 1177 1607; baseline -0.009 -2"><span class='ocrx_word' id='word_1_167' title='bbox 424 1572 584 1605; x_wconf 82' lang='lat' dir='ltr'>fructibus</span> <span class='ocrx_word' id='word_1_168' title='bbox 617 1576 648 1604; x_wconf 91' lang='lat' dir='ltr'>et</span> <span class='ocrx_word' id='word_1_169' title='bbox 685 1570 756 1603; x_wconf 86' lang='lat' dir='ltr'>aliis</span> <span class='ocrx_word' id='word_1_170' title='bbox 790 1569 887 1602; x_wconf 87' lang='lat' dir='ltr'>rebus</span> <span class='ocrx_word' id='word_1_171' title='bbox 926 1566 1177 1607; x_wconf 81' lang='lat' dir='ltr'>ecclesiasticis,</span> 
     </span>
     <span class='ocr_line' id='line_1_39' title="bbox 424 1621 1180 1659; baseline -0.011 -1"><span class='ocrx_word' id='word_1_172' title='bbox 424 1626 520 1659; x_wconf 89' lang='lat' dir='ltr'>etiam</span> <span class='ocrx_word' id='word_1_173' title='bbox 537 1624 576 1657; x_wconf 87' lang='lat' dir='ltr'>ad</span> <span class='ocrx_word' id='word_1_174' title='bbox 590 1628 710 1657; x_wconf 87' lang='lat' dir='ltr'>certam</span> <span class='ocrx_word' id='word_1_175' title='bbox 722 1621 1007 1656; x_wconf 85' lang='lat' dir='ltr'>etdeterminatam</span> <span class='ocrx_word' id='word_1_176' title='bbox 1020 1629 1180 1653; x_wconf 88' lang='lat' dir='ltr'>summam</span> 
     </span>
     <span class='ocr_line' id='line_1_40' title="bbox 424 1673 1181 1721; baseline -0.009 -9"><span class='ocrx_word' id='word_1_177' title='bbox 424 1684 455 1712; x_wconf 87' lang='lat' dir='ltr'>et</span> <span class='ocrx_word' id='word_1_178' title='bbox 465 1677 677 1721; x_wconf 79' lang='lat' dir='ltr'>quantitatem</span> <span class='ocrx_word' id='word_1_179' title='bbox 689 1675 883 1715; x_wconf 86' lang='lat' dir='ltr'>constitutis,</span> <span class='ocrx_word' id='word_1_180' title='bbox 897 1673 1100 1718; x_wconf 85' lang='lat' dir='ltr'>perclericos</span> <span class='ocrx_word' id='word_1_181' title='bbox 1109 1683 1181 1705; x_wconf 88' lang='lat' dir='ltr'>con-</span> 
     </span>
     <span class='ocr_line' id='line_1_41' title="bbox 426 1726 1180 1774; baseline -0.008 -10"><span class='ocrx_word' id='word_1_182' title='bbox 426 1732 562 1774; x_wconf 79' lang='lat' dir='ltr'>iugales,</span> <span class='ocrx_word' id='word_1_183' title='bbox 584 1730 730 1773; x_wconf 80' lang='lat' dir='ltr'>bigamos</span> <span class='ocrx_word' id='word_1_184' title='bbox 745 1734 775 1762; x_wconf 85' lang='lat' dir='ltr'>et</span> <span class='ocrx_word' id='word_1_185' title='bbox 795 1728 876 1761; x_wconf 88' lang='lat' dir='ltr'>alios</span> <span class='ocrx_word' id='word_1_186' title='bbox 902 1727 1002 1760; x_wconf 85' lang='lat' dir='ltr'>laicos</span> <span class='ocrx_word' id='word_1_187' title='bbox 1031 1726 1180 1759; x_wconf 85' lang='lat' dir='ltr'>obtinen-</span> 
     </span>
     <span class='ocr_line' id='line_1_42' title="bbox 425 1779 1182 1826; baseline -0.009 -9"><span class='ocrx_word' id='word_1_188' title='bbox 425 1784 486 1826; x_wconf 89' lang='lat' dir='ltr'>dis,</span> <span class='ocrx_word' id='word_1_189' title='bbox 509 1783 630 1816; x_wconf 88' lang='lat' dir='ltr'>eisdem</span> <span class='ocrx_word' id='word_1_190' title='bbox 660 1793 718 1825; x_wconf 89' lang='lat' dir='ltr'>per</span> <span class='ocrx_word' id='word_1_191' title='bbox 743 1782 829 1825; x_wconf 90' lang='lat' dir='ltr'>ipsos</span> <span class='ocrx_word' id='word_1_192' title='bbox 849 1791 885 1814; x_wconf 93' lang='lat' dir='ltr'>ac</span> <span class='ocrx_word' id='word_1_193' title='bbox 916 1780 988 1813; x_wconf 84' lang='lat' dir='ltr'>aliis</span> <span class='ocrx_word' id='word_1_194' title='bbox 1019 1779 1182 1812; x_wconf 76' lang='lat' dir='ltr'>similibus</span> 
     </span>
     <span class='ocr_line' id='line_1_43' title="bbox 426 1833 1183 1882; baseline -0.009 -11"><span class='ocrx_word' id='word_1_195' title='bbox 426 1848 485 1882; x_wconf 87' lang='lat' dir='ltr'>per</span> <span class='ocrx_word' id='word_1_196' title='bbox 500 1836 580 1869; x_wconf 88' lang='lat' dir='ltr'>alios</span> <span class='ocrx_word' id='word_1_197' title='bbox 601 1835 737 1869; x_wconf 87' lang='lat' dir='ltr'>clericos</span> <span class='ocrx_word' id='word_1_198' title='bbox 752 1835 786 1867; x_wconf 92' lang='lat' dir='ltr'>in</span> <span class='ocrx_word' id='word_1_199' title='bbox 799 1834 900 1867; x_wconf 89' lang='lat' dir='ltr'>alium</span> <span class='ocrx_word' id='word_1_200' title='bbox 916 1833 964 1866; x_wconf 90' lang='lat' dir='ltr'>vel</span> <span class='ocrx_word' id='word_1_201' title='bbox 980 1833 1060 1865; x_wconf 89' lang='lat' dir='ltr'>alios</span> <span class='ocrx_word' id='word_1_202' title='bbox 1080 1838 1183 1865; x_wconf 84' lang='lat' dir='ltr'>trans-</span> 
     </span>
     <span class='ocr_line' id='line_1_44' title="bbox 427 1886 1182 1932; baseline -0.008 -9"><span class='ocrx_word' id='word_1_203' title='bbox 427 1889 651 1932; x_wconf 86' lang='lat' dir='ltr'>se1·endis‚per</span> <span class='ocrx_word' id='word_1_204' title='bbox 666 1897 891 1931; x_wconf 87' lang='lat' dir='ltr'>quoscumque</span> <span class='ocrx_word' id='word_1_205' title='bbox 914 1887 1076 1919; x_wconf 82' lang='lat' dir='ltr'>Romanos</span> <span class='ocrx_word' id='word_1_206' title='bbox 1101 1886 1182 1918; x_wconf 88' lang='lat' dir='ltr'>Pon-</span> 
     </span>
     <span class='ocr_line' id='line_1_45' title="bbox 428 1941 1183 1985; baseline -0.008 -9"><span class='ocrx_word' id='word_1_207' title='bbox 428 1943 531 1976; x_wconf 84' lang='lat' dir='ltr'>tifices</span> <span class='ocrx_word' id='word_1_208' title='bbox 561 1941 827 1985; x_wconf 79' lang='lat' dir='ltr'>praedecessores</span> <span class='ocrx_word' id='word_1_209' title='bbox 854 1944 981 1972; x_wconf 86' lang='lat' dir='ltr'>nostros</span> <span class='ocrx_word' id='word_1_210' title='bbox 1012 1949 1048 1971; x_wconf 92' lang='lat' dir='ltr'>ac</span> <span class='ocrx_word' id='word_1_211' title='bbox 1069 1948 1128 1971; x_wconf 90' lang='lat' dir='ltr'>nos</span> <span class='ocrx_word' id='word_1_212' title='bbox 1153 1943 1183 1970; x_wconf 88' lang='grc'>01</span> 
     </span>
     <span class='ocr_line' id='line_1_46' title="bbox 427 1991 1182 2040; baseline -0.008 -11"><span class='ocrx_word' id='word_1_213' title='bbox 427 1995 626 2040; x_wconf 83' lang='lat' dir='ltr'>praedictam</span> <span class='ocrx_word' id='word_1_214' title='bbox 647 1994 776 2034; x_wconf 75' lang='lat' dir='ltr'>Sedem,</span> <span class='ocrx_word' id='word_1_215' title='bbox 799 1998 862 2025; x_wconf 90' lang='lat' dir='ltr'>tam</span> <span class='ocrx_word' id='word_1_216' title='bbox 885 1992 917 2024; x_wconf 94' lang='lat' dir='ltr'>in</span> <span class='ocrx_word' id='word_1_217' title='bbox 938 1992 1083 2035; x_wconf 88' lang='lat' dir='ltr'>ipsorum</span> <span class='ocrx_word' id='word_1_218' title='bbox 1110 1991 1182 2024; x_wconf 81' lang='lat' dir='ltr'>osti-</span> 
     </span>
     <span class='ocr_line' id='line_1_47' title="bbox 428 2045 1184 2089; baseline -0.007 -7"><span class='ocrx_word' id='word_1_219' title='bbox 428 2050 555 2083; x_wconf 89' lang='lat' dir='ltr'>ciorum</span> <span class='ocrx_word' id='word_1_220' title='bbox 573 2047 773 2081; x_wconf 85' lang='lat' dir='ltr'>institutione</span> <span class='ocrx_word' id='word_1_221' title='bbox 785 2056 881 2089; x_wconf 90' lang='lat' dir='ltr'>quam</span> <span class='ocrx_word' id='word_1_222' title='bbox 899 2045 1066 2088; x_wconf 86' lang='lat' dir='ltr'>deinceps,</span> <span class='ocrx_word' id='word_1_223' title='bbox 1084 2055 1184 2088; x_wconf 87' lang='lat' dir='ltr'>quan-</span> 
     </span>
     <span class='ocr_line' id='line_1_48' title="bbox 428 2098 1184 2144; baseline -0.007 -9"><span class='ocrx_word' id='word_1_224' title='bbox 428 2103 613 2144; x_wconf 88' lang='lat' dir='ltr'>documque</span> <span class='ocrx_word' id='word_1_225' title='bbox 641 2106 668 2133; x_wconf 87' lang='lat' dir='ltr'>ct</span> <span class='ocrx_word' id='word_1_226' title='bbox 691 2099 973 2143; x_wconf 83' lang='lat' dir='ltr'>quotiescumque,</span> <span class='ocrx_word' id='word_1_227' title='bbox 1005 2098 1100 2131; x_wconf 86' lang='lat' dir='ltr'>etiam</span> <span class='ocrx_word' id='word_1_228' title='bbox 1126 2108 1184 2141; x_wconf 90' lang='lat' dir='ltr'>per</span> 
     </span>
     <span class='ocr_line' id='line_1_49' title="bbox 430 2151 1184 2195; baseline -0.007 -8"><span class='ocrx_word' id='word_1_229' title='bbox 430 2155 563 2188; x_wconf 87' lang='lat' dir='ltr'>modum</span> <span class='ocrx_word' id='word_1_230' title='bbox 592 2152 701 2186; x_wconf 90' lang='lat' dir='ltr'>statuti</span> <span class='ocrx_word' id='word_1_231' title='bbox 722 2152 884 2195; x_wconf 88' lang='lat' dir='ltr'>perpetui,</span> <span class='ocrx_word' id='word_1_232' title='bbox 907 2162 943 2184; x_wconf 88' lang='lat' dir='ltr'>ac</span> <span class='ocrx_word' id='word_1_233' title='bbox 970 2151 1041 2183; x_wconf 90' lang='lat' dir='ltr'>initi</span> <span class='ocrx_word' id='word_1_234' title='bbox 1070 2156 1100 2183; x_wconf 88' lang='lat' dir='ltr'>et</span> <span class='ocrx_word' id='word_1_235' title='bbox 1127 2151 1184 2183; x_wconf 89' lang='lat' dir='ltr'>sti-</span> 
     </span>
     <span class='ocr_line' id='line_1_50' title="bbox 430 2203 1184 2251; baseline -0.005 -11"><span class='ocrx_word' id='word_1_236' title='bbox 430 2208 531 2251; x_wconf 87' lang='lat' dir='ltr'>pulati</span> <span class='ocrx_word' id='word_1_237' title='bbox 552 2211 747 2245; x_wconf 87' lang='lat' dir='ltr'>contractus,</span> <span class='ocrx_word' id='word_1_238' title='bbox 763 2210 793 2237; x_wconf 92' lang='lat' dir='ltr'>et</span> <span class='ocrx_word' id='word_1_239' title='bbox 813 2204 891 2237; x_wconf 89' lang='lat' dir='ltr'>alias</span> <span class='ocrx_word' id='word_1_240' title='bbox 900 2203 1184 2246; x_wconf 81' lang='lat' dir='ltr'>subquibuscum-</span> 
     </span>
     <span class='ocr_line' id='line_1_51' title="bbox 430 2256 1184 2302; baseline -0.004 -10"><span class='ocrx_word' id='word_1_241' title='bbox 430 2270 494 2302; x_wconf 88' lang='lat' dir='ltr'>que</span> <span class='ocrx_word' id='word_1_242' title='bbox 514 2258 682 2292; x_wconf 88' lang='lat' dir='ltr'>tenoribus</span> <span class='ocrx_word' id='word_1_243' title='bbox 702 2262 733 2290; x_wconf 89' lang='lat' dir='ltr'>ct</span> <span class='ocrx_word' id='word_1_244' title='bbox 753 2257 876 2296; x_wconf 82' lang='lat' dir='ltr'>formis,</span> <span class='ocrx_word' id='word_1_245' title='bbox 899 2267 936 2289; x_wconf 89' lang='lat' dir='ltr'>ac</span> <span class='ocrx_word' id='word_1_246' title='bbox 958 2266 1032 2288; x_wconf 90' lang='lat' dir='ltr'>cum</span> <span class='ocrx_word' id='word_1_247' title='bbox 1053 2256 1184 2299; x_wconf 87' lang='lat' dir='ltr'>quibus-</span> 
     </span>
     <span class='ocr_line' id='line_1_52' title="bbox 430 2309 1184 2353; baseline -0.005 -8"><span class='ocrx_word' id='word_1_248' title='bbox 430 2313 476 2345; x_wconf 87' lang='lat' dir='ltr'>vis</span> <span class='ocrx_word' id='word_1_249' title='bbox 520 2311 800 2350; x_wconf 80' lang='lat' dir='ltr'>restitutionibus,</span> <span class='ocrx_word' id='word_1_250' title='bbox 850 2309 1184 2353; x_wconf 85' lang='lat' dir='ltr'>praeservationibus,</span> 
     </span>
    </p>
   </div>
   <div class='ocr_carea' id='block_1_7' title="bbox 432 2362 1188 2651">
    <p class='ocr_par' dir='ltr' id='par_1_8' title="bbox 432 2362 1188 2651">
     <span class='ocr_line' id='line_1_53' title="bbox 433 2362 1183 2405; baseline -0.005 -7"><span class='ocrx_word' id='word_1_251' title='bbox 433 2365 549 2398; x_wconf 87' lang='lat' dir='ltr'>mentis</span> <span class='ocrx_word' id='word_1_252' title='bbox 589 2363 872 2403; x_wconf 86' lang='lat' dir='ltr'>attestationibus,</span> <span class='ocrx_word' id='word_1_253' title='bbox 905 2362 1183 2405; x_wconf 76' lang='lat' dir='ltr'>derogatoriarum</span> 
     </span>
     <span class='ocr_line' id='line_1_54' title="bbox 432 2410 1187 2456; baseline -0.004 -10"><span class='ocrx_word' id='word_1_254' title='bbox 432 2413 645 2456; x_wconf 78' lang='lat' dir='ltr'>derogatoriis</span> <span class='ocrx_word' id='word_1_255' title='bbox 662 2412 799 2455; x_wconf 83' lang='lat' dir='ltr'>aliisque</span> <span class='ocrx_word' id='word_1_256' title='bbox 813 2411 1014 2450; x_wconf 85' lang='lat' dir='ltr'>fortioribus,</span> <span class='ocrx_word' id='word_1_257' title='bbox 1030 2410 1187 2443; x_wconf 82' lang='lat' dir='ltr'>efficacis-</span> 
     </span>
     <span class='ocr_line' id='line_1_55' title="bbox 433 2459 1185 2499; baseline -0.003 -6"><span class='ocrx_word' id='word_1_258' title='bbox 433 2462 524 2494; x_wconf 87' lang='lat' dir='ltr'>simis</span> <span class='ocrx_word' id='word_1_259' title='bbox 549 2467 579 2494; x_wconf 90' lang='lat' dir='ltr'>et</span> <span class='ocrx_word' id='word_1_260' title='bbox 604 2461 741 2494; x_wconf 88' lang='lat' dir='ltr'>insolitis</span> <span class='ocrx_word' id='word_1_261' title='bbox 762 2459 927 2499; x_wconf 88' lang='lat' dir='ltr'>clausulis,</span> <span class='ocrx_word' id='word_1_262' title='bbox 949 2469 1077 2491; x_wconf 87' lang='lat' dir='ltr'>necnon</span> <span class='ocrx_word' id='word_1_263' title='bbox 1111 2459 1185 2492; x_wconf 88' lang='lat' dir='ltr'>irri-</span> 
     </span>
     <span class='ocr_line' id='line_1_56' title="bbox 434 2508 1186 2550; baseline -0.005 -6"><span class='ocrx_word' id='word_1_264' title='bbox 434 2510 575 2544; x_wconf 86' lang='lat' dir='ltr'>tantibus</span> <span class='ocrx_word' id='word_1_265' title='bbox 590 2516 621 2543; x_wconf 90' lang='grc'>01</span> <span class='ocrx_word' id='word_1_266' title='bbox 637 2510 708 2543; x_wconf 84' lang='grc'>01115</span> <span class='ocrx_word' id='word_1_267' title='bbox 723 2509 872 2548; x_wconf 87' lang='lat' dir='ltr'>decretis,</span> <span class='ocrx_word' id='word_1_268' title='bbox 891 2508 988 2541; x_wconf 87' lang='lat' dir='ltr'>etiam</span> <span class='ocrx_word' id='word_1_269' title='bbox 1004 2513 1093 2540; x_wconf 90' lang='lat' dir='ltr'>motu</span> <span class='ocrx_word' id='word_1_270' title='bbox 1110 2518 1186 2550; x_wconf 90' lang='lat' dir='ltr'>pro-</span> 
     </span>
     <span class='ocr_line' id='line_1_57' title="bbox 435 2555 1186 2602; baseline -0.005 -11"><span class='ocrx_word' id='word_1_271' title='bbox 435 2559 508 2602; x_wconf 91' lang='lat' dir='ltr'>prio</span> <span class='ocrx_word' id='word_1_272' title='bbox 536 2563 567 2591; x_wconf 87' lang='grc'>01</span> <span class='ocrx_word' id='word_1_273' title='bbox 594 2569 631 2591; x_wconf 85' lang='lat' dir='ltr'>ex</span> <span class='ocrx_word' id='word_1_274' title='bbox 666 2564 753 2591; x_wconf 86' lang='lat' dir='ltr'>certa</span> <span class='ocrx_word' id='word_1_275' title='bbox 786 2557 918 2590; x_wconf 86' lang='lat' dir='ltr'>scientia</span> <span class='ocrx_word' id='word_1_276' title='bbox 951 2556 1055 2599; x_wconf 85' lang='lat' dir='ltr'>deque</span> <span class='ocrx_word' id='word_1_277' title='bbox 1088 2555 1186 2588; x_wconf 84' lang='lat' dir='ltr'>simili</span> 
     </span>
     <span class='ocr_line' id='line_1_58' title="bbox 435 2603 1188 2651; baseline -0.005 -11"><span class='ocrx_word' id='word_1_278' title='bbox 435 2607 601 2651; x_wconf 87' lang='lat' dir='ltr'>potcstatis</span> <span class='ocrx_word' id='word_1_279' title='bbox 625 2606 840 2651; x_wconf 87' lang='lat' dir='ltr'>plenitudine,</span> <span class='ocrx_word' id='word_1_280' title='bbox 862 2606 958 2639; x_wconf 85' lang='lat' dir='ltr'>etiam</span> <span class='ocrx_word' id='word_1_281' title='bbox 991 2614 1050 2647; x_wconf 88' lang='lat' dir='ltr'>pro</span> <span class='ocrx_word' id='word_1_282' title='bbox 1079 2603 1188 2637; x_wconf 85' lang='lat' dir='ltr'>descu-</span> 
     </span>
    </p>
   </div>
   <div class='ocr_carea' id='block_1_8' title="bbox 1016 240 1371 267">
    <p class='ocr_par' dir='ltr' id='par_1_9' title="bbox 1016 240 1371 267">
     <span class='ocr_line' id='line_1_59' title="bbox 1016 240 1371 267; baseline -0.008 0"><span class='ocrx_word' id='word_1_283' title='bbox 1016 241 1194 267; x_wconf 71' lang='lat' dir='ltr'>BULLARIUM</span> <span class='ocrx_word' id='word_1_284' title='bbox 1219 240 1371 266; x_wconf 72' lang='lat' dir='ltr'><strong>ROMANUM</strong></span> 
     </span>
    </p>
   </div>
   <div class='ocr_carea' id='block_1_9' title="bbox 1215 289 1975 1023">
    <p class='ocr_par' dir='ltr' id='par_1_10' title="bbox 1215 289 1975 1023">
     <span class='ocr_line' id='line_1_60' title="bbox 1215 289 1968 327; baseline -0.005 0"><span class='ocrx_word' id='word_1_285' title='bbox 1215 294 1306 327; x_wconf 90' lang='lat' dir='ltr'>sione</span> <span class='ocrx_word' id='word_1_286' title='bbox 1326 291 1401 326; x_wconf 86' lang='lat' dir='ltr'>fidei</span> <span class='ocrx_word' id='word_1_287' title='bbox 1418 290 1596 325; x_wconf 85' lang='lat' dir='ltr'>catholicae</span> <span class='ocrx_word' id='word_1_288' title='bbox 1617 295 1672 323; x_wconf 85' lang='lat' dir='ltr'>aut</span> <span class='ocrx_word' id='word_1_289' title='bbox 1691 290 1796 324; x_wconf 85' lang='lat' dir='ltr'>dictae</span> <span class='ocrx_word' id='word_1_290' title='bbox 1816 289 1907 324; x_wconf 87' lang='lat' dir='ltr'>Sedis</span> <span class='ocrx_word' id='word_1_291' title='bbox 1937 293 1968 323; x_wconf 85' lang='lat' dir='ltr'>et</span> 
     </span>
     <span class='ocr_line' id='line_1_61' title="bbox 1215 342 1969 390; baseline -0.004 -12"><span class='ocrx_word' id='word_1_292' title='bbox 1215 345 1413 390; x_wconf 80' lang='lat' dir='ltr'>quibuslibet</span> <span class='ocrx_word' id='word_1_293' title='bbox 1432 344 1503 377; x_wconf 90' lang='lat' dir='ltr'>aliis</span> <span class='ocrx_word' id='word_1_294' title='bbox 1518 343 1634 383; x_wconf 88' lang='lat' dir='ltr'>causis,</span> <span class='ocrx_word' id='word_1_295' title='bbox 1645 342 1881 386; x_wconf 85' lang='lat' dir='ltr'>quantumlibet</span> <span class='ocrx_word' id='word_1_296' title='bbox 1898 353 1969 386; x_wconf 77' lang='lat' dir='ltr'>gra-</span> 
     </span>
     <span class='ocr_line' id='line_1_62' title="bbox 1215 395 1967 442; baseline -0.004 -10"><span class='ocrx_word' id='word_1_297' title='bbox 1215 399 1317 440; x_wconf 85' lang='lat' dir='ltr'>vibus,</span> <span class='ocrx_word' id='word_1_298' title='bbox 1335 397 1538 442; x_wconf 77' lang='lat' dir='ltr'>urgentibus,</span> <span class='ocrx_word' id='word_1_299' title='bbox 1560 395 1749 429; x_wconf 87' lang='lat' dir='ltr'>necessariis</span> <span class='ocrx_word' id='word_1_300' title='bbox 1765 401 1796 429; x_wconf 88' lang='grc'>01</span> <span class='ocrx_word' id='word_1_301' title='bbox 1810 396 1967 437; x_wconf 86' lang='lat' dir='ltr'>onerosis,</span> 
     </span>
     <span class='ocr_line' id='line_1_63' title="bbox 1216 447 1970 489; baseline -0.007 -3"><span class='ocrx_word' id='word_1_302' title='bbox 1216 464 1252 486; x_wconf 90' lang='grc'>00</span> <span class='ocrx_word' id='word_1_303' title='bbox 1272 453 1368 485; x_wconf 87' lang='lat' dir='ltr'>etiam</span> <span class='ocrx_word' id='word_1_304' title='bbox 1389 449 1660 489; x_wconf 88' lang='lat' dir='ltr'>consideratione,</span> <span class='ocrx_word' id='word_1_305' title='bbox 1678 447 1808 489; x_wconf 86' lang='lat' dir='ltr'>intuitu,</span> <span class='ocrx_word' id='word_1_306' title='bbox 1827 453 1970 482; x_wconf 88' lang='lat' dir='ltr'>contem-</span> 
     </span>
     <span class='ocr_line' id='line_1_64' title="bbox 1216 500 1968 549; baseline -0.001 -14"><span class='ocrx_word' id='word_1_307' title='bbox 1216 505 1358 549; x_wconf 83' lang='lat' dir='ltr'>platione</span> <span class='ocrx_word' id='word_1_308' title='bbox 1391 505 1439 537; x_wconf 87' lang='lat' dir='ltr'>vel</span> <span class='ocrx_word' id='word_1_309' title='bbox 1466 503 1505 536; x_wconf 89' lang='lat' dir='ltr'>ad</span> <span class='ocrx_word' id='word_1_310' title='bbox 1536 501 1723 535; x_wconf 87' lang='lat' dir='ltr'>instantiam</span> <span class='ocrx_word' id='word_1_311' title='bbox 1750 500 1968 544; x_wconf 89' lang='lat' dir='ltr'>imperatoris,</span> 
     </span>
     <span class='ocr_line' id='line_1_65' title="bbox 1217 553 1970 600; baseline -0.007 -9"><span class='ocrx_word' id='word_1_312' title='bbox 1217 569 1343 600; x_wconf 62' lang='lat' dir='ltr'>regma,</span> <span class='ocrx_word' id='word_1_313' title='bbox 1376 558 1497 591; x_wconf 92' lang='lat' dir='ltr'>ducum</span> <span class='ocrx_word' id='word_1_314' title='bbox 1531 555 1738 598; x_wconf 83' lang='lat' dir='ltr'>aliorumque</span> <span class='ocrx_word' id='word_1_315' title='bbox 1769 553 1970 598; x_wconf 86' lang='lat' dir='ltr'>principum,</span> 
     </span>
     <span class='ocr_line' id='line_1_66' title="bbox 1216 606 1973 650; baseline -0.005 -7"><span class='ocrx_word' id='word_1_316' title='bbox 1216 622 1342 645; x_wconf 91' lang='lat' dir='ltr'>necnon</span> <span class='ocrx_word' id='word_1_317' title='bbox 1363 611 1394 644; x_wconf 84' lang='lat' dir='ltr'>S.</span> <span class='ocrx_word' id='word_1_318' title='bbox 1418 610 1454 643; x_wconf 80' lang='lat' dir='ltr'>R.</span> <span class='ocrx_word' id='word_1_319' title='bbox 1477 609 1513 642; x_wconf 85' lang='lat' dir='ltr'>E.</span> <span class='ocrx_word' id='word_1_320' title='bbox 1536 608 1763 648; x_wconf 84' lang='lat' dir='ltr'>cardinalium,</span> <span class='ocrx_word' id='word_1_321' title='bbox 1786 606 1973 650; x_wconf 63' lang='grc'>(1011001110-</span> 
     </span>
     <span class='ocr_line' id='line_1_67' title="bbox 1217 660 1973 697; baseline -0.005 0"><span class='ocrx_word' id='word_1_322' title='bbox 1217 676 1290 697; x_wconf 85' lang='grc'>1·11111</span> <span class='ocrx_word' id='word_1_323' title='bbox 1331 663 1467 697; x_wconf 87' lang='grc'>00051110</span> <span class='ocrx_word' id='word_1_324' title='bbox 1507 668 1537 695; x_wconf 90' lang='grc'>01</span> <span class='ocrx_word' id='word_1_325' title='bbox 1575 667 1701 695; x_wconf 87' lang='lat' dir='ltr'>matura</span> <span class='ocrx_word' id='word_1_326' title='bbox 1739 660 1973 694; x_wconf 82' lang='lat' dir='ltr'>deliberatione</span> 
     </span>
     <span class='ocr_line' id='line_1_68' title="bbox 1217 714 1972 761; baseline -0.004 -11"><span class='ocrx_word' id='word_1_327' title='bbox 1217 717 1308 761; x_wconf 84' lang='lat' dir='ltr'>prius</span> <span class='ocrx_word' id='word_1_328' title='bbox 1328 717 1468 760; x_wconf 83' lang='lat' dir='ltr'>desuper</span> <span class='ocrx_word' id='word_1_329' title='bbox 1500 715 1622 755; x_wconf 85' lang='lat' dir='ltr'>habita,</span> <span class='ocrx_word' id='word_1_330' title='bbox 1654 725 1818 755; x_wconf 90' lang='lat' dir='ltr'>concessa,</span> <span class='ocrx_word' id='word_1_331' title='bbox 1852 714 1972 748; x_wconf 87' lang='lat' dir='ltr'>confir-</span> 
     </span>
     <span class='ocr_line' id='line_1_69' title="bbox 1217 767 1972 811; baseline -0.004 -8"><span class='ocrx_word' id='word_1_332' title='bbox 1217 776 1314 811; x_wconf 88' lang='lat' dir='ltr'>mata,</span> <span class='ocrx_word' id='word_1_333' title='bbox 1344 780 1381 803; x_wconf 89' lang='lat' dir='ltr'>ac</span> <span class='ocrx_word' id='word_1_334' title='bbox 1401 769 1497 802; x_wconf 89' lang='lat' dir='ltr'>etiam</span> <span class='ocrx_word' id='word_1_335' title='bbox 1521 768 1746 811; x_wconf 27' lang='lat' dir='ltr'>,multiplicatis</span> <span class='ocrx_word' id='word_1_336' title='bbox 1779 767 1904 801; x_wconf 88' lang='lat' dir='ltr'>vicibus</span> <span class='ocrx_word' id='word_1_337' title='bbox 1923 767 1972 800; x_wconf 92' lang='lat' dir='ltr'>in-</span> 
     </span>
     <span class='ocr_line' id='line_1_70' title="bbox 1217 821 1973 864; baseline -0.004 -8"><span class='ocrx_word' id='word_1_338' title='bbox 1217 829 1340 863; x_wconf 86' lang='lat' dir='ltr'>novata,</span> <span class='ocrx_word' id='word_1_339' title='bbox 1375 828 1504 856; x_wconf 84' lang='lat' dir='ltr'>extensa</span> <span class='ocrx_word' id='word_1_340' title='bbox 1534 827 1565 855; x_wconf 87' lang='lat' dir='ltr'>et</span> <span class='ocrx_word' id='word_1_341' title='bbox 1597 821 1773 855; x_wconf 86' lang='lat' dir='ltr'>moderata.</span> <span class='ocrx_word' id='word_1_342' title='bbox 1809 821 1973 864; x_wconf 17' lang='lat' dir='ltr'>Itaxquod</span> 
     </span>
     <span class='ocr_line' id='line_1_71' title="bbox 1218 875 1975 920; baseline -0.003 -12"><span class='ocrx_word' id='word_1_343' title='bbox 1218 876 1372 920; x_wconf 84' lang='lat' dir='ltr'>deinceps</span> <span class='ocrx_word' id='word_1_344' title='bbox 1402 876 1534 909; x_wconf 89' lang='lat' dir='ltr'>illorum</span> <span class='ocrx_word' id='word_1_345' title='bbox 1556 875 1601 908; x_wconf 89' lang='lat' dir='ltr'>sic</span> <span class='ocrx_word' id='word_1_346' title='bbox 1626 879 1851 908; x_wconf 87' lang='lat' dir='ltr'>revocatorum</span> <span class='ocrx_word' id='word_1_347' title='bbox 1879 885 1975 918; x_wconf 85' lang='lat' dir='ltr'>prae-</span> 
     </span>
     <span class='ocr_line' id='line_1_72' title="bbox 1217 926 1975 970; baseline -0.004 -8"><span class='ocrx_word' id='word_1_348' title='bbox 1217 934 1317 970; x_wconf 78' lang='lat' dir='ltr'>textu,</span> <span class='ocrx_word' id='word_1_349' title='bbox 1345 929 1430 969; x_wconf 86' lang='lat' dir='ltr'>laici,</span> <span class='ocrx_word' id='word_1_350' title='bbox 1452 929 1548 961; x_wconf 86' lang='lat' dir='ltr'>etiam</span> <span class='ocrx_word' id='word_1_351' title='bbox 1570 932 1657 960; x_wconf 85' lang='lat' dir='ltr'>extra</span> <span class='ocrx_word' id='word_1_352' title='bbox 1678 927 1869 970; x_wconf 83' lang='lat' dir='ltr'>coniugium</span> <span class='ocrx_word' id='word_1_353' title='bbox 1890 931 1922 960; x_wconf 88' lang='lat' dir='ltr'>et</span> <span class='ocrx_word' id='word_1_354' title='bbox 1942 926 1975 959; x_wconf 89' lang='lat' dir='ltr'>in</span> 
     </span>
     <span class='ocr_line' id='line_1_73' title="bbox 1218 979 1974 1023; baseline -0.005 -7"><span class='ocrx_word' id='word_1_355' title='bbox 1218 983 1379 1016; x_wconf 87' lang='lat' dir='ltr'>caelibatu</span> <span class='ocrx_word' id='word_1_356' title='bbox 1409 982 1558 1022; x_wconf 89' lang='lat' dir='ltr'>viventes,</span> <span class='ocrx_word' id='word_1_357' title='bbox 1591 992 1629 1014; x_wconf 89' lang='lat' dir='ltr'>ac</span> <span class='ocrx_word' id='word_1_358' title='bbox 1653 980 1775 1023; x_wconf 78' lang='lat' dir='ltr'>bigami</span> <span class='ocrx_word' id='word_1_359' title='bbox 1801 985 1832 1013; x_wconf 89' lang='lat' dir='ltr'>et</span> <span class='ocrx_word' id='word_1_360' title='bbox 1864 979 1974 1013; x_wconf 84' lang='lat' dir='ltr'>clerici</span> 
     </span>
    </p>
   </div>
   <div class='ocr_carea' id='block_1_10' title="bbox 1208 1032 1977 1084">
    <p class='ocr_par' dir='ltr' id='par_1_11' title="bbox 1208 1032 1977 1084">
     <span class='ocr_line' id='line_1_74' title="bbox 1208 1032 1977 1084; baseline -0.004 -15"><span class='ocrx_word' id='word_1_361' title='bbox 1208 1035 1393 1084; x_wconf 75' lang='lat' dir='ltr'>¹coniugati,</span> <span class='ocrx_word' id='word_1_362' title='bbox 1414 1036 1520 1069; x_wconf 88' lang='lat' dir='ltr'>nullas</span> <span class='ocrx_word' id='word_1_363' title='bbox 1540 1045 1637 1069; x_wconf 89' lang='lat' dir='ltr'>novas</span> <span class='ocrx_word' id='word_1_364' title='bbox 1655 1033 1827 1078; x_wconf 88' lang='lat' dir='ltr'>pensiones</span> <span class='ocrx_word' id='word_1_365' title='bbox 1839 1039 1894 1067; x_wconf 86' lang='lat' dir='ltr'>aut</span> <span class='ocrx_word' id='word_1_366' title='bbox 1911 1032 1977 1067; x_wconf 86' lang='lat' dir='ltr'>sru-</span> 
     </span>
    </p>
   </div>
   <div class='ocr_carea' id='block_1_11' title="bbox 1219 1087 1982 2349">
    <p class='ocr_par' dir='ltr' id='par_1_12' title="bbox 1219 1087 1980 1971">
     <span class='ocr_line' id='line_1_75' title="bbox 1219 1087 1977 1122; baseline -0.003 0"><span class='ocrx_word' id='word_1_367' title='bbox 1219 1094 1288 1122; x_wconf 86' lang='grc'>0105</span> <span class='ocrx_word' id='word_1_368' title='bbox 1318 1095 1373 1122; x_wconf 89' lang='grc'>0111</span> <span class='ocrx_word' id='word_1_369' title='bbox 1398 1090 1532 1122; x_wconf 87' lang='grc'>01110100</span> <span class='ocrx_word' id='word_1_370' title='bbox 1561 1089 1641 1122; x_wconf 88' lang='lat' dir='ltr'>alias</span> <span class='ocrx_word' id='word_1_371' title='bbox 1661 1099 1712 1121; x_wconf 87' lang='lat' dir='ltr'>res</span> <span class='ocrx_word' id='word_1_372' title='bbox 1741 1087 1977 1121; x_wconf 86' lang='lat' dir='ltr'>ecclesiasticas</span> 
     </span>
     <span class='ocr_line' id='line_1_76' title="bbox 1219 1140 1976 1186; baseline -0.001 -12"><span class='ocrx_word' id='word_1_373' title='bbox 1219 1141 1351 1182; x_wconf 83' lang='lat' dir='ltr'>habere,</span> <span class='ocrx_word' id='word_1_374' title='bbox 1374 1153 1434 1175; x_wconf 91' lang='grc'>000</span> <span class='ocrx_word' id='word_1_375' title='bbox 1455 1142 1529 1186; x_wconf 89' lang='lat' dir='ltr'>ipsi,</span> <span class='ocrx_word' id='word_1_376' title='bbox 1546 1142 1642 1175; x_wconf 86' lang='lat' dir='ltr'>etiam</span> <span class='ocrx_word' id='word_1_377' title='bbox 1659 1141 1715 1184; x_wconf 90' lang='lat' dir='ltr'>qui</span> <span class='ocrx_word' id='word_1_378' title='bbox 1730 1140 1893 1184; x_wconf 76' lang='lat' dir='ltr'>coniugati</span> <span class='ocrx_word' id='word_1_379' title='bbox 1909 1150 1976 1174; x_wconf 89' lang='lat' dir='ltr'>non</span> 
     </span>
     <span class='ocr_line' id='line_1_77' title="bbox 1219 1193 1976 1239; baseline 0 -12"><span class='ocrx_word' id='word_1_380' title='bbox 1219 1200 1304 1235; x_wconf 85' lang='lat' dir='ltr'>sunt,</span> <span class='ocrx_word' id='word_1_381' title='bbox 1328 1196 1353 1228; x_wconf 89' lang='lat' dir='ltr'>si</span> <span class='ocrx_word' id='word_1_382' title='bbox 1375 1196 1413 1228; x_wconf 88' lang='lat' dir='ltr'>ad</span> <span class='ocrx_word' id='word_1_383' title='bbox 1435 1196 1557 1239; x_wconf 88' lang='lat' dir='ltr'>primas</span> <span class='ocrx_word' id='word_1_384' title='bbox 1573 1201 1629 1228; x_wconf 90' lang='lat' dir='ltr'>aut</span> <span class='ocrx_word' id='word_1_385' title='bbox 1648 1195 1727 1228; x_wconf 89' lang='lat' dir='ltr'>alias</span> <span class='ocrx_word' id='word_1_386' title='bbox 1747 1193 1877 1238; x_wconf 86' lang='lat' dir='ltr'>nuptias</span> <span class='ocrx_word' id='word_1_387' title='bbox 1892 1199 1976 1227; x_wconf 86' lang='lat' dir='ltr'>tran-</span> 
     </span>
     <span class='ocr_line' id='line_1_78' title="bbox 1219 1247 1978 1292; baseline 0.001 -12"><span class='ocrx_word' id='word_1_388' title='bbox 1219 1248 1342 1289; x_wconf 83' lang='lat' dir='ltr'>sierint,</span> <span class='ocrx_word' id='word_1_389' title='bbox 1364 1249 1514 1291; x_wconf 86' lang='lat' dir='ltr'>antiquas</span> <span class='ocrx_word' id='word_1_390' title='bbox 1534 1248 1698 1292; x_wconf 88' lang='lat' dir='ltr'>deinceps;</span> <span class='ocrx_word' id='word_1_391' title='bbox 1721 1247 1832 1281; x_wconf 87' lang='lat' dir='ltr'>cleriei</span> <span class='ocrx_word' id='word_1_392' title='bbox 1847 1257 1922 1280; x_wconf 89' lang='lat' dir='ltr'>vero</span> <span class='ocrx_word' id='word_1_393' title='bbox 1947 1252 1978 1281; x_wconf 85' lang='lat' dir='ltr'>et</span> 
     </span>
     <span class='ocr_line' id='line_1_79' title="bbox 1220 1300 1978 1342; baseline 0.001 -9"><span class='ocrx_word' id='word_1_394' title='bbox 1220 1300 1273 1333; x_wconf 85' lang='lat' dir='ltr'>alii</span> <span class='ocrx_word' id='word_1_395' title='bbox 1301 1302 1558 1342; x_wconf 88' lang='lat' dir='ltr'>matrimonium,</span> <span class='ocrx_word' id='word_1_396' title='bbox 1589 1302 1685 1335; x_wconf 87' lang='lat' dir='ltr'>etiam</span> <span class='ocrx_word' id='word_1_397' title='bbox 1716 1311 1791 1334; x_wconf 88' lang='lat' dir='ltr'>cum</span> <span class='ocrx_word' id='word_1_398' title='bbox 1819 1300 1917 1334; x_wconf 87' lang='lat' dir='ltr'>unica</span> <span class='ocrx_word' id='word_1_399' title='bbox 1947 1306 1978 1334; x_wconf 84' lang='lat' dir='ltr'>et</span> 
     </span>
     <span class='ocr_line' id='line_1_80' title="bbox 1219 1353 1976 1398; baseline 0.001 -13"><span class='ocrx_word' id='word_1_400' title='bbox 1219 1353 1343 1396; x_wconf 76' lang='lat' dir='ltr'>virgine</span> <span class='ocrx_word' id='word_1_401' title='bbox 1364 1355 1574 1392; x_wconf 87' lang='lat' dir='ltr'>contracturi‚</span> <span class='ocrx_word' id='word_1_402' title='bbox 1602 1359 1774 1398; x_wconf 88' lang='lat' dir='ltr'>postquam</span> <span class='ocrx_word' id='word_1_403' title='bbox 1795 1353 1878 1386; x_wconf 90' lang='lat' dir='ltr'>illud</span> <span class='ocrx_word' id='word_1_404' title='bbox 1897 1363 1976 1393; x_wconf 85' lang='lat' dir='ltr'>con-</span> 
     </span>
     <span class='ocr_line' id='line_1_81' title="bbox 1222 1407 1978 1451; baseline 0.001 -12"><span class='ocrx_word' id='word_1_405' title='bbox 1222 1407 1387 1447; x_wconf 75' lang='lat' dir='ltr'>traxerint,</span> <span class='ocrx_word' id='word_1_406' title='bbox 1408 1417 1469 1440; x_wconf 90' lang='lat' dir='ltr'>nec</span> <span class='ocrx_word' id='word_1_407' title='bbox 1489 1408 1637 1451; x_wconf 82' lang='lat' dir='ltr'>antiquas</span> <span class='ocrx_word' id='word_1_408' title='bbox 1661 1407 1813 1447; x_wconf 85' lang='lat' dir='ltr'>relinere,</span> <span class='ocrx_word' id='word_1_409' title='bbox 1839 1416 1901 1440; x_wconf 85' lang='lat' dir='ltr'>nec</span> <span class='ocrx_word' id='word_1_410' title='bbox 1921 1416 1978 1440; x_wconf 92' lang='lat' dir='ltr'>no-</span> 
     </span>
     <span class='ocr_line' id='line_1_82' title="bbox 1220 1459 1978 1503; baseline 0.001 -12"><span class='ocrx_word' id='word_1_411' title='bbox 1220 1470 1273 1492; x_wconf 87' lang='lat' dir='ltr'>vas</span> <span class='ocrx_word' id='word_1_412' title='bbox 1292 1460 1420 1503; x_wconf 84' lang='lat' dir='ltr'>assequi</span> <span class='ocrx_word' id='word_1_413' title='bbox 1440 1460 1575 1503; x_wconf 85' lang='lat' dir='ltr'>possint.</span> <span class='ocrx_word' id='word_1_414' title='bbox 1599 1460 1660 1493; x_wconf 90' lang='lat' dir='ltr'>Sed</span> <span class='ocrx_word' id='word_1_415' title='bbox 1680 1471 1740 1493; x_wconf 92' lang='lat' dir='ltr'>nec</span> <span class='ocrx_word' id='word_1_416' title='bbox 1754 1459 1812 1493; x_wconf 89' lang='lat' dir='ltr'>ulli</span> <span class='ocrx_word' id='word_1_417' title='bbox 1822 1459 1897 1493; x_wconf 89' lang='lat' dir='ltr'>laici</span> <span class='ocrx_word' id='word_1_418' title='bbox 1917 1469 1978 1493; x_wconf 91' lang='lat' dir='ltr'>nec</span> 
     </span>
     <span class='ocr_line' id='line_1_83' title="bbox 1222 1513 1976 1558; baseline 0.001 -13"><span class='ocrx_word' id='word_1_419' title='bbox 1222 1513 1332 1546; x_wconf 88' lang='lat' dir='ltr'>clerici</span> <span class='ocrx_word' id='word_1_420' title='bbox 1359 1514 1527 1556; x_wconf 76' lang='lat' dir='ltr'>privilegio</span> <span class='ocrx_word' id='word_1_421' title='bbox 1548 1513 1763 1546; x_wconf 84' lang='lat' dir='ltr'>transferendi</span> <span class='ocrx_word' id='word_1_422' title='bbox 1789 1513 1976 1558; x_wconf 88' lang='lat' dir='ltr'>pensiones,</span> 
     </span>
     <span class='ocr_line' id='line_1_84' title="bbox 1222 1566 1978 1600; baseline 0.001 -2"><span class='ocrx_word' id='word_1_423' title='bbox 1222 1566 1346 1599; x_wconf 87' lang='lat' dir='ltr'>fructus</span> <span class='ocrx_word' id='word_1_424' title='bbox 1365 1571 1420 1599; x_wconf 85' lang='lat' dir='ltr'>aut</span> <span class='ocrx_word' id='word_1_425' title='bbox 1439 1566 1517 1599; x_wconf 89' lang='lat' dir='ltr'>alias</span> <span class='ocrx_word' id='word_1_426' title='bbox 1530 1577 1581 1600; x_wconf 87' lang='lat' dir='ltr'>res</span> <span class='ocrx_word' id='word_1_427' title='bbox 1593 1566 1781 1600; x_wconf 88' lang='lat' dir='ltr'>huiusmodi</span> <span class='ocrx_word' id='word_1_428' title='bbox 1798 1566 1837 1599; x_wconf 89' lang='lat' dir='ltr'>de</span> <span class='ocrx_word' id='word_1_429' title='bbox 1851 1571 1978 1600; x_wconf 87' lang='lat' dir='ltr'>caetero</span> 
     </span>
     <span class='ocr_line' id='line_1_85' title="bbox 1222 1618 1978 1662; baseline 0.003 -12"><span class='ocrx_word' id='word_1_430' title='bbox 1222 1619 1397 1662; x_wconf 86' lang='lat' dir='ltr'>potiantur.</span> <span class='ocrx_word' id='word_1_431' title='bbox 1437 1618 1654 1652; x_wconf 85' lang='lat' dir='ltr'>Decernentes</span> <span class='ocrx_word' id='word_1_432' title='bbox 1691 1629 1804 1652; x_wconf 89' lang='lat' dir='ltr'>omnes</span> <span class='ocrx_word' id='word_1_433' title='bbox 1841 1620 1978 1653; x_wconf 85' lang='lat' dir='ltr'>transse—</span> 
     </span>
     <span class='ocr_line' id='line_1_86' title="bbox 1222 1671 1980 1718; baseline 0.001 -14"><span class='ocrx_word' id='word_1_434' title='bbox 1222 1671 1313 1705; x_wconf 87' lang='lat' dir='ltr'>rendi</span> <span class='ocrx_word' id='word_1_435' title='bbox 1344 1672 1511 1718; x_wconf 84' lang='lat' dir='ltr'>facultates</span> <span class='ocrx_word' id='word_1_436' title='bbox 1544 1682 1581 1705; x_wconf 81' lang='lat' dir='ltr'>ex</span> <span class='ocrx_word' id='word_1_437' title='bbox 1608 1682 1710 1712; x_wconf 87' lang='lat' dir='ltr'>nunc;</span> <span class='ocrx_word' id='word_1_438' title='bbox 1732 1671 1880 1715; x_wconf 86' lang='lat' dir='ltr'>antiquas</span> <span class='ocrx_word' id='word_1_439' title='bbox 1902 1682 1980 1706; x_wconf 88' lang='lat' dir='ltr'>vero</span> 
     </span>
     <span class='ocr_line' id='line_1_87' title="bbox 1222 1725 1978 1769; baseline 0 -11"><span class='ocrx_word' id='word_1_440' title='bbox 1222 1725 1394 1769; x_wconf 85' lang='lat' dir='ltr'>pensiones</span> <span class='ocrx_word' id='word_1_441' title='bbox 1414 1730 1445 1758; x_wconf 89' lang='grc'>01</span> <span class='ocrx_word' id='word_1_442' title='bbox 1463 1725 1542 1758; x_wconf 85' lang='lat' dir='ltr'>alias</span> <span class='ocrx_word' id='word_1_443' title='bbox 1561 1725 1804 1766; x_wconf 85' lang='lat' dir='ltr'>reservationes‚</span> <span class='ocrx_word' id='word_1_444' title='bbox 1824 1730 1889 1758; x_wconf 89' lang='lat' dir='ltr'>tam</span> <span class='ocrx_word' id='word_1_445' title='bbox 1919 1725 1978 1758; x_wconf 91' lang='lat' dir='ltr'>lai-</span> 
     </span>
     <span class='ocr_line' id='line_1_88' title="bbox 1223 1777 1979 1822; baseline 0.001 -12"><span class='ocrx_word' id='word_1_446' title='bbox 1223 1779 1268 1811; x_wconf 87' lang='lat' dir='ltr'>cis</span> <span class='ocrx_word' id='word_1_447' title='bbox 1288 1789 1385 1821; x_wconf 85' lang='lat' dir='ltr'>quam</span> <span class='ocrx_word' id='word_1_448' title='bbox 1407 1778 1533 1811; x_wconf 87' lang='lat' dir='ltr'>clericis</span> <span class='ocrx_word' id='word_1_449' title='bbox 1553 1788 1733 1819; x_wconf 87' lang='lat' dir='ltr'>concessas,</span> <span class='ocrx_word' id='word_1_450' title='bbox 1748 1783 1779 1812; x_wconf 90' lang='lat' dir='ltr'>et</span> <span class='ocrx_word' id='word_1_451' title='bbox 1794 1788 1874 1821; x_wconf 87' lang='lat' dir='ltr'>quas</span> <span class='ocrx_word' id='word_1_452' title='bbox 1891 1777 1979 1822; x_wconf 90' lang='lat' dir='ltr'>ipsos</span> 
     </span>
     <span class='ocr_line' id='line_1_89' title="bbox 1223 1831 1979 1874; baseline 0 -10"><span class='ocrx_word' id='word_1_453' title='bbox 1223 1832 1360 1865; x_wconf 89' lang='lat' dir='ltr'>clericos</span> <span class='ocrx_word' id='word_1_454' title='bbox 1392 1831 1513 1864; x_wconf 86' lang='lat' dir='ltr'>habere</span> <span class='ocrx_word' id='word_1_455' title='bbox 1537 1831 1720 1874; x_wconf 78' lang='lat' dir='ltr'>contigerit,</span> <span class='ocrx_word' id='word_1_456' title='bbox 1753 1842 1811 1874; x_wconf 91' lang='lat' dir='ltr'>per</span> <span class='ocrx_word' id='word_1_457' title='bbox 1831 1832 1979 1864; x_wconf 85' lang='lat' dir='ltr'>futurum</span> 
     </span>
     <span class='ocr_line' id='line_1_90' title="bbox 1224 1883 1980 1918; baseline 0 0"><span class='ocrx_word' id='word_1_458' title='bbox 1224 1889 1427 1918; x_wconf 88' lang='lat' dir='ltr'>contractum</span> <span class='ocrx_word' id='word_1_459' title='bbox 1448 1884 1693 1918; x_wconf 88' lang='lat' dir='ltr'>matrimonium</span> <span class='ocrx_word' id='word_1_460' title='bbox 1715 1883 1905 1918; x_wconf 90' lang='lat' dir='ltr'>huiusmodi</span> <span class='ocrx_word' id='word_1_461' title='bbox 1925 1895 1980 1918; x_wconf 85' lang='lat' dir='ltr'>cx-</span> 
     </span>
     <span class='ocr_line' id='line_1_91' title="bbox 1224 1938 1446 1971; baseline 0.005 -1"><span class='ocrx_word' id='word_1_462' title='bbox 1224 1938 1340 1971; x_wconf 84' lang='lat' dir='ltr'>tinctas</span> <span class='ocrx_word' id='word_1_463' title='bbox 1366 1948 1446 1971; x_wconf 90' lang='lat' dir='ltr'>esse.</span> 
     </span>
    </p>

    <p class='ocr_par' dir='ltr' id='par_1_13' title="bbox 1224 1990 1982 2349">
     <span class='ocr_line' id='line_1_92' title="bbox 1269 1990 1982 2034; baseline 0 -11"><span class='ocrx_word' id='word_1_464' title='bbox 1269 1992 1283 2034; x_wconf 54' lang='grc' dir='ltr'>ᾗ</span> <span class='ocrx_word' id='word_1_465' title='bbox 1304 1991 1336 2024; x_wconf 72' lang='grc'>3.</span> <span class='ocrx_word' id='word_1_466' title='bbox 1361 1991 1405 2023; x_wconf 81' lang='lat' dir='ltr'>Ae</span> <span class='ocrx_word' id='word_1_467' title='bbox 1425 1990 1521 2023; x_wconf 88' lang='lat' dir='ltr'>etiam</span> <span class='ocrx_word' id='word_1_468' title='bbox 1542 2000 1732 2023; x_wconf 87' lang='lat' dir='ltr'>revocamus</span> <span class='ocrx_word' id='word_1_469' title='bbox 1756 1995 1787 2023; x_wconf 91' lang='lat' dir='ltr'>et</span> <span class='ocrx_word' id='word_1_470' title='bbox 1813 1990 1982 2024; x_wconf 88' lang='lat' dir='ltr'>abolemus</span> 
     </span>
     <span class='ocr_line' id='line_1_93' title="bbox 1225 2043 1980 2087; baseline 0 -11"><span class='ocrx_word' id='word_1_471' title='bbox 1225 2044 1333 2077; x_wconf 89' lang='lat' dir='ltr'>omnia</span> <span class='ocrx_word' id='word_1_472' title='bbox 1354 2050 1381 2077; x_wconf 89' lang='lat' dir='ltr'>et</span> <span class='ocrx_word' id='word_1_473' title='bbox 1400 2054 1627 2087; x_wconf 85' lang='lat' dir='ltr'>quaecumque</span> <span class='ocrx_word' id='word_1_474' title='bbox 1648 2043 1827 2086; x_wconf 80' lang='lat' dir='ltr'>privilegia,</span> <span class='ocrx_word' id='word_1_475' title='bbox 1845 2043 1980 2076; x_wconf 85' lang='lat' dir='ltr'>faculta-</span> 
     </span>
     <span class='ocr_line' id='line_1_94' title="bbox 1224 2095 1981 2140; baseline -0.001 -11"><span class='ocrx_word' id='word_1_476' title='bbox 1224 2103 1283 2137; x_wconf 87' lang='lat' dir='ltr'>tes,</span> <span class='ocrx_word' id='word_1_477' title='bbox 1306 2097 1560 2140; x_wconf 87' lang='lat' dir='ltr'>dispensationes</span> <span class='ocrx_word' id='word_1_478' title='bbox 1580 2101 1610 2129; x_wconf 91' lang='lat' dir='ltr'>et</span> <span class='ocrx_word' id='word_1_479' title='bbox 1627 2096 1753 2128; x_wconf 88' lang='lat' dir='ltr'>indulta</span> <span class='ocrx_word' id='word_1_480' title='bbox 1766 2095 1934 2129; x_wconf 87' lang='lat' dir='ltr'>obtinendi</span> <span class='ocrx_word' id='word_1_481' title='bbox 1950 2099 1981 2129; x_wconf 86' lang='lat' dir='ltr'>et</span> 
     </span>
     <span class='ocr_line' id='line_1_95' title="bbox 1225 2149 1982 2192; baseline -0.001 -10"><span class='ocrx_word' id='word_1_482' title='bbox 1225 2149 1439 2182; x_wconf 80' lang='lat' dir='ltr'>transferendi</span> <span class='ocrx_word' id='word_1_483' title='bbox 1459 2149 1581 2182; x_wconf 86' lang='lat' dir='ltr'>similes</span> <span class='ocrx_word' id='word_1_484' title='bbox 1601 2149 1786 2192; x_wconf 89' lang='lat' dir='ltr'>pensiones,</span> <span class='ocrx_word' id='word_1_485' title='bbox 1810 2149 1936 2182; x_wconf 85' lang='lat' dir='ltr'>fructus</span> <span class='ocrx_word' id='word_1_486' title='bbox 1951 2153 1982 2182; x_wconf 90' lang='lat' dir='ltr'>et</span> 
     </span>
     <span class='ocr_line' id='line_1_96' title="bbox 1225 2196 1982 2241; baseline -0.001 -6"><span class='ocrx_word' id='word_1_487' title='bbox 1225 2202 1304 2235; x_wconf 91' lang='lat' dir='ltr'>alias</span> <span class='ocrx_word' id='word_1_488' title='bbox 1324 2213 1375 2235; x_wconf 85' lang='lat' dir='ltr'>res</span> <span class='ocrx_word' id='word_1_489' title='bbox 1399 2202 1625 2241; x_wconf 81' lang='lat' dir='ltr'>ecclesiarum,</span> <span class='ocrx_word' id='word_1_490' title='bbox 1648 2196 1924 2235; x_wconf 77' lang='lat' dir='ltr'>monasteriorum</span> <span class='ocrx_word' id='word_1_491' title='bbox 1950 2206 1982 2234; x_wconf 88' lang='lat' dir='ltr'>et</span> 
     </span>
     <span class='ocr_line' id='line_1_97' title="bbox 1225 2253 1981 2288; baseline -0.001 0"><span class='ocrx_word' id='word_1_492' title='bbox 1225 2255 1364 2288; x_wconf 89' lang='lat' dir='ltr'>aliorum</span> <span class='ocrx_word' id='word_1_493' title='bbox 1397 2255 1634 2288; x_wconf 83' lang='lat' dir='ltr'>beneficiorum</span> <span class='ocrx_word' id='word_1_494' title='bbox 1666 2261 1697 2288; x_wconf 90' lang='lat' dir='ltr'>et</span> <span class='ocrx_word' id='word_1_495' title='bbox 1716 2253 1902 2288; x_wconf 84' lang='lat' dir='ltr'>officiorum</span> <span class='ocrx_word' id='word_1_496' title='bbox 1926 2264 1981 2287; x_wconf 89' lang='lat' dir='ltr'>ec-</span> 
     </span>
     <span class='ocr_line' id='line_1_98' title="bbox 1226 2303 1981 2349; baseline -0.004 -8"><span class='ocrx_word' id='word_1_497' title='bbox 1226 2303 1494 2347; x_wconf 81' lang='lat' dir='ltr'>clesiasticorum,</span> <span class='ocrx_word' id='word_1_498' title='bbox 1510 2307 1727 2340; x_wconf 88' lang='lat' dir='ltr'>saecularium</span> <span class='ocrx_word' id='word_1_499' title='bbox 1743 2311 1774 2340; x_wconf 85' lang='lat' dir='ltr'>et</span> <span class='ocrx_word' id='word_1_500' title='bbox 1781 2305 1981 2349; x_wconf 82' lang='lat' dir='ltr'>regularium</span> 
     </span>
    </p>
   </div>
   <div class='ocr_carea' id='block_1_12' title="bbox 1227 2358 1983 2647">
    <p class='ocr_par' dir='ltr' id='par_1_14' title="bbox 1227 2358 1983 2647">
     <span class='ocr_line' id='line_1_99' title="bbox 1227 2358 1983 2403; baseline -0.005 -9"><span class='ocrx_word' id='word_1_501' title='bbox 1227 2361 1257 2394; x_wconf 82' lang='lat' dir='ltr'>S.</span> <span class='ocrx_word' id='word_1_502' title='bbox 1282 2360 1388 2394; x_wconf 89' lang='lat' dir='ltr'>Iacobi</span> <span class='ocrx_word' id='word_1_503' title='bbox 1409 2361 1448 2393; x_wconf 91' lang='lat' dir='ltr'>de</span> <span class='ocrx_word' id='word_1_504' title='bbox 1460 2360 1592 2403; x_wconf 81' lang='lat' dir='ltr'>Spatha,</span> <span class='ocrx_word' id='word_1_505' title='bbox 1615 2360 1654 2392; x_wconf 86' lang='lat' dir='ltr'>de</span> <span class='ocrx_word' id='word_1_506' title='bbox 1673 2359 1849 2399; x_wconf 83' lang='lat' dir='ltr'>Calatrava,</span> <span class='ocrx_word' id='word_1_507' title='bbox 1872 2358 1911 2391; x_wconf 89' lang='lat' dir='ltr'>de</span> <span class='ocrx_word' id='word_1_508' title='bbox 1930 2358 1983 2390; x_wconf 91' lang='lat' dir='ltr'>Al-</span> 
     </span>
     <span class='ocr_line' id='line_1_100' title="bbox 1227 2406 1981 2450; baseline -0.004 -9"><span class='ocrx_word' id='word_1_509' title='bbox 1227 2414 1369 2449; x_wconf 88' lang='lat' dir='ltr'>cantara,</span> <span class='ocrx_word' id='word_1_510' title='bbox 1392 2408 1462 2441; x_wconf 89' lang='lat' dir='ltr'>Iesu</span> <span class='ocrx_word' id='word_1_511' title='bbox 1482 2407 1598 2441; x_wconf 82' lang='lat' dir='ltr'>Christi</span> <span class='ocrx_word' id='word_1_512' title='bbox 1620 2412 1650 2440; x_wconf 90' lang='lat' dir='ltr'>et</span> <span class='ocrx_word' id='word_1_513' title='bbox 1671 2407 1702 2441; x_wconf 87' lang='lat' dir='ltr'>S.</span> <span class='ocrx_word' id='word_1_514' title='bbox 1726 2406 1881 2450; x_wconf 84' lang='lat' dir='ltr'>Stephani</span> <span class='ocrx_word' id='word_1_515' title='bbox 1907 2416 1981 2439; x_wconf 86' lang='lat' dir='ltr'>cae-</span> 
     </span>
     <span class='ocr_line' id='line_1_101' title="bbox 1228 2454 1981 2500; baseline -0.003 -11"><span class='ocrx_word' id='word_1_516' title='bbox 1228 2458 1368 2500; x_wconf 90' lang='lat' dir='ltr'>terisque</span> <span class='ocrx_word' id='word_1_517' title='bbox 1390 2456 1523 2496; x_wconf 89' lang='lat' dir='ltr'>militiis,</span> <span class='ocrx_word' id='word_1_518' title='bbox 1545 2466 1673 2489; x_wconf 89' lang='lat' dir='ltr'>necnon</span> <span class='ocrx_word' id='word_1_519' title='bbox 1693 2455 1725 2489; x_wconf 85' lang='lat' dir='ltr'>S.</span> <span class='ocrx_word' id='word_1_520' title='bbox 1742 2455 1850 2488; x_wconf 89' lang='lat' dir='ltr'>Lazari</span> <span class='ocrx_word' id='word_1_521' title='bbox 1866 2454 1981 2488; x_wconf 88' lang='lat' dir='ltr'>Hiero-</span> 
     </span>
     <span class='ocr_line' id='line_1_102' title="bbox 1228 2502 1983 2548; baseline -0.003 -11"><span class='ocrx_word' id='word_1_522' title='bbox 1228 2505 1408 2548; x_wconf 80' lang='lat' dir='ltr'>solymitani</span> <span class='ocrx_word' id='word_1_523' title='bbox 1428 2506 1471 2548; x_wconf 52' lang='lat' dir='ltr'>jac</span> <span class='ocrx_word' id='word_1_524' title='bbox 1500 2505 1651 2537; x_wconf 88' lang='lat' dir='ltr'>omnibus</span> <span class='ocrx_word' id='word_1_525' title='bbox 1686 2509 1717 2537; x_wconf 88' lang='lat' dir='ltr'>et</span> <span class='ocrx_word' id='word_1_526' title='bbox 1744 2503 1879 2546; x_wconf 82' lang='lat' dir='ltr'>singulis</span> <span class='ocrx_word' id='word_1_527' title='bbox 1911 2502 1983 2536; x_wconf 84' lang='lat' dir='ltr'>aliis</span> 
     </span>
     <span class='ocr_line' id='line_1_103' title="bbox 1227 2551 1982 2597; baseline -0.004 -11"><span class='ocrx_word' id='word_1_528' title='bbox 1227 2554 1632 2597; x_wconf 85' lang='lat' dir='ltr'>hospitalibuseorumque</span> <span class='ocrx_word' id='word_1_529' title='bbox 1647 2552 1813 2592; x_wconf 86' lang='lat' dir='ltr'>militibus,</span> <span class='ocrx_word' id='word_1_530' title='bbox 1829 2551 1982 2584; x_wconf 86' lang='lat' dir='ltr'>fratribus</span> 
     </span>
     <span class='ocr_line' id='line_1_104' title="bbox 1229 2599 1982 2647; baseline -0.004 -11"><span class='ocrx_word' id='word_1_531' title='bbox 1229 2609 1259 2636; x_wconf 88' lang='lat' dir='ltr'>et</span> <span class='ocrx_word' id='word_1_532' title='bbox 1280 2603 1436 2647; x_wconf 86' lang='lat' dir='ltr'>personis,</span> <span class='ocrx_word' id='word_1_533' title='bbox 1455 2607 1521 2636; x_wconf 87' lang='lat' dir='ltr'>tam</span> <span class='ocrx_word' id='word_1_534' title='bbox 1535 2602 1662 2636; x_wconf 86' lang='lat' dir='ltr'>clericis</span> <span class='ocrx_word' id='word_1_535' title='bbox 1676 2611 1774 2645; x_wconf 88' lang='lat' dir='ltr'>quam</span> <span class='ocrx_word' id='word_1_536' title='bbox 1790 2599 1982 2643; x_wconf 59' lang='lat' dir='ltr'>coniugam,</span> 
     </span>
    </p>
   </div>
   <div class='ocr_carea' id='block_1_13' title="bbox 1982 231 2166 261">
    <p class='ocr_par' dir='ltr' id='par_1_15' title="bbox 1982 231 2166 261">
     <span class='ocr_line' id='line_1_105' title="bbox 1982 231 2166 261; baseline -0.011 0"><span class='ocrx_word' id='word_1_537' title='bbox 1982 233 2031 261; x_wconf 71' lang='lat' dir='ltr'>An.</span> <span class='ocrx_word' id='word_1_538' title='bbox 2049 231 2080 259; x_wconf 88' lang='lat' dir='ltr'>C.</span> <span class='ocrx_word' id='word_1_539' title='bbox 2098 231 2166 260; x_wconf 72' lang='lat'>1868</span> 
     </span>
    </p>
   </div>
   <div class='ocr_carea' id='block_1_14' title="bbox 1995 2000 2181 2206">
    <p class='ocr_par' dir='ltr' id='par_1_16' title="bbox 1995 2000 2181 2206">
     <span class='ocr_line' id='line_1_106' title="bbox 2022 2000 2180 2021; baseline 0 0"><span class='ocrx_word' id='word_1_540' title='bbox 2022 2000 2138 2021; x_wconf 74' lang='lat' dir='ltr'>Revocaiio</span> <span class='ocrx_word' id='word_1_541' title='bbox 2149 2001 2180 2021; x_wconf 74' lang='lat' dir='ltr'>si-</span> 
     </span>
     <span class='ocr_line' id='line_1_107' title="bbox 1995 2031 2178 2057; baseline 0 -6"><span class='ocrx_word' id='word_1_542' title='bbox 1995 2031 2050 2052; x_wconf 84' lang='lat' dir='ltr'>milis</span> <span class='ocrx_word' id='word_1_543' title='bbox 2072 2031 2178 2057; x_wconf 73' lang='lat' dir='ltr'>privilegi!</span> 
     </span>
     <span class='ocr_line' id='line_1_108' title="bbox 1996 2067 2173 2089; baseline 0 -7"><span class='ocrx_word' id='word_1_544' title='bbox 1996 2067 2173 2089; x_wconf 77' lang='lat' dir='ltr'>quarumcumque</span> 
     </span>
     <span class='ocr_line' id='line_1_109' title="bbox 1995 2093 2180 2113; baseline 0.005 -1"><span class='ocrx_word' id='word_1_545' title='bbox 1995 2093 2116 2113; x_wconf 82' lang='lat' dir='ltr'>militiarum</span> <span class='ocrx_word' id='word_1_546' title='bbox 2158 2095 2180 2113; x_wconf 82' lang='lat' dir='ltr'>et</span> 
     </span>
     <span class='ocr_line' id='line_1_110' title="bbox 1995 2123 2181 2150; baseline 0 -7"><span class='ocrx_word' id='word_1_547' title='bbox 1995 2123 2181 2150; x_wconf 78' lang='lat' dir='ltr'>liospitalium,ob—</span> 
     </span>
     <span class='ocr_line' id='line_1_111' title="bbox 1995 2154 2179 2181; baseline 0 -7"><span class='ocrx_word' id='word_1_548' title='bbox 1995 2154 2077 2174; x_wconf 80' lang='lat' dir='ltr'>tineudi</span> <span class='ocrx_word' id='word_1_549' title='bbox 2124 2159 2179 2181; x_wconf 83' lang='lat' dir='ltr'>pen-</span> 
     </span>
     <span class='ocr_line' id='line_1_112' title="bbox 1996 2186 2076 2206; baseline 0 -1"><span class='ocrx_word' id='word_1_550' title='bbox 1996 2186 2076 2206; x_wconf 81' lang='lat' dir='ltr'>sioues.</span> 
     </span>
    </p>
   </div>
  </div>
 </body>
</html>
