2237 3100
194 307 244 336 Αη.
263 307 291 334 C.
312 308 378 335 ¹566

214 524 377 544 eommuniiaics

196 556 258 575 etiam
284 557 304 574 ct
316 554 378 574 domi-

196 586 336 605 nuslocoiaim
347 590 379 604 se-

196 618 237 635 cuti
277 616 378 635 natur-mit

197 649 290 668 tatione<
302 650 322 667 et
343 653 379 666 oc-

194 681 307 705 cupatores
344 684 378 697 t‘a-

196 715 246 735 pei-e
257 709 335 728 dehere
345 709 379 728 de-

196 741 271 760 cernit:

224 1159 377 1178 tjaiuciuiriuni*

195 1196 233 1215 ipit·
248 1189 269 1208 S.
281 1187 303 1207 R.
316 1187 337 1208 Ε,
350 1189 377 1207 iu-

193 1221 261 1240 dicem
292 1219 378 1238 istarum

192 1256 303 1270 causarum
318 1256 377 1269 ocu-u>

195 1285 237 1307 1³³¹}

227 2222 312 2241 thurum
333 2227 384 2247 qno-

202 2260 240 2280 que
258 2256 277 2272 et
291 2254 336 2272 eius
351 2252 387 2271 dc-

204 2285 280 2310 putatis
297 2283 386 2303 faculta-

203 2318 243 2334 tum
273 2314 385 2334 deserendi

206 2352 258 2364 itinn
280 2344 386 2366 cnnrodih

439 291 505 325 444

394 359 420 386 et
435 352 599 396 quibusvis
615 352 684 384 aliis
702 351 833 383 minime
845 349 1056 389 obstantibus,
1070 349 1078 371 ¹
1095 359 1147 392 pe-

395 406 481 439 nitus
501 416 663 439 cassamus
679 410 708 437 et
726 403 892 445 suflragari
914 395 1078 435 nolumus.

438 460 453 502 ξ
473 459 504 491 7.
526 459 682 491 Volumus
702 462 812 489 autem
827 455 912 499 quod
940 455 970 487 in
991 454 1071 487 locis
1091 464 1146 487 seu

395 512 565 545 territoriis
586 511 639 544 ubi
664 509 869 551 naufragium
886 508 1067 551 praefatum
1080 517 1148 540 eve-

395 566 471 604 niet,
501 564 652 597 dominus
674 563 722 595 vel
744 562 866 596 domini
887 566 942 594 aut,
963 559 1146 594 eommuni-

395 625 441 651 tas
458 618 528 650 talis
552 617 613 650 loci
635 622 807 649 teneantur
825 615 1015 657 consignare
1037 614 1068 646 in
1085 624 1148 646 ma-

394 671 489 704 nibus
509 675 635 703 nostrae
653 669 791 702 iustitiae
813 674 840 701 et
866 668 1088 700 ministrorum
1110 667 1147 699 il-

395 724 456 756 lius
482 724 640 756 latronem
666 733 721 756 seu
742 723 894 762 latrones,
919 726 1146 764 usurpatorem

395 787 450 808 seu
477 781 698 819 usurpatores,
727 776 926 808 detentorem
953 785 1009 806 seu
1037 774 1147 806 deten-

396 835 480 862 tores
508 828 694 861 huiusmodi
731 838 838 860 rerum
870 827 1145 869 naufragatarim‘i,

393 882 471 914 alias
504 887 676 915 teneantur
709 882 830 914 solvere
861 885 962 913 totum
993 880 1147 911 damnum

394 941 422 968 et
453 945 607 978 expensas
639 935 669 967 in
696 934 749 967 tali
779 934 947 977 naufragio
978 939 1029 965 aut
1062 932 1148 964 illius

393 988 616 1031 dependentiis
637 998 729 1031 passa
758 993 788 1019 et.
822 998 876 1019 seu
899 986 1078 1030 patienda,
1112 996 1147 1017 ac

396 1052 503 1084 passas
523 1046 550 1074 ct
574 1052 629 1074 seu
652 1041 828 1084 patiendas.

438 1095 452 1135 ,Q
473 1096 502 1127 ὅ.
527 1095 561 1127 Et
579 1094 603 1126 si
626 1094 746 1138 aliquid
769 1095 875 1126 forsan
897 1093 1073 1125 occurrerit
1094 1103 1147 1124 su-

395 1159 451 1192 per
475 1147 670 1191 praemissis,
702 1147 789 1190 quod
816 1146 921 1179 dictus
949 1147 1061 1179 consul
1084 1156 1146 1177 non

394 1202 491 1246 possit
508 1201 756 1234 accommodare
773 1205 799 1232 et
818 1199 1026 1239 concludere,
1041 1209 1150 1231 recur-

394 1261 484 1288 ratur
503 1255 541 1287 ad
558 1264 616 1287 nos
636 1259 662 1286 et
684 1264 740 1286 seu
758 1253 910 1286 dilectum
929 1253 1030 1285 tilium
1053 1253 1148 1285 vitel-

395 1308 520 1344 lotium,
551 1308 766 1340 camerarium
789 1312 934 1340 nostrum
967 1312 994 1338 ct
1021 1312 1149 1338 sanctae

395 1361 557 1394 Romanae
568 1361 739 1399 Ecclesiae,
752 1370 849 1403 quem
866 1364 893 1392 et
906 1359 1033 1391 nullum
1050 1359 1148 1391 alium

397 1414 475 1447 illud
496 1414 646 1447 decidere
675 1419 703 1445 et
733 1413 951 1456 fi1111·‹›'1)0:<se
982 1413 1147 1448 volumus,

396 1468 491 1501 etiam
522 1478 595 1500 eum
634 1467 782 1500 facultate
806 1471 832 1498 et
855 1465 1046 1498 auctoritate
1080 1476 1149 1497 am-

397 1520 539 1564 plissime
560 1520 715 1564 puniendi
733 1525 760 1551 et
780 1519 956 1561 castigandi
978 1529 1151 1561 quoscum-

396 1585 458 1617 que
480 1575 620 1606 latrones
646 1578 672 1605 et
696 1573 915 1615 praedatores,
934 1571 1030 1604 etiam
1049 1582 1151 1615 usque

397 1628 435 1660 ad
451 1637 589 1671 poenam
607 1626 789 1669 capitalem.
812 1625 959 1657 Volcntes
980 1624 1074 1657 etiam
1095 1635 1152 1668 per

398 1686 581 1724 praesentes
615 1679 793 1722 praefatum
820 1678 1015 1711 cardinalem
1045 1688 1151 1710 came—

399 1730 520 1762 rarium
542 1739 667 1761 merum
689 1733 715 1760 et
743 1738 852 1760 verum
872 1727 1010 1760 iudicem
1034 1733 1063 1760 ct
1083 1738 1152 1759 exe-

399 1783 543 1811 cutorem
575 1777 605 1809 in
631 1777 736 1809 causis
772 1776 941 1809 maritimis
971 1775 1154 1818 naufragio-

399 1837 471 1858 rum
492 1832 518 1858 et
551 1825 644 1857 etiam
677 1835 962 1868 quorumcumque
986 1835 1152 1857 assecura-

400 1875 536 1913 tionum,
568 1885 665 1917 super
690 1873 808 1915 quibus
829 1873 866 1904 lis
887 1879 914 1905 et
937 1873 1154 1906 ecmtroversia

399 1923 505 1966 aliqua
526 1923 610 1955 inter
630 1932 855 1966 quoscumque
879 1922 1004 1955 evenire
1034 1929 1151 1964 posset,

399 1983 435 2005 ex
456 1983 552 2005 eausa
582 1977 687 2004 tamen
709 1971 871 2003 dictorum
894 1972 1151 2013 naufragiorum,

399 2031 473 2052 cum
499 2025 681 2063 opportuna
703 2019 888 2051 avocatione
909 2030 926 2051 a
945 2020 1155 2062 quibuscum-

399 2079 461 2112 que
482 2068 655 2108 iudicibus,
689 2079 752 2101 non
781 2074 887 2100 tamen
909 2068 1071 2101 Romanae
1093 2070 1154 2101 Cu—

402 2117 479 2152 riae,
502 2118 569 2149 fore
590 2124 616 2149 et
632 2128 699 2150 esse
720 2117 850 2150 debere.

445 2168 459 2208 ξ
480 2167 511 2199 9.
534 2167 664 2200 Necnon
694 2166 885 2199 auctoritate
914 2168 1054 2210 praefata
1077 2178 1155 2200 con-

402 2216 546 2248 cedendo
562 2216 647 2248 dicto
669 2215 793 2249 consuli
826 2216 961 2258 eiusque
982 2216 1153 2259 deputatis,

403 2270 494 2307 prout
515 2265 724 2298 concedimus
736 2265 869 2304 eisdem,
884 2270 928 2303 ut,
942 2275 1000 2308 pro
1012 2264 1156 2308 ipsorum

403 2314 573 2347 securitate
595 2319 621 2347 et
640 2314 837 2354 defensione,
857 2314 1095 2357 cuiuscumque
1107 2326 1158 2358 ge-

403 2361 489 2394 neris
507 2373 607 2401 arma,
622 2368 685 2395 tam
702 2362 853 2395 ostensiva
869 2373 966 2405 quam
984 2363 1154 2403 delensiva,

405 2411 435 2443 iu
457 2416 522 2443 toto
543 2411 689 2443 dominio
715 2417 745 2443 et
771 2422 827 2454 per
847 2416 948 2444 totum
976 2412 1156 2445 dominium

405 2459 671 2497 ecclesiasticum,
695 2460 816 2492 scilicet
838 2459 867 2491 in
889 2459 1040 2491 omnibus
1066 2460 1159 2493 terris

406 2513 435 2540 et.
454 2507 533 2539 locis
554 2507 723 2541 maritimis
743 2514 771 2541 et
799 2508 879 2540 mari
896 2508 1082 2544 convicinis,
1102 2520 1160 2551 per

405 2556 590 2599 quindecim
613 2557 760 2590 milliaria
790 2568 806 2589 a
836 2564 921 2590 terra
953 2557 1156 2596 distantibus,

407 2605 507 2637 libere
528 2611 555 2637 et
573 2605 658 2637 licite
684 2611 813 2648 portare
831 2606 948 2648 possint
971 2611 1001 2637 et
1025 2606 1159 2645 valeant,

447 2679 455 2703 t
480 2677 558 2703 Deest.
578 2676 645 2703 sorte
665 2685 732 2708 qnae
751 2676 789 2710 (n,
803 2676 851 2710 τ,).

992 296 1171 321 BULLARIUM
1197 295 1300 320 ROMAN
1305 296 1346 319 tut

1960 292 2011 319 An.
2031 291 2145 319 01566
2168 298 2171 299 ⁷

1190 347 1452 390 quibuscumque
1467 347 1591 386 bannis,
1613 347 1704 380 editis
1724 358 1779 380 seu
1797 345 1941 386 edendis,

1191 405 1218 432 ct
1240 399 1310 432 aliis
1330 399 1592 443 quibuscumque
1619 399 1803 442 apostolicis
1823 399 1938 432 consti-

1191 451 1369 484 tutionibus
1398 456 1426 484 et
1457 451 1715 485 ordinationibus
1730 462 1795 485 non
1811 452 1942 485 obstan-

1191 505 1286 537 tibus.

1234 558 1249 599 ξ
1268 558 1321 591 10.
1351 557 1386 590 Et
1402 557 1623 599 nihilominus,
1644 569 1703 602 pro
1723 558 1944 592 observatione

1191 610 1455 653 praemissorum,
1492 616 1580 643 motu
1607 616 1637 643 et
1666 611 1796 644 scientia
1828 612 1945 645 nostris

1191 663 1342 707 praefatis
1362 663 1591 707 praecipiendo
1616 665 1808 698 mandamus
1827 665 1944 698 dilecto

1191 717 1258 749 fiiio
1278 716 1438 750 Vitellotio
1463 717 1599 757 Vitellio,
1620 717 1798 751 camerario
1819 723 1943 758 nostro;

1190 780 1318 802 necnon
1348 769 1475 802 clericis
1507 770 1764 813 praesidentibus
1792 771 1945 804 Gamerae

1192 822 1402 866 Apostolicae,
1429 833 1465 855 ac
1486 823 1648 866 praelatis,
1678 823 1773 857 etiam
1802 823 1947 857 cardina-

1191 877 1274 908 latus
1289 877 1412 915 honore
1424 876 1635 919 fulgentibus3
1649 887 1777 910 necnon
1789 877 1947 910 universis

1191 934 1221 961 et
1236 929 1369 972 singulis
1384 935 1448 962 tam
1459 929 1562 962 almae
1576 929 1681 969 Urbis,
1699 941 1796 974 quam
1808 930 1946 964 aliarum

1190 993 1474 1026 quarumcumspie
1495 989 1622 1016 sanctae
1647 983 1811 1017 Romanae
1833 984 1946 1017 Eccle-

1191 1036 1255 1068 siae
1290 1036 1426 1069 mediate
1447 1037 1494 1068 vel
1515 1036 1698 1069 immediate
1728 1036 1946 1070 subiectarum

1191 1089 1449 1132 provinciarum,
1479 1094 1640 1121 terrarum
1667 1094 1698 1122 et
1726 1089 1876 1123 locorum
1900 1089 1946 1122 vi-

1192 1142 1353 1184 celegatis,
1374 1142 1656 1186 gubernatorilnts,
1678 1142 1946 1183 locatenentibus‚

1191 1195 1413 1239 potestatibus,
1435 1195 1596 1228 iudicibus
1616 1200 1645 1227 et
1665 1195 1736 1228 aliis
1760 1196 1872 1238 quovis
1891 1206 1948 1229 no-

1192 1249 1276 1281 mine
1298 1248 1493 1291 nuncupatis
1514 1248 1748 1282 iusdicentibus
1768 1255 1799 1282 et.
1809 1248 1948 1282 iustitiae

1193 1302 1359 1337 ministris2
1398 1311 1525 1334 necnon
1560 1300 1743 1334 illustribus
1768 1302 1949 1345 magnificis

1191 1354 1277 1391 viris,
1300 1354 1452 1394 dominis,
1471 1353 1620 1393 ducibus,
1649 1354 1893 1388 marchionibus
1919 1360 1950 1388 et

1192 1407 1380 1448 baronibus,
1395 1407 1588 1447 domicellis,
1607 1407 1782 1448 nobilibus,
1804 1409 1949 1442 castella-

1192 1463 1252 1501 nis,
1276 1461 1524 1506 triremiumque
1546 1460 1684 1494 ducibus
1705 1467 1735 1494 et
1757 1461 1945 1505 capitaneis,

1193 1526 1228 1548 ar
1249 1525 1536 1558 ‹piorumcumque
1558 1515 1704 1547 locorum
1731 1515 1949 1548 communita-

1194 1569 1279 1601 tibus
1300 1561 1353 1601 seu
1381 1568 1653 1608 universitatibus,
1683 1568 1900 1611 omnibusque
1920 1572 1951 1601 et

1194 1622 1329 1665 singulis
1353 1622 1424 1655 aliis
1454 1621 1705 1666 particularibus
1725 1621 1882 1665 personis,
1910 1622 1949 1655 ad

1194 1686 1274 1718 quas
1284 1674 1525 1718 quomodolibet
1538 1679 1670 1717 spectat,
1685 1685 1742 1707 seu
1759 1674 1949 1707 infuturum

1195 1728 1361 1772 spectabit,
1377 1740 1432 1761 seu
1450 1734 1595 1772 spectare
1617 1728 1745 1771 poterit,
1771 1733 1799 1760 et
1821 1733 1950 1762 sanctae

1195 1783 1358 1815 Romanae
1387 1781 1548 1815 Ecclesiae
1588 1781 1771 1825 praedictae
1812 1781 1950 1814 mediate

1196 1836 1241 1868 vel
1264 1835 1447 1868 immediate
1476 1834 1635 1874 subiectis,
1662 1840 1823 1878 quatenus
1856 1845 1950 1878 prae-

1197 1889 1292 1922 missa
1313 1889 1419 1922 onmia
1441 1893 1468 1921 et
1491 1888 1617 1931 singula
1644 1887 1871 1921 inviolabiliter
1893 1888 1951 1921 ob-

1196 1948 1322 1975 servent
1338 1950 1364 1974 et
1384 1941 1544 1974 observari
1566 1940 1695 1982 saciant,
1712 1946 1740 1974 et
1759 1941 1818 1974 sub
1839 1941 1952 1985 poenis

1197 2002 1224 2027 et
1251 1996 1396 2028 censuris
1423 1995 1601 2034 antedictis,
1618 2005 1745 2027 necnon
1766 1994 1953 2028 rebellionis

1198 2053 1223 2080 et
1244 2048 1430 2092 privationis
1450 2048 1596 2080 omnium
1619 2053 1647 2079 et
1670 2048 1873 2091 singulorum
1893 2047 1951 2080 bo-

1199 2112 1315 2134 norum
1341 2112 1396 2134 seu
1427 2101 1621 2141 officiorum,
1656 2112 1692 2133 ac
1713 2100 1953 2134 confiscationis

1199 2161 1224 2187 et
1250 2155 1476 2199 publicationis
1493 2164 1780 2197 ‹piolatn‘icumque
1790 2154 1951 2187 bonorum

1199 2220 1256 2251 per
1281 2219 1335 2241 eos
1365 2214 1395 2241 et
1424 2208 1567 2251 ipsorum
1600 2207 1775 2251 quemlibet
1808 2207 1954 2240 obtento-

1200 2273 1291 2302 rum,
1330 2262 1584 2305 incurrendique
1615 2261 1646 2294 in
1680 2260 1815 2294 erimine
1848 2261 1953 2294 laesae

1201 2315 1385 2348 maiestatis.
1414 2315 1674 2348 Contradietores
1698 2319 1770 2355 etc„
1788 2324 1863 2347 cum
1883 2324 1952 2347 am-

1200 2368 1343 2413 plissima
1378 2369 1527 2401 facultate
1557 2372 1587 2401 et
1627 2367 1817 2401 auctoritate
1851 2366 1954 2400 dictos

1201 2428 1347 2465 raptores
1359 2449 1366 2461 ,
1393 2427 1590 2464 grassatores
1610 2426 1641 2454 et
1660 2420 1907 2464 depraedatores
1923 2424 1955 2452 et

1201 2472 1353 2509 latrones,
1379 2471 1410 2503 in
1435 2470 1582 2513 flagranti
1604 2469 1739 2503 crimine
1760 2478 1816 2501 seu
1836 2467 1953 2500 delicto

1201 2525 1357 2563 repertos,
1379 2519 1533 2562 puniendi
1556 2524 1586 2552 et
1605 2516 1791 2560 castigandi,
1813 2516 1854 2549 ad
1881 2515 1956 2548 effe-

1203 2573 1289 2602 ctum
1321 2574 1367 2608 ut,
1396 2567 1582 2601 huiusmodi
1607 2566 1699 2600 iustis
1719 2565 1860 2609 querelis
1885 2575 1955 2598 ces-

1203 2617 1359 2657 santibus,
1395 2616 1471 2650 dicti
1498 2621 1694 2649 mercatores
1721 2619 1752 2647 et
1780 2618 1896 2646 nautae
1917 2623 1955 2647 eo

1203 2666 1356 2699 libentius
1382 2676 1456 2699 cum
1480 2665 1545 2698 suis
1578 2662 1728 2706 navigiis,
1761 2661 1896 2696 navibus
1926 2667 1956 2696 et

2013 568 2144 589 Execuiores

1959 599 2060 626 deputat,
2076 601 2098 620 et.
2113 598 2144 619 ta-

1959 629 2052 650 cultates
2069 634 2144 650 conce-

1960 661 1995 680 dit.
