2237 3100
47 249 96 298 Ari.
110 250 142 299 ὸ.
165 252 234 298 imo

75 960 224 983 nram-nutum

41 991 159 1012 litterarum
188 992 226 1013 ilr—

41 1023 108 1043 mites.

67 2570 108 2591 Exe
112 2574 215 2598 quutom

47 2603 135 2629 optimi.

924 270 992 294 PIUS
1015 271 1034 294 V
1058 270 1105 294 PP-

245 322 353 364 quoad
377 332 452 355 vero
472 323 505 355 in
526 326 691 366 posterum
719 322 938 356 decurrendas
962 324 1001 357 ab

244 371 432 404 huiusmodi
457 372 612 413 subsidio,
636 372 740 406 donec
760 372 853 406 aliter
868 384 886 406 a
908 373 1002 407 nobis

243 419 429 453 ordinatum
450 421 559 461 suerit,
582 421 716 454 minime
743 426 907 465 exemptos
932 432 999 455 csse

242 469 405 509 volumus;
427 470 594 514 portiones
614 476 722 504 autem
732 471 884 514 reliquas,
898 471 1000 505 dictos

242 518 358 552 fratres
376 519 534 553 Ordinum
551 521 799 554 Mendieantium
819 526 997 563 tangentes,

242 569 433 611 praeteritas
462 574 493 602 et
525 569 671 603 nondum
706 580 809 614 usque
840 570 878 603 ad
912 570 1000 603 hune

242 615 326 649 diem
348 617 469 651 solutas
486 645 493 658 ,
516 618 580 651 illis
599 619 739 661 gratiose
768 623 798 652 et
822 619 1001 652 liberaliter

241 664 413 707 donamus;
436 667 562 710 reliqua
586 668 696 701 omnia
716 668 749 700 in
774 667 867 700 dictis
882 668 1000 700 nostris

241 712 357 747 litteris
366 715 610 757 privilegiorum
627 722 656 749 et
669 716 909 760 exemptionum
921 727 999 749 eon-

240 767 339 802 tenta‚
385 764 493 807 quoad
513 775 627 799 omnes
652 765 814 799 dictorum
841 765 999 799 Ordinum

239 810 491 845 Mendicantium
523 814 637 847 fratres
657 819 688 847 et
710 824 885 857 personas,
908 815 998 848 volu-

239 869 314 893 mus
332 859 561 894 inviolabiliter
579 867 609 895 et
632 867 792 906 perpetuo
822 862 996 896 observari.

284 908 351 952 §lt⁸
382 910 426 942 Ac
447 916 634 954 praesentes
662 911 785 944 litteras
810 911 901 944 nullo
925 923 998 944 uni-

238 968 336 1001 quam
366 963 515 1003 tempore
536 960 573 993 de
595 960 814 1003 subreptionis
833 960 882 993 vel
903 961 997 994 obre-

237 1005 357 1050 ptionis
376 1012 432 1040 aut
452 1008 610 1041 nullitatis
629 1009 705 1042 vitio
726 1019 782 1042 seu
812 1009 998 1044 intentionis

237 1059 366 1088 nostrae
387 1056 435 1088 vel
459 1057 615 1101 quopiam
637 1058 700 1091 alio
734 1057 862 1091 defectu
892 1060 997 1092 notari

236 1104 286 1137 vel
309 1103 495 1148 impugnari
512 1107 700 1140 nullatenus
720 1117 830 1150 posse,
853 1106 997 1141 minusve

237 1153 298 1187 sub
329 1154 495 1196 quibusvis
530 1155 685 1189 similium
714 1156 763 1189 vel
791 1155 996 1190 dissimilium

235 1202 414 1245 gratiarum
443 1204 723 1245 revocationibus,
747 1204 996 1238 modificationi-

235 1251 308 1292 bus,
325 1251 585 1294 limitationibus,
605 1253 865 1287 restitutionibus
886 1254 997 1287 etaliis

236 1300 408 1334 contrariis
441 1301 731 1345 dispositionibus,
757 1308 821 1335 tam
850 1314 909 1346 per
938 1314 997 1337 nos

235 1360 334 1393 quam
354 1350 451 1383 etiam
470 1362 675 1385 successores
690 1358 818 1386 nostros
834 1352 997 1387 Romanos

235 1398 407 1433 Pontifices
427 1401 673 1443 quomodolibet
693 1412 729 1434 ac
741 1412 816 1434 cum
831 1402 996 1445 quibusvis

235 1448 390 1482 clausulis
411 1454 442 1482 et
456 1449 595 1482 decretis
613 1476 620 1490 ,
643 1450 734 1483 sactis
755 1456 786 1483 et
816 1451 972 1486 faciendis
986 1481 993 1494 ‚

234 1508 520 1541 quorumcumque
532 1503 680 1532 tenorum
694 1499 840 1540 existant,
858 1500 993 1542 ineludi;

233 1546 290 1580 sed
318 1545 381 1579 illis
407 1557 473 1580 non
503 1547 704 1581 obstantibus
721 1575 728 1588 ,
757 1548 884 1592 quoties
921 1549 995 1583 illae

233 1595 432 1629 emanabunt
453 1623 460 1636 ,
493 1596 586 1630 toties
614 1597 647 1629 in
676 1596 848 1640 pristinum
877 1604 994 1632 statum

233 1645 406 1685 restitutas
425 1645 582 1689 repositas
605 1651 636 1679 et
647 1647 793 1690 plenarie
815 1647 994 1691 reintegra-

232 1698 292 1735 tas,
314 1693 411 1727 etiam
442 1695 501 1727 sub
522 1694 594 1728 data
613 1706 671 1738 per
691 1706 746 1729 eos
766 1696 926 1739 eligenda,
956 1699 994 1731 de

231 1754 314 1777 novo
334 1754 506 1777 concessas
526 1744 701 1785 esse,etita
719 1745 994 1779 incommutabilis

231 1792 405 1826 voluntatis
425 1792 651 1826 etintentionis
666 1798 794 1826 nostrae
810 1804 891 1833 esse;
910 1800 940 1827 et
954 1796 994 1828 ad

232 1842 296 1875 hoc
310 1847 346 1874 ut
365 1847 524 1885 perpetua
543 1842 696 1875 firmitate
721 1842 908 1885 subsistant,
930 1844 992 1877 vim

231 1890 328 1924 validi
353 1896 385 1924 et
404 1891 545 1924 efficacis
565 1896 750 1925 contractus
774 1891 858 1924 iuter
881 1903 939 1925 nos
964 1899 994 1926 et

232 1939 348 1973 Sedem
366 1940 585 1984 Apostolicam
616 1946 647 1973 et
667 1940 908 1984 praedic-tetum
933 1942 992 1975 Or-

231 1988 344 2022 dinum
364 1989 479 2022 fratres
504 1989 616 2022 baberi
637 1989 754 2022 debere
773 2001 781 2030 ;
800 1990 910 2033 sieque
935 2002 994 2034 per

231 2048 457 2082 quoscumque
468 2037 591 2071 iudices
602 2043 633 2071 et
647 2038 898 2079 commissarios,
917 2050 993 2083 qua-

230 2086 276 2120 vis
296 2087 487 2119 auctoritate
508 2087 689 2130 fungentes,
711 2088 806 2120 etiarn
819 2098 991 2121 causarum

230 2135 343 2169 Palatii
369 2135 544 2179 Apostolici
578 2136 742 2169 auditores
786 2148 823 2169 ac
863 2142 991 2170 sanctae

230 2184 394 2218 Romanae
415 2185 578 2218 Ecclesiae
599 2184 791 2225 cardinales,
811 2185 935 2219 sublata
947 2186 991 2219 cis

230 2238 263 2266 et
287 2243 401 2266 eorum
423 2233 556 2267 cuilibet
583 2233 693 2277 quavis
713 2234 806 2267 aliter
826 2234 991 2267 iudicandi

230 2287 262 2315 et
281 2282 515 2326 interpretandi
550 2283 701 2316 facultate
723 2289 753 2316 et,
773 2284 963 2317 auctoritate
981 2311 988 2325 ,

230 2331 368 2365 iudicari
388 2336 419 2364 et
439 2331 567 2364 definiri
584 2332 714 2371 debere,
737 2332 809 2365 acsi
831 2343 923 2366 secus
940 2344 991 2366 su-

230 2391 289 2424 per
308 2380 357 2413 bis
378 2391 395 2413 a
415 2391 580 2424 quoquam
599 2406 606 2420 ‚
629 2380 739 2424 quavis
768 2381 960 2415 auctoritate
980 2408 987 2422 ‚

230 2429 369 2462 scienter
388 2430 436 2462 vel
457 2429 664 2472 ignoranter,
689 2429 860 2472 contigerit
885 2435 989 2463 atten-

229 2473 302 2514 tari,
324 2473 452 2506 irritum
474 2479 504 2506 et
521 2473 615 2506 inane
636 2474 854 2507 decernimus.

274 2519 289 2561 ἓ
313 2518 344 2552 5.
367 2518 554 2551 Mandantes
574 2523 746 2562 propterca
772 2518 896 2552 dilectis
916 2519 990 2553 filiis

231 2562 395 2595 modernis
416 2568 447 2596 et
466 2573 525 2606 pro
541 2567 688 2605 tempore
710 2562 919 2596 existentibus
934 2564 990 2597 Ca-

231 2617 339 2641 merae
359 2607 563 2651 Apostolicae
589 2607 780 2648 camerario,
806 2608 990 2651 praesiden-

230 2651 317 2685 tibus
342 2656 373 2686 et
401 2652 526 2685 clericis
551 2662 587 2684 ac
612 2652 842 2685 commissariis
867 2657 897 2686 et
917 2652 989 2686 offi-

1044 323 1181 356 cialibus
1201 323 1474 369 cpiilniscumque,
1499 326 1531 359 in
1546 326 1661 359 virtute
1674 331 1803 360 sanetae

1044 373 1245 406 obedientiae
1266 401 1273 413 ‚
1297 380 1457 418 quatenus
1477 381 1662 420 praesentes
1682 377 1803 410 litteras

1043 432 1080 454 ac
1101 421 1209 454 omnia
1230 428 1257 455 et
1285 423 1411 466 singula
1432 424 1464 457 in
1485 425 1530 458 eis
1546 430 1698 458 contenta
1718 425 1802 458 reci-

1043 469 1131 513 piant
1156 475 1186 502 et
1206 471 1373 505 admittant
1394 499 1400 513 ,
1423 473 1595 517 registrent
1615 479 1645 507 et
1665 474 1801 518 permit-

1042 523 1118 559 tant,
1145 524 1175 551 et
1191 520 1310 553 saciant
1326 532 1400 554 cum
1422 522 1539 555 effectu
1556 523 1658 556 dictos
1673 523 1799 563 fratres,

1042 567 1222 610 religiosos,
1245 569 1414 611 moniales,
1438 581 1566 604 sorores
1586 572 1707 605 etalias
1728 582 1802 615 per-

1042 625 1136 649 sonas
1162 617 1344 660 praedictas
1364 619 1524 652 dictorum
1539 619 1697 653 Ordinum
1710 631 1803 664 prae-

1042 663 1147 697 missis
1167 676 1204 698 ae
1216 666 1330 699 litteris
1350 672 1380 700 et
1397 667 1429 700 in
1441 668 1485 700 eis
1501 668 1658 701 contentis
1670 670 1803 712 quibus-

1042 722 1200 757 seumque
1226 714 1327 748 libere
1355 721 1385 748 et
1418 716 1553 759 pacifice
1575 717 1622 750 uti
1641 744 1648 757 ,
1678 718 1742 750 frui
1772 723 1803 751 et

1041 762 1194 803 gaudere.
1227 763 1387 801 Quocirca
1414 765 1538 798 dilectis
1571 765 1646 799 tiliis
1686 766 1802 800 Curiae

1042 820 1215 844 causarum
1241 812 1394 846 Gamerae
1422 814 1625 857 Apostolicae
1659 816 1801 858 generali

1041 859 1181 893 auditori
1202 861 1402 903 huiusmodi,
1425 873 1552 896 necnon
1564 875 1800 907 quarumcum-

1041 919 1103 951 que
1115 914 1177 941 tam
1189 911 1426 944 cathedralium
1437 923 1534 955 quam
1554 914 1800 957 collegiatarum

1041 957 1253 991 ecclesiarum
1275 959 1427 999 decanis,
1464 962 1666 1005 praepositis,
1693 963 1801 996 archi-

1041 1007 1246 1051 presbyteris,
1270 1010 1521 1051 archidiaconis,
1543 1011 1754 1045 thesaurariis
1770 1018 1802 1046 et

1040 1054 1205 1097 quibusvis
1224 1057 1294 1089 aliis
1312 1058 1344 1090 in
1365 1059 1487 1093 eisdem
1515 1060 1662 1093 ecclesiis
1694 1061 1799 1104 digni-

1040 1108 1120 1136 tates
1141 1105 1374 1148 obtinentil‘ms‚
1401 1109 1537 1142 ubilibet
1557 1114 1585 1141 ct
1608 1110 1639 1141 in
1661 1110 1799 1152 quibus-

1040 1164 1180 1197 cumque
1201 1155 1412 1197 regionibus,
1440 1158 1533 1190 terris
1562 1163 1592 1191 et
1620 1158 1799 1191 civitatibus

1040 1202 1260 1245 existentibus,
1285 1211 1374 1239 motu
1396 1207 1493 1239 simili
1512 1235 1518 1248 ‚
1542 1218 1600 1250 per
1619 1208 1798 1250 apostolica

1040 1251 1158 1295 scripta
1179 1254 1372 1288 mandamus
1397 1262 1557 1299 quatenus
1578 1256 1637 1300 ipsi
1657 1257 1706 1290 vel
1733 1257 1798 1291 duo

1040 1305 1094 1332 aut
1123 1313 1207 1335 unus
1233 1313 1347 1337 eorum
1367 1333 1373 1345 ,
1397 1316 1455 1349 per
1483 1316 1515 1339 se
1540 1306 1588 1338 vel
1616 1305 1715 1338 alium
1743 1311 1798 1339 aut

1039 1349 1130 1390 alios,
1145 1358 1330 1393 praesentes
1350 1353 1471 1386 litteras
1489 1355 1562 1387 etin
1575 1354 1619 1387 cis
1641 1360 1793 1388 contenta

1038 1410 1276 1443 quaeeumspie,
1293 1402 1348 1434 ubi
1368 1403 1416 1435 vel
1436 1404 1566 1446 quando
1581 1414 1663 1447 opus
1684 1404 1793 1445 fuerit,

1039 1447 1156 1481 saciant
1168 1449 1304 1483 tirmiter
1315 1451 1487 1492 observari,
1499 1463 1564 1485 non
1575 1452 1797 1495 permittentes

1038 1508 1092 1530 eos
1113 1499 1159 1530 vel
1185 1510 1297 1531 eorum
1327 1500 1468 1543 aliquem
1500 1501 1640 1544 desuper
1659 1513 1718 1546 per
1742 1514 1796 1535 ca-

1038 1546 1226 1588 merarium,
1250 1548 1497 1591 praesidentem,
1515 1550 1650 1583 clericos
1661 1556 1691 1584 et
1706 1562 1797 1585 com-

1038 1595 1201 1629 missarios
1230 1597 1382 1630 Gamerae
1412 1599 1600 1632 huiusmodi
1619 1626 1626 1639 ‚
1668 1610 1797 1634 necnon

1037 1644 1169 1687 legates,
1196 1646 1400 1689 vicelegatos,
1423 1648 1669 1690 gubernatores,
1700 1650 1798 1683 colle-

1037 1698 1153 1732 ctores,
1176 1695 1369 1738 gabellarios
1390 1702 1420 1729 ct
1440 1702 1617 1737 exactores,
1639 1699 1796 1732 universi-

1038 1748 1128 1782 tates,
1151 1745 1400 1778 communitates
1422 1751 1689 1790 ctquoscumspie
1702 1748 1794 1789 alios,

1036 1792 1075 1824 ad
1095 1793 1238 1836 aliquam
1264 1794 1457 1827 solutionem
1477 1823 1484 1836 ,
1519 1796 1794 1829 contributionem

1036 1842 1082 1874 vel
1104 1842 1608 1886 priestationem,p1·a=missoi·iun
1624 1846 1795 1879 occasione

1036 1891 1279 1933 quomodolibet
1292 1892 1483 1932 faciendam,
1497 1893 1567 1935 cogi
1581 1899 1611 1925 et
1628 1894 1794 1937 compelli,

1035 1944 1091 1971 ant
1124 1939 1216 1972 aliter
1244 1945 1353 1973 contra
1394 1941 1613 1983 praesentium
1647 1946 1794 1975 tenorem

1035 1989 1282 2032 quomodolibet
1313 1990 1476 2023 molestari
1497 2017 1503 2030 ,
1535 1996 1588 2022 aut
1611 1991 1656 2023 eis
1681 2002 1793 2033 grava-

1035 2037 1146 2078 mina,
1170 2037 1305 2071 iniurias
1334 2044 1429 2083 atque
1458 2040 1574 2071 damna
1600 2039 1711 2072 inferri
1737 2051 1792 2074 seu

1034 2087 1439 2131 quomodolibetirrogari;
1457 2099 1492 2120 ac
1509 2088 1603 2121 ctiam
1618 2090 1793 2122 summarie

1034 2140 1065 2168 et
1084 2136 1123 2168 de
1140 2136 1249 2179 plano,
1273 2136 1340 2169 sine
1355 2137 1490 2180 strepitu
1504 2142 1533 2169 ct
1549 2137 1652 2180 ligura
1666 2137 1790 2179 iudicii,

1034 2185 1099 2217 sola
1127 2185 1199 2217 t'acti
1221 2185 1352 2218 veritate
1379 2185 1534 2228 inspecta,
1559 2191 1671 2218 contra
1692 2197 1791 2229 quos-

1034 2244 1187 2276 cumque,
1210 2234 1623 2277 cuiuseumquequalitatis
1635 2239 1690 2267 aut
1711 2246 1790 2267 con-

1033 2282 1164 2315 ditionis
1184 2282 1332 2323 existant,
1354 2288 1382 2315 ct
1409 2294 1617 2326 quacumque
1643 2284 1792 2317 ccclesia-

1033 2331 1120 2371 stica,
1134 2332 1229 2364 etiam
1244 2332 1461 2365 cardinalatus
1473 2338 1500 2365 et
1512 2333 1790 2377 archiepiscopali,

1033 2381 1239 2424 patriarchali
1261 2382 1307 2414 vel
1333 2381 1507 2425 episcopali
1546 2386 1599 2414 aut
1626 2383 1791 2416 mundana

1032 2430 1137 2463 sorcnt
1152 2430 1304 2473 dignitate
1325 2437 1355 2462 et
1376 2431 1577 2473 exemptione
1599 2431 1744 2470 munitis,
1758 2432 1789 2465 in

1032 2475 1295 2518 quibuscumque
1316 2475 1421 2507 causis
1442 2486 1500 2519 per
1520 2486 1575 2508 eos
1596 2476 1762 2509 movendis
1779 2505 1786 2518 ‚

1031 2530 1238 2563 quacumque
1260 2520 1383 2551 ratione
1403 2521 1450 2552 vel
1468 2531 1576 2559 causa,
1599 2531 1681 2563 quac
1694 2531 1789 2555 cxco-

1032 2564 1126 2606 ‘gitari
1148 2564 1260 2608 possit,
1281 2563 1521 2597 eisministreut
1544 2565 1684 2598 iustitiae
1702 2576 1790 2598 com-

1031 2609 1231 2651 plementum
1256 2635 1262 2648 ,
1303 2609 1492 2652 exequendo
1526 2609 1613 2651 quod
1648 2621 1707 2653 per
1735 2621 1789 2643 eos

1031 2653 1129 2686 suerit
1149 2653 1348 2693 ordinatum;
1362 2653 1615 2687 contradictores
1626 2654 1789 2698 quoslibet

1693 263 1757 298 835
1817 274 1868 301 An.
1887 266 2007 300 ’0.’1870
