<?xml version="1.0" encoding="UTF-8"?>
<!DOCTYPE html PUBLIC "-//W3C//DTD XHTML 1.0 Transitional//EN"
    "http://www.w3.org/TR/xhtml1/DTD/xhtml1-transitional.dtd">
<html xmlns="http://www.w3.org/1999/xhtml" xml:lang="en" lang="en">
 <head>
  <title>
</title>
<meta http-equiv="Content-Type" content="text/html;charset=utf-8" />
  <meta name='ocr-system' content='tesseract 3.04.00' />
  <meta name='ocr-capabilities' content='ocr_page ocr_carea ocr_par ocr_line ocrx_word'/>
</head>
<body>
  <div class='ocr_page' id='page_1' title='image "./bullarumdiplomat07cath_0912.png"; bbox 0 0 2237 3100; ppageno 0'>
   <div class='ocr_carea' id='block_1_1' title="bbox 214 254 399 283">
    <p class='ocr_par' dir='ltr' id='par_1_1' title="bbox 214 254 399 283">
     <span class='ocr_line' id='line_1_1' title="bbox 214 254 399 283; baseline 0.005 -1"><span class='ocrx_word' id='word_1_1' title='bbox 214 254 267 283; x_wconf 69' lang='lat' dir='ltr'>An.</span> <span class='ocrx_word' id='word_1_2' title='bbox 284 254 313 283; x_wconf 71' lang='lat' dir='ltr'>(J.</span> <span class='ocrx_word' id='word_1_3' title='bbox 330 254 399 283; x_wconf 74' lang='lat'><strong>15⁷0</strong></span> 
     </span>
    </p>
   </div>
   <div class='ocr_carea' id='block_1_2' title="bbox 231 637 400 695">
    <p class='ocr_par' dir='ltr' id='par_1_2' title="bbox 231 637 400 695">
     <span class='ocr_line' id='line_1_2' title="bbox 266 637 400 658; baseline 0 0"><span class='ocrx_word' id='word_1_4' title='bbox 266 637 400 658; x_wconf 63' lang='lat' dir='ltr'>minantium</span> 
     </span>
     <span class='ocr_line' id='line_1_3' title="bbox 231 669 334 695; baseline -0.01 -6"><span class='ocrx_word' id='word_1_5' title='bbox 231 669 334 695; x_wconf 69' lang='lat' dir='ltr'>erogatio.</span> 
     </span>
    </p>
   </div>
   <div class='ocr_carea' id='block_1_3' title="bbox 457 242 1358 279">
    <p class='ocr_par' dir='ltr' id='par_1_3' title="bbox 457 242 1358 279">
     <span class='ocr_line' id='line_1_4' title="bbox 457 242 1358 279; baseline -0.016 0"><span class='ocrx_word' id='word_1_6' title='bbox 457 245 522 279; x_wconf 70' lang='lat'>844</span> <span class='ocrx_word' id='word_1_7' title='bbox 1007 243 1187 270; x_wconf 76' lang='lat' dir='ltr'>BULLARIUM</span> <span class='ocrx_word' id='word_1_8' title='bbox 1206 242 1358 267; x_wconf 70' lang='lat' dir='ltr'>Romnum</span> 
     </span>
    </p>
   </div>
   <div class='ocr_carea' id='block_1_4' title="bbox 413 299 1180 2684">
    <p class='ocr_par' dir='ltr' id='par_1_4' title="bbox 413 299 1167 554">
     <span class='ocr_line' id='line_1_5' title="bbox 413 299 1166 346; baseline -0.016 -4"><span class='ocrx_word' id='word_1_9' title='bbox 413 308 463 342; x_wconf 91' lang='lat' dir='ltr'>his</span> <span class='ocrx_word' id='word_1_10' title='bbox 478 306 633 341; x_wconf 78' lang='lat' dir='ltr'>habendis</span> <span class='ocrx_word' id='word_1_11' title='bbox 653 304 784 339; x_wconf 87' lang='lat' dir='ltr'>servatis</span> <span class='ocrx_word' id='word_1_12' title='bbox 806 299 1025 346; x_wconf 75' lang='lat' dir='ltr'>processibus,</span> <span class='ocrx_word' id='word_1_13' title='bbox 1043 304 1166 332; x_wconf 85' lang='lat' dir='ltr'>senten—</span> 
     </span>
     <span class='ocr_line' id='line_1_6' title="bbox 413 352 1166 402; baseline -0.015 -7"><span class='ocrx_word' id='word_1_14' title='bbox 413 362 485 402; x_wconf 90' lang='lat' dir='ltr'>tias,</span> <span class='ocrx_word' id='word_1_15' title='bbox 508 370 660 394; x_wconf 86' lang='lat' dir='ltr'>censuras</span> <span class='ocrx_word' id='word_1_16' title='bbox 680 363 710 391; x_wconf 87' lang='lat' dir='ltr'>et</span> <span class='ocrx_word' id='word_1_17' title='bbox 729 365 850 400; x_wconf 84' lang='lat' dir='ltr'>poenas</span> <span class='ocrx_word' id='word_1_18' title='bbox 870 354 966 398; x_wconf 87' lang='lat' dir='ltr'>ipsas,</span> <span class='ocrx_word' id='word_1_19' title='bbox 989 353 1084 386; x_wconf 87' lang='lat' dir='ltr'>etiam</span> <span class='ocrx_word' id='word_1_20' title='bbox 1107 352 1166 385; x_wconf 89' lang='lat' dir='ltr'>ite-</span> 
     </span>
     <span class='ocr_line' id='line_1_7' title="bbox 414 405 1166 454; baseline -0.013 -6"><span class='ocrx_word' id='word_1_21' title='bbox 414 415 492 448; x_wconf 89' lang='lat' dir='ltr'>ratis</span> <span class='ocrx_word' id='word_1_22' title='bbox 511 413 633 447; x_wconf 83' lang='lat' dir='ltr'>vicibus</span> <span class='ocrx_word' id='word_1_23' title='bbox 654 408 854 454; x_wconf 77' lang='lat' dir='ltr'>aggravando</span> <span class='ocrx_word' id='word_1_24' title='bbox 867 435 874 448; x_wconf 93' lang='lat'>,</span> <span class='ocrx_word' id='word_1_25' title='bbox 897 407 1042 440; x_wconf 85' lang='lat' dir='ltr'>invocato</span> <span class='ocrx_word' id='word_1_26' title='bbox 1071 405 1166 439; x_wconf 87' lang='lat' dir='ltr'>etiam</span> 
     </span>
     <span class='ocr_line' id='line_1_8' title="bbox 414 459 1167 508; baseline -0.013 -6"><span class='ocrx_word' id='word_1_27' title='bbox 414 468 454 502; x_wconf 89' lang='lat' dir='ltr'>ad</span> <span class='ocrx_word' id='word_1_28' title='bbox 484 468 555 507; x_wconf 89' lang='lat' dir='ltr'>hoc,</span> <span class='ocrx_word' id='word_1_29' title='bbox 583 466 608 499; x_wconf 89' lang='lat' dir='ltr'>si</span> <span class='ocrx_word' id='word_1_30' title='bbox 641 475 723 508; x_wconf 90' lang='lat' dir='ltr'>opus</span> <span class='ocrx_word' id='word_1_31' title='bbox 750 461 858 502; x_wconf 84' lang='lat' dir='ltr'>fuerit,</span> <span class='ocrx_word' id='word_1_32' title='bbox 894 460 1013 494; x_wconf 87' lang='lat' dir='ltr'>auxilio</span> <span class='ocrx_word' id='word_1_33' title='bbox 1042 459 1167 493; x_wconf 85' lang='lat' dir='ltr'>brachii</span> 
     </span>
     <span class='ocr_line' id='line_1_9' title="bbox 415 519 599 554; baseline -0.016 0"><span class='ocrx_word' id='word_1_34' title='bbox 415 519 599 554; x_wconf 90' lang='lat' dir='ltr'>saecularis.</span> 
     </span>
    </p>

    <p class='ocr_par' dir='ltr' id='par_1_5' title="bbox 414 568 1180 2684">
     <span class='ocr_line' id='line_1_10' title="bbox 458 568 1168 617; baseline -0.01 -10"><span class='ocrx_word' id='word_1_35' title='bbox 458 575 473 617; x_wconf 63' lang='grc' dir='ltr'><strong>ξ</strong></span> <span class='ocrx_word' id='word_1_36' title='bbox 494 574 523 607; x_wconf 94' lang='grc'>7.</span> <span class='ocrx_word' id='word_1_37' title='bbox 546 573 617 606; x_wconf 91' lang='lat' dir='ltr'>Non</span> <span class='ocrx_word' id='word_1_38' title='bbox 650 570 850 605; x_wconf 78' lang='lat' dir='ltr'>obstantibus</span> <span class='ocrx_word' id='word_1_39' title='bbox 874 568 975 612; x_wconf 78' lang='lat' dir='ltr'>priori</span> <span class='ocrx_word' id='word_1_40' title='bbox 1006 568 1168 601; x_wconf 85' lang='lat' dir='ltr'>voluntate</span> 
     </span>
     <span class='ocr_line' id='line_1_11' title="bbox 414 621 1168 670; baseline -0.012 -8"><span class='ocrx_word' id='word_1_41' title='bbox 414 633 522 661; x_wconf 87' lang='lat' dir='ltr'>nostra</span> <span class='ocrx_word' id='word_1_42' title='bbox 555 626 709 670; x_wconf 80' lang='lat' dir='ltr'>praefata,</span> <span class='ocrx_word' id='word_1_43' title='bbox 732 635 768 657; x_wconf 87' lang='lat' dir='ltr'>ac</span> <span class='ocrx_word' id='word_1_44' title='bbox 793 622 1015 656; x_wconf 87' lang='lat' dir='ltr'>Lateranensis</span> <span class='ocrx_word' id='word_1_45' title='bbox 1040 621 1168 655; x_wconf 83' lang='lat' dir='ltr'>concilii</span> 
     </span>
     <span class='ocr_line' id='line_1_12' title="bbox 414 676 1167 719; baseline -0.011 -4"><span class='ocrx_word' id='word_1_46' title='bbox 414 680 587 714; x_wconf 88' lang='lat' dir='ltr'>novissime</span> <span class='ocrx_word' id='word_1_47' title='bbox 622 677 787 718; x_wconf 86' lang='lat' dir='ltr'>celebrati,</span> <span class='ocrx_word' id='word_1_48' title='bbox 807 676 945 709; x_wconf 79' lang='lat' dir='ltr'>uniones</span> <span class='ocrx_word' id='word_1_49' title='bbox 982 681 1167 719; x_wconf 88' lang='lat' dir='ltr'>perpetuas,</span> 
     </span>
     <span class='ocr_line' id='line_1_13' title="bbox 415 723 1170 774; baseline -0.008 -7"><span class='ocrx_word' id='word_1_50' title='bbox 415 734 476 768; x_wconf 91' lang='lat' dir='ltr'>nisi</span> <span class='ocrx_word' id='word_1_51' title='bbox 491 733 524 766; x_wconf 91' lang='lat' dir='ltr'>in</span> <span class='ocrx_word' id='word_1_52' title='bbox 540 723 667 766; x_wconf 84' lang='lat' dir='ltr'>casibus</span> <span class='ocrx_word' id='word_1_53' title='bbox 683 742 701 764; x_wconf 93' lang='lat' dir='ltr'>a</span> <span class='ocrx_word' id='word_1_54' title='bbox 720 732 791 763; x_wconf 90' lang='lat' dir='ltr'>iure</span> <span class='ocrx_word' id='word_1_55' title='bbox 807 729 983 774; x_wconf 76' lang='lat' dir='ltr'>permissis,</span> <span class='ocrx_word' id='word_1_56' title='bbox 1006 728 1076 761; x_wconf 85' lang='lat' dir='ltr'>fieri</span> <span class='ocrx_word' id='word_1_57' title='bbox 1096 739 1170 772; x_wconf 88' lang='lat' dir='ltr'>pro-</span> 
     </span>
     <span class='ocr_line' id='line_1_14' title="bbox 415 781 1170 826; baseline -0.009 -6"><span class='ocrx_word' id='word_1_58' title='bbox 415 786 567 826; x_wconf 76' lang='lat' dir='ltr'>hibentis,</span> <span class='ocrx_word' id='word_1_59' title='bbox 588 794 715 818; x_wconf 84' lang='lat' dir='ltr'>necnon</span> <span class='ocrx_word' id='word_1_60' title='bbox 736 782 839 816; x_wconf 91' lang='lat' dir='ltr'>felicis</span> <span class='ocrx_word' id='word_1_61' title='bbox 859 781 1092 815; x_wconf 86' lang='lat' dir='ltr'>recordationis</span> <span class='ocrx_word' id='word_1_62' title='bbox 1112 781 1170 814; x_wconf 89' lang='lat' dir='ltr'>Bo-</span> 
     </span>
     <span class='ocr_line' id='line_1_15' title="bbox 415 834 1167 884; baseline -0.009 -10"><span class='ocrx_word' id='word_1_63' title='bbox 415 840 524 874; x_wconf 88' lang='lat' dir='ltr'>nifacii</span> <span class='ocrx_word' id='word_1_64' title='bbox 556 840 660 884; x_wconf 87' lang='lat' dir='ltr'>Papae</span> <span class='ocrx_word' id='word_1_65' title='bbox 679 837 754 877; x_wconf 76' lang='lat' dir='ltr'>VIII,</span> <span class='ocrx_word' id='word_1_66' title='bbox 774 834 1031 881; x_wconf 73' lang='lat' dir='ltr'>praedecessoris</span> <span class='ocrx_word' id='word_1_67' title='bbox 1055 834 1167 875; x_wconf 79' lang='lat' dir='ltr'>nostri,</span> 
     </span>
     <span class='ocr_line' id='line_1_16' title="bbox 416 888 1170 936; baseline -0.008 -8"><span class='ocrx_word' id='word_1_68' title='bbox 416 899 448 928; x_wconf 90' lang='lat' dir='ltr'>et</span> <span class='ocrx_word' id='word_1_69' title='bbox 479 893 550 927; x_wconf 89' lang='lat' dir='ltr'>aliis</span> <span class='ocrx_word' id='word_1_70' title='bbox 583 891 768 936; x_wconf 88' lang='lat' dir='ltr'>apostolicis</span> <span class='ocrx_word' id='word_1_71' title='bbox 799 888 1102 929; x_wconf 72' lang='lat' dir='ltr'>constitutionibus,</span> <span class='ocrx_word' id='word_1_72' title='bbox 1134 900 1170 922; x_wconf 87' lang='lat' dir='ltr'>ac</span> 
     </span>
     <span class='ocr_line' id='line_1_17' title="bbox 416 942 1170 986; baseline -0.009 -5"><span class='ocrx_word' id='word_1_73' title='bbox 416 947 520 981; x_wconf 86' lang='lat' dir='ltr'>dictae</span> <span class='ocrx_word' id='word_1_74' title='bbox 539 946 702 986; x_wconf 76' lang='lat' dir='ltr'>basilicae,</span> <span class='ocrx_word' id='word_1_75' title='bbox 723 944 817 978; x_wconf 87' lang='lat' dir='ltr'>etiam</span> <span class='ocrx_word' id='word_1_76' title='bbox 838 943 1030 983; x_wconf 87' lang='lat' dir='ltr'>iuramento,</span> <span class='ocrx_word' id='word_1_77' title='bbox 1051 942 1170 976; x_wconf 83' lang='lat' dir='ltr'>confir-</span> 
     </span>
     <span class='ocr_line' id='line_1_18' title="bbox 417 996 1171 1044; baseline -0.009 -9"><span class='ocrx_word' id='word_1_78' title='bbox 417 1001 557 1035; x_wconf 88' lang='lat' dir='ltr'>matione</span> <span class='ocrx_word' id='word_1_79' title='bbox 590 999 765 1044; x_wconf 87' lang='lat' dir='ltr'>apostoliea</span> <span class='ocrx_word' id='word_1_80' title='bbox 797 998 845 1031; x_wconf 88' lang='lat' dir='ltr'>vel</span> <span class='ocrx_word' id='word_1_81' title='bbox 879 996 988 1042; x_wconf 85' lang='lat' dir='ltr'>quavis</span> <span class='ocrx_word' id='word_1_82' title='bbox 1022 996 1171 1029; x_wconf 84' lang='lat' dir='ltr'>firmitate</span> 
     </span>
     <span class='ocr_line' id='line_1_19' title="bbox 417 1050 1170 1094; baseline -0.009 -5"><span class='ocrx_word' id='word_1_83' title='bbox 417 1055 478 1089; x_wconf 91' lang='lat' dir='ltr'>alia</span> <span class='ocrx_word' id='word_1_84' title='bbox 498 1053 669 1094; x_wconf 90' lang='lat' dir='ltr'>roboratis,</span> <span class='ocrx_word' id='word_1_85' title='bbox 687 1053 811 1086; x_wconf 86' lang='lat' dir='ltr'>statutis</span> <span class='ocrx_word' id='word_1_86' title='bbox 828 1057 856 1085; x_wconf 88' lang='lat' dir='ltr'>et</span> <span class='ocrx_word' id='word_1_87' title='bbox 869 1050 1170 1091; x_wconf 78' lang='lat' dir='ltr'>eonsuetudinilms;</span> 
     </span>
     <span class='ocr_line' id='line_1_20' title="bbox 418 1104 1173 1153; baseline -0.007 -12"><span class='ocrx_word' id='word_1_88' title='bbox 418 1107 593 1153; x_wconf 86' lang='lat' dir='ltr'>privilegiis</span> <span class='ocrx_word' id='word_1_89' title='bbox 608 1117 752 1150; x_wconf 82' lang='lat' dir='ltr'>quoque,</span> <span class='ocrx_word' id='word_1_90' title='bbox 774 1105 907 1139; x_wconf 86' lang='lat' dir='ltr'>indultis</span> <span class='ocrx_word' id='word_1_91' title='bbox 923 1111 950 1137; x_wconf 85' lang='lat' dir='ltr'>et</span> <span class='ocrx_word' id='word_1_92' title='bbox 968 1104 1082 1137; x_wconf 87' lang='lat' dir='ltr'>litteris</span> <span class='ocrx_word' id='word_1_93' title='bbox 1097 1115 1173 1148; x_wconf 90' lang='lat' dir='ltr'>apo-</span> 
     </span>
     <span class='ocr_line' id='line_1_21' title="bbox 418 1158 1173 1202; baseline -0.008 -6"><span class='ocrx_word' id='word_1_94' title='bbox 418 1162 547 1202; x_wconf 85' lang='lat' dir='ltr'>stolicis,</span> <span class='ocrx_word' id='word_1_95' title='bbox 580 1160 731 1194; x_wconf 74' lang='lat' dir='ltr'>basilicae</span> <span class='ocrx_word' id='word_1_96' title='bbox 766 1164 796 1192; x_wconf 93' lang='lat' dir='ltr'>et</span> <span class='ocrx_word' id='word_1_97' title='bbox 824 1158 1102 1202; x_wconf 67' lang='lat' dir='ltr'>archipresbytero</span> <span class='ocrx_word' id='word_1_98' title='bbox 1136 1169 1173 1191; x_wconf 88' lang='lat' dir='ltr'>ac</span> 
     </span>
     <span class='ocr_line' id='line_1_22' title="bbox 419 1211 1172 1260; baseline -0.007 -11"><span class='ocrx_word' id='word_1_99' title='bbox 419 1215 561 1260; x_wconf 87' lang='lat' dir='ltr'>capitulo</span> <span class='ocrx_word' id='word_1_100' title='bbox 594 1220 623 1248; x_wconf 90' lang='lat' dir='ltr'>et</span> <span class='ocrx_word' id='word_1_101' title='bbox 643 1212 896 1247; x_wconf 86' lang='lat' dir='ltr'>hebdomadario</span> <span class='ocrx_word' id='word_1_102' title='bbox 917 1211 1078 1256; x_wconf 86' lang='lat' dir='ltr'>praefatis,</span> <span class='ocrx_word' id='word_1_103' title='bbox 1096 1222 1172 1245; x_wconf 88' lang='lat' dir='ltr'>uec-</span> 
     </span>
     <span class='ocr_line' id='line_1_23' title="bbox 418 1265 1173 1311; baseline -0.007 -9"><span class='ocrx_word' id='word_1_104' title='bbox 418 1280 484 1303; x_wconf 92' lang='lat' dir='ltr'>non</span> <span class='ocrx_word' id='word_1_105' title='bbox 513 1268 636 1301; x_wconf 88' lang='lat' dir='ltr'>dilectis</span> <span class='ocrx_word' id='word_1_106' title='bbox 669 1267 743 1300; x_wconf 86' lang='lat' dir='ltr'>filiis</span> <span class='ocrx_word' id='word_1_107' title='bbox 777 1266 898 1311; x_wconf 92' lang='lat' dir='ltr'>populo</span> <span class='ocrx_word' id='word_1_108' title='bbox 930 1265 1087 1306; x_wconf 80' lang='lat' dir='ltr'>Romano,</span> <span class='ocrx_word' id='word_1_109' title='bbox 1115 1265 1173 1298; x_wconf 87' lang='lat' dir='ltr'>sub</span> 
     </span>
     <span class='ocr_line' id='line_1_24' title="bbox 419 1319 1174 1367; baseline -0.007 -11"><span class='ocrx_word' id='word_1_110' title='bbox 419 1322 681 1367; x_wconf 90' lang='lat' dir='ltr'>quibuscumque</span> <span class='ocrx_word' id='word_1_111' title='bbox 718 1320 884 1354; x_wconf 86' lang='lat' dir='ltr'>tenoribus</span> <span class='ocrx_word' id='word_1_112' title='bbox 908 1324 939 1352; x_wconf 88' lang='lat' dir='ltr'>et</span> <span class='ocrx_word' id='word_1_113' title='bbox 975 1319 1098 1360; x_wconf 90' lang='lat' dir='ltr'>formis,</span> <span class='ocrx_word' id='word_1_114' title='bbox 1137 1330 1174 1352; x_wconf 85' lang='lat' dir='ltr'>ac</span> 
     </span>
     <span class='ocr_line' id='line_1_25' title="bbox 420 1372 1175 1420; baseline -0.004 -11"><span class='ocrx_word' id='word_1_115' title='bbox 420 1386 494 1409; x_wconf 85' lang='lat' dir='ltr'>cum</span> <span class='ocrx_word' id='word_1_116' title='bbox 504 1375 677 1420; x_wconf 81' lang='lat' dir='ltr'>quibusvis,</span> <span class='ocrx_word' id='word_1_117' title='bbox 689 1374 783 1407; x_wconf 87' lang='lat' dir='ltr'>etiam</span> <span class='ocrx_word' id='word_1_118' title='bbox 798 1372 1074 1415; x_wconf 80' lang='lat' dir='ltr'>derogatoriarum</span> <span class='ocrx_word' id='word_1_119' title='bbox 1084 1373 1175 1406; x_wconf 89' lang='lat' dir='ltr'>dero-</span> 
     </span>
     <span class='ocr_line' id='line_1_26' title="bbox 419 1426 1173 1474; baseline -0.007 -11"><span class='ocrx_word' id='word_1_120' title='bbox 419 1429 551 1474; x_wconf 80' lang='lat' dir='ltr'>gatoriis</span> <span class='ocrx_word' id='word_1_121' title='bbox 570 1428 705 1471; x_wconf 84' lang='lat' dir='ltr'>aliisque</span> <span class='ocrx_word' id='word_1_122' title='bbox 727 1426 962 1460; x_wconf 86' lang='lat' dir='ltr'>efficacioribus</span> <span class='ocrx_word' id='word_1_123' title='bbox 977 1431 1008 1458; x_wconf 85' lang='lat' dir='ltr'>et</span> <span class='ocrx_word' id='word_1_124' title='bbox 1027 1426 1173 1467; x_wconf 88' lang='lat' dir='ltr'>insolitis,</span> 
     </span>
     <span class='ocr_line' id='line_1_27' title="bbox 421 1480 1174 1522; baseline -0.007 -5"><span class='ocrx_word' id='word_1_125' title='bbox 421 1482 594 1522; x_wconf 90' lang='lat' dir='ltr'>clausulis;</span> <span class='ocrx_word' id='word_1_126' title='bbox 616 1492 743 1515; x_wconf 83' lang='lat' dir='ltr'>necnon</span> <span class='ocrx_word' id='word_1_127' title='bbox 763 1480 963 1514; x_wconf 87' lang='lat' dir='ltr'>irritantibus</span> <span class='ocrx_word' id='word_1_128' title='bbox 983 1486 1013 1513; x_wconf 87' lang='lat' dir='ltr'>et</span> <span class='ocrx_word' id='word_1_129' title='bbox 1028 1480 1099 1513; x_wconf 87' lang='lat' dir='ltr'>aliis</span> <span class='ocrx_word' id='word_1_130' title='bbox 1119 1480 1174 1513; x_wconf 91' lang='lat' dir='ltr'>de-</span> 
     </span>
     <span class='ocr_line' id='line_1_28' title="bbox 421 1533 1172 1577; baseline -0.004 -7"><span class='ocrx_word' id='word_1_131' title='bbox 421 1536 526 1577; x_wconf 89' lang='lat' dir='ltr'>cretis,</span> <span class='ocrx_word' id='word_1_132' title='bbox 556 1535 651 1569; x_wconf 86' lang='lat' dir='ltr'>etiam</span> <span class='ocrx_word' id='word_1_133' title='bbox 671 1540 761 1568; x_wconf 90' lang='lat' dir='ltr'>motu</span> <span class='ocrx_word' id='word_1_134' title='bbox 790 1539 820 1567; x_wconf 90' lang='lat' dir='ltr'>et</span> <span class='ocrx_word' id='word_1_135' title='bbox 840 1533 972 1567; x_wconf 83' lang='lat' dir='ltr'>scientia</span> <span class='ocrx_word' id='word_1_136' title='bbox 1003 1533 1172 1574; x_wconf 84' lang='lat' dir='ltr'>similibus,</span> 
     </span>
     <span class='ocr_line' id='line_1_29' title="bbox 421 1588 1174 1631; baseline -0.005 -7"><span class='ocrx_word' id='word_1_137' title='bbox 421 1591 517 1624; x_wconf 87' lang='lat' dir='ltr'>etiam</span> <span class='ocrx_word' id='word_1_138' title='bbox 537 1589 657 1623; x_wconf 77' lang='lat' dir='ltr'>iteratis</span> <span class='ocrx_word' id='word_1_139' title='bbox 671 1589 805 1628; x_wconf 84' lang='lat' dir='ltr'>vicibus,</span> <span class='ocrx_word' id='word_1_140' title='bbox 826 1588 921 1621; x_wconf 86' lang='lat' dir='ltr'>etiam</span> <span class='ocrx_word' id='word_1_141' title='bbox 941 1598 999 1631; x_wconf 90' lang='lat' dir='ltr'>per</span> <span class='ocrx_word' id='word_1_142' title='bbox 1018 1598 1077 1621; x_wconf 89' lang='lat' dir='ltr'>nos</span> <span class='ocrx_word' id='word_1_143' title='bbox 1097 1598 1174 1621; x_wconf 89' lang='lat' dir='ltr'>con-</span> 
     </span>
     <span class='ocr_line' id='line_1_30' title="bbox 422 1641 1176 1688; baseline -0.007 -10"><span class='ocrx_word' id='word_1_144' title='bbox 422 1643 528 1685; x_wconf 76' lang='lat' dir='ltr'>cessis,</span> <span class='ocrx_word' id='word_1_145' title='bbox 564 1643 750 1688; x_wconf 85' lang='lat' dir='ltr'>approbatis</span> <span class='ocrx_word' id='word_1_146' title='bbox 784 1648 814 1675; x_wconf 89' lang='lat' dir='ltr'>et</span> <span class='ocrx_word' id='word_1_147' title='bbox 844 1641 1002 1674; x_wconf 88' lang='lat' dir='ltr'>innovatis</span> <span class='ocrx_word' id='word_1_148' title='bbox 1015 1668 1022 1679; x_wconf 83' lang='lat'>,</span> <span class='ocrx_word' id='word_1_149' title='bbox 1057 1641 1176 1686; x_wconf 86' lang='lat' dir='ltr'>quibus</span> 
     </span>
     <span class='ocr_line' id='line_1_31' title="bbox 422 1695 1176 1740; baseline -0.007 -8"><span class='ocrx_word' id='word_1_150' title='bbox 422 1699 506 1732; x_wconf 85' lang='lat' dir='ltr'>inter</span> <span class='ocrx_word' id='word_1_151' title='bbox 520 1697 582 1731; x_wconf 86' lang='lat' dir='ltr'>alia</span> <span class='ocrx_word' id='word_1_152' title='bbox 602 1697 707 1731; x_wconf 87' lang='lat' dir='ltr'>caveri</span> <span class='ocrx_word' id='word_1_153' title='bbox 722 1696 840 1729; x_wconf 90' lang='lat' dir='ltr'>dicitur</span> <span class='ocrx_word' id='word_1_154' title='bbox 855 1706 1003 1739; x_wconf 87' lang='lat' dir='ltr'>expresse</span> <span class='ocrx_word' id='word_1_155' title='bbox 1023 1695 1109 1740; x_wconf 90' lang='lat' dir='ltr'>quod</span> <span class='ocrx_word' id='word_1_156' title='bbox 1126 1706 1176 1728; x_wconf 85' lang='lat' dir='ltr'>ca-</span> 
     </span>
     <span class='ocr_line' id='line_1_32' title="bbox 421 1749 1176 1794; baseline -0.004 -9"><span class='ocrx_word' id='word_1_157' title='bbox 421 1751 590 1786; x_wconf 84' lang='lat' dir='ltr'>nonicatus</span> <span class='ocrx_word' id='word_1_158' title='bbox 611 1757 641 1784; x_wconf 92' lang='lat' dir='ltr'>et</span> <span class='ocrx_word' id='word_1_159' title='bbox 656 1750 857 1794; x_wconf 88' lang='lat' dir='ltr'>praebendae</span> <span class='ocrx_word' id='word_1_160' title='bbox 874 1749 999 1793; x_wconf 86' lang='lat' dir='ltr'>aliaque</span> <span class='ocrx_word' id='word_1_161' title='bbox 1018 1749 1176 1782; x_wconf 84' lang='lat' dir='ltr'>beneficia</span> 
     </span>
     <span class='ocr_line' id='line_1_33' title="bbox 422 1802 1176 1846; baseline -0.007 -6"><span class='ocrx_word' id='word_1_162' title='bbox 422 1805 637 1840; x_wconf 87' lang='lat' dir='ltr'>ecclesiastica</span> <span class='ocrx_word' id='word_1_163' title='bbox 649 1804 742 1837; x_wconf 59' lang='lat' dir='ltr'>dictio</span> <span class='ocrx_word' id='word_1_164' title='bbox 753 1803 846 1837; x_wconf 88' lang='lat' dir='ltr'>Urbis</span> <span class='ocrx_word' id='word_1_165' title='bbox 857 1803 926 1835; x_wconf 86' lang='lat' dir='ltr'>aliis</span> <span class='ocrx_word' id='word_1_166' title='bbox 942 1813 1039 1846; x_wconf 91' lang='lat' dir='ltr'>quam</span> <span class='ocrx_word' id='word_1_167' title='bbox 1055 1802 1176 1836; x_wconf 87' lang='lat' dir='ltr'>civibus</span> 
     </span>
     <span class='ocr_line' id='line_1_34' title="bbox 421 1856 1175 1900; baseline -0.007 -7"><span class='ocrx_word' id='word_1_168' title='bbox 421 1858 574 1893; x_wconf 84' lang='lat' dir='ltr'>Romanis</span> <span class='ocrx_word' id='word_1_169' title='bbox 593 1863 624 1891; x_wconf 86' lang='lat' dir='ltr'>ct</span> <span class='ocrx_word' id='word_1_170' title='bbox 643 1856 893 1900; x_wconf 84' lang='lat' dir='ltr'>originariorum</span> <span class='ocrx_word' id='word_1_171' title='bbox 914 1856 1031 1889; x_wconf 88' lang='lat' dir='ltr'>civium</span> <span class='ocrx_word' id='word_1_172' title='bbox 1059 1856 1175 1889; x_wconf 84' lang='lat' dir='ltr'>Roma-</span> 
     </span>
     <span class='ocr_line' id='line_1_35' title="bbox 423 1909 1176 1953; baseline -0.005 -7"><span class='ocrx_word' id='word_1_173' title='bbox 423 1923 540 1946; x_wconf 89' lang='lat' dir='ltr'>norum</span> <span class='ocrx_word' id='word_1_174' title='bbox 568 1912 654 1953; x_wconf 87' lang='lat' dir='ltr'>filiis,</span> <span class='ocrx_word' id='word_1_175' title='bbox 677 1917 707 1944; x_wconf 87' lang='lat' dir='ltr'>et</span> <span class='ocrx_word' id='word_1_176' title='bbox 732 1911 839 1943; x_wconf 86' lang='lat' dir='ltr'>forsan</span> <span class='ocrx_word' id='word_1_177' title='bbox 858 1909 927 1943; x_wconf 88' lang='lat' dir='ltr'>aliis</span> <span class='ocrx_word' id='word_1_178' title='bbox 962 1915 1049 1943; x_wconf 88' lang='lat' dir='ltr'>certo</span> <span class='ocrx_word' id='word_1_179' title='bbox 1081 1910 1176 1943; x_wconf 92' lang='lat' dir='ltr'>modo</span> 
     </span>
     <span class='ocr_line' id='line_1_36' title="bbox 422 1963 1177 2010; baseline -0.005 -10"><span class='ocrx_word' id='word_1_180' title='bbox 422 1965 627 2010; x_wconf 86' lang='lat' dir='ltr'>qualificatis,</span> <span class='ocrx_word' id='word_1_181' title='bbox 646 1964 786 1998; x_wconf 86' lang='lat' dir='ltr'>conferri</span> <span class='ocrx_word' id='word_1_182' title='bbox 803 1975 867 1997; x_wconf 90' lang='lat' dir='ltr'>non</span> <span class='ocrx_word' id='word_1_183' title='bbox 883 1963 1017 2007; x_wconf 85' lang='lat' dir='ltr'>possint;</span> <span class='ocrx_word' id='word_1_184' title='bbox 1039 1969 1069 1996; x_wconf 87' lang='lat' dir='ltr'>et</span> <span class='ocrx_word' id='word_1_185' title='bbox 1084 1964 1177 1997; x_wconf 89' lang='lat' dir='ltr'>aliter</span> 
     </span>
     <span class='ocr_line' id='line_1_37' title="bbox 422 2018 1176 2062; baseline -0.005 -8"><span class='ocrx_word' id='word_1_186' title='bbox 422 2020 518 2055; x_wconf 87' lang='lat' dir='ltr'>etiam</span> <span class='ocrx_word' id='word_1_187' title='bbox 539 2020 578 2053; x_wconf 92' lang='lat' dir='ltr'>de</span> <span class='ocrx_word' id='word_1_188' title='bbox 594 2019 656 2051; x_wconf 91' lang='lat' dir='ltr'>illis</span> <span class='ocrx_word' id='word_1_189' title='bbox 675 2029 734 2062; x_wconf 91' lang='lat' dir='ltr'>per</span> <span class='ocrx_word' id='word_1_190' title='bbox 753 2018 867 2052; x_wconf 85' lang='lat' dir='ltr'>Sedem</span> <span class='ocrx_word' id='word_1_191' title='bbox 884 2018 1060 2061; x_wconf 73' lang='lat' dir='ltr'>praefatam</span> <span class='ocrx_word' id='word_1_192' title='bbox 1075 2018 1176 2050; x_wconf 84' lang='lat' dir='ltr'>factae</span> 
     </span>
     <span class='ocr_line' id='line_1_38' title="bbox 423 2071 1175 2115; baseline -0.005 -7"><span class='ocrx_word' id='word_1_193' title='bbox 423 2075 611 2109; x_wconf 82' lang='lat' dir='ltr'>collationes</span> <span class='ocrx_word' id='word_1_194' title='bbox 636 2078 665 2106; x_wconf 50' lang='lat' dir='ltr'>et,</span> <span class='ocrx_word' id='word_1_195' title='bbox 698 2073 779 2105; x_wconf 88' lang='lat' dir='ltr'>aliae</span> <span class='ocrx_word' id='word_1_196' title='bbox 812 2071 1036 2115; x_wconf 83' lang='lat' dir='ltr'>dispositiones</span> <span class='ocrx_word' id='word_1_197' title='bbox 1068 2072 1175 2104; x_wconf 87' lang='lat' dir='ltr'>nullae</span> 
     </span>
     <span class='ocr_line' id='line_1_39' title="bbox 423 2124 1176 2169; baseline -0.005 -8"><span class='ocrx_word' id='word_1_198' title='bbox 423 2128 495 2161; x_wconf 90' lang='lat' dir='ltr'>sint.</span> <span class='ocrx_word' id='word_1_199' title='bbox 523 2127 679 2169; x_wconf 78' lang='lat' dir='ltr'>Quodque</span> <span class='ocrx_word' id='word_1_200' title='bbox 698 2125 811 2159; x_wconf 90' lang='lat' dir='ltr'>iisdem</span> <span class='ocrx_word' id='word_1_201' title='bbox 832 2124 1004 2168; x_wconf 84' lang='lat' dir='ltr'>privilegiis</span> <span class='ocrx_word' id='word_1_202' title='bbox 1019 2130 1049 2157; x_wconf 88' lang='lat' dir='ltr'>et</span> <span class='ocrx_word' id='word_1_203' title='bbox 1069 2125 1176 2158; x_wconf 91' lang='lat' dir='ltr'>indul-</span> 
     </span>
     <span class='ocr_line' id='line_1_40' title="bbox 423 2178 1178 2222; baseline -0.005 -7"><span class='ocrx_word' id='word_1_204' title='bbox 423 2183 475 2222; x_wconf 86' lang='lat' dir='ltr'>tis,</span> <span class='ocrx_word' id='word_1_205' title='bbox 492 2181 678 2214; x_wconf 84' lang='lat' dir='ltr'>nullatenus</span> <span class='ocrx_word' id='word_1_206' title='bbox 693 2184 748 2212; x_wconf 88' lang='lat' dir='ltr'>aut</span> <span class='ocrx_word' id='word_1_207' title='bbox 764 2178 890 2211; x_wconf 88' lang='lat' dir='ltr'>nonnisi</span> <span class='ocrx_word' id='word_1_208' title='bbox 906 2179 1001 2211; x_wconf 90' lang='lat' dir='ltr'>modo</span> <span class='ocrx_word' id='word_1_209' title='bbox 1025 2184 1055 2211; x_wconf 90' lang='lat' dir='ltr'>et</span> <span class='ocrx_word' id='word_1_210' title='bbox 1074 2178 1178 2212; x_wconf 84' lang='lat' dir='ltr'>forma</span> 
     </span>
     <span class='ocr_line' id='line_1_41' title="bbox 424 2231 1177 2277; baseline -0.004 -9"><span class='ocrx_word' id='word_1_211' title='bbox 424 2236 458 2268; x_wconf 90' lang='lat' dir='ltr'>in</span> <span class='ocrx_word' id='word_1_212' title='bbox 488 2235 551 2268; x_wconf 91' lang='lat' dir='ltr'>illis</span> <span class='ocrx_word' id='word_1_213' title='bbox 584 2233 754 2277; x_wconf 81' lang='lat' dir='ltr'>expressis,</span> <span class='ocrx_word' id='word_1_214' title='bbox 782 2231 931 2275; x_wconf 74' lang='lat' dir='ltr'>derogari</span> <span class='ocrx_word' id='word_1_215' title='bbox 961 2232 1071 2275; x_wconf 89' lang='lat' dir='ltr'>possit;</span> <span class='ocrx_word' id='word_1_216' title='bbox 1102 2237 1132 2265; x_wconf 89' lang='lat' dir='ltr'>et</span> <span class='ocrx_word' id='word_1_217' title='bbox 1152 2232 1177 2265; x_wconf 91' lang='lat' dir='ltr'>si</span> 
     </span>
     <span class='ocr_line' id='line_1_42' title="bbox 424 2285 1176 2330; baseline -0.003 -9"><span class='ocrx_word' id='word_1_218' title='bbox 424 2288 488 2321; x_wconf 90' lang='lat' dir='ltr'>illis</span> <span class='ocrx_word' id='word_1_219' title='bbox 521 2287 614 2321; x_wconf 86' lang='lat' dir='ltr'>aliter</span> <span class='ocrx_word' id='word_1_220' title='bbox 648 2285 796 2330; x_wconf 82' lang='lat' dir='ltr'>derogari</span> <span class='ocrx_word' id='word_1_221' title='bbox 828 2285 1010 2328; x_wconf 83' lang='lat' dir='ltr'>contingat,</span> <span class='ocrx_word' id='word_1_222' title='bbox 1041 2286 1176 2329; x_wconf 83' lang='lat' dir='ltr'>deroga-</span> 
     </span>
     <span class='ocr_line' id='line_1_43' title="bbox 426 2339 1174 2382; baseline -0.004 -7"><span class='ocrx_word' id='word_1_223' title='bbox 426 2342 529 2375; x_wconf 80' lang='lat' dir='ltr'>tiones</span> <span class='ocrx_word' id='word_1_224' title='bbox 567 2340 754 2374; x_wconf 89' lang='lat' dir='ltr'>huiusmodi</span> <span class='ocrx_word' id='word_1_225' title='bbox 792 2339 914 2373; x_wconf 90' lang='lat' dir='ltr'>nemini</span> <span class='ocrx_word' id='word_1_226' title='bbox 947 2339 1174 2382; x_wconf 83' lang='lat' dir='ltr'>suffragentur.</span> 
     </span>
     <span class='ocr_line' id='line_1_44' title="bbox 425 2392 1178 2434; baseline -0.005 -6"><span class='ocrx_word' id='word_1_227' title='bbox 425 2394 546 2434; x_wconf 88' lang='lat' dir='ltr'>Quibus</span> <span class='ocrx_word' id='word_1_228' title='bbox 570 2394 732 2433; x_wconf 90' lang='lat' dir='ltr'>omnibus,</span> <span class='ocrx_word' id='word_1_229' title='bbox 754 2392 877 2426; x_wconf 85' lang='lat' dir='ltr'>etiamsi</span> <span class='ocrx_word' id='word_1_230' title='bbox 908 2392 945 2425; x_wconf 91' lang='lat' dir='ltr'>de</span> <span class='ocrx_word' id='word_1_231' title='bbox 965 2392 1027 2424; x_wconf 88' lang='lat' dir='ltr'>illis</span> <span class='ocrx_word' id='word_1_232' title='bbox 1048 2402 1178 2425; x_wconf 87' lang='lat' dir='ltr'>eorum-</span> 
     </span>
     <span class='ocr_line' id='line_1_45' title="bbox 426 2441 1180 2488; baseline -0.003 -11"><span class='ocrx_word' id='word_1_233' title='bbox 426 2455 489 2488; x_wconf 88' lang='lat' dir='ltr'>que</span> <span class='ocrx_word' id='word_1_234' title='bbox 508 2444 581 2477; x_wconf 89' lang='lat' dir='ltr'>totis</span> <span class='ocrx_word' id='word_1_235' title='bbox 599 2443 766 2476; x_wconf 88' lang='lat' dir='ltr'>tenoribus</span> <span class='ocrx_word' id='word_1_236' title='bbox 793 2441 952 2486; x_wconf 88' lang='lat' dir='ltr'>specialis,</span> <span class='ocrx_word' id='word_1_237' title='bbox 980 2441 1128 2485; x_wconf 84' lang='lat' dir='ltr'>specifica</span> <span class='ocrx_word' id='word_1_238' title='bbox 1150 2447 1180 2475; x_wconf 85' lang='lat' dir='ltr'>et</span> 
     </span>
     <span class='ocr_line' id='line_1_46' title="bbox 426 2490 1178 2536; baseline -0.007 -9"><span class='ocrx_word' id='word_1_239' title='bbox 426 2503 574 2536; x_wconf 84' lang='lat' dir='ltr'>expressa</span> <span class='ocrx_word' id='word_1_240' title='bbox 592 2493 711 2525; x_wconf 85' lang='lat' dir='ltr'>mentio</span> <span class='ocrx_word' id='word_1_241' title='bbox 731 2491 891 2528; x_wconf 80' lang='lat' dir='ltr'>habenda,</span> <span class='ocrx_word' id='word_1_242' title='bbox 913 2495 968 2524; x_wconf 83' lang='lat' dir='ltr'>aut</span> <span class='ocrx_word' id='word_1_243' title='bbox 991 2490 1097 2534; x_wconf 86' lang='lat' dir='ltr'>aliqua</span> <span class='ocrx_word' id='word_1_244' title='bbox 1118 2491 1178 2523; x_wconf 89' lang='lat' dir='ltr'>alia</span> 
     </span>
     <span class='ocr_line' id='line_1_47' title="bbox 427 2539 1176 2585; baseline -0.004 -10"><span class='ocrx_word' id='word_1_245' title='bbox 427 2541 581 2585; x_wconf 90' lang='lat' dir='ltr'>exquisita</span> <span class='ocrx_word' id='word_1_246' title='bbox 605 2542 708 2574; x_wconf 86' lang='lat' dir='ltr'>forma</span> <span class='ocrx_word' id='word_1_247' title='bbox 727 2541 767 2574; x_wconf 90' lang='lat' dir='ltr'>ad</span> <span class='ocrx_word' id='word_1_248' title='bbox 799 2541 861 2574; x_wconf 89' lang='lat' dir='ltr'>hoc</span> <span class='ocrx_word' id='word_1_249' title='bbox 895 2539 1049 2573; x_wconf 90' lang='lat' dir='ltr'>servanda</span> <span class='ocrx_word' id='word_1_250' title='bbox 1083 2540 1176 2579; x_wconf 80' lang='lat' dir='ltr'>soret,</span> 
     </span>
     <span class='ocr_line' id='line_1_48' title="bbox 426 2588 1179 2630; baseline -0.005 -6"><span class='ocrx_word' id='word_1_251' title='bbox 426 2595 555 2624; x_wconf 87' lang='lat' dir='ltr'>tenores</span> <span class='ocrx_word' id='word_1_252' title='bbox 581 2589 779 2630; x_wconf 91' lang='lat' dir='ltr'>huiusmodi,</span> <span class='ocrx_word' id='word_1_253' title='bbox 815 2600 852 2623; x_wconf 89' lang='lat' dir='ltr'>ac</span> <span class='ocrx_word' id='word_1_254' title='bbox 885 2589 910 2622; x_wconf 91' lang='lat' dir='ltr'>si</span> <span class='ocrx_word' id='word_1_255' title='bbox 943 2589 981 2622; x_wconf 93' lang='lat' dir='ltr'>de</span> <span class='ocrx_word' id='word_1_256' title='bbox 1014 2588 1111 2621; x_wconf 85' lang='lat' dir='ltr'>verbo</span> <span class='ocrx_word' id='word_1_257' title='bbox 1141 2589 1179 2620; x_wconf 89' lang='lat' dir='ltr'>ad</span> 
     </span>
     <span class='ocr_line' id='line_1_49' title="bbox 429 2637 1180 2684; baseline -0.003 -12"><span class='ocrx_word' id='word_1_258' title='bbox 429 2640 574 2681; x_wconf 84' lang='lat' dir='ltr'>verbum,</span> <span class='ocrx_word' id='word_1_259' title='bbox 589 2639 670 2674; x_wconf 90' lang='lat' dir='ltr'>nihil</span> <span class='ocrx_word' id='word_1_260' title='bbox 689 2640 818 2684; x_wconf 91' lang='lat' dir='ltr'>penitus</span> <span class='ocrx_word' id='word_1_261' title='bbox 837 2639 967 2679; x_wconf 90' lang='lat' dir='ltr'>omisso,</span> <span class='ocrx_word' id='word_1_262' title='bbox 985 2643 1015 2672; x_wconf 92' lang='lat' dir='ltr'>et</span> <span class='ocrx_word' id='word_1_263' title='bbox 1029 2637 1133 2671; x_wconf 87' lang='lat' dir='ltr'>forma</span> <span class='ocrx_word' id='word_1_264' title='bbox 1148 2637 1180 2670; x_wconf 91' lang='lat' dir='ltr'>in</span> 
     </span>
    </p>
   </div>
   <div class='ocr_carea' id='block_1_5' title="bbox 1209 294 1975 2581">
    <p class='ocr_par' dir='ltr' id='par_1_6' title="bbox 1209 294 1975 2581">
     <span class='ocr_line' id='line_1_50' title="bbox 1209 294 1962 340; baseline 0 -11"><span class='ocrx_word' id='word_1_265' title='bbox 1209 296 1271 329; x_wconf 91' lang='lat' dir='ltr'>illis</span> <span class='ocrx_word' id='word_1_266' title='bbox 1290 295 1405 329; x_wconf 88' lang='lat' dir='ltr'>tradita</span> <span class='ocrx_word' id='word_1_267' title='bbox 1425 295 1602 336; x_wconf 87' lang='lat' dir='ltr'>observata,</span> <span class='ocrx_word' id='word_1_268' title='bbox 1620 294 1731 328; x_wconf 88' lang='lat' dir='ltr'>inserti</span> <span class='ocrx_word' id='word_1_269' title='bbox 1750 295 1855 328; x_wconf 89' lang='lat' dir='ltr'>forent</span> <span class='ocrx_word' id='word_1_270' title='bbox 1869 305 1962 340; x_wconf 86' lang='lat' dir='ltr'>prae-</span> 
     </span>
     <span class='ocr_line' id='line_1_51' title="bbox 1209 348 1964 393; baseline -0.001 -10"><span class='ocrx_word' id='word_1_271' title='bbox 1209 349 1363 390; x_wconf 89' lang='lat' dir='ltr'>sentibus,</span> <span class='ocrx_word' id='word_1_272' title='bbox 1375 359 1434 393; x_wconf 92' lang='lat' dir='ltr'>pro</span> <span class='ocrx_word' id='word_1_273' title='bbox 1456 348 1611 392; x_wconf 84' lang='lat' dir='ltr'>expressis</span> <span class='ocrx_word' id='word_1_274' title='bbox 1627 348 1794 389; x_wconf 87' lang='lat' dir='ltr'>habentes,</span> <span class='ocrx_word' id='word_1_275' title='bbox 1806 348 1871 382; x_wconf 90' lang='lat' dir='ltr'>illis</span> <span class='ocrx_word' id='word_1_276' title='bbox 1885 349 1964 382; x_wconf 89' lang='lat' dir='ltr'>alias</span> 
     </span>
     <span class='ocr_line' id='line_1_52' title="bbox 1210 401 1964 446; baseline -0.001 -10"><span class='ocrx_word' id='word_1_277' title='bbox 1210 403 1242 436; x_wconf 91' lang='lat' dir='ltr'>in</span> <span class='ocrx_word' id='word_1_278' title='bbox 1263 413 1321 436; x_wconf 92' lang='lat' dir='ltr'>suo</span> <span class='ocrx_word' id='word_1_279' title='bbox 1340 403 1457 436; x_wconf 86' lang='lat' dir='ltr'>robore</span> <span class='ocrx_word' id='word_1_280' title='bbox 1469 401 1702 446; x_wconf 79' lang='lat' dir='ltr'>permansuris,</span> <span class='ocrx_word' id='word_1_281' title='bbox 1719 401 1780 435; x_wconf 90' lang='lat' dir='ltr'>hac</span> <span class='ocrx_word' id='word_1_282' title='bbox 1789 401 1857 436; x_wconf 86' lang='lat' dir='ltr'>vice</span> <span class='ocrx_word' id='word_1_283' title='bbox 1871 402 1964 435; x_wconf 92' lang='lat' dir='ltr'>dum-</span> 
     </span>
     <span class='ocr_line' id='line_1_53' title="bbox 1209 455 1960 500; baseline -0.001 -11"><span class='ocrx_word' id='word_1_284' title='bbox 1209 461 1304 497; x_wconf 81' lang='lat' dir='ltr'>taxat,</span> <span class='ocrx_word' id='word_1_285' title='bbox 1327 455 1509 500; x_wconf 85' lang='lat' dir='ltr'>specialiter</span> <span class='ocrx_word' id='word_1_286' title='bbox 1528 461 1558 489; x_wconf 89' lang='lat' dir='ltr'>et</span> <span class='ocrx_word' id='word_1_287' title='bbox 1582 465 1729 499; x_wconf 85' lang='lat' dir='ltr'>expresse</span> <span class='ocrx_word' id='word_1_288' title='bbox 1757 455 1960 499; x_wconf 79' lang='lat' dir='ltr'>derogamus.</span> 
     </span>
     <span class='ocr_line' id='line_1_54' title="bbox 1209 508 1964 554; baseline 0 -11"><span class='ocrx_word' id='word_1_289' title='bbox 1209 510 1365 554; x_wconf 82' lang='lat' dir='ltr'>Quodque</span> <span class='ocrx_word' id='word_1_290' title='bbox 1375 510 1513 543; x_wconf 85' lang='lat' dir='ltr'>Thomas</span> <span class='ocrx_word' id='word_1_291' title='bbox 1532 508 1708 553; x_wconf 81' lang='lat' dir='ltr'>Maurique,</span> <span class='ocrx_word' id='word_1_292' title='bbox 1729 508 1784 552; x_wconf 89' lang='lat' dir='ltr'>qui</span> <span class='ocrx_word' id='word_1_293' title='bbox 1804 518 1892 542; x_wconf 91' lang='lat' dir='ltr'>nunc</span> <span class='ocrx_word' id='word_1_294' title='bbox 1907 515 1964 550; x_wconf 88' lang='lat' dir='ltr'>est,</span> 
     </span>
     <span class='ocr_line' id='line_1_55' title="bbox 1210 561 1965 607; baseline 0 -11"><span class='ocrx_word' id='word_1_295' title='bbox 1210 569 1239 596; x_wconf 85' lang='lat' dir='ltr'>et</span> <span class='ocrx_word' id='word_1_296' title='bbox 1261 574 1320 607; x_wconf 92' lang='lat' dir='ltr'>pro</span> <span class='ocrx_word' id='word_1_297' title='bbox 1345 568 1490 607; x_wconf 90' lang='lat' dir='ltr'>tempore</span> <span class='ocrx_word' id='word_1_298' title='bbox 1514 562 1651 595; x_wconf 84' lang='lat' dir='ltr'>existens</span> <span class='ocrx_word' id='word_1_299' title='bbox 1677 561 1828 605; x_wconf 82' lang='lat' dir='ltr'>magister</span> <span class='ocrx_word' id='word_1_300' title='bbox 1853 561 1965 596; x_wconf 88' lang='lat' dir='ltr'>Palatii</span> 
     </span>
     <span class='ocr_line' id='line_1_56' title="bbox 1210 615 1967 650; baseline 0 0"><span class='ocrx_word' id='word_1_301' title='bbox 1210 617 1396 650; x_wconf 89' lang='lat' dir='ltr'>huiusmodi</span> <span class='ocrx_word' id='word_1_302' title='bbox 1420 627 1485 650; x_wconf 92' lang='lat' dir='ltr'>non</span> <span class='ocrx_word' id='word_1_303' title='bbox 1505 616 1566 649; x_wconf 86' lang='lat' dir='ltr'>erit</span> <span class='ocrx_word' id='word_1_304' title='bbox 1580 616 1688 649; x_wconf 80' lang='lat' dir='ltr'>forsan</span> <span class='ocrx_word' id='word_1_305' title='bbox 1708 615 1783 649; x_wconf 79' lang='lat' dir='ltr'>civis</span> <span class='ocrx_word' id='word_1_306' title='bbox 1801 615 1967 650; x_wconf 86' lang='lat' dir='ltr'>Romanus</span> 
     </span>
     <span class='ocr_line' id='line_1_57' title="bbox 1210 669 1967 714; baseline 0 -11"><span class='ocrx_word' id='word_1_307' title='bbox 1210 682 1248 704; x_wconf 89' lang='lat' dir='ltr'>ac</span> <span class='ocrx_word' id='word_1_308' title='bbox 1268 670 1432 714; x_wconf 81' lang='lat' dir='ltr'>originarii</span> <span class='ocrx_word' id='word_1_309' title='bbox 1453 670 1529 703; x_wconf 91' lang='lat' dir='ltr'>civis</span> <span class='ocrx_word' id='word_1_310' title='bbox 1547 669 1683 702; x_wconf 86' lang='lat' dir='ltr'>Romani</span> <span class='ocrx_word' id='word_1_311' title='bbox 1711 669 1809 711; x_wconf 82' lang='lat' dir='ltr'>filius,</span> <span class='ocrx_word' id='word_1_312' title='bbox 1831 674 1862 703; x_wconf 90' lang='lat' dir='ltr'>et</span> <span class='ocrx_word' id='word_1_313' title='bbox 1889 669 1967 703; x_wconf 89' lang='lat' dir='ltr'>alias</span> 
     </span>
     <span class='ocr_line' id='line_1_58' title="bbox 1212 723 1967 768; baseline -0.001 -11"><span class='ocrx_word' id='word_1_314' title='bbox 1212 724 1298 757; x_wconf 83' lang='lat' dir='ltr'>iuxta</span> <span class='ocrx_word' id='word_1_315' title='bbox 1318 724 1485 768; x_wconf 88' lang='lat' dir='ltr'>privilegia</span> <span class='ocrx_word' id='word_1_316' title='bbox 1505 729 1535 757; x_wconf 86' lang='lat' dir='ltr'>et</span> <span class='ocrx_word' id='word_1_317' title='bbox 1554 723 1680 756; x_wconf 87' lang='lat' dir='ltr'>indulta</span> <span class='ocrx_word' id='word_1_318' title='bbox 1698 724 1841 767; x_wconf 88' lang='lat' dir='ltr'>praefata</span> <span class='ocrx_word' id='word_1_319' title='bbox 1860 723 1967 767; x_wconf 90' lang='lat' dir='ltr'>quali-</span> 
     </span>
     <span class='ocr_line' id='line_1_59' title="bbox 1211 776 1967 821; baseline 0 -11"><span class='ocrx_word' id='word_1_320' title='bbox 1211 778 1337 818; x_wconf 83' lang='lat' dir='ltr'>ficatus,</span> <span class='ocrx_word' id='word_1_321' title='bbox 1360 777 1531 811; x_wconf 85' lang='lat' dir='ltr'>contrariis</span> <span class='ocrx_word' id='word_1_322' title='bbox 1551 776 1823 821; x_wconf 86' lang='lat' dir='ltr'>quibuscumque.</span> <span class='ocrx_word' id='word_1_323' title='bbox 1860 777 1923 810; x_wconf 89' lang='lat' dir='ltr'>Aut</span> <span class='ocrx_word' id='word_1_324' title='bbox 1941 777 1967 811; x_wconf 89' lang='lat' dir='ltr'>si</span> 
     </span>
     <span class='ocr_line' id='line_1_60' title="bbox 1212 831 1968 876; baseline 0 -11"><span class='ocrx_word' id='word_1_325' title='bbox 1212 832 1321 876; x_wconf 85' lang='lat' dir='ltr'>aliqui,</span> <span class='ocrx_word' id='word_1_326' title='bbox 1333 831 1499 876; x_wconf 88' lang='lat' dir='ltr'>apostolic.</span> <span class='ocrx_word' id='word_1_327' title='bbox 1514 832 1645 875; x_wconf 79' lang='lat' dir='ltr'>praefata</span> <span class='ocrx_word' id='word_1_328' title='bbox 1655 832 1703 865; x_wconf 92' lang='lat' dir='ltr'>vel</span> <span class='ocrx_word' id='word_1_329' title='bbox 1714 831 1777 864; x_wconf 88' lang='lat' dir='ltr'>alia</span> <span class='ocrx_word' id='word_1_330' title='bbox 1787 831 1897 875; x_wconf 86' lang='lat' dir='ltr'>quavis</span> <span class='ocrx_word' id='word_1_331' title='bbox 1909 842 1968 865; x_wconf 88' lang='lat' dir='ltr'>au-</span> 
     </span>
     <span class='ocr_line' id='line_1_61' title="bbox 1213 885 1971 923; baseline 0 -4"><span class='ocrx_word' id='word_1_332' title='bbox 1213 886 1372 923; x_wconf 78' lang='lat' dir='ltr'>ctoritate,</span> <span class='ocrx_word' id='word_1_333' title='bbox 1386 887 1419 919; x_wconf 89' lang='lat' dir='ltr'>in</span> <span class='ocrx_word' id='word_1_334' title='bbox 1437 886 1468 919; x_wconf 89' lang='lat' dir='ltr'>d.</span> <span class='ocrx_word' id='word_1_335' title='bbox 1486 886 1620 919; x_wconf 83' lang='lat' dir='ltr'>basilica</span> <span class='ocrx_word' id='word_1_336' title='bbox 1634 885 1669 918; x_wconf 92' lang='lat' dir='ltr'>in</span> <span class='ocrx_word' id='word_1_337' title='bbox 1699 885 1874 919; x_wconf 91' lang='lat' dir='ltr'>canonicos</span> <span class='ocrx_word' id='word_1_338' title='bbox 1895 890 1971 919; x_wconf 89' lang='lat' dir='ltr'>sunt</span> 
     </span>
     <span class='ocr_line' id='line_1_62' title="bbox 1212 939 1970 983; baseline 0.001 -11"><span class='ocrx_word' id='word_1_339' title='bbox 1212 940 1344 983; x_wconf 88' lang='lat' dir='ltr'>recepti,</span> <span class='ocrx_word' id='word_1_340' title='bbox 1364 940 1412 973; x_wconf 87' lang='lat' dir='ltr'>vel</span> <span class='ocrx_word' id='word_1_341' title='bbox 1433 945 1468 972; x_wconf 90' lang='lat' dir='ltr'>ut</span> <span class='ocrx_word' id='word_1_342' title='bbox 1488 939 1688 983; x_wconf 88' lang='lat' dir='ltr'>recipiantur</span> <span class='ocrx_word' id='word_1_343' title='bbox 1713 939 1877 980; x_wconf 63' lang='lat' dir='ltr'>insistunt,</span> <span class='ocrx_word' id='word_1_344' title='bbox 1913 950 1970 973; x_wconf 89' lang='lat' dir='ltr'>seu</span> 
     </span>
     <span class='ocr_line' id='line_1_63' title="bbox 1213 992 1970 1038; baseline 0.001 -12"><span class='ocrx_word' id='word_1_345' title='bbox 1213 994 1238 1026; x_wconf 88' lang='lat' dir='ltr'>si</span> <span class='ocrx_word' id='word_1_346' title='bbox 1260 1004 1359 1038; x_wconf 90' lang='lat' dir='ltr'>super</span> <span class='ocrx_word' id='word_1_347' title='bbox 1378 993 1648 1038; x_wconf 85' lang='lat' dir='ltr'>promissionibus</span> <span class='ocrx_word' id='word_1_348' title='bbox 1668 993 1727 1025; x_wconf 88' lang='lat' dir='ltr'>sibi</span> <span class='ocrx_word' id='word_1_349' title='bbox 1748 992 1902 1026; x_wconf 82' lang='lat' dir='ltr'>faciendis</span> <span class='ocrx_word' id='word_1_350' title='bbox 1930 993 1970 1027; x_wconf 89' lang='lat' dir='ltr'>de</span> 
     </span>
     <span class='ocr_line' id='line_1_64' title="bbox 1214 1046 1972 1090; baseline 0 -10"><span class='ocrx_word' id='word_1_351' title='bbox 1214 1047 1457 1081; x_wconf 86' lang='lat' dir='ltr'>canonicatibus</span> <span class='ocrx_word' id='word_1_352' title='bbox 1488 1053 1519 1081; x_wconf 88' lang='lat' dir='ltr'>et</span> <span class='ocrx_word' id='word_1_353' title='bbox 1546 1046 1738 1090; x_wconf 87' lang='lat' dir='ltr'>praebendis</span> <span class='ocrx_word' id='word_1_354' title='bbox 1757 1046 1859 1090; x_wconf 89' lang='lat' dir='ltr'>ipsius</span> <span class='ocrx_word' id='word_1_355' title='bbox 1887 1047 1972 1080; x_wconf 85' lang='lat' dir='ltr'>basi-</span> 
     </span>
     <span class='ocr_line' id='line_1_65' title="bbox 1214 1099 1971 1145; baseline 0.001 -12"><span class='ocrx_word' id='word_1_356' title='bbox 1214 1101 1295 1134; x_wconf 89' lang='lat' dir='ltr'>licae</span> <span class='ocrx_word' id='word_1_357' title='bbox 1315 1101 1482 1145; x_wconf 77' lang='lat' dir='ltr'>speciales,</span> <span class='ocrx_word' id='word_1_358' title='bbox 1504 1101 1552 1134; x_wconf 84' lang='lat' dir='ltr'>vel</span> <span class='ocrx_word' id='word_1_359' title='bbox 1572 1100 1644 1133; x_wconf 88' lang='lat' dir='ltr'>aliis</span> <span class='ocrx_word' id='word_1_360' title='bbox 1663 1099 1830 1133; x_wconf 89' lang='lat' dir='ltr'>beneficiis</span> <span class='ocrx_word' id='word_1_361' title='bbox 1865 1100 1971 1134; x_wconf 87' lang='lat' dir='ltr'>eccle-</span> 
     </span>
     <span class='ocr_line' id='line_1_66' title="bbox 1215 1153 1971 1197; baseline 0.001 -10"><span class='ocrx_word' id='word_1_362' title='bbox 1215 1155 1350 1188; x_wconf 82' lang='lat' dir='ltr'>siasticis</span> <span class='ocrx_word' id='word_1_363' title='bbox 1378 1155 1411 1187; x_wconf 88' lang='lat' dir='ltr'>in</span> <span class='ocrx_word' id='word_1_364' title='bbox 1446 1155 1530 1187; x_wconf 87' lang='lat' dir='ltr'>dicta</span> <span class='ocrx_word' id='word_1_365' title='bbox 1562 1153 1646 1187; x_wconf 88' lang='lat' dir='ltr'>Urbe</span> <span class='ocrx_word' id='word_1_366' title='bbox 1666 1153 1843 1197; x_wconf 82' lang='lat' dir='ltr'>generales,</span> <span class='ocrx_word' id='word_1_367' title='bbox 1866 1153 1971 1188; x_wconf 86' lang='lat' dir='ltr'>dictae</span> 
     </span>
     <span class='ocr_line' id='line_1_67' title="bbox 1215 1207 1971 1252; baseline -0.001 -11"><span class='ocrx_word' id='word_1_368' title='bbox 1215 1208 1305 1241; x_wconf 78' lang='lat' dir='ltr'>Sedis</span> <span class='ocrx_word' id='word_1_369' title='bbox 1324 1209 1370 1241; x_wconf 82' lang='lat' dir='ltr'>vel</span> <span class='ocrx_word' id='word_1_370' title='bbox 1391 1209 1570 1251; x_wconf 74' lang='lat' dir='ltr'>legatorum</span> <span class='ocrx_word' id='word_1_371' title='bbox 1592 1207 1660 1241; x_wconf 90' lang='lat' dir='ltr'>eius</span> <span class='ocrx_word' id='word_1_372' title='bbox 1675 1207 1798 1240; x_wconf 85' lang='lat' dir='ltr'>litteras</span> <span class='ocrx_word' id='word_1_373' title='bbox 1816 1207 1971 1252; x_wconf 84' lang='lat' dir='ltr'>impetra-</span> 
     </span>
     <span class='ocr_line' id='line_1_68' title="bbox 1215 1261 1971 1306; baseline 0 -11"><span class='ocrx_word' id='word_1_374' title='bbox 1215 1263 1291 1303; x_wconf 83' lang='lat' dir='ltr'>rint,</span> <span class='ocrx_word' id='word_1_375' title='bbox 1314 1262 1438 1295; x_wconf 89' lang='lat' dir='ltr'>etiamsi</span> <span class='ocrx_word' id='word_1_376' title='bbox 1458 1272 1516 1306; x_wconf 91' lang='lat' dir='ltr'>per</span> <span class='ocrx_word' id='word_1_377' title='bbox 1535 1272 1588 1295; x_wconf 90' lang='lat' dir='ltr'>eas</span> <span class='ocrx_word' id='word_1_378' title='bbox 1616 1261 1656 1294; x_wconf 91' lang='lat' dir='ltr'>ad</span> <span class='ocrx_word' id='word_1_379' title='bbox 1675 1261 1903 1294; x_wconf 88' lang='lat' dir='ltr'>inhibitionem</span> <span class='ocrx_word' id='word_1_380' title='bbox 1921 1261 1971 1295; x_wconf 90' lang='lat' dir='ltr'>vel</span> 
     </span>
     <span class='ocr_line' id='line_1_69' title="bbox 1215 1315 1972 1359; baseline 0.001 -11"><span class='ocrx_word' id='word_1_381' title='bbox 1215 1316 1293 1348; x_wconf 85' lang='lat' dir='ltr'>alias</span> <span class='ocrx_word' id='word_1_382' title='bbox 1326 1315 1569 1359; x_wconf 88' lang='lat' dir='ltr'>quomodolibet</span> <span class='ocrx_word' id='word_1_383' title='bbox 1589 1315 1629 1348; x_wconf 89' lang='lat' dir='ltr'>sit</span> <span class='ocrx_word' id='word_1_384' title='bbox 1651 1324 1852 1359; x_wconf 86' lang='lat' dir='ltr'>processum.</span> <span class='ocrx_word' id='word_1_385' title='bbox 1888 1315 1972 1355; x_wconf 85' lang='lat' dir='ltr'>Quas</span> 
     </span>
     <span class='ocr_line' id='line_1_70' title="bbox 1216 1368 1973 1413; baseline 0.001 -11"><span class='ocrx_word' id='word_1_386' title='bbox 1216 1370 1347 1413; x_wconf 90' lang='lat' dir='ltr'>quidem</span> <span class='ocrx_word' id='word_1_387' title='bbox 1381 1370 1502 1403; x_wconf 86' lang='lat' dir='ltr'>litteras</span> <span class='ocrx_word' id='word_1_388' title='bbox 1526 1374 1556 1402; x_wconf 89' lang='lat' dir='ltr'>et</span> <span class='ocrx_word' id='word_1_389' title='bbox 1579 1379 1750 1413; x_wconf 82' lang='lat' dir='ltr'>processus</span> <span class='ocrx_word' id='word_1_390' title='bbox 1769 1368 1895 1403; x_wconf 88' lang='lat' dir='ltr'>habitos</span> <span class='ocrx_word' id='word_1_391' title='bbox 1913 1379 1973 1413; x_wconf 84' lang='lat' dir='ltr'>per</span> 
     </span>
     <span class='ocr_line' id='line_1_71' title="bbox 1217 1423 1972 1466; baseline 0 -10"><span class='ocrx_word' id='word_1_392' title='bbox 1217 1423 1354 1463; x_wconf 83' lang='lat' dir='ltr'>easdem,</span> <span class='ocrx_word' id='word_1_393' title='bbox 1375 1423 1491 1456; x_wconf 84' lang='lat' dir='ltr'>etinde</span> <span class='ocrx_word' id='word_1_394' title='bbox 1511 1428 1621 1456; x_wconf 86' lang='lat' dir='ltr'>secuta</span> <span class='ocrx_word' id='word_1_395' title='bbox 1635 1432 1873 1466; x_wconf 87' lang='lat' dir='ltr'>quaecumque,</span> <span class='ocrx_word' id='word_1_396' title='bbox 1894 1433 1972 1456; x_wconf 88' lang='lat' dir='ltr'>nec-</span> 
     </span>
     <span class='ocr_line' id='line_1_72' title="bbox 1217 1475 1972 1520; baseline -0.001 -11"><span class='ocrx_word' id='word_1_397' title='bbox 1217 1487 1282 1509; x_wconf 92' lang='lat' dir='ltr'>non</span> <span class='ocrx_word' id='word_1_398' title='bbox 1302 1487 1414 1509; x_wconf 88' lang='lat' dir='ltr'>omnes</span> <span class='ocrx_word' id='word_1_399' title='bbox 1443 1482 1471 1509; x_wconf 91' lang='lat' dir='ltr'>et</span> <span class='ocrx_word' id='word_1_400' title='bbox 1498 1476 1640 1519; x_wconf 81' lang='lat' dir='ltr'>singulas</span> <span class='ocrx_word' id='word_1_401' title='bbox 1659 1475 1778 1518; x_wconf 84' lang='lat' dir='ltr'>gratias</span> <span class='ocrx_word' id='word_1_402' title='bbox 1797 1475 1972 1520; x_wconf 84' lang='lat' dir='ltr'>expectati-</span> 
     </span>
     <span class='ocr_line' id='line_1_73' title="bbox 1216 1528 1972 1574; baseline -0.001 -11"><span class='ocrx_word' id='word_1_403' title='bbox 1216 1542 1280 1570; x_wconf 88' lang='lat' dir='ltr'>vas,</span> <span class='ocrx_word' id='word_1_404' title='bbox 1300 1530 1456 1574; x_wconf 87' lang='lat' dir='ltr'>speciales</span> <span class='ocrx_word' id='word_1_405' title='bbox 1479 1530 1528 1562; x_wconf 91' lang='lat' dir='ltr'>vel</span> <span class='ocrx_word' id='word_1_406' title='bbox 1548 1530 1728 1573; x_wconf 84' lang='lat' dir='ltr'>generales,</span> <span class='ocrx_word' id='word_1_407' title='bbox 1764 1528 1860 1562; x_wconf 88' lang='lat' dir='ltr'>etiam</span> <span class='ocrx_word' id='word_1_408' title='bbox 1880 1539 1972 1563; x_wconf 90' lang='lat' dir='ltr'>men-</span> 
     </span>
     <span class='ocr_line' id='line_1_74' title="bbox 1217 1582 1974 1625; baseline 0 -8"><span class='ocrx_word' id='word_1_409' title='bbox 1217 1584 1310 1625; x_wconf 88' lang='lat' dir='ltr'>sales,</span> <span class='ocrx_word' id='word_1_410' title='bbox 1333 1584 1574 1624; x_wconf 86' lang='lat' dir='ltr'>reservationes,</span> <span class='ocrx_word' id='word_1_411' title='bbox 1595 1582 1715 1616; x_wconf 86' lang='lat' dir='ltr'>similes</span> <span class='ocrx_word' id='word_1_412' title='bbox 1733 1582 1782 1616; x_wconf 93' lang='lat' dir='ltr'>vel</span> <span class='ocrx_word' id='word_1_413' title='bbox 1802 1582 1974 1617; x_wconf 85' lang='lat' dir='ltr'>dissimiles</span> 
     </span>
     <span class='ocr_line' id='line_1_75' title="bbox 1217 1637 1970 1680; baseline 0 -9"><span class='ocrx_word' id='word_1_414' title='bbox 1217 1638 1375 1679; x_wconf 90' lang='lat' dir='ltr'>uniones,</span> <span class='ocrx_word' id='word_1_415' title='bbox 1416 1638 1630 1678; x_wconf 84' lang='lat' dir='ltr'>annexiones,</span> <span class='ocrx_word' id='word_1_416' title='bbox 1670 1637 1970 1680; x_wconf 87' lang='lat' dir='ltr'>incorporationes,</span> 
     </span>
     <span class='ocr_line' id='line_1_76' title="bbox 1219 1690 1970 1733; baseline 0 -9"><span class='ocrx_word' id='word_1_417' title='bbox 1219 1691 1446 1733; x_wconf 89' lang='lat' dir='ltr'>coadiutorias,</span> <span class='ocrx_word' id='word_1_418' title='bbox 1486 1702 1551 1724; x_wconf 91' lang='lat' dir='ltr'>non</span> <span class='ocrx_word' id='word_1_419' title='bbox 1584 1697 1692 1724; x_wconf 89' lang='lat' dir='ltr'>tamen</span> <span class='ocrx_word' id='word_1_420' title='bbox 1725 1690 1765 1723; x_wconf 92' lang='lat' dir='ltr'>de</span> <span class='ocrx_word' id='word_1_421' title='bbox 1799 1700 1970 1732; x_wconf 88' lang='lat' dir='ltr'>consensu,</span> 
     </span>
     <span class='ocr_line' id='line_1_77' title="bbox 1219 1743 1971 1789; baseline 0.001 -12"><span class='ocrx_word' id='word_1_422' title='bbox 1219 1746 1472 1789; x_wconf 85' lang='lat' dir='ltr'>praeventiones‚</span> <span class='ocrx_word' id='word_1_423' title='bbox 1491 1756 1527 1778; x_wconf 91' lang='lat' dir='ltr'>ac</span> <span class='ocrx_word' id='word_1_424' title='bbox 1546 1743 1749 1789; x_wconf 90' lang='lat' dir='ltr'>providendi,</span> <span class='ocrx_word' id='word_1_425' title='bbox 1775 1744 1971 1786; x_wconf 88' lang='lat' dir='ltr'>reservandi,</span> 
     </span>
     <span class='ocr_line' id='line_1_78' title="bbox 1218 1798 1972 1842; baseline 0.001 -10"><span class='ocrx_word' id='word_1_426' title='bbox 1218 1800 1363 1840; x_wconf 87' lang='lat' dir='ltr'>uniendi,</span> <span class='ocrx_word' id='word_1_427' title='bbox 1377 1799 1569 1833; x_wconf 88' lang='lat' dir='ltr'>annectendi</span> <span class='ocrx_word' id='word_1_428' title='bbox 1581 1804 1612 1832; x_wconf 89' lang='lat' dir='ltr'>et</span> <span class='ocrx_word' id='word_1_429' title='bbox 1622 1798 1864 1842; x_wconf 85' lang='lat' dir='ltr'>incorporandi,</span> <span class='ocrx_word' id='word_1_430' title='bbox 1883 1809 1972 1842; x_wconf 87' lang='lat' dir='ltr'>prae-</span> 
     </span>
     <span class='ocr_line' id='line_1_79' title="bbox 1218 1852 1971 1894; baseline 0 -8"><span class='ocrx_word' id='word_1_431' title='bbox 1218 1854 1364 1887; x_wconf 80' lang='lat' dir='ltr'>veniendi</span> <span class='ocrx_word' id='word_1_432' title='bbox 1386 1859 1416 1887; x_wconf 89' lang='lat' dir='ltr'>et</span> <span class='ocrx_word' id='word_1_433' title='bbox 1436 1854 1526 1894; x_wconf 86' lang='lat' dir='ltr'>alias,</span> <span class='ocrx_word' id='word_1_434' title='bbox 1548 1857 1740 1886; x_wconf 90' lang='lat' dir='ltr'>nontamen</span> <span class='ocrx_word' id='word_1_435' title='bbox 1755 1852 1971 1894; x_wconf 72' lang='lat' dir='ltr'>regrediendi,</span> 
     </span>
     <span class='ocr_line' id='line_1_80' title="bbox 1219 1906 1975 1940; baseline 0 0"><span class='ocrx_word' id='word_1_436' title='bbox 1219 1913 1249 1940; x_wconf 91' lang='lat' dir='ltr'>et</span> <span class='ocrx_word' id='word_1_437' title='bbox 1269 1907 1442 1940; x_wconf 88' lang='lat' dir='ltr'>accedendi</span> <span class='ocrx_word' id='word_1_438' title='bbox 1463 1907 1630 1940; x_wconf 85' lang='lat' dir='ltr'>facultates</span> <span class='ocrx_word' id='word_1_439' title='bbox 1650 1911 1680 1939; x_wconf 92' lang='lat' dir='ltr'>et</span> <span class='ocrx_word' id='word_1_440' title='bbox 1694 1906 1845 1939; x_wconf 87' lang='lat' dir='ltr'>mandata</span> <span class='ocrx_word' id='word_1_441' title='bbox 1860 1917 1897 1939; x_wconf 91' lang='lat' dir='ltr'>ac</span> <span class='ocrx_word' id='word_1_442' title='bbox 1912 1906 1975 1940; x_wconf 90' lang='lat' dir='ltr'>alia</span> 
     </span>
     <span class='ocr_line' id='line_1_81' title="bbox 1219 1959 1972 2005; baseline 0 -11"><span class='ocrx_word' id='word_1_443' title='bbox 1219 1961 1395 2005; x_wconf 83' lang='lat' dir='ltr'>privilegia,</span> <span class='ocrx_word' id='word_1_444' title='bbox 1428 1960 1552 1993; x_wconf 87' lang='lat' dir='ltr'>indulta</span> <span class='ocrx_word' id='word_1_445' title='bbox 1572 1965 1602 1993; x_wconf 88' lang='lat' dir='ltr'>et</span> <span class='ocrx_word' id='word_1_446' title='bbox 1621 1959 1743 1993; x_wconf 83' lang='lat' dir='ltr'>litteras</span> <span class='ocrx_word' id='word_1_447' title='bbox 1767 1959 1972 2004; x_wconf 87' lang='lat' dir='ltr'>apostolicas,</span> 
     </span>
     <span class='ocr_line' id='line_1_82' title="bbox 1219 2015 1971 2057; baseline 0 -10"><span class='ocrx_word' id='word_1_448' title='bbox 1219 2015 1251 2047; x_wconf 93' lang='lat' dir='ltr'>in</span> <span class='ocrx_word' id='word_1_449' title='bbox 1283 2015 1422 2048; x_wconf 78' lang='lat' dir='ltr'>savorem</span> <span class='ocrx_word' id='word_1_450' title='bbox 1443 2024 1725 2057; x_wconf 89' lang='lat' dir='ltr'>quarumcumque</span> <span class='ocrx_word' id='word_1_451' title='bbox 1745 2023 1971 2057; x_wconf 88' lang='lat' dir='ltr'>personarum,</span> 
     </span>
     <span class='ocr_line' id='line_1_83' title="bbox 1218 2067 1974 2108; baseline 0 -6"><span class='ocrx_word' id='word_1_452' title='bbox 1218 2069 1314 2102; x_wconf 83' lang='lat' dir='ltr'>etiam</span> <span class='ocrx_word' id='word_1_453' title='bbox 1325 2068 1531 2102; x_wconf 82' lang='lat' dir='ltr'>familiarium</span> <span class='ocrx_word' id='word_1_454' title='bbox 1541 2072 1736 2108; x_wconf 88' lang='lat' dir='ltr'>nostrorum,</span> <span class='ocrx_word' id='word_1_455' title='bbox 1744 2067 1974 2102; x_wconf 89' lang='lat' dir='ltr'>continuorum</span> 
     </span>
     <span class='ocr_line' id='line_1_84' title="bbox 1219 2121 1973 2164; baseline 0 -8"><span class='ocrx_word' id='word_1_456' title='bbox 1219 2122 1498 2163; x_wconf 87' lang='lat' dir='ltr'>commensalium,</span> <span class='ocrx_word' id='word_1_457' title='bbox 1521 2121 1617 2155; x_wconf 90' lang='lat' dir='ltr'>etiam</span> <span class='ocrx_word' id='word_1_458' title='bbox 1642 2121 1850 2164; x_wconf 90' lang='lat' dir='ltr'>antiquorum</span> <span class='ocrx_word' id='word_1_459' title='bbox 1870 2127 1902 2155; x_wconf 84' lang='lat' dir='ltr'>et</span> <span class='ocrx_word' id='word_1_460' title='bbox 1916 2121 1973 2156; x_wconf 88' lang='lat' dir='ltr'>de-</span> 
     </span>
     <span class='ocr_line' id='line_1_85' title="bbox 1219 2174 1972 2221; baseline -0.001 -11"><span class='ocrx_word' id='word_1_461' title='bbox 1219 2176 1429 2221; x_wconf 84' lang='lat' dir='ltr'>scriptorum,</span> <span class='ocrx_word' id='word_1_462' title='bbox 1451 2186 1488 2209; x_wconf 90' lang='lat' dir='ltr'>ac</span> <span class='ocrx_word' id='word_1_463' title='bbox 1515 2175 1618 2208; x_wconf 86' lang='lat' dir='ltr'>dictae</span> <span class='ocrx_word' id='word_1_464' title='bbox 1643 2174 1757 2208; x_wconf 89' lang='lat' dir='ltr'>Curiae</span> <span class='ocrx_word' id='word_1_465' title='bbox 1784 2174 1972 2209; x_wconf 81' lang='lat' dir='ltr'>officialium</span> 
     </span>
     <span class='ocr_line' id='line_1_86' title="bbox 1219 2229 1971 2272; baseline -0.001 -9"><span class='ocrx_word' id='word_1_466' title='bbox 1219 2236 1247 2263; x_wconf 90' lang='lat' dir='ltr'>ct</span> <span class='ocrx_word' id='word_1_467' title='bbox 1269 2230 1420 2270; x_wconf 86' lang='lat' dir='ltr'>aliorum,</span> <span class='ocrx_word' id='word_1_468' title='bbox 1447 2230 1683 2272; x_wconf 88' lang='lat' dir='ltr'>cuiuscumque</span> <span class='ocrx_word' id='word_1_469' title='bbox 1703 2233 1814 2268; x_wconf 55' lang='lat' dir='ltr'>status</span> <span class='ocrx_word' id='word_1_470' title='bbox 1840 2229 1971 2272; x_wconf 84' lang='lat' dir='ltr'>gradus,</span> 
     </span>
     <span class='ocr_line' id='line_1_87' title="bbox 1220 2281 1970 2326; baseline -0.001 -9"><span class='ocrx_word' id='word_1_471' title='bbox 1220 2283 1355 2325; x_wconf 91' lang='lat' dir='ltr'>ordinis,</span> <span class='ocrx_word' id='word_1_472' title='bbox 1388 2282 1581 2316; x_wconf 89' lang='lat' dir='ltr'>conditionis</span> <span class='ocrx_word' id='word_1_473' title='bbox 1612 2282 1660 2315; x_wconf 93' lang='lat' dir='ltr'>vel</span> <span class='ocrx_word' id='word_1_474' title='bbox 1695 2281 1970 2326; x_wconf 80' lang='lat' dir='ltr'>praeeminentiae,</span> 
     </span>
     <span class='ocr_line' id='line_1_88' title="bbox 1220 2335 1970 2378; baseline -0.003 -8"><span class='ocrx_word' id='word_1_475' title='bbox 1220 2337 1316 2370; x_wconf 88' lang='lat' dir='ltr'>etiam</span> <span class='ocrx_word' id='word_1_476' title='bbox 1354 2336 1568 2370; x_wconf 85' lang='lat' dir='ltr'>cardinalatus</span> <span class='ocrx_word' id='word_1_477' title='bbox 1603 2335 1728 2369; x_wconf 90' lang='lat' dir='ltr'>honore</span> <span class='ocrx_word' id='word_1_478' title='bbox 1756 2335 1970 2378; x_wconf 83' lang='lat' dir='ltr'>fulgentium,</span> 
     </span>
     <span class='ocr_line' id='line_1_89' title="bbox 1221 2388 1972 2434; baseline -0.004 -10"><span class='ocrx_word' id='word_1_479' title='bbox 1221 2391 1280 2424; x_wconf 91' lang='lat' dir='ltr'>sub</span> <span class='ocrx_word' id='word_1_480' title='bbox 1307 2389 1472 2434; x_wconf 85' lang='lat' dir='ltr'>quibusvis</span> <span class='ocrx_word' id='word_1_481' title='bbox 1490 2389 1662 2422; x_wconf 88' lang='lat' dir='ltr'>verborum</span> <span class='ocrx_word' id='word_1_482' title='bbox 1682 2388 1795 2422; x_wconf 91' lang='lat' dir='ltr'>formis</span> <span class='ocrx_word' id='word_1_483' title='bbox 1819 2393 1850 2422; x_wconf 88' lang='lat' dir='ltr'>et</span> <span class='ocrx_word' id='word_1_484' title='bbox 1882 2389 1972 2422; x_wconf 84' lang='lat' dir='ltr'>clau-</span> 
     </span>
     <span class='ocr_line' id='line_1_90' title="bbox 1221 2437 1970 2481; baseline -0.003 -9"><span class='ocrx_word' id='word_1_485' title='bbox 1221 2440 1311 2480; x_wconf 85' lang='lat' dir='ltr'>sulis,</span> <span class='ocrx_word' id='word_1_486' title='bbox 1334 2440 1429 2472; x_wconf 88' lang='lat' dir='ltr'>etiam</span> <span class='ocrx_word' id='word_1_487' title='bbox 1450 2437 1727 2481; x_wconf 85' lang='lat' dir='ltr'>derogatoriarum</span> <span class='ocrx_word' id='word_1_488' title='bbox 1747 2437 1970 2480; x_wconf 85' lang='lat' dir='ltr'>derogatoriis,</span> 
     </span>
     <span class='ocr_line' id='line_1_91' title="bbox 1221 2486 1974 2528; baseline -0.001 -7"><span class='ocrx_word' id='word_1_489' title='bbox 1221 2489 1419 2528; x_wconf 86' lang='lat' dir='ltr'>fortioribus,</span> <span class='ocrx_word' id='word_1_490' title='bbox 1448 2487 1684 2521; x_wconf 86' lang='lat' dir='ltr'>efficacioribus</span> <span class='ocrx_word' id='word_1_491' title='bbox 1703 2492 1734 2520; x_wconf 85' lang='lat' dir='ltr'>et</span> <span class='ocrx_word' id='word_1_492' title='bbox 1752 2486 1900 2527; x_wconf 88' lang='lat' dir='ltr'>insolitis,</span> <span class='ocrx_word' id='word_1_493' title='bbox 1931 2487 1974 2520; x_wconf 92' lang='lat' dir='ltr'>ir-</span> 
     </span>
     <span class='ocr_line' id='line_1_92' title="bbox 1221 2536 1972 2581; baseline -0.004 -10"><span class='ocrx_word' id='word_1_494' title='bbox 1221 2538 1456 2581; x_wconf 89' lang='lat' dir='ltr'>ritantibusque</span> <span class='ocrx_word' id='word_1_495' title='bbox 1472 2542 1502 2570; x_wconf 87' lang='lat' dir='ltr'>et</span> <span class='ocrx_word' id='word_1_496' title='bbox 1516 2537 1587 2570; x_wconf 90' lang='lat' dir='ltr'>aliis</span> <span class='ocrx_word' id='word_1_497' title='bbox 1604 2536 1753 2576; x_wconf 89' lang='lat' dir='ltr'>decretis,</span> <span class='ocrx_word' id='word_1_498' title='bbox 1771 2536 1867 2569; x_wconf 87' lang='lat' dir='ltr'>etiam</span> <span class='ocrx_word' id='word_1_499' title='bbox 1883 2541 1972 2569; x_wconf 89' lang='lat' dir='ltr'>motu</span> 
     </span>
    </p>
   </div>
   <div class='ocr_carea' id='block_1_6' title="bbox 1222 2585 1974 2681">
    <p class='ocr_par' dir='ltr' id='par_1_7' title="bbox 1222 2585 1974 2681">
     <span class='ocr_line' id='line_1_93' title="bbox 1222 2585 1971 2629; baseline -0.004 -8"><span class='ocrx_word' id='word_1_500' title='bbox 1222 2593 1252 2621; x_wconf 88' lang='lat' dir='ltr'>et</span> <span class='ocrx_word' id='word_1_501' title='bbox 1279 2587 1412 2621; x_wconf 87' lang='lat' dir='ltr'>scientia</span> <span class='ocrx_word' id='word_1_502' title='bbox 1432 2587 1600 2627; x_wconf 90' lang='lat' dir='ltr'>similibus,</span> <span class='ocrx_word' id='word_1_503' title='bbox 1620 2596 1679 2629; x_wconf 91' lang='lat' dir='ltr'>per</span> <span class='ocrx_word' id='word_1_504' title='bbox 1697 2596 1757 2619; x_wconf 90' lang='lat' dir='ltr'>nos</span> <span class='ocrx_word' id='word_1_505' title='bbox 1787 2585 1837 2619; x_wconf 86' lang='lat' dir='ltr'>vel</span> <span class='ocrx_word' id='word_1_506' title='bbox 1856 2585 1971 2619; x_wconf 90' lang='lat' dir='ltr'>Sedem</span> 
     </span>
     <span class='ocr_line' id='line_1_94' title="bbox 1222 2633 1974 2681; baseline -0.004 -11"><span class='ocrx_word' id='word_1_507' title='bbox 1222 2638 1396 2681; x_wconf 82' lang='lat' dir='ltr'>praefatam</span> <span class='ocrx_word' id='word_1_508' title='bbox 1429 2641 1484 2669; x_wconf 88' lang='lat' dir='ltr'>aut</span> <span class='ocrx_word' id='word_1_509' title='bbox 1516 2636 1594 2669; x_wconf 90' lang='lat' dir='ltr'>alias</span> <span class='ocrx_word' id='word_1_510' title='bbox 1617 2633 1863 2680; x_wconf 89' lang='lat' dir='ltr'>quomodolibet</span> <span class='ocrx_word' id='word_1_511' title='bbox 1899 2644 1974 2668; x_wconf 89' lang='lat' dir='ltr'>con·</span> 
     </span>
    </p>
   </div>
   <div class='ocr_carea' id='block_1_7' title="bbox 1944 223 2168 270">
    <p class='ocr_par' dir='ltr' id='par_1_8' title="bbox 1944 223 2168 270">
     <span class='ocr_line' id='line_1_95' title="bbox 1944 223 2168 270; baseline 0.004 -2"><span class='ocrx_word' id='word_1_512' title='bbox 1944 223 1951 230; x_wconf 82' lang='grc'><strong><em>’</em></strong></span> <span class='ocrx_word' id='word_1_513' title='bbox 1975 241 2027 269; x_wconf 59' lang='lat' dir='ltr'>An.</span> <span class='ocrx_word' id='word_1_514' title='bbox 2043 239 2072 269; x_wconf 85' lang='lat' dir='ltr'>c.</span> <span class='ocrx_word' id='word_1_515' title='bbox 2089 237 2168 270; x_wconf 69' lang='lat'>¹57⁰·</span> 
     </span>
    </p>
   </div>
  </div>
 </body>
</html>
