2237 3100
228 256 275 283 An.
295 255 323 283 C.
341 256 406 284 1568

466 244 528 279 676

423 310 555 343 fratrum
592 309 732 353 capitulo
751 335 757 347 ,
780 307 865 350 quod
898 315 985 338 nunc
1018 304 1051 337 in
1084 303 1168 336 alma

422 369 504 402 Urbe
525 373 631 401 nostra
653 367 843 404 celebratur,
866 365 979 404 lectae,
1001 373 1113 396 omnes
1139 367 1168 395 et

422 428 562 470 singulos
597 430 732 463 arrtent,
755 423 888 467 perinde
915 433 952 455 ae
973 421 997 453 si
1018 420 1168 454 omnibus

421 490 451 516 vt
470 483 615 526 singulis,
633 492 714 525 quos
728 485 939 521 concernunt,
955 478 1169 524 personaliter

423 543 583 575 intimatae
611 540 751 573 luissent.

465 601 575 632 llatnni
615 600 733 631 lloinae
763 598 848 642 apud
880 598 911 631 S.
934 597 1078 637 Petrum,
1109 595 1168 629 sub

420 660 539 691 annulo
561 657 741 698 Piscium-is,
767 657 818 690 die
844 657 936 689 tertia
952 655 1044 695 iunii,
1067 655 1169 687 mille-

420 717 499 748 >nno
519 715 778 759 quingentesimo
799 714 996 757 sexagesimo
1030 718 1141 746 octavo
1159 740 1166 752 ,

421 774 626 817 pontificatus
646 773 745 805 nostri
772 783 857 805 anno
878 782 922 805 111.

480 832 537 861 liat
558 833 604 861 die
621 832 639 861 3
655 831 728 861 iunii
753 831 835 867 1508,
851 830 954 869 pontit.
975 838 1051 859 anno
1069 837 1109 858 ιιι.

750 1023 848 1057 XCVI.

421 1101 619 1135 iilonasteria
638 1100 833 1132 ‘rizonialessum
853 1099 1011 1141 fratribus
1028 1097 1169 1131 Conven-

466 1160 837 1197 lualibnssubiri-tarum,
855 1162 1004 1201 perpetuo
1019 1158 1168 1190 crimmi-

465 1224 515 1251 [ιιν
535 1219 573 1251 ab
598 1229 706 1250 rorum
725 1218 865 1259 lralrztm
891 1216 1127 1259 superioritate,
1141 1220 1169 1248 ct

464 1278 679 1309 sublimitatus
699 1276 877 1308 milium-iis
900 1276 1052 1308 locorum.

465 1359 525 1387 Pius
545 1358 614 1393 rapa
633 1358 661 1390 V,
681 1358 714 1385 ad
733 1358 894 1393 perpetuam
912 1357 953 1385 rel
971 1356 1138 1385 memoriam.

466 1433 480 1473 ς’
504 1430 527 1461 l.
552 1431 644 1465 (luni,
663 1429 742 1462 sicut
761 1429 967 1473 accephnus,
990 1433 1045 1461 etin
1070 1428 1095 1460 ¹.

721 1535 861 1543 --—-—-

743 1647 853 1680 XCVII.

422 1723 620 1766 Helormale'o
658 1725 801 1765 fratrum
831 1723 996 1755 Mittorum
1026 1721 1171 1754 Conven-

466 1778 602 1810 [melium
626 1777 758 1810 Ordinis
777 1776 811 1810 S.
836 1776 1010 1810 Frum‘iscz'.

517 1868 579 1896 Pius
598 1867 739 1903 episcopus
759 1874 854 1896 servus
874 1873 1014 1896 servorum
1031 1866 1086 1900 Dei,

569 1923 602 1951 ad
617 1923 780 1958 perpetuam
799 1922 840 1950 rei
860 1922 1028 1951 memoriam.

466 2006 480 2044 ,ξ
502 2004 525 2035 l.
550 2003 594 2035 Ad
611 2002 816 2045 extirpandos
826 2002 955 2046 cupitae
967 2002 1174 2046 proprietatis

1011 245 1189 274 BULLARIUM
1213 243 1364 270 ROMANUM

1210 297 1417 342 frangendam
1431 294 1604 340 pessimam
1616 293 1844 337 corruptelam,
1858 302 1953 336 quae,

1210 358 1248 391 de
1269 354 1602 390 administrationibus
1616 358 1647 386 et
1662 352 1777 386 officiis
1787 352 1886 385 huius
1901 351 1958 385 Or-

1210 415 1295 449 dinis
1308 426 1366 459 per
1384 413 1521 458 gratiam
1535 417 1566 446 et
1583 411 1694 446 sordes
1706 410 1955 454 consequendis,

1210 483 1382 519 perperam
1410 470 1553 512 inolevit;
1584 470 1623 504 de
1657 469 1750 503 nobis
1787 469 1958 502 attributae

1210 532 1375 577 potestatis
1391 529 1606 576 plenitudine,
1630 538 1744 563 omnes
1758 532 1789 562 et
1813 527 1959 571 singulos

1210 593 1324 625 fratres
1344 590 1525 634 praedictos
1541 616 1548 630 ‚
1569 588 1666 622 etiam
1687 587 1712 620 si
1733 586 1878 630 magistri
1903 597 1958 629 ge-

1210 651 1359 690 nerales,
1393 648 1607 694 provinciales
1628 675 1636 689 ,
1668 645 1818 680 custodes
1843 650 1874 679 et
1905 644 1959 677 alii

1210 708 1411 752 quicumque
1432 706 1506 747 sint,
1521 706 1645 750 privato
1660 715 1770 737 rerum
1786 703 1960 736 bonorum-

1210 778 1273 811 que
1294 765 1440 799 omnium
1471 763 1689 797 immobilium
1706 790 1714 804 ,
1735 761 1906 795 mobilium
1931 766 1962 794 et

1211 824 1444 858 semoventium
1465 822 1612 857 dominio
1630 848 1638 863 ,
1663 832 1744 863 usu,
1766 821 1936 854 usufructu
1951 846 1959 861 ‚

1210 883 1413 927 possessione
1445 888 1476 916 et
1504 880 1724 926 proprietate,
1753 889 1961 924 quocumque

1210 954 1269 987 per
1288 953 1343 977 cos
1364 943 1459 976 modo
1489 940 1657 986 acquisitis
1678 944 1709 974 et
1728 939 1768 973 ad
1788 939 1875 984 ipsos
1903 938 1961 972 ob—

1210 1003 1311 1037 ventis
1329 1030 1337 1045 ,
1370 1006 1526 1047 perpetuo
1557 1001 1735 1045 privamus,
1771 1009 1789 1032 a
1813 998 1963 1042 dictaque

1212 1061 1413 1105 possessione
1433 1070 1618 1094 amovemus
1638 1065 1668 1093 et
1687 1062 1810 1091 amotos
1829 1056 1963 1090 nuncia-

1212 1131 1293 1161 mus,
1304 1120 1423 1165 illaque
1432 1119 1540 1153 omnia
1549 1124 1580 1152 et
1591 1117 1718 1161 singula
1730 1117 1762 1149 in
1774 1125 1963 1150 communes

1211 1190 1343 1212 suarum
1365 1179 1601 1222 cuiuscumque
1626 1177 1798 1210 domorum
1819 1180 1850 1208 et
1868 1184 1967 1219 prae-.

1211 1237 1315 1270 dictae
1334 1237 1511 1280 Religionis
1527 1246 1604 1269 usus
1615 1234 1829 1269 convertenda
1845 1243 1962 1267 conce-

1211 1298 1329 1332 dimus.

1255 1356 1270 1399 ἓ
1283 1356 1313 1389 2.
1331 1356 1374 1389 Ac
1386 1355 1495 1389 omnia
1506 1360 1537 1388 et
1547 1363 1774 1398 quaecumque
1785 1351 1963 1397 privilegia,

1212 1414 1480 1459 dispensationes,
1503 1412 1662 1453 licentias,
1684 1410 1915 1455 permissiones
1933 1414 1964 1443 et

1213 1473 1349 1514 indulta,
1372 1473 1417 1506 eis
1432 1477 1462 1506 et
1473 1472 1618 1516 ipsorum
1634 1470 1780 1515 singulis,
1796 1479 1895 1514 super
1912 1468 1964 1502 his

1213 1542 1250 1565 ac
1257 1531 1417 1572 domibus,
1428 1531 1529 1572 cellis,
1542 1530 1658 1572 hortis,
1669 1529 1818 1574 pecuniis
1827 1528 1964 1572 aliisque

1214 1590 1326 1631 rebus,
1341 1590 1438 1623 etiam
1454 1599 1550 1623 causa
1570 1588 1664 1630 senii,
1686 1587 1892 1628 infirmitatis,
1909 1597 1965 1631 pa—

1213 1654 1341 1682 rentum
1363 1647 1582 1682 subventionis
1600 1674 1608 1688 ,
1630 1646 1853 1689 congerendae
1873 1655 1963 1679 soro—

1214 1708 1304 1741 ribus
1325 1707 1408 1741 dotis
1428 1712 1459 1741 ct
1482 1706 1719 1749 cuiuscumque
1752 1704 1885 1738 alterius
1919 1703 1963 1747 pii

1214 1766 1312 1799 officii
1349 1766 1468 1800 intuitu
1502 1765 1659 1799 habendis
1679 1792 1687 1806 ,
1725 1763 1902 1797 retinendis
1935 1766 1966 1796 et

1214 1824 1371 1865 fruendis,
1389 1825 1485 1858 etiam
1498 1834 1555 1868 per
1566 1833 1790 1867 quoscumque
1805 1822 1967 1855 Romanos

1214 1883 1385 1917 Pontifices
1404 1883 1668 1928 praedecessores
1678 1887 1805 1915 nostros
1816 1892 1852 1915 ac
1868 1889 1926 1914 nos
1937 1884 1968 1913 et

1214 1942 1330 1976 Sedem
1354 1942 1583 1986 Apostolicam,
1609 1942 1706 1975 etiam
1722 1946 1812 1974 motu
1832 1938 1967 1984 proprio

1215 2006 1245 2033 et
1265 2011 1301 2033 ex
1323 2005 1408 2034 certa
1429 2000 1574 2041 scientia,
1597 2010 1761 2040 concessa,
1779 1997 1967 2032 confirmata

1972 236 2022 263 An.
2040 233 2069 262 C.
2086 232 2154 262 ¹568

2004 1363 2029 1385 Et
2048 1364 2161 1391 dispensa-

1979 1396 2049 1418 nones
2096 1401 2160 1423 quas-

1979 1432 2068 1455 cumque
2096 1427 2161 1448 desu-

1979 1464 2017 1487 per
2046 1463 2160 1480 concessas

1978 1494 2066 1514 revocat
2081 1494 2102 1513 et
2122 1497 2162 1512 an-

1978 1525 2054 1553 nullan

257 2068 404 2088 ‘r=‹=tres‹10==-
420 2060 552 2100 abusus,
566 2071 728 2093 summum
746 2060 869 2092 bonnm
886 2061 917 2093 in
929 2061 1082 2104 frugifera
1091 2061 1173 2094 Reli·
1215 2064 1246 2092 ct
1266 2059 1426 2099 innovata,
1449 2058 1711 2102 quibuscumque
1728 2061 1884 2100 concepta
1901 2056 1967 2089 sor-

224 2099 514 2186 ,l‘giiiiflfiiffb'ssggil‘l3³⁰¹]ss
548 2122 680 2152 t'ratrnm
709 2119 868 2152 Minorum
907 2119 1173 2152 Conventualium
1216 2117 1325 2158 mulis,
1352 2128 1388 2150 ac
1410 2117 1564 2150 clausulis
1606 2122 1636 2150 et
1664 2116 1803 2150 decretis
1837 2115 1967 2148 suffulta

225 2197 251 2212 ,in
420 2185 683 2222 ιηιηριψῑιῑοιίιη]
734 2183 971 2222 pervertentes,
1011 2179 1173 2222 simulque

460 2253 466 2277 l
486 2251 706 2278 Constitutionem
725 2250 974 2285 praetermittimus,
986 2258 1070 2285 quum
1082 2251 1174 2278 eadem

421 2296 527 2321 omnino
544 2296 577 2321 sit
593 2303 653 2322 cnm
681 2295 856 2330 praecedenti.
877 2295 915 2321 Cl.
944 2295 1118 2330 Cocquelines
1134 2296 1174 2322 bis

419 2348 475 2366 vam
497 2341 610 2366 rel'ertin
625 2341 739 2366 llomana
754 2339 878 2370 editione,
890 2340 974 2374 primo
992 2340 1099 2374 quidem
1118 2340 1174 2367 loco

419 2393 449 2409 es
465 2393 504 2415 ea,
514 2393 593 2419 qnam
607 2385 677 2419 typis
688 2385 742 2411 suis
751 2384 856 2410 Bladius
867 2384 1011 2418 evulgavit,
1020 2384 1175 2412 collectione

418 2434 583 2463 excerptanu
601 2429 719 2455 secunslo
741 2437 806 2455 vero
822 2438 854 2456 ex
873 2429 985 2463 Regesto
997 2429 1174 2457 inTabulario

420 2473 543 2499 Brevium
569 2478 706 2501 asservato
726 2475 923 2508 transcriptam.
942 2474 1028 2507 Quam
1048 2482 1110 2501 sane
1129 2483 1173 2501 re-

420 2517 524 2551 petendi
545 2526 605 2544 cuni
627 2526 720 2545 caussa
741 2519 812 2544 nulla
833 2521 969 2553 suppetat,
988 2518 1112 2545 lectorem
1133 2518 1174 2545 liic

422 2562 545 2587 volumus
562 2561 725 2589 admonitum
739 2571 770 2589 ne
782 2562 849 2589 sorte
862 2562 1009 2589 inconsulto
1020 2570 1067 2589 nos
1078 2564 1172 2598 egisse,

420 2610 465 2632 ant
483 2607 530 2632 ista
555 2607 682 2641 neglectui
709 2607 784 2633 nobis
799 2615 867 2640 esse,
890 2616 940 2635 non
962 2607 1028 2634 iusta
1047 2615 1094 2635 nos
1105 2616 1172 2643 que-

425 2652 476 2677 rela
494 2656 646 2679 succenseat
668 2654 704 2687 (a,
727 2652 765 2685 τ.)

1215 2176 1368 2220 (quorum
1403 2176 1551 2209 omnium
1581 2181 1710 2210 tenores
1742 2173 1968 2219 praesentibus

1216 2234 1372 2268 habemus
1409 2245 1467 2278 pro
1503 2235 1660 2279 expressis
1674 2235 1698 2278 ),
1721 2233 1905 2278 specialiter
1937 2236 1968 2265 et

1216 2303 1363 2337 expresse
1376 2304 1578 2335 revocamus,
1595 2293 1810 2337 volumusque
1831 2291 1885 2324 illa
1900 2300 1967 2325 om-

1215 2352 1269 2385 nia
1284 2357 1315 2386 et
1334 2352 1460 2396 singula
1480 2353 1563 2386 vires
1579 2357 1610 2387 et
1624 2352 1777 2386 effectum
1788 2350 1828 2384 de
1837 2354 1967 2384 coetero

1216 2422 1280 2444 non
1299 2411 1430 2445 babere.

1259 2470 1314 2513 §bl
1331 2470 1366 2503 Et
1377 2470 1591 2503 nihilominus
1601 2469 1791 2503 mandamus
1807 2466 1968 2510 magistris

1216 2533 1246 2560 et
1266 2529 1491 2572 superioribus
1511 2527 1674 2568 omnibus,
1698 2526 1730 2560 in
1751 2526 1867 2560 virtute
1892 2535 1966 2559 san-

1216 2591 1284 2620 ctae
1305 2587 1507 2621 obedientiae
1523 2613 1531 2628 ,
1551 2591 1587 2620 ut
1607 2595 1717 2619 rerum
1756 2589 1786 2618 et
1804 2583 1966 2618 bonorum

1216 2645 1363 2679 omnium
1385 2646 1626 2690 praedictorum
1646 2643 1880 2690 possessionem
1908 2653 1966 2678 no·

2007 2481 2032 2503 Et
2042 2482 2098 2503 bona
2111 2487 2162 2509 que-

1981 2519 2070 2541 cumque
2078 2514 2099 2534 ln
2109 2518 2165 2535 com-

1981 2550 2056 2567 munes
2071 2545 2165 2567 omnium

1981 2582 2031 2598 usus
2067 2575 2164 2598 converti

1981 2608 2077 2635 mandnt3
