2237 3100
1005 291 1185 317 BULLARIUM
1203 290 1355 316 ROMANUM
1969 290 2018 319 An.
2036 289 2066 319 C.
2085 291 2150 321 ¹⁸61

2024 348 2152 377 [Horamque

1244 346 1259 388 ξ
1283 345 1314 378 2.
1342 345 1499 379 Dilectum
1524 345 1628 379 filium
1652 350 1800 380 nostrum
1824 345 1952 389 Raynu-
1967 382 2057 402 iudicem
2068 382 2151 403 mm-

1200 398 1279 430 tium
1301 399 1502 440 Farnesium,
1513 399 1597 432 tituli
1613 400 1643 433 S.
1658 398 1770 443 Angeli
1790 400 1953 444 presbyte-
1967 413 2018 433 sium
2035 413 2152 440 eugamo-

1200 463 1271 484 rum
1298 452 1328 485 S.
1358 453 1394 485 R.
1422 453 1458 486 E.
1495 452 1691 486 cardinalem
1725 464 1762 486 ac
1794 447 2071 496 maioremffififfsse'?
2084 445 2152 497 {¹12⁰}ss

1200 506 1497 549 poenitentiarium,
1518 507 1722 548 modernum,
1737 518 1774 540 ac
1792 517 1851 550 pro
1873 512 1951 540 tem·
1965 506 2079 559 gecpuuffled·
2099 512 2152 565 ἐξὲξ

1200 570 1277 602 pore
1298 560 1485 594 existentem
1503 566 1718 604 protectorem
1742 560 1887 594 eiusdem
1899 571 1950 594 so-
1966 569 2056 605 cedendi
2094 575 2151 591 sum-

1199 613 1339 654 cietatis,
1367 614 1507 648 iudicem
1540 614 1740 648 ordinarium
1771 626 1808 648 ac
1839 625 1952 659 perpe·
1965 606 2030 622 '⁰³¹¹‘
2048 603 2098 626 ⁶¹⁰⁶

451 279 516 315 118

407 344 561 385 siasticas,
575 344 808 386 universitates,
832 345 1009 386 societates,
1022 356 1157 388 congre-

405 399 561 441 gationes,
574 399 767 432 monasteria
774 404 803 432 et
812 399 872 432 alia
882 399 1066 433 huiusmodi
1077 400 1157 439 loca,

406 452 641 497 cuiuscumque
669 453 804 495 gradus,
836 458 955 493 status,
986 453 1107 486 ordinis
1128 460 1158 487 et

405 506 599 541 conditionis
619 506 795 546 existentia,
816 516 923 539 coram
946 506 1025 539 SR.
1049 507 1084 540 E.
1104 519 1156 541 ea-

405 560 556 600 merario‚
584 566 726 603 regente,
753 560 954 604 praesidente
976 566 1004 593 et
1031 561 1157 594 clericis

208 288 259 316 An.
276 289 306 317 C.
325 289 389 318 ¹56¹

404 613 555 648 Gamerae
567 614 779 659 Apostolicae,
803 624 930 647 necnon
947 614 1078 655 vicario,
1097 626 1155 658 gu-

404 667 575 701 bernatore
591 680 627 701 ac
649 673 795 701 senatore
818 668 920 708 Urbis,
944 668 1030 702 illius
1060 670 1157 702 colla-

403 722 558 755 teralibus
582 728 612 755 et
636 722 813 763 iudicibus,
840 734 877 755 ac
902 723 1154 767 appellationum

403 786 573 808 causarum
594 776 709 809 Curiae
729 776 877 820 Capitolii
903 776 1046 810 eiusdem
1063 778 1156 811 Urbis

403 830 569 874 capitaneo
581 837 609 864 et
628 831 698 864 aliis
716 831 977 875 quibuscumque
995 832 1156 866 iudicibus

402 884 585 925 ordinariis,
608 890 638 918 et
662 897 679 918 a
700 885 792 918 nobis
817 885 998 929 specialiter
1017 897 1154 930 quomo-

402 937 584 982 documque
598 939 837 980 commissariis,
856 938 1017 984 deputatis
1026 945 1056 972 et
1067 940 1154 973 dele-

400 991 492 1033 gatis,
516 992 612 1025 etiam
637 1003 809 1026 causarum
835 994 916 1026 sacri
937 993 1047 1026 Palatii
1068 994 1153 1038 Apo-

400 1045 502 1078 stolici
532 1046 733 1079 auditoribus
762 1051 792 1079 et
817 1047 1086 1087 locatenentibus‚
1117 1059 1153 1081 ac

399 1099 542 1132 eiusdem
554 1099 584 1133 S.
599 1100 636 1133 R.
649 1100 682 1132 E.
699 1100 927 1141 cardinalibus,
950 1111 1037 1134 nunc
1049 1106 1079 1133 et
1094 1112 1153 1145 pro

399 1157 544 1196 tempore
564 1159 678 1193 motas,
701 1153 877 1197 pendentes
897 1158 925 1186 et
947 1154 1152 1197 quomodoli-

398 1206 448 1239 bet
461 1207 643 1247 movendas,
667 1218 764 1251 super
783 1208 1044 1251 quibuscumque
1064 1208 1151 1241 loca-

398 1260 551 1301 tionibus,
573 1261 821 1301 venditionibus,
846 1261 1084 1302 donationibus,
1105 1263 1151 1295 le-

395 1314 486 1355 gatis,
509 1314 778 1355 fideicommissis,
802 1315 1010 1353 testamentis,
1037 1316 1150 1348 baere-

395 1367 547 1401 ditatibus
568 1380 603 1401 ac
630 1369 759 1401 illarum
788 1368 1043 1402 discussionibus
1056 1375 1150 1413 atque

393 1432 678 1466 quorumcumque
700 1423 819 1456 iurium
841 1428 868 1455 et
896 1423 1059 1455 actionum
1081 1434 1149 1456 ces-

394 1474 538 1508 sionibus
562 1476 697 1520 aliisque
710 1476 794 1510 inter
813 1476 898 1509 vivos
919 1476 1148 1518 contractibus,

393 1528 646 1569 executionibus,
670 1529 938 1570 revocationilnis,
966 1530 1070 1569 bonis,
1099 1542 1148 1563 rc-

392 1581 463 1622 bus,
482 1581 607 1616 iuribus
618 1589 645 1616 ct
664 1584 844 1617 actionibus
862 1583 1045 1616 societatem
1059 1595 1149 1627 prae-

392 1635 508 1668 dictam
532 1637 665 1681 eiusque
691 1637 858 1675 custodes,
886 1636 1060 1675 officiales,
1088 1638 1147 1670 mi-

392 1689 509 1723 nistros
520 1696 550 1723 et
576 1691 639 1724 litis
659 1696 840 1731 consortes,
865 1696 928 1723 tam
950 1691 1146 1724 coniunctim

392 1754 488 1787 quam
511 1745 644 1785 divisim,
678 1756 714 1778 ac
745 1750 808 1778 tam
839 1745 938 1777 active
967 1756 1148 1788 quanipas-

391 1797 453 1830 sive
475 1799 757 1839 concernentibus,
783 1799 822 1831 ad
843 1798 1026 1831 socletatem
1045 1799 1145 1843 ipsam

390 1848 635 1890 quomodolibet
647 1848 878 1892 spectantibus,
893 1848 925 1880 in
940 1859 1146 1892 quacumque

390 1896 555 1937 instantia,
578 1897 660 1930 inter
681 1898 767 1930 illam
790 1898 924 1940 eiusque
946 1898 1096 1930 custodes
1117 1903 1144 1930 et

390 1945 650 1989 aliospraetatos‚
663 1958 789 1980 necnon
799 1947 859 1979 alia
869 1958 971 1990 aeque
982 1948 1028 1979 vel
1047 1947 1146 1990 magis

390 1994 441 2037 pia
454 1995 535 2036 loca,
546 1995 778 2035 universitates,
793 1996 999 2035 monasteria,
1013 2006 1146 2038 congre-

389 2043 532 2086 gationes
544 2050 574 2077 et
584 2045 720 2088 collegia
730 2045 1038 2088 quomodocumque
1047 2045 1144 2089 privi-

390 2092 516 2135 legiata,
544 2105 580 2126 ac
600 2094 728 2132 viduas,
757 2093 898 2137 pupillos
918 2099 948 2126 et
972 2093 1050 2126 alias
1070 2105 1144 2137 per-

391 2152 495 2182 sonas,
508 2143 603 2175 etiam
616 2148 793 2187 exemptas,
807 2143 985 2186 pendentes
1004 2148 1033 2175 et
1044 2149 1145 2176 motas

390 2195 419 2223 et
432 2192 615 2232 movendas,
634 2192 869 2236 cuiuscumque
886 2193 1017 2235 gradus,
1031 2197 1142 2233 status,

391 2239 584 2273 conditionis
598 2267 605 2280 ,
634 2241 756 2273 ordinis
776 2246 806 2273 et
833 2246 968 2275 naturae
989 2241 1142 2282 existant,

390 2287 484 2321 etiam
506 2289 690 2332 praemissis
710 2291 867 2333 expressis
887 2291 1036 2332 maiores,
1064 2302 1144 2334 qua-

390 2347 462 2369 rum
484 2338 630 2371 omnium
656 2344 771 2371 statum
794 2345 824 2372 et
848 2340 973 2380 merita,
1000 2350 1036 2372 ac
1062 2339 1144 2372 iudi-

391 2397 465 2418 cum
491 2392 522 2420 et
547 2388 793 2431 collitigantium
818 2389 949 2428 nomina
974 2394 1004 2421 et
1023 2399 1144 2436 cogno-

394 2435 478 2468 mina
503 2447 539 2469 ac
565 2438 747 2480 qualitates,
775 2444 958 2482 ceteraque,
986 2439 1082 2471 etiam
1107 2438 1145 2470 de

391 2485 580 2518 necessitate
601 2487 821 2530 exprimenda,
849 2488 1072 2531 praesentibus
1092 2488 1145 2520 lia-

391 2534 459 2567 beri
484 2536 631 2568 volumus
656 2548 714 2579 pro
742 2538 918 2582 expressis,
946 2538 978 2570 in
1008 2544 1090 2570 statu
1116 2543 1146 2570 et

392 2584 557 2625 terminis,
587 2585 618 2617 in
643 2586 760 2629 quibus
791 2587 887 2620 modo
918 2587 1142 2631 reperiuntur,

392 2633 568 2667 dummodo
579 2644 643 2667 non
656 2634 717 2667 sint
726 2635 912 2675 instructae,
935 2636 1050 2669 haruin
1064 2636 1145 2669 serie

391 2683 431 2716 ad
450 2693 509 2716 nos
529 2683 729 2717 advocantes.

1199 672 1289 700 tuum
1311 668 1350 701 ad
1370 668 1551 712 praedictas
1584 679 1710 702 necnon
1728 679 1952 712 quascumque

1198 721 1275 754 alias
1296 722 1416 755 similes
1435 723 1482 755 vel
1503 722 1673 756 dissimiles
1693 733 1806 755 causas
1831 722 1949 763 civiles,

1198 775 1236 808 ad
1257 776 1442 809 societatem
1453 776 1639 810 huiusmodi
1657 776 1865 820 pertinentes,
1887 781 1952 809 tam

1198 840 1256 873 per
1276 841 1331 863 eos
1351 841 1448 874 quam
1461 835 1573 863 contra
1593 841 1659 871 eos,
1682 836 1712 864 et
1732 831 1816 864 inter
1835 841 1890 863 eos
1914 841 1951 863 ac

1198 894 1362 927 personas,
1386 884 1621 926 universitates,
1657 884 1793 928 collegia
1813 894 1869 917 seu
1890 883 1951 916 alia

1198 938 1267 970 loca
1276 938 1439 982 prfedicta,
1448 938 1542 972 etiam
1549 937 1747 982 privilegiata
1754 943 1785 971 et
1793 943 1949 981 exempta,

1197 997 1260 1025 tam
1272 992 1370 1026 active
1380 1004 1477 1036 quam
1492 992 1626 1036 passive,
1646 1003 1705 1037 pro
1725 997 1871 1036 tempore
1883 1002 1951 1025 mo-

1196 1047 1331 1087 vendas,
1354 1047 1440 1079 iuxta
1461 1047 1657 1080 ordinariam
1689 1046 1873 1079 facultatem
1893 1056 1949 1079 seu

1196 1099 1450 1133 iurisdictionem
1463 1105 1527 1133 tam
1545 1099 1755 1143 gubernatori
1780 1110 1878 1144 quam
1898 1110 1949 1132 re-

1195 1153 1281 1196 genti
1310 1154 1461 1188 Gamerae
1496 1153 1700 1198 Apostolicae
1737 1163 1793 1186 seu
1830 1152 1949 1186 vicario

1196 1212 1304 1240 nostro
1331 1208 1482 1251 praefatis
1506 1214 1537 1241 et
1556 1218 1669 1241 eorum
1702 1206 1836 1240 cuilibet
1859 1206 1948 1240 attri-

1194 1261 1298 1301 butas,
1326 1273 1362 1295 ac
1387 1268 1483 1306 prout
1503 1272 1612 1294 rerum
1638 1260 1776 1304 qualitas
1809 1259 1950 1304 exegerit

1195 1326 1249 1347 seu
1272 1316 1491 1359 postulaverit,
1507 1326 1580 1348 cum
1598 1314 1749 1348 omnibus
1769 1318 1800 1347 et
1815 1313 1950 1357 singulis

1194 1380 1305 1401 earum
1320 1369 1545 1410 incidentibus,
1561 1367 1832 1413 dependentibus,
1846 1378 1950 1401 emer-

1193 1419 1352 1460 gentibus,
1369 1419 1501 1452 annexis
1520 1425 1551 1452 et
1570 1417 1735 1457 connexis,
1758 1416 1945 1457 summarie,

1193 1467 1381 1510 simpliciter
1392 1468 1471 1501 etde
1487 1468 1601 1511 plano,
1616 1467 1683 1499 sine
1700 1466 1833 1510 strepitu
1853 1477 1890 1498 ac
1908 1465 1946 1498 fi-

1192 1527 1271 1556 gura
1284 1517 1393 1550 iudicii
1406 1523 1435 1551 et,
1447 1518 1567 1561 absque
1584 1517 1645 1549 tela
1659 1515 1828 1549 iudiciaria
1839 1519 1869 1548 et
1880 1515 1946 1548 sola

1192 1565 1321 1598 veritate
1346 1566 1488 1611 inspecta
1506 1571 1535 1600 et
1559 1566 1679 1609 absque
1695 1563 1859 1597 aliorum¹
1880 1569 1946 1596 ter-

1192 1614 1354 1647 minorum
1372 1614 1629 1648 substantialium
1645 1613 1878 1653 observatione,
1891 1617 1946 1646 aut

1191 1664 1329 1697 alicuius
1350 1664 1475 1707 registri
1486 1665 1534 1697 vel
1555 1667 1715 1696 extractus
1728 1661 1943 1702 confectione,

1191 1724 1248 1756 per
1269 1725 1300 1746 se
1322 1714 1429 1758 ipsum
1445 1725 1500 1746 seu
1517 1713 1596 1746 alios
1615 1713 1655 1745 ab
1671 1723 1708 1745 eo
1729 1710 1942 1755 deputandos,

1190 1763 1381 1801 audiendas,
1409 1762 1650 1805 cognoscendas
1683 1761 1812 1803 fineque
1838 1759 1944 1793 debito

1192 1812 1420 1852 terminandas,
1434 1811 1623 1844 auctoritate
1634 1810 1820 1854 apostolica,
1833 1814 1945 1843 tenore

1190 1861 1409 1905 piaesentium,
1432 1866 1590 1905 perpetuo
1601 1859 1827 1893 constituimus
1841 1864 1872 1892 et
1887 1860 1942 1893 de*

1190 1916 1354 1954 putamus,
1377 1915 1407 1944 et
1431 1910 1470 1943 ad
1490 1910 1578 1942 hunc
1607 1909 1759 1942 effectum
1780 1908 1826 1941 illi
1846 1908 1942 1942 etiam

1189 1970 1247 2002 per
1266 1959 1364 1992 alium
1387 1970 1442 1993 seu
1463 1959 1543 1991 alios
1566 1969 1803 2002 quoscumque,
1824 1963 1889 1991 tam
1909 1957 1942 1992 in

1189 2009 1332 2042 Romana
1357 2008 1452 2042 Curia
1486 2019 1583 2052 quam
1608 2013 1696 2041 extra
1723 2018 1816 2048 eam,
1846 2008 1941 2042 etiam

1188 2069 1245 2100 per
1265 2059 1405 2091 edictum
1428 2057 1755 2102 publicrmuconstito
1777 2056 1941 2090 sibietiam

1188 2107 1361 2139 summarie
1383 2107 1421 2139 de
1441 2118 1506 2140 non
1524 2112 1593 2139 tuto
1613 2117 1757 2146 accessu,
1779 2106 1897 2139 citandi
1912 2112 1943 2141 et

1189 2154 1351 2195 monendi,
1373 2156 1558 2199 eisdemque
1579 2161 1609 2187 et
1633 2154 1785 2199 praefatis
1811 2166 1848 2188 ac
1868 2156 1941 2199 qui-

1187 2204 1390 2247 buscumque
1420 2204 1489 2237 aliis
1524 2204 1668 2238 eiusdem
1700 2204 1803 2237 Urbis
1833 2205 1940 2238 curia-

1188 2264 1259 2285 rum
1291 2254 1452 2287 iudicibus
1481 2260 1512 2287 et
1541 2254 1708 2299 personis,
1742 2260 1803 2286 tam
1835 2254 1939 2287 eccle-

1188 2302 1320 2336 siasticis
1357 2315 1454 2347 quam
1486 2303 1705 2337 saecularibus
1718 2329 1726 2343 ,
1757 2303 1877 2347 quibus
1910 2309 1941 2336 et

1187 2353 1313 2395 quoties
1333 2364 1415 2397 opus
1435 2354 1542 2394 suerit,
1570 2354 1665 2386 etiam
1687 2353 1745 2386 sub
1761 2352 1937 2394 sententiis,

1188 2402 1333 2435 censuris
1353 2408 1382 2435 et
1404 2403 1515 2446 poenis
1534 2401 1769 2443 ecclesiasticis,
1792 2413 1829 2435 ac
1844 2402 1938 2435 etiam

1188 2452 1395 2494 pecuniariis,
1406 2452 1524 2496 quibus
1534 2453 1592 2485 sibi
1603 2453 1642 2485 ab
1653 2463 1690 2485 eo
1703 2458 1848 2496 tempore
1858 2451 1876 2480 2
1887 2452 1938 2486 de-

1188 2501 1329 2543 putando
1351 2502 1490 2535 auditori
1509 2501 1680 2542 videbitur,
1691 2501 1878 2542 inhibendi3
1909 2507 1940 2535 et

1188 2549 1219 2581 in
1244 2555 1391 2582 eventum
1418 2562 1481 2584 nou
1503 2551 1806 2595 pa1·itioniS,contra
1825 2552 1938 2586 inobe-

1188 2598 1327 2639 dientes,
1355 2605 1563 2634 contumaces
1582 2606 1611 2634 et
1637 2601 1790 2642 rebelles,
1818 2602 1857 2635 ad
1881 2601 1937 2635 de-

1222 2657 1233 2682 1
1257 2659 1427 2691 Aliquorum,
1444 2659 1558 2686 Cherub.
1597 2659 1613 2685 2
1625 2659 1748 2693 Legimus
1767 2662 1858 2693 quibus
1877 2662 1938 2694 sibi,

1187 2701 1210 2723 e!
1227 2699 1259 2723 ub
1276 2706 1303 2723 ιό
1313 2706 1363 2730 pro
1377 2702 1492 2732 temporr³
1508 2702 1556 2726 etc.
1579 2699 1617 2735 (R.
1635 2699 1685 2734 Ti).
