2237 3100
53 243 102 277 An.
123 250 152 277 c.
170 249 237 277 1569

250 313 322 335 rum
353 302 629 344 christifidelium,
651 314 791 347 quorum
824 306 935 347 nobis,
969 318 1006 339 ex

249 354 411 388 commissi
446 357 614 399 pastoralis
640 357 737 390 otticii
776 359 895 399 debito,
927 371 1005 393 cura

248 408 407 449 imminet,
429 410 590 452 generalis
611 410 793 443 animarum
815 413 902 445 salus
929 424 1005 455 pro-

246 462 362 502 veniat,
385 463 471 495 unde
492 463 544 507 pia
565 470 591 496 et
616 465 756 497 salubria
773 465 918 498 fidelium
935 473 1005 499 vota

247 516 286 548 ad
306 516 368 549 hoc
388 517 563 557 tendentia,
583 523 611 550 et
624 518 702 551 alias
718 530 754 551 ex
770 519 889 562 quibus
907 519 1002 552 divini

247 570 353 603 cultus
374 571 520 614 provenit
540 577 764 613 augmentum,
782 572 825 616 pii
842 574 941 616 patris
957 574 1003 606 af-

247 623 385 657 fectione
409 624 641 668 prosequimur
661 636 696 658 ac.
716 626 819 669 plenis
840 627 1003 659 favoribus

246 677 467 717 confovemus3
490 683 519 710 et
537 683 571 710 ut
596 684 741 722 optatum
762 686 1004 723 consequuntur

246 729 642 771 effectum‚clu‘istitideles
663 731 749 774 ipsos
762 732 800 765 ad
813 732 879 772 illa,
898 733 1003 765 indul-

245 782 361 825 gentiis
380 783 527 816 videlicet
554 790 583 817 et
602 789 812 828 peccatorum
839 786 1003 819 remissio-

245 836 351 877 nibus,
371 837 510 870 libenter
525 837 708 871 invitamus.

288 890 329 933 §¹1
340 917 345 922 .
358 890 505 924 Exhibiia
516 902 591 924 sane
603 891 696 924 nobis
712 902 827 936 nuper,
841 903 900 937 pro
911 899 1001 936 parte

244 943 352 977 dilecti
372 944 429 977 filii
458 945 601 988 magistri
640 946 845 988 provincialis
874 946 1002 980 Ordinis

243 997 506 1031 praedicatorum
548 1000 731 1043 provinciae
758 1000 999 1044 Neapolitanae,

244 1051 355 1094 petitio
366 1052 548 1085 continebat
561 1054 660 1096 quod,
675 1064 749 1086 cum
762 1054 898 1087 dilectus
916 1054 1001 1087 filius

243 1105 342 1138 frater
361 1105 550 1139 Ambrosius
562 1106 684 1139 Sulrius
700 1107 761 1139 loci
780 1107 818 1139 de
834 1107 998 1144 Balneolo,

243 1157 458 1192 Nuscanensis
474 1159 537 1193 sive
557 1159 688 1193 alterius
709 1160 876 1200 dioecesis,
893 1161 930 1192 ad
942 1160 1001 1193 eri-

243 1212 385 1254 gendum
411 1213 580 1246 societates
609 1213 803 1246 sanctissimi
822 1213 946 1247 Rosarii
968 1214 1000 1246 in

243 1265 506 1309 quibuscumque
523 1266 667 1299 ecclesiis
684 1278 741 1310 per
760 1278 819 1300 nos
834 1272 865 1300 et
885 1267 999 1300 Sedent

72 943 151 965 Causae
169 944 229 965 liuius

47 976 201 996 concessionis.

242 1318 460 1362 Apostolicam
490 1320 672 1364 specialiter
693 1321 864 1364 deputatus
889 1321 997 1361 suerit,
1020 1348 1022 1367 1

243 1371 268 1404 si
289 1372 360 1405 aliis
387 1373 573 1406 huiusmodi
595 1375 738 1414 facultas,
773 1380 998 1417 praeterquam

243 1425 388 1458 eiusdem
408 1425 535 1460 Ordinis
555 1427 708 1470 magistro
728 1427 884 1470 generali,
904 1428 1000 1460 inter-

243 1478 418 1520 diceretur,
441 1491 476 1514 ex
503 1481 564 1514 hoc
587 1482 729 1525 profecto
764 1482 896 1514 diversis
922 1481 999 1514 abu-
1019 1500 1021 1515 ι

242 1532 342 1573 sibus,
361 1533 417 1576 qui
436 1534 466 1566 in
485 1534 603 1567 illarun
624 1535 787 1568 erectione
807 1535 998 1568 intervenire

242 1593 384 1630 possent,
407 1588 481 1620 satis
502 1589 685 1621 consultum
707 1589 799 1622 foret.
823 1589 926 1628 Quare
943 1600 1000 1621 no-
1019 1615 1021 1621 ,

242 1639 302 1681 bis,
329 1652 388 1684 pro
423 1647 511 1684 parte
532 1642 675 1676 eiusdem
698 1642 916 1686 provincialis,
941 1642 999 1675 suit

242 1694 463 1738 supplicatum
484 1701 519 1729 ut
539 1696 596 1729 sibi
618 1696 650 1728 in
677 1696 861 1741 praemissis
882 1707 999 1739 oppor-

243 1752 319 1780 tune
349 1749 516 1792 providere
547 1750 585 1783 de
606 1750 802 1794 benignitate
823 1749 998 1793 apostolica

242 1801 463 1844 dignaremur.

287 1855 301 1897 ἓ
321 1855 352 1888 ⁶2.
375 1856 449 1896 Nos,
470 1856 525 1900 (1111
546 1857 688 1890 honestis
704 1857 924 1900 quorumlibad
943 1867 997 1888 vo-

73 1908 282 1954 asumma-fig
314 1909 453 1942 libenter
485 1911 671 1950 annuimus,
706 1922 807 1954 eaque
838 1910 998 1943 favoribus

42 1943 230 2002 ἕξωῐιιιοεᾞῗῖἓὲς
243 1963 472 2007 prosequimur
494 1965 698 2008 opportunis,
735 1964 886 1997 euiudeiu
922 1974 997 2007 pro—

46 2007 229 2064 {iiiimndgeii21-i-
243 2016 412 2050 vincialem
428 2029 445 2050 a
461 2018 627 2061 quibusvis
643 2017 996 2056 excommunicationis,

46 2069 87 2090 lem
102 2069 196 2093 Ordinis,
207 2069 228 2089 S.

45 2101 377 2160 ἓέῃωὲῗῖιυῗζιῖἓ5135111115
397 2125 572 2166 sententiis,
593 2126 739 2158 censuris
773 2130 802 2157 et
831 2125 958 2168 poenis,
981 2135 998 2156 a

47 2167 135 2185 ‘amum‘
243 2179 314 2212 iure
344 2179 392 2212 vel
417 2179 456 2211 ab
494 2179 639 2219 homine,
683 2179 793 2222 (piaris
827 2178 997 2211 occasione

242 2233 290 2266 vel
311 2244 418 2273 causa,
456 2232 539 2273 latis,
563 2233 589 2265 si
611 2233 729 2275 quibus
750 2231 995 2275 quomodolibet

242 2286 417 2319 innodatus
430 2286 546 2327 existit,
561 2287 599 2319 ad
613 2286 762 2319 effectum
776 2285 997 2329 praesentium

243 2340 408 2373 dumtaxat
443 2340 723 2382 consespieiulum,
762 2339 878 2371 harum
915 2338 997 2371 serie

242 2393 442 2427 absolventes
464 2399 490 2426 et
514 2394 697 2426 absolutum
720 2393 786 2425 fore
815 2398 994 2432 censentes,

242 2443 429 2476 huiusmodi
451 2442 743 2486 supplicationibus
765 2441 923 2481 inclinati,
944 2452 998 2473 au-

242 2492 390 2525 ctoritate
421 2492 608 2535 apostolica,
640 2502 697 2533 per
726 2496 911 2533 praesentes
932 2496 997 2522 sta-

243 2541 363 2574 tuimus
380 2541 466 2584 quod
489 2540 569 2572 nulli
588 2540 712 2572 licitum
731 2539 855 2579 existat,
877 2538 998 2571 minus-

243 2600 306 2633 que
327 2590 444 2633 aliquis
462 2590 643 2632 cappellam
660 2587 854 2621 sanctissimi
871 2587 997 2620 Rosarii

243 2638 277 2671 in
296 2639 408 2682 quavis
429 2638 563 2673 ecclesia
579 2637 643 2671 sive
661 2637 731 2670 loco
749 2636 886 2679 erigere,
906 2646 997 2679 prae-

925 253 993 277 PIUS
1017 253 1035 276 V
1059 253 1106 276 1²1¹.

243 2071 464 2114 suspensionis
491 2077 519 2104 ct
541 2071 702 2105 interdicti
732 2071 866 2114 aliisque
897 2071 1019 2103 eccle-=

1693 247 1758 281 759

1048 313 1096 340 ter
1124 307 1245 340 dictum
1265 308 1451 351 generalem
1480 314 1535 341 aut
1556 309 1595 341 ab
1625 320 1662 342 eo
1698 310 1801 354 depu-

1048 366 1128 393 tatos
1149 371 1184 393 ac
1206 361 1386 404 praefatum
1407 362 1630 395 Ambrosium.

1090 414 1104 456 ξ
1124 413 1155 447 3.
1173 414 1340 457 Minusque
1359 414 1476 458 aliquis
1494 416 1666 455 confrater,
1685 427 1739 449 sen
1755 417 1802 449 vir

1046 467 1109 498 sive
1132 468 1265 508 mulier,
1289 468 1413 511 aliquid
1435 468 1541 501 eidem
1569 469 1724 509 societati,
1742 480 1800 513 pro

1047 520 1133 553 illius
1163 521 1309 564 ingressu
1330 522 1378 554 vel
1398 521 1461 554 alia
1482 521 1593 565 quavis
1615 522 1654 555 de
1690 533 1798 562 causa,

1046 575 1239 617 persolvere.

1090 627 1145 668 ἓιζι.
1159 628 1201 660 Ac
1213 628 1330 671 singuli
1346 629 1524 662 confratres
1537 629 1575 661 ad
1589 629 1716 672 quasvis
1727 639 1801 673 pro-

1045 681 1206 714 cessiones
1225 683 1392 722 accedere,
1416 683 1511 715 etiam
1534 683 1566 715 in
1588 683 1708 726 quibus
1727 694 1800 716 cor-

1045 744 1125 777 pora
1146 735 1374 768 defunctorum
1396 736 1434 768 ad
1456 736 1680 779 sepeliendum
1710 736 1799 769 defe-

1046 793 1174 828 runtur,
1212 799 1285 821 cum
1313 800 1426 821 eorum
1458 789 1618 832 insigniis,
1659 789 1800 822 cuiusvis

1045 840 1141 873 etiam
1163 842 1342 885 superioris
1359 842 1489 875 licentia
1507 843 1648 886 desuper
1666 843 1800 876 minime

1045 894 1212 936 requisita,
1234 895 1331 927 etiam
1353 895 1475 938 absque
1497 895 1608 938 aliquo
1629 895 1800 929 conscien-

1045 947 1106 979 tiae
1127 948 1280 990 scrupulo
1293 954 1545 981 etcensurarum
1565 948 1799 981 ecclesiastica-

1045 1011 1116 1032 rum
1139 1000 1283 1041 incursu,
1307 1001 1430 1043 possint
1452 1007 1480 1033 et
1502 1001 1637 1041 valeant,
1667 1012 1723 1034 seu
1745 1012 1799 1035 eo-

1044 1065 1117 1086 rum
1138 1054 1273 1097 quilibet
1296 1055 1395 1098 possit
1418 1060 1449 1087 et
1468 1055 1583 1088 valeat.

1087 1107 1101 1149 ,ξ
1122 1107 1152 1140 ι’).
1176 1107 1358 1140 Districtius
1376 1107 1559 1141 inhibentes
1577 1108 1742 1151 quibusvis
1760 1119 1799 1141 ne

1043 1160 1174 1192 eosdem
1215 1161 1399 1203 generalem
1435 1172 1491 1193 seu
1527 1161 1730 1204 deputandos
1769 1168 1799 1195 et

1041 1213 1262 1254 Ambrosium,
1290 1225 1388 1258 super
1409 1215 1572 1247 erectione
1608 1220 1637 1247 et
1673 1215 1799 1248 institu-

1042 1267 1131 1299 tione
1153 1267 1343 1300 societatum
1380 1267 1587 1308 huiusmodi,
1611 1268 1644 1300 in
1665 1268 1799 1311 quibus-

1042 1332 1183 1363 cumque
1205 1321 1401 1362 civitatibus,
1426 1322 1519 1354 terris
1541 1328 1568 1354 ct
1591 1321 1671 1354 locis
1706 1322 1798 1354 sactis

1042 1379 1070 1406 et
1088 1374 1255 1414 faciendis,
1273 1385 1378 1417 neque
1396 1375 1526 1408 eosdem
1542 1376 1732 1415 confratres,
1747 1386 1797 1407 su-

1042 1439 1100 1471 per
1116 1429 1269 1461 exercitio
1287 1429 1417 1472 piorum
1442 1440 1580 1472 operum
1604 1434 1631 1461 et
1650 1428 1796 1472 profectu

1041 1481 1079 1513 ad
1109 1482 1334 1524 processiones
1362 1493 1417 1515 seu
1453 1482 1580 1515 incessu
1610 1492 1684 1514 cum
1705 1481 1796 1524 signo

1042 1545 1168 1573 eorum,
1206 1540 1257 1567 aut
1281 1535 1358 1567 dicti
1380 1535 1462 1578 signi
1493 1534 1673 1574 delatione,
1698 1535 1797 1567 mole-

1041 1593 1137 1628 stare,
1162 1588 1354 1631 1‘›crturb:u*e
1377 1595 1429 1621 aut
1452 1588 1635 1631 inquietare
1656 1588 1795 1620 audeant

1041 1652 1098 1673 nec
1121 1641 1279 1681 debeant,
1303 1642 1486 1685 quinimmo
1507 1641 1663 1684 generali,
1693 1641 1796 1684 depu-

1018 1687 1020 1731 ξ
1041 1694 1113 1726 tatis
1134 1700 1164 1726 et
1184 1694 1355 1727 Ambrosio
1376 1694 1531 1737 praefatis
1552 1694 1584 1726 in
1610 1694 1796 1737 praemissis

1018 1741 1020 1771 Ι
1040 1747 1209 1787 auxilium,
1232 1748 1404 1781 consilium
1425 1748 1472 1780 vel
1494 1747 1635 1780 savorem
1657 1747 1795 1790 praebe-

1040 1806 1105 1833 ant.
1129 1801 1192 1834 Nos
1213 1801 1300 1833 enim
1321 1811 1434 1834 omnes
1454 1800 1641 1844 praemissis
1670 1806 1796 1833 eontra-

1018 1881 1019 1887 ,
1039 1855 1203 1888 venientes
1224 1854 1435 1898 indulgcuitiis
1457 1860 1485 1887 et
1507 1859 1715 1897 peccatorum
1745 1864 1795 1886 re-

1017 1891 1020 1933 i
1041 1908 1250 1941 missionibus
1285 1909 1330 1941 eis
1365 1908 1526 1941 concessis
1560 1907 1735 1951 privamus,
1766 1912 1797 1939 et

1040 1961 1181 2005 privatos
1207 1974 1275 1995 esse
1298 1973 1333 1995 ue
1356 1962 1508 2005 indignos
1529 1961 1631 2000 essici,
1655 1966 1685 1993 et
1707 1960 1796 2003 quic-

1040 2015 1119 2058 quid
1139 2026 1230 2048 secus
1251 2026 1349 2059 super
1368 2015 1418 2048 liis
1439 2026 1456 2047 a
1485 2025 1664 2058 quoipiam,
1685 2013 1796 2056 quavis

1040 2069 1242 2109 auctoritate,
1264 2069 1404 2102 scienter
1422 2068 1470 2101 vel
1492 2067 1692 2110 ignoranter,
1721 2077 1796 2099 con-

1042 2122 1146 2165 tigerit
1175 2122 1327 2156 attentari
1349 2122 1477 2155 irritum
1500 2128 1527 2154 et
1565 2121 1661 2153 inane
1682 2120 1794 2153 decer—

1040 2176 1160 2209 nimus.

1084 2230 1098 2273 {i
1119 2229 1149 2262 6.
1173 2230 1341 2263 Postremo
1361 2240 1448 2269 vero,
1463 2234 1495 2261 ut
1513 2228 1698 2261 animarum
1711 2227 1796 2260 chri-

1039 2283 1241 2324 stifidelium,
1265 2283 1457 2327 praesertim
1479 2293 1516 2315 ex
1550 2282 1660 2325 aliqua
1694 2281 1796 2314 socie-

1040 2342 1103 2370 tate
1124 2337 1312 2370 liuiusmodi
1333 2342 1516 2369 erectarum
1538 2346 1593 2368 seu
1615 2344 1673 2377 per
1702 2345 1794 2367 eum-

1039 2390 1113 2422 dem
1140 2390 1348 2423 Ambrosium
1385 2389 1626 2432 erigendarum,
1656 2387 1794 2421 existen-

1040 2438 1120 2472 tium
1169 2446 1199 2472 et
1235 2439 1382 2471 eamdem
1436 2438 1621 2471 societatem
1669 2436 1794 2480 ingredi

1038 2487 1215 2521 volentium
1247 2487 1349 2530 quieti
1385 2492 1413 2520 et
1453 2485 1614 2529 spirituali
1650 2486 1795 2519 consola-

1040 2536 1119 2569 tioni
1155 2537 1318 2570 salubrius
1338 2536 1541 2576 consulatur,
1564 2541 1595 2568 et
1630 2535 1668 2568 ad
1705 2535 1793 2568 illam

1039 2587 1239 2630 ubicumque
1281 2591 1420 2619 erectam
1464 2584 1691 2618 christifideles
1733 2583 1793 2627 ipsi

1039 2636 1229 2671 accedentes
1250 2645 1287 2669 eo
1309 2634 1517 2669 ferventiores
1551 2638 1582 2668 et
1614 2632 1794 2678 promptio-

1817 260 1865 284 An.
1884 260 1912 285 C.
1936 260 2002 287 ¹569

1857 425 1912 446 Nihil
1928 426 2000 448 {uzi-e*

1817 457 1900 476 dientes
1922 457 2002 477 sodalt-

1817 490 1880 508 tnem
1897 488 1988 508 solvant.

1879 637 2002 659 Contulit-cs

1816 670 1839 689 nrt
1850 670 2002 695 processiones

1815 701 1926 723 accedant.
1980 704 2001 721 et

1816 732 1840 751 ml
1864 732 2002 758 sepeliendus

1815 766 1909 784 niurtuos
1947 765 2001 783 inst-

1816 796 1862 821 gnis
1879 796 1986 816 deterant.

1882 1114 1998 1136 Prohiliitio

1814 1145 1934 1166 confratres
1978 1149 1997 1167 ln

1814 1177 1845 1197 liis
1862 1177 1996 1198 molestandi.

1858 2232 1992 2254 continuati»

1807 2264 1994 2290 indulgentiarum.
