2237 3100
51 277 98 303 An.
117 275 144 302 C.
163 276 231 303 1567

42 1300 107 1321 Causa
119 1307 213 1328 praesen-

36 1335 40 1350 t
54 1333 209 1354 ticonstttutio-

36 1365 67 1384 ms
77 1364 169 1385 edendae.

45 1939 131 1960 Com-itu
157 1941 201 1961 Tri-

19 1972 99 1992 denunt
111 1974 200 1992 sant-titr-

17 2006 65 2022 nem
83 2004 200 2023 enuncians

17 2034 185 2055 constitutionilr,

15 2070 56 2085 nnn
69 2064 153 2086 officere
165 2066 198 2087 de-

16 2095 81 2116 clarat
114 2101 135 2117 et
159 2098 197 2119 do-

16 2127 91 2151 semin

922 277 988 300 ritis
1013 277 1031 299 V

245 330 303 361 bus
335 335 364 362 et
388 329 521 372 singulis
554 330 671 373 quibus
708 331 778 363 illae
807 330 933 362 statutis
962 334 990 361 et

242 382 379 415 decretis
398 383 472 416 dicti
494 384 622 416 convitii
639 383 899 421 contrat-tantur,
924 383 991 427 ipso

243 437 310 469 iuro
330 442 508 478 revocatae,
532 443 672 470 cassatae
697 443 728 471 et
744 438 938 475 annullatae,
954 448 990 469 ac

241 490 279 523 ad
300 491 426 524 concilii
447 491 634 524 huiusmodi
664 491 818 524 terminos
842 496 938 534 atque
955 491 990 523 li-

241 544 333 577 mites
347 545 613 588 reductaejossont
634 551 664 578 et
680 556 748 578 esse
765 550 987 583 censerentur,

239 603 269 630 et
290 599 468 631 secundum
485 599 696 632 decretudirti
710 598 838 631 concilii
864 604 986 631 tantum

239 651 496 692 observarentur,
520 663 578 685 nec
599 651 719 695 aliquid
741 653 890 684 adversus
905 651 986 684 dieta

237 705 363 738 decreta
395 711 423 737 et
450 711 565 738 statuta
590 706 675 749 apud
700 706 825 749 aliquos
855 706 987 749 permit-

237 756 361 799 terent,
384 770 444 793 nec
466 760 497 792 in
519 760 628 803 aliquo
649 760 816 804 suflragari
843 766 984 803 possent,

236 813 289 846 sed
310 824 346 846 ea
364 814 496 856 perinde
517 814 627 846 haberi
654 819 683 846 et
696 814 838 858 reputari
855 814 983 851 (lohere,

235 877 271 899 ac
292 867 316 899 si
337 878 515 911 numquam
544 873 745 901 emanassent
763 895 769 907 ,
792 868 983 904 declaravit.

234 920 342 953 statuit
362 926 392 954 et
412 921 580 959 ordinarit,
595 922 734 965 proutin
748 921 985 964 singulisprae-

233 974 438 1008 decessorum
461 975 560 1007 literis
581 980 610 1008 et
632 975 761 1018 capituli
778 975 906 1007 concilii
923 975 984 1007 hu-

232 1028 384 1069 iusmodi,
407 1040 549 1072 quorum
570 1030 715 1062 omnium
739 1034 878 1069 tenores,
903 1040 939 1061 ac
960 1029 984 1061 si

233 1083 457 1125 praesentibus
476 1083 515 1116 de
536 1083 633 1116 verbo
651 1083 690 1115 ad
712 1083 843 1116 verbum
862 1082 983 1115 insere-

231 1141 354 1175 rentur,
377 1148 436 1180 pro
466 1137 623 1181 expressis
653 1136 824 1177 habemus,
857 1137 984 1179 plenius

229 1190 424 1223 continetur.

273 1244 287 1286 ξς
307 1244 337 1277 6.
362 1244 440 1278 Cum
462 1249 569 1277 autem
592 1256 696 1288 nuper
724 1246 885 1288 praetatus
908 1244 980 1276 Phi-

228 1296 337 1341 lippus
358 1309 411 1331 rex
432 1298 523 1330 nobis
555 1298 670 1341 exponi
706 1298 813 1331 fecerit
853 1298 939 1340 quod
965 1308 980 1329 a

227 1352 392 1385 nonnullis
422 1352 522 1385 dictas
547 1352 673 1396 priores
694 1353 802 1385 literas
833 1352 920 1385 Pauli
951 1358 982 1384 et

225 1405 270 1437 Pii
291 1406 578 1450 praedeeessorum
600 1418 658 1450 per
673 1406 847 1439 concilium
868 1411 896 1438 et
923 1416 979 1448 po-

225 1459 376 1492 steriores
407 1459 515 1493 literas
544 1460 620 1493 dicti
642 1460 686 1492 Pii
722 1459 980 1503 1·›1·aedecess<›1=is

225 1512 410 1546 huiusmodi
437 1518 612 1551 revocatas,
630 1518 685 1545 aut
704 1514 816 1546 saltem
833 1513 979 1545 modera-

223 1572 281 1606 tas,
305 1572 335 1600 et
355 1567 394 1599 ad
415 1567 581 1600 decretum
608 1567 737 1600 concilii
759 1567 915 1611 praedicti
931 1577 978 1599 re-

222 1620 335 1654 ductas
377 1621 473 1654 fnisse
509 1621 703 1657 haesitetur,
734 1622 771 1654 ad
802 1621 976 1654 tollendam

221 1673 406 1708 huiusmodi
430 1674 678 1715 dubitationem,
695 1675 788 1708 nobis
809 1675 978 1708 humiliter

219 1728 396 1771 supplicari
418 1728 490 1761 fecit
505 1735 665 1772 quatenus
686 1729 925 1762 dubitationem
947 1735 977 1762 et

218 1781 463 1815 haesitationem
484 1783 670 1816 huiusmodi
703 1784 741 1816 de
780 1783 976 1826 benignitate

217 1836 394 1879 apostoliea
416 1837 527 1869 tollere
549 1837 770 1879 dignaremur.

262 1886 276 1928 ἓ
298 1885 326 1918 7.
352 1886 414 1919 Nos
442 1886 550 1929 igitur,
574 1886 816 1920 considerantes
851 1887 975 1931 priores

216 1935 325 1968 literas
345 1935 505 1969 dictorum
519 1936 820 1980 praedecessorum,
838 1943 864 1969 et
884 1937 914 1968 in
927 1937 972 1970 eis

217 1988 377 2025 momenta,
391 1990 508 2018 statuta
529 1990 560 2018 et
579 1985 741 2023 ordinata,
763 1986 856 2026 iusta,
876 1987 973 2020 hone-

215 2040 260 2068 sta
282 2041 313 2068 et
333 2035 535 2068 rationabilia
563 2046 631 2068 esse
651 2062 658 2075 ,
686 2046 760 2068 cum
795 2036 902 2069 clerici
934 2037 973 2070 ab

214 2083 334 2117 illicitis
350 2090 380 2117 et
401 2084 578 2118 inhonestis
595 2095 626 2117 se
643 2085 803 2119 abstinere
820 2085 969 2127 debeant,

214 2132 340 2176 ipsique
367 2133 493 2173 cleriei,
528 2134 583 2177 qui
615 2134 756 2167 clericali
784 2135 971 2168 charactere

213 2181 365 2226 illiusque
386 2182 561 2226 privilegiis
582 2189 612 2215 et
637 2183 897 2217 immunitatibus
915 2185 970 2222 uti,

211 2231 274 2264 frui
296 2236 324 2265 et
350 2232 491 2275 gaudere
525 2232 704 2266 desiderant
727 2262 733 2274 ,
765 2233 908 2266 habitum
940 2240 967 2267 et

213 2286 378 2314 tonsuram
413 2281 622 2321 elericorum,
657 2288 753 2325 prout,
778 2284 968 2326 presbystori

212 2330 415 2375 principatus
440 2336 470 2363 ct
508 2332 721 2367 comitatuum
753 2333 966 2370 huiusmodi,

210 2379 335 2413 deferre
356 2381 505 2420 debeant,
530 2381 629 2425 ipsius
649 2382 787 2425 Philippi
801 2382 895 2425 regis,
917 2394 967 2415 as-

211 2430 345 2463 serentis
366 2430 397 2463 in
420 2430 602 2475 principatu
637 2437 667 2464 et
688 2432 893 2465 eomitatibus
910 2432 967 2464 hu-

210 2479 349 2513 iusmodi
381 2480 583 2524 presbyteros
604 2482 700 2514 modo
726 2481 890 2524 praedicto
918 2481 965 2514 in·

210 2528 325 2562 cedere
346 2530 566 2569 consuevisse,
594 2530 884 2574 supplicationibus
905 2531 964 2563 hac

211 2582 301 2621 parte
339 2578 507 2618 inclinati,
536 2578 636 2612 dictas
671 2579 795 2622 priores
830 2579 962 2620 literas,

210 2637 349 2669 quarum
370 2628 511 2661 veriores
533 2633 672 2669 tenores,
703 2640 740 2661 ac
758 2628 782 2661 si
808 2629 847 2662 de
868 2630 963 2662 verbo

209 2676 247 2708 ad
269 2676 402 2711 verbum
423 2677 645 2712 insererentur
657 2679 890 2722 praesentibus,
909 2678 964 2712 ha-

1056 277 1101 300 rr.
1677 267 1734 300 621
1801 277 1848 304 An.
1870 276 1897 303 c.
1917 273 1982 301 «567

1033 329 1100 361 beri
1122 330 1271 362 volumus
1292 341 1349 373 pro
1370 330 1541 374 expressis,
1565 340 1581 362 a
1602 330 1727 363 statutis
1756 336 1786 363 et

1032 383 1187 416 malinatis
1209 384 1238 416 in
1265 383 1403 417 concilio
1434 383 1647 422 huiusmodi,
1680 395 1784 427 neque

1032 448 1088 479 per
1108 437 1302 480 posteriores
1323 438 1430 470 literas
1445 436 1521 470 dicti
1537 436 1582 469 Pii
1594 437 1783 481 praedeces-

1030 490 1110 523 soris
1127 497 1289 523 revoeatas
1309 502 1376 524 esse
1396 518 1402 531 ‚
1426 491 1479 523 sed
1498 495 1621 523 tantum
1646 491 1685 523 ad
1718 496 1783 524 ter-

1031 544 1134 577 minos
1168 550 1194 577 et
1219 545 1461 588 dispositionem
1484 544 1559 578 dieti
1592 545 1724 588 capituli
1754 556 1782 578 Vi

1029 598 1178 631 sessionis
1209 609 1283 632 xxm
1318 599 1466 632 reductas
1495 609 1563 632 esse
1598 604 1629 631 et
1657 599 1781 632 censeri

1028 652 1147 684 dobere
1170 652 1201 684 in
1236 653 1387 685 omnibus
1415 658 1442 685 et
1479 664 1537 696 per
1564 652 1692 693 omnia,
1725 664 1782 696 per

1028 713 1224 749 pracsenmS,
1260 706 1450 739 auctoritate
1475 706 1652 750 apostolica
1685 713 1715 740 et
1745 718 1781 740 ex

1027 764 1113 793 certa
1147 766 1254 793 nostra
1289 760 1421 793 seientia
1454 771 1491 792 ac
1522 760 1560 792 de
1586 761 1779 804 apostolicae

1029 814 1190 856 potestatis
1206 814 1418 857 plenitudine,
1441 814 1654 847 declaramus.

1069 867 1123 909 §8
1138 867 1171 899 Et
1186 872 1217 899 ut
1233 866 1356 910 priores
1370 867 1481 900 literae
1494 868 1778 911 praedecessorum
1814 879 1914 901 rimam
1925 888 1977 902 can-

1026 920 1212 953 huiusmodi
1251 920 1405 953 maiorem
1428 921 1611 954 firmitatem
1633 926 1664 954 et
1680 922 1780 955 robur
1794 912 1977 964 {ssssss'ssf,⁰'¹⁹,f³,1l,'',g

1025 973 1202 1013 obtineant,
1226 974 1296 1006 illas
1316 974 1548 1007 confirmamus
1568 980 1599 1007 et
1618 976 1778 1019 approba·
1794 974 1976 1031 {ssgffis:¹‚¹‘¹¹⁰‘·¹¹'·

1026 1038 1097 1060 mus
1114 1054 1120 1066 ,
1142 1032 1172 1059 et
1206 1027 1432 1060 inviolabiliter
1451 1028 1612 1061 observari
1637 1029 1754 1062 debere
1769 1057 1777 1069 ,
1872 1022 1876 1030 '

1025 1080 1111 1112 iuxta
1132 1081 1287 1113 terminos
1307 1081 1472 1114 dumtaxat
1492 1081 1567 1114 dieti
1588 1082 1721 1126 capituli
1738 1093 1778 1123 vt,

1024 1134 1217 1167 mandamus
1235 1146 1242 1173 3
1265 1140 1295 1167 et
1315 1134 1339 1166 si
1369 1134 1503 1178 praefati
1524 1135 1634 1167 cleriei
1657 1136 1778 1179 primae

1025 1193 1175 1220 tonsurae
1197 1198 1261 1221 non
1284 1188 1446 1231 coniugati
1465 1215 1472 1228 ‚
1496 1188 1653 1222 beneficia
1673 1191 1777 1223 cocle—

1023 1240 1147 1273 siastica
1168 1252 1232 1273 non
1254 1242 1445 1282 obtinentes,
1460 1242 1675 1285 etconiugati,
1699 1255 1776 1277 con-

1023 1298 1108 1326 tenta
1130 1295 1159 1327 in
1195 1295 1287 1328 dietis
1308 1295 1472 1339 prioribus
1502 1296 1602 1329 literis
1631 1297 1776 1340 ipsorum

1023 1348 1321 1391 praedeeessorum,
1344 1349 1429 1382 iuxta
1449 1349 1595 1383 ordinata
1615 1356 1645 1383 et
1660 1356 1776 1384 statuta

1022 1401 1053 1433 in
1075 1402 1159 1435 dicto
1172 1408 1259 1436 sexto
1276 1403 1418 1447 capitulo
1435 1403 1563 1436 concilii
1576 1404 1774 1445 huiusmodi,

1021 1466 1084 1488 non
1105 1457 1345 1498 observabunt,
1372 1463 1403 1489 et
1423 1457 1568 1490 habitum
1603 1463 1634 1491 et
1663 1463 1774 1492 tonsu-

1021 1520 1087 1542 ram
1109 1510 1211 1543 dictos
1229 1538 1236 1550 ,
1260 1516 1357 1555 prout
1377 1511 1486 1544 elerici
1514 1512 1714 1556 principatus
1745 1519 1776 1547 et

1020 1564 1231 1597 comitatuum
1267 1566 1453 1599 huiusmodi
1487 1567 1612 1600 deterre
1642 1578 1775 1601 consue-

1018 1625 1133 1651 verunt
1157 1625 1187 1652 ct.
1211 1620 1360 1653 deserunt
1378 1648 1385 1659 ,
1408 1626 1443 1654 ut
1470 1622 1677 1665 praefertur,
1709 1633 1773 1656 non

1018 1673 1219 1713 detulerint,
1251 1675 1319 1707 soro
1346 1680 1377 1707 et
1408 1675 1610 1709 immunitate
1640 1678 1773 1712 clerico—

1019 1738 1091 1759 rum
1112 1728 1253 1770 gaudere
1288 1734 1315 1761 et
1343 1729 1404 1762 t‘rui
1426 1740 1491 1762 non
1512 1731 1648 1774 possint,
1667 1732 1721 1765 sed
1739 1738 1770 1765 ut

1018 1792 1104 1813 mere
1126 1782 1198 1815 laici
1219 1783 1401 1816 habeantur
1422 1789 1451 1816 et
1473 1789 1678 1827 reputentur,
1695 1792 1722 1819 et
1739 1792 1772 1819 ut

1017 1836 1094 1868 tales
1114 1836 1185 1869 laici
1220 1848 1278 1881 per
1298 1837 1421 1871 iudices
1441 1839 1622 1872 saeculares
1640 1867 1647 1879 ,
1674 1847 1769 1884 prout

1016 1890 1046 1922 in
1068 1890 1162 1924 dictis
1173 1892 1337 1935 prioribus
1356 1892 1456 1926 literis
1472 1893 1668 1934 continetur,
1688 1896 1768 1940 capi,

1015 1945 1174 1978 ‹ai-cerari
1194 1973 1200 1985 ‚
1224 1946 1333 1990 puniri
1358 1951 1389 1979 et
1413 1947 1562 1990 castigari
1592 1949 1714 1992 possint
1738 1956 1765 1983 et

1014 1999 1148 2031 valeant.

1057 2053 1122 2096 {9—
1147 2054 1183 2086 Et
1218 2055 1430 2089 nihilominus
1474 2057 1647 2090 venerabili
1677 2058 1765 2091 fratri
1796 2065 1905 2087 Prdetatas
1920 2068 1963 2088 1110-

1012 2107 1256 2152 archiepiscopo
1277 2109 1466 2143 Rossanensi
1485 2111 1569 2154 apud
1587 2113 1765 2155 praefatum
1780 2103 1964 2157 ξῗῑῃνῗὲρέζῖἶῖ

1013 2161 1198 2206 Philippum
1221 2174 1340 2207 regent,
1361 2169 1470 2197 nostro
1486 2170 1513 2196 et
1528 2165 1617 2197 Sedis
1627 2166 1763 2209 Aposto-
1780 2160 1962 2219 ξξξξζζὶξῑῗῗωή

1012 2215 1092 2247 lirae
1122 2217 1265 2253 nuncio,
1302 2222 1462 2261 quatenus
1496 2218 1619 2262 priores
1657 2220 1764 2253 literas

1013 2269 1296 2312 praedeeessorum
1308 2271 1508 2312 huiusmodi,
1521 2272 1648 2305 illarum
1661 2273 1763 2307 forma

1010 2328 1143 2363 servata,
1162 2329 1192 2357 et
1213 2324 1297 2357 iuxta
1321 2325 1448 2358 illarum
1471 2331 1614 2359 tenorem
1641 2332 1671 2360 et
1701 2328 1763 2361 sor—

1010 2388 1117 2415 mam,
1140 2384 1170 2411 et
1191 2379 1273 2411 iuxta
1310 2380 1463 2413 terminos
1497 2380 1661 2414 dumtaxat
1686 2382 1761 2415 dicti

1008 2432 1122 2474 capitis
1142 2433 1239 2473 sexti,
1262 2444 1299 2466 ae
1319 2434 1414 2467 etiam
1437 2440 1632 2478 praesentes,
1655 2435 1686 2468 in
1707 2447 1759 2469 ec-

1008 2482 1113 2514 clesiis
1130 2482 1300 2525 praedictis
1320 2483 1500 2526 publicare,
1524 2489 1552 2516 et
1578 2485 1759 2518 executioni

1007 2530 1202 2565 demandare
1223 2531 1327 2565 faeiat.

1050 2581 1064 2624 ξ
1091 2581 1143 2614 ¹10.
1180 2582 1310 2615 Necnon
1343 2583 1579 2617 venerabilibus
1608 2584 1759 2618 tratribus
1802 2596 1956 2617 mammaea:

1005 2630 1257 2676 archiepiscopis
1293 2638 1323 2664 et.
1357 2632 1517 2676 episcopis
1554 2633 1629 2666 dicti
1667 2633 1756 2677 prin·
1773 2630 1956 2686 ἑζξζᾞξῖωξὶῗξ

1005 2679 1129 2723 cipatus
1167 2686 1197 2714 et
1236 2682 1469 2723 comitatuum,
1508 2683 1634 2717 easdem
1665 2694 1849 2727 prae-*ww⁰⁵
1876 2692 1954 2717 οῑθνίΔ

1266 2776 1279 2789 0
