2237 3100
36 275 87 304 Αιι.
103 273 133 302 c.
153 272 222 302 157⁰

68 734 187 756 Exordium.

76 1593 156 1614 enum
172 1591 233 1612 huius

51 1629 206 1646 concessionis.

913 271 981 296 PIUS
1004 271 1023 295 V
1046 271 1094 295 1³1³.

543 323 670 359 CLXIX.

238 408 327 450 Quod
344 409 553 452 qubernatort
571 409 677 442 almae
695 409 799 449 Urbis,
818 409 988 452 quicquam

279 462 317 495 de
335 462 491 496 mandato
511 463 622 506 Papae
640 462 743 495 dicere
762 462 809 495 vel
819 463 924 505 facere
935 472 986 494 as-

280 518 406 557 serenti,
419 516 513 560 plene
531 516 680 549 credatur
694 515 721 549 1.

354 596 416 626 Plus
435 597 506 632 Papa
524 596 553 632 V,
572 597 649 624 motu
668 595 795 631 proprio.
816 596 871 624 etc.

282 667 360 701 Cum
387 667 571 711 Apostolica
599 667 698 701 Sedes
731 666 823 710 quasi
856 667 990 699 lucerna

238 732 337 764 super
356 721 585 754 candelabrum
606 720 645 753 sit
665 720 851 759 constituta,
882 730 922 752 ne
943 719 989 752 ci-

238 774 328 815 vitas,
350 785 433 819 quae
449 785 547 818 supra
567 780 709 807 montem
730 773 832 817 posita
852 778 909 813 est,
933 772 989 805 ab·

239 828 350 862 scondi
374 829 487 873 possit,
509 839 578 869 nos,
601 828 657 872 qui
677 828 806 868 ei,licet
826 827 990 867 immeriti,

239 882 473 927 praesidemus,
501 882 647 926 diligenti
668 882 825 915 debemus
849 892 928 914 cura
944 892 991 914 sa-

239 941 347 980 tagere
366 941 401 969 ut
425 946 490 969 non
510 936 615 969 solum
643 935 686 968 ita
717 935 824 968 luceat
851 935 906 967 lux
932 945 991 967 no-

241 995 306 1023 stra
325 1000 434 1023 coram
454 989 653 1030 hominibus,
680 995 716 1022 ut
730 988 872 1022 videntes
892 999 992 1032 opera

241 1042 541 1086 nostraglorificent
556 1043 681 1076 Patrem
701 1042 876 1083 luminum,
894 1053 911 1075 a
928 1053 992 1085 quo

242 1096 327 1130 bona
364 1101 481 1130 cuncta
518 1096 719 1141 procedunt,
753 1106 865 1129 verum
896 1095 993 1128 etiam

243 1150 342 1184 ceteri
375 1150 598 1184 christifideles
624 1160 721 1183 curae
755 1155 884 1183 nostrae
913 1149 992 1182 divi-

244 1204 331 1238 nitus
343 1203 516 1245 commissi,
528 1204 649 1248 ubique
665 1204 825 1244 locorum,
839 1203 892 1236 sed
905 1213 996 1246 prae-

244 1257 340 1303 cipue
364 1257 397 1290 in
430 1258 514 1291 alma
547 1257 631 1290 Urbe
664 1262 773 1290 nostra
811 1256 993 1297 existentes,

244 1322 326 1356 quos
340 1311 468 1345 Domini
487 1311 585 1344 timor
596 1311 634 1344 ad
648 1310 781 1344 virtutes
801 1321 866 1344 non
886 1310 995 1351 allicit,

245 1364 325 1399 iuris
357 1365 465 1408 rigore
489 1364 672 1408 perterriti,
695 1375 823 1407 gressus
856 1375 931 1397 suos
964 1364 996 1396 in

245 1419 390 1453 eiusdem
410 1418 538 1452 Domini
558 1418 785 1452 mandatorum
795 1418 844 1451 via
859 1417 997 1462 dirigen-

245 1473 288 1508 do
306 1473 527 1517 impellantur.

291 1527 306 1571 ἓ
325 1526 358 1560 ’1.
384 1526 475 1566 Quod
496 1531 531 1559 ut
551 1525 651 1569 magis
669 1525 770 1559 votive
800 1525 892 1558 nobis
924 1536 998 1559 sue-

247 1580 350 1620 cedet,
368 1590 455 1621 eum,
473 1578 667 1613 conditionis
685 1579 847 1612 humanae
862 1579 999 1619 defectu,

248 1633 357 1668 omnia
375 1644 435 1678 per
453 1644 511 1667 nos
535 1632 621 1677 ipsos
641 1633 755 1676 exequi
786 1643 997 1676 nequeamus,

246 1688 332 1722 vices
340 1692 465 1722 nostras
474 1688 543 1720 aliis
553 1686 796 1727 committimus,
819 1687 874 1731 qui
886 1686 998 1726 sciant,

247 1742 347 1776 velint
366 1747 397 1775 et
415 1742 541 1775 valeant
561 1742 711 1775 mandata
731 1746 840 1774 nostra
865 1741 1002 1773 fideliter

250 1802 281 1830 et
298 1797 476 1841 prudenter
495 1796 621 1840 exequi;
638 1796 726 1840 quod
744 1795 888 1839 profecto
910 1795 941 1828 in
953 1795 1001 1827 di-

249 1850 333 1884 lecto
357 1849 424 1883 filio
449 1849 601 1893 magistro
621 1849 725 1882 Monte
745 1849 784 1882 de
804 1848 999 1889 Valentibus,

250 1904 345 1938 Urbis
365 1903 547 1948 praedictae
567 1903 783 1947 gubernatore
798 1929 805 1943 ,
827 1902 952 1936 notario
974 1907 1004 1935 et

251 1957 400 1991 familiari
434 1963 557 1999 nostro,
593 1968 651 1991 nos
684 1956 878 2001 comperisse
912 1955 1002 1989 fateri

252 2012 421 2046 audemus.
444 2012 510 2045 Hac
531 2022 606 2045 sane
626 2011 750 2044 ratione
771 2011 877 2044 allecti
897 2016 927 2044 et
946 2010 1002 2043 ad-

252 2066 353 2107 ducti,
375 2067 480 2100 facere
508 2066 599 2098 nullo
620 2065 716 2098 modo
738 2074 909 2108 possumus
925 2063 1003 2107 quin

253 2121 406 2155 continue
431 2120 459 2154 ei
479 2119 664 2163 gravissima
684 2118 866 2162 peragenda
899 2118 1004 2161 impo-

253 2185 369 2208 namus
388 2174 536 2217 negocia,
559 2173 598 2206 ad
618 2184 759 2218 quorum
780 2172 1003 2206 executionem

253 2228 314 2273 ipsi
338 2228 550 2273 procedenti,
587 2227 612 2260 si
631 2255 638 2268 ,
674 2232 771 2271 prout
795 2226 1005 2270 negociorum

254 2283 391 2326 gravitas
410 2282 517 2326 exigit,
532 2293 590 2326 pro
606 2282 738 2315 illorum
754 2281 888 2324 singulis
907 2292 1007 2325 pecu—

255 2336 335 2370 liare
355 2341 437 2370 esset
456 2335 684 2378 assignandum
697 2334 868 2368 voluntatis
881 2339 1007 2367 nostrae

256 2389 490 2429 testimonium,
513 2388 605 2422 facile
625 2388 708 2421 soret
726 2393 762 2421 ut
781 2389 928 2421 voluntas
952 2398 1008 2421 no-

257 2448 322 2476 stra
341 2453 406 2476 non
427 2453 473 2483 ea,
489 2453 552 2485 qua
568 2442 728 2481 volumus,
751 2441 914 2474 celeritate
935 2451 1008 2474 exe-

258 2495 380 2531 cutioni
411 2496 671 2530 demandaretur.
710 2495 858 2528 Volentes
900 2494 1008 2537 itaque

258 2550 442 2594 praemissis
461 2561 498 2584 ea
517 2549 671 2583 adbibere
691 2548 846 2589 remedia,
881 2559 921 2582 ne
941 2548 1008 2581 ullo

296 2633 307 2659 ί
323 2631 394 2660 Alias
405 2631 589 2668 gubernatoris
603 2630 797 2658 iurisdictiones
809 2629 869 2656 vide
880 2629 906 2656 in
916 2629 1010 2657 Leonis

261 2676 288 2705 X
303 2677 409 2706 constit.
423 2683 464 2711 tx,
483 2678 539 2705 Etsi
552 2685 614 2710 pro,
632 2679 695 2704 tom.
713 2683 741 2709 v,
763 2683 821 2711 pag.
839 2675 899 2703 olli.

1667 258 1731 295 847

1028 335 1184 368 umquam
1216 329 1363 368 tempore
1390 322 1492 367 ipsius
1512 321 1625 356 Montis
1658 323 1777 366 guber—

1029 378 1150 411 natoris
1186 376 1368 412 auctoritati
1406 382 1437 409 et
1474 375 1688 410 iurisdictioni
1716 376 1778 409 ini-

1030 442 1170 474 quorum
1210 430 1379 464 calumniis
1418 429 1565 473 derogari
1603 429 1778 473 contingat,

1030 490 1085 517 aut
1126 484 1193 528 ipse
1239 485 1327 517 Mons
1363 483 1561 527 gubernator
1578 510 1586 525 ,
1624 483 1781 517 voluntati

1030 542 1158 571 nostrae
1179 537 1384 581 exequendae
1417 537 1593 577 anhelans,
1615 536 1702 570 illius
1725 547 1782 571 oc·

1032 590 1159 624 casione
1207 592 1396 624 molestetur
1413 618 1421 632 ,
1461 590 1634 625 salubriter
1675 591 1782 636 provi-

1031 643 1118 677 dere.

1076 698 1090 740 ξ
1111 697 1142 730 2.
1166 697 1250 731 Motu
1262 698 1359 731 simili
1375 703 1446 739 etc„
1468 704 1497 732 et
1517 708 1555 732 ex
1572 704 1659 732 certa
1673 704 1783 732 nostra

1032 749 1164 783 scientia
1185 761 1221 784 ac
1241 751 1280 784 de
1300 752 1493 795 apostolicae
1507 752 1672 796 potestatis
1683 753 1784 796 pleni-

1032 803 1154 844 tudine,
1177 805 1325 838 volumus
1346 811 1376 838 et
1395 806 1597 839 declaramus
1617 817 1729 840 omnes
1754 812 1785 840 et

1033 856 1175 899 singulas
1191 859 1377 899 sententias,
1399 860 1540 900 decreta,
1561 860 1782 901 bannimenta‚

1033 910 1304 954 proclamationes
1336 912 1463 956 aliaque
1497 913 1597 957 ipsius
1629 913 1786 947 hactenus

1033 968 1120 1006 gesta
1139 970 1170 997 et
1188 965 1393 1008 inposterum
1403 967 1543 1008 gerenda
1554 967 1698 1000 ettamin
1710 966 1786 1001 scri-

1035 1017 1095 1060 ptis
1114 1029 1210 1062 quam
1232 1019 1321 1060 alias,
1336 1020 1431 1053 etiam
1452 1031 1489 1054 ex
1508 1020 1557 1053 sui
1578 1021 1675 1055 officii
1697 1032 1787 1055 mera

1034 1072 1240 1114 auctoritate,
1261 1073 1294 1106 in
1323 1073 1440 1118 quibus
1459 1073 1526 1119 ipse
1554 1075 1641 1108 Mons
1673 1076 1788 1118 guber-

1035 1131 1128 1159 nator
1147 1137 1185 1159 ex
1205 1127 1317 1161 ordine
1346 1132 1457 1161 nostro
1478 1128 1636 1162 hactenus
1655 1139 1787 1173 proces-

1036 1180 1112 1214 sisse
1132 1186 1297 1214 attestatus
1316 1181 1413 1214 suerit
1423 1182 1471 1214 vel
1487 1181 1519 1214 in
1530 1187 1696 1226 posterum
1711 1194 1788 1227 pro-

1037 1234 1151 1267 cedere
1171 1234 1384 1276 attestabitur,
1411 1246 1480 1268 eam
1510 1246 1644 1279 prorsus
1674 1236 1737 1269 vim
1758 1243 1789 1271 et

1038 1288 1214 1321 efficaciam
1235 1289 1385 1333 idemque
1406 1289 1507 1322 robur
1527 1289 1683 1331 obtinere,
1700 1296 1731 1324 et
1749 1291 1790 1324 ab

1038 1341 1190 1375 omnibus
1209 1342 1434 1375 inviolabiliter
1454 1342 1639 1383 observari,
1662 1354 1789 1378 omnes-

1039 1406 1113 1439 que,
1136 1406 1217 1439 quos
1238 1396 1291 1429 illa
1311 1402 1523 1437 concernunt,
1546 1396 1588 1429 ita
1608 1402 1638 1430 ct
1657 1397 1790 1442 perinde

1039 1449 1169 1483 afficere
1185 1460 1221 1482 ac
1241 1449 1266 1482 si
1287 1461 1323 1482 ea
1343 1450 1452 1483 omnia
1471 1450 1510 1483 dc
1530 1450 1661 1494 speciali
1681 1456 1711 1485 et
1736 1463 1790 1486 ex-

1041 1513 1150 1546 pressa
1170 1502 1396 1536 commissione
1417 1508 1535 1544 nostra,
1556 1504 1595 1537 de
1615 1515 1679 1548 qua
1693 1505 1790 1538 etiam

1042 1567 1099 1600 per
1119 1557 1267 1589 cedulam
1301 1567 1397 1589 manu
1430 1562 1550 1598 nostra,
1587 1557 1682 1591 etiam
1701 1564 1791 1592 motu

1042 1610 1174 1654 proprio
1195 1610 1363 1653 signatam,
1386 1615 1558 1652 constaret,
1580 1617 1792 1652 emanassent,

1043 1663 1207 1707 ipsiusque
1228 1664 1341 1697 Montis
1365 1664 1591 1708 gubernatoris
1610 1665 1791 1706 assertioni,

1042 1717 1163 1760 absque
1182 1717 1290 1761 aliqua
1315 1728 1373 1761 per
1393 1717 1497 1761 ipsum
1519 1718 1696 1752 exbibenda
1717 1730 1792 1763 pro-

1043 1770 1171 1803 batione
1204 1771 1292 1811 stari,
1315 1781 1455 1815 eumque
1476 1782 1602 1805 merum
1623 1773 1739 1806 mentis
1763 1777 1795 1806 et

1043 1825 1215 1858 voluntatis
1235 1829 1361 1858 nostrae
1381 1830 1585 1858 executorem
1619 1837 1716 1871 super
1748 1826 1794 1860 sic

1044 1889 1102 1922 per
1122 1889 1208 1919 eum,
1231 1883 1267 1911 ut
1285 1878 1513 1922 praemittitur,
1535 1879 1651 1922 gestis,
1677 1886 1742 1913 tam
1762 1879 1794 1913 in

1045 1932 1164 1966 iudicio
1184 1943 1281 1975 qtlam
1300 1937 1398 1973 extra,
1413 1932 1507 1965 etiam
1529 1943 1587 1976 per
1606 1944 1663 1967 nos
1679 1939 1710 1967 et
1724 1944 1796 1967 suc-

1045 1997 1188 2019 cessores
1208 1991 1335 2019 nostros
1354 1985 1515 2019 Romanos
1548 1986 1719 2020 Pontifices
1739 1998 1795 2020 seu

1045 2040 1083 2073 de
1109 2050 1221 2073 eorum
1242 2039 1404 2080 mandato,
1423 2051 1481 2084 per
1491 2050 1715 2084 quoscumque
1726 2051 1796 2074 mo-

1046 2093 1163 2134 lestari,
1180 2093 1351 2137 inquietari
1367 2099 1422 2126 aut
1438 2093 1620 2138 perturbari
1636 2104 1673 2127 ex
1687 2094 1797 2138 quavis

1047 2158 1143 2180 causa
1162 2157 1227 2180 non
1248 2157 1352 2190 posse.

1091 2200 1156 2245 §3
1189 2201 1420 2234 Interdicentes
1452 2200 1617 2244 quibusvis
1636 2200 1794 2245 personis,

1048 2255 1283 2299 cuiuscumque
1304 2254 1476 2298 dignitatis,
1499 2260 1610 2296 status,
1629 2255 1748 2298 gradus
1767 2260 1797 2289 et

1793 270 1842 296 Ὰι.
1858 266 1888 297 Γ.
1906 267 1979 296 1⁸70

1842 707 1982 728 Gubernator-t

1797 738 1875 766 aliquid
1899 739 1982 760 dteentt

1799 770 1832 791 vel
1853 770 1940 790 taciani!
1956 770 1981 790 de

1799 803 1872 823 ordine
1910 801 1981 828 Papae

1800 834 1863 861 pleno
1875 834 1983 854 offerint-1.

1851 2210 1995 2238 Praeceptum

1811 2243 1866 2271 quod
1901 2243 1994 2269 desuper

1810 2274 1921 2296 molestati
1949 2278 1993 2295 uo·

1048 2308 1242 2342 conditionis
1261 2319 1298 2341 ac
1319 2308 1441 2341 ordinis
1452 2307 1668 2349 existentibus,
1680 2313 1710 2342 et
1720 2319 1799 2352 qua-
1811 2306 1886 2334 ⁹⁰⁶⁵¹²⁴

1049 2373 1188 2405 cumque
1208 2361 1373 2405 dignitate,
1392 2362 1541 2394 facultate
1561 2367 1591 2395 et
1610 2361 1799 2396 auctoritate

1049 2416 1267 2459 fungentibus,
1290 2421 1321 2449 et
1340 2415 1371 2448 in
1392 2415 1588 2458 praemissis,
1608 2420 1671 2448 tam
1687 2416 1725 2449 de
1744 2427 1800 2450 no-

1050 2472 1113 2500 stro
1156 2478 1253 2511 quam
1295 2477 1517 2500 successorum
1558 2466 1799 2510 praedictorum

1050 2516 1199 2550 mandato
1215 2515 1474 2560 procedentibus,
1495 2516 1645 2549 eumdem
1661 2516 1799 2550 Montem

1050 2566 1298 2609 gubernatorem
1320 2576 1418 2609 super
1429 2564 1613 2609 praemissis
1627 2565 1675 2598 vel
1685 2575 1799 2599 eorum

1050 2616 1158 2660 aliquo
1174 2614 1378 2655 molestandi,
1392 2613 1591 2659 inquietandi
1605 2619 1663 2649 aut
1671 2620 1799 2660 pertur-

1050 2664 1146 2699 bandi
1175 2665 1370 2698 tacultatem.
