2237 3100
63 191 114 216 An.
130 190 159 217 C.
178 188 247 216 ¹565

97 837 196 858 Nicotaus
221 836 247 857 lll

65 869 143 889 exemit
164 875 175 887 a
191 868 249 888 solu-

66 901 124 919 tione
160 900 248 920 decima<

65 937 117 950 [um.

92 1101 189 1123 Clemens
224 1102 250 1123 lV

65 1134 187 1155 facultatem
212 1141 253 1154 un—

68 1167 129 1192 dique
153 1165 254 1191 colligen-

68 1198 86 1217 di
97 1197 193 1222 leproso<
206 1203 253 1217 eon-

68 1229 142 1253 cessit,

944 187 1066 211 HUSIV
1090 187 1137 210 PR

261 241 368 274 dinem
388 240 564 282 veniendo,
590 241 700 274 volens
733 240 919 274 earumdem
953 241 1011 274 do-

261 305 389 328 morum
401 305 571 337 gravamen
583 295 761 328 indebitum
777 295 917 336 auferre,
935 299 1012 327 tunc

260 348 366 382 abbati
386 349 572 382 monasterii
594 349 783 383 Orbaeensis
802 349 878 383 dicti
898 350 946 382 vel
965 349 1012 381 al-

261 402 361 436 terius
371 402 510 444 Ordinis,
525 403 763 437 Suessionensis
775 403 942 443 dioecesis,
957 403 1012 436 de—

261 458 351 490 derat
372 457 403 489 in
424 458 582 491 mandatis
601 463 780 501 quatenus,
801 458 825 490 si
847 457 888 490 ita
909 462 1011 497 esset7

262 512 422 555 praefatos
447 512 655 545 dioecesanos
689 518 724 545 ut
754 513 793 546 ab
826 511 1013 545 huiusmodi

261 566 524 610 praesumptione
541 568 673 600 omnino
689 567 889 605 desisterent,
913 565 1014 597 moni-

262 620 347 653 tione
364 621 551 664 praemissa‚
574 621 657 654 dicta
677 620 866 654 auctoritate
891 623 1015 663 aposto-

262 674 334 714 lica,
357 675 719 718 appellationeremota,
738 674 865 718 praevia
881 672 1015 713 ratione,

263 728 484 771 compelleret.

307 781 321 824 ἓ
341 781 395 814 102.
417 783 586 816 Praeterea
606 783 756 816 Nicolaus
776 782 814 815 Ill
835 781 1016 814 declarave-

265 839 312 867 rat
330 836 417 878 quod
437 836 476 869 de
497 836 674 870 redditibus
695 843 725 870 et
746 834 952 880 proventibus
972 834 1017 865 le-

264 888 482 932 prosariarum
509 890 708 931 huiusmodi,
731 889 786 933 qui
807 889 838 920 in
859 898 937 921 usus
957 887 1018 919 mi-

266 941 453 975 serabilium
469 948 500 975 et
515 943 722 977 intirmorum*
738 943 1018 981 convertebantur,

266 994 389 1028 decima
411 1007 474 1029 non
497 997 685 1030 solveretur.

309 1048 397 1091 §13
430 1049 466 1082 Et
494 1049 641 1083 Clemens
668 1053 762 1084 etiam
790 1049 826 1083 IV
847 1060 904 1094 per
924 1059 1020 1092 quas-

267 1102 339 1135 dam
362 1103 518 1136 universis
538 1103 791 1148 archiepiscopis
812 1109 839 1136 et
862 1103 1022 1146 episeopis

267 1167 303 1188 ac
324 1156 394 1189 aliis
409 1157 620 1190 ecclesiarum
642 1157 801 1201 praelatis,
823 1157 977 1200 exemptis
992 1161 1022 1189 et

269 1220 332 1242 non
354 1210 520 1253 exemptis,
543 1210 575 1243 in
592 1211 707 1243 virtute
725 1216 852 1243 sanctae
873 1210 1022 1243 obedien-

269 1263 340 1303 tiae,
362 1268 392 1296 et
425 1264 484 1296 sub
516 1264 861 1297 excommunicationis
894 1275 1020 1308 poena,

268 1327 365 1359 quam
386 1317 608 1350 inobedientes
637 1317 707 1361 ipso
742 1319 824 1351 facto
854 1317 1022 1350 incurrere

269 1370 379 1412 voluit,
398 1370 458 1403 nisi
479 1371 666 1404 mandatum
687 1371 874 1404 huiusmodi
891 1371 1024 1414 diligen-

269 1430 318 1456 ter
337 1424 451 1467 exequi
473 1430 643 1465 curarent,
671 1430 701 1457 et
720 1424 944 1464 nihilominus,
965 1424 1024 1457 sub

270 1487 374 1520 poena
394 1477 579 1520 privationis
603 1477 699 1511 oflicii
725 1484 755 1510 et
774 1478 923 1510 beneficii
954 1489 1024 1511 suo⁸

271 1542 355 1571 rum,
379 1531 606 1575 praecipiendo
628 1532 829 1565 mandaverat
852 1537 1023 1577 qiuitei‘ius,

271 1585 347 1617 dum
368 1584 468 1628 aliqui
489 1585 527 1618 de
549 1586 815 1629 dictismagistro,
833 1585 984 1618 fratrilms
996 1592 1026 1618 et

273 1639 538 1682 procuratoribus
571 1640 741 1672 domorum
777 1640 883 1672 Sancti
919 1639 1026 1672 Lazari

271 1693 552 1736 Hierosolymitani
571 1694 610 1727 ad
628 1693 890 1738 archiepiscopos
907 1699 934 1725 et
948 1693 1027 1725 alios

272 1747 432 1791 praelatos
466 1752 496 1779 et
529 1758 643 1780 eorum
671 1748 758 1787 loca,
780 1758 838 1791 pro
864 1747 1028 1791 capiendis

273 1800 410 1833 infirmis
430 1800 577 1844 leprosis,
597 1801 827 1845 pervenissent,
848 1802 893 1833 eis
914 1801 945 1833 in
966 1802 1027 1833 hoc

274 1854 384 1886 adesse
418 1860 586 1894 rurarenu
622 1865 783 1887 memores
802 1855 974 1887 Dominum
997 1854 1028 1886 in

274 1908 343 1950 lege
374 1907 469 1950 Moysi
503 1909 705 1951 praecepisse
739 1909 825 1950 quod
851 1919 962 1940 onmes
984 1908 1028 1939 le.-

274 1960 361 2005 prosi
374 1960 568 1993 eiicerentur
579 1968 678 2001 extra,
692 1962 800 1994 rolens
816 1968 843 1994 et
863 1962 1026 2001 ordinans,

275 2020 307 2046 ut
335 2014 471 2046 Domino
500 2015 743 2058 complacebat,
767 2016 853 2058 quod
876 2020 939 2047 tam
962 2025 1029 2046 ma-

276 2079 326 2101 res
346 2078 442 2110 quam
469 2069 638 2109 mulieres,
662 2068 770 2101 elerici
793 2073 822 2100 et.
847 2068 937 2108 laici,
960 2067 1031 2100 reli—

275 2121 355 2165 giosi
376 2126 405 2154 et
426 2122 607 2155 saeculares
627 2122 740 2154 morbo
762 2123 868 2165 leprae
886 2122 1031 2154 laboran-

277 2181 334 2215 tes,
358 2187 416 2219 per
441 2176 570 2209 eosdem
602 2177 715 2209 fratres
748 2182 778 2209 et
803 2181 1032 2220 procuratores

277 2240 390 2263 eorum
412 2235 607 2273 caperentur
640 2235 670 2262 et
696 2229 891 2263 eiicerentur
923 2235 1029 2270 extra,

278 2295 353 2317 cum
369 2284 522 2317 omnibus
537 2295 650 2317 eorum
663 2284 766 2323 bonis,
782 2290 843 2317 tam
859 2284 1034 2317 mobilibus

279 2349 376 2381 quam
398 2338 629 2378 immobilibus,
648 2334 686 2370 ad
708 2337 938 2370 habitationem
960 2349 1033 2370 eum

280 2387 349 2420 aliis
365 2388 503 2421 infirmis
519 2389 690 2420 domorum
709 2387 836 2420 Ordinis
856 2388 963 2420 Sancti
980 2388 1034 2420 La-

280 2437 344 2469 zari
374 2437 572 2470 huiusmodi.
610 2437 641 2470 Si
666 2448 741 2470 vero
762 2437 872 2470 cleriei
894 2438 941 2470 vel
962 2437 1035 2470 laici

280 2487 468 2520 mandatum
503 2497 597 2519 suum
632 2486 663 2519 in
697 2487 806 2530 aliquo
836 2487 1036 2529 negligerent

279 2536 597 2580 adiinplet¹e,volt1it
629 2536 715 2580 quod
752 2535 809 2579 ipsi
846 2536 957 2568 fratres
982 2541 1036 2568 ant

279 2585 409 2618 illorum
443 2590 670 2629 procuratores
708 2585 780 2618 illos
815 2585 1033 2629 peremptorie

1699 175 1763 208 339

1054 240 1189 273 citarent
1205 243 1239 271 ut
1251 249 1359 272 coram
1381 249 1414 272 se
1435 243 1673 282 comparerent,
1693 239 1809 271 facturi

1055 293 1192 327 iustitiae
1213 294 1503 338 complementum.

1098 349 1113 391 ξ
1133 348 1185 381 14.
1213 348 1257 381 Ac
1272 358 1385 381 rursus
1406 358 1464 391 per
1483 347 1561 380 alias
1581 358 1654 380 suas
1675 349 1810 382 manda·
1851 365 2011 392 mmmm,

1054 407 1140 435 verat
1169 401 1256 446 quod
1278 402 1392 435 fratres
1411 401 1471 445 ipsi
1496 401 1597 444 ipsius
1617 403 1811 435 confratriae
1826 403 1865 424 ΨΘ
1888 397 2009 422 ‘⁰¹¹³g⁰¹¹‘¹¹³

1055 456 1094 488 ad
1114 456 1222 500 aliqua
1242 456 1313 489 loca
1323 455 1514 489 accedentes
1525 466 1584 499 pro
1601 456 1812 501 eleemosynis

1057 510 1245 553 colligendis
1254 510 1392 553 benigne
1405 509 1629 553 reciperentur
1640 510 1813 544 ethoneste

1058 569 1291 597 tractarentur:
1318 564 1444 608 ipsique
1481 564 1629 598 locorum
1658 564 1814 598 ordinarii

1058 624 1088 651 et
1104 619 1136 658 ii,
1152 619 1191 651 ad
1207 629 1288 661 quos
1305 623 1437 662 spectat,
1456 623 1491 651 ut
1506 619 1730 663 permitterent
1746 630 1816 653 eos-

1058 673 1130 705 dem
1152 673 1266 705 fratres
1283 673 1315 705 in
1336 672 1481 706 ecclesiis
1502 673 1568 706 suis
1584 674 1742 717 populum
1758 674 1815 707 ad-

1059 737 1190 760 monere
1206 738 1241 759 ac
1254 727 1473 772 eleemosynas
1489 727 1653 770 colligere,
1672 739 1708 761 ac
1721 727 1816 761 etiam

1059 780 1338 813 confraternitates
1354 773 1471 821 facere,
1491 780 1571 814 illud
1590 787 1818 825 praecaventes

1060 843 1110 873 ne,
1136 833 1305 866 occasione
1326 833 1469 874 illorum,
1491 834 1714 878 eleemosynae
1740 845 1819 878 pau-

1060 897 1174 929 perum
1205 886 1321 919 Christi
1346 887 1544 931 deperirent,
1568 893 1597 920 et
1626 887 1820 931 impedirent

1060 951 1160 984 opera
1178 940 1315 983 pietatis.

1106 994 1120 1037 ἓ
1139 993 1193 1027 15.
1216 994 1348 1027 Necnon
1368 993 1445 1038 ipsis
1460 995 1726 1038 archiepiscopis,
1749 995 1818 1039 epi·
1855 1002 2019 1039 montianum

1062 1047 1168 1092 scopis
1211 1053 1241 1080 et
1277 1047 1347 1080 aliis
1375 1048 1526 1091 praelatis
1563 1048 1746 1081 iniunxerat
1784 1055 1819 1082 ut
1832 1033 2020 1086 ffa'issi'ii'ifflf,

1063 1106 1214 1134 curarent
1233 1102 1406 1135 defendere
1427 1107 1457 1135 et
1477 1109 1687 1135 manutenere
1705 1103 1819 1135 fratres
1832 1096 1867 1121 ¹³¹³

1063 1156 1224 1199 praefatos
1235 1155 1386 1188 adversus
1397 1155 1623 1199 parochianos,
1640 1155 1696 1200 qui
1708 1155 1820 1189 domos

1064 1209 1194 1242 illorum
1216 1209 1405 1242 invadebant
1427 1215 1482 1242 aut
1498 1209 1648 1242 indebitis
1668 1209 1822 1243 molestiis

1065 1263 1301 1306 opprimebant.
1325 1263 1389 1296 Nec
1408 1275 1425 1296 a
1450 1263 1603 1297 fratribus
1623 1269 1652 1297 et
1678 1265 1823 1308 personis

1064 1315 1241 1358 Religionis
1261 1316 1447 1349 huiusmodi
1464 1327 1522 1361 pro
1544 1318 1711 1361 sepultura
1730 1318 1823 1361 quic-

1065 1380 1162 1413 quam
1184 1369 1366 1413 exigeretur
1376 1370 1424 1403 vel
1445 1370 1658 1413 acciperetur,
1679 1370 1739 1403 nisi
1756 1370 1825 1415 ipsa

1066 1429 1241 1467 spontanea
1262 1424 1487 1457 decedentium
1509 1424 1684 1458 liberalitas
1699 1425 1747 1458 vel
1771 1436 1826 1469 pa-

1066 1482 1195 1509 rentum
1216 1477 1341 1510 devotio
1367 1477 1411 1510 eis
1432 1478 1631 1510 contulisset.

1111 1531 1125 1572 ,ξ
1145 1530 1198 1563 16,
1221 1531 1284 1564 Nec
1313 1532 1352 1564 ab
1373 1531 1428 1570 eis,
1449 1537 1561 1564 contra
1581 1532 1824 1576 privilegiorum
1866 1541 2024 1577 iju132i==nm==

1068 1584 1170 1617 dictae
1197 1584 1287 1617 Sedis
1307 1585 1515 1625 tenorem,de
1536 1586 1688 1619 omnibus
1714 1586 1825 1619 fructi-
1840 1575 1953 1629 {egffffj'm
1978 1579 2025 1593 ‘⁷⁰¹¹'

1068 1638 1128 1670 bus
1149 1641 1264 1679 ter'rae,
1287 1639 1406 1682 quibus
1436 1640 1567 1683 propria
1588 1639 1744 1673 industria
1773 1647 1827 1673 aut

1069 1692 1215 1735 expensis
1236 1693 1380 1725 colerent
1400 1697 1427 1725 et
1450 1692 1647 1733 laborarent,
1670 1704 1706 1726 ac
1732 1693 1827 1726 etiam

1070 1746 1108 1778 dc
1138 1746 1345 1779 nutrimentis
1374 1746 1563 1779 animalium
1598 1758 1743 1787 suorum,
1774 1748 1829 1780 sed

1071 1810 1129 1832 uec
1150 1800 1189 1832 de
1214 1800 1291 1843 ipsis
1316 1801 1512 1833 animalibus
1536 1801 1678 1834 decimas
1703 1802 1829 1845 exigere

1071 1859 1328 1897 praesumerent.

1115 1908 1129 1949 ξ
1158 1907 1211 1940 17.
1242 1908 1400 1951 Quodque
1435 1908 1492 1952 ipsi
1530 1909 1766 1953 archiepiscopi
1801 1915 1831 1942 et
1870 1917 1968 1951 Οιρ-ιι-ιῑιΊ
1981 1922 2032 1935 von-

1072 1960 1214 2004 episcopi
1236 1962 1376 1995 oratoria
1392 1974 1450 2006 pro
1472 1974 1533 1995 usu
1554 1964 1688 1995 fratrum
1710 1969 1740 1995 et
1755 1974 1829 2006 per·
1844 1950 1895 2004 iiii?
1913 1954 1975 1973 ΜΝ
1997 1954 2031 1967 ω’

1072 2025 1224 2047 sonarum
1254 2016 1473 2059 praefatorum
1509 2028 1545 2049 ac
1580 2028 1655 2049 suae
1690 2016 1830 2049 familiae

1073 2068 1234 2105 dedicare,
1247 2080 1284 2101 ac
1301 2070 1534 2102 coemeterium
1547 2070 1737 2103 benedicere
1754 2081 1830 2114 pro-

1074 2128 1235 2155 curarent.

1825 185 1874 210 An.
1891 184 1920 210 C.
1942 184 2009 209 ¹505

1118 2175 1132 2217 ξ
1158 2175 1205 2208 18.
1236 2176 1279 2209 Ae
1308 2177 1393 2220 quod
1424 2177 1462 2209 de
1483 2182 1611 2210 caetero
1636 2178 1750 2211 fratres
1775 2189 1831 2211 seu

1075 2228 1191 2261 milites
1211 2241 1247 2262 ac
1265 2230 1400 2263 donatos
1423 2230 1553 2263 militiae
1582 2231 1749 2275 hospitalis
1768 2231 1830 2264 hu-

1076 2283 1226 2325 iusmodi,
1249 2285 1304 2327 qui
1331 2295 1461 2317 erucem
1484 2292 1514 2317 et
1534 2285 1717 2328 regularem
1738 2284 1831 2318 habi-

1075 2343 1143 2370 tum
1173 2338 1385 2383 deponerent,
1417 2344 1447 2372 et
1472 2350 1530 2382 per
1550 2339 1687 2383 abrupta
1712 2339 1833 2373 saeculi

1075 2393 1277 2431 vagarentur,
1298 2389 1391 2432 quive
1408 2390 1570 2433 prioribus
1586 2390 1652 2422 suis
1668 2394 1833 2423 contuma-

1077 2448 1129 2469 ces
1149 2442 1179 2470 et
1199 2438 1336 2478 rebelles
1356 2439 1554 2478 existebant,
1578 2445 1608 2471 et
1632 2439 1757 2472 belinas
1777 2440 1832 2472 de-

1077 2486 1213 2520 tinerent
1245 2492 1356 2520 contra
1383 2488 1563 2521 voluntates
1582 2488 1740 2532 ipsorum,
1764 2499 1834 2521 mo-

1077 2541 1191 2569 nerent
1211 2537 1377 2577 instanter,
1401 2548 1437 2570 ac
1458 2548 1516 2581 pro
1538 2537 1634 2571 officii
1655 2538 1704 2571 sui
1726 2538 1833 2571 debito

1078 2586 1309 2629 compellerent
1324 2592 1359 2619 ut
1374 2586 1519 2619 habitum
1542 2587 1725 2631 depositum
1746 2597 1832 2620 reas-

1895 2184 2030 2204 nimium-tes

1847 2216 1939 2236 habitunt
1972 2222 2032 2237 cncr-

1847 2253 1891 2268 eeit
1908 2253 1976 2271 lnb·tt;
