2237 3100
446 201 488 236 78

402 263 618 298 ministrantes
651 264 848 306 deludendo,
880 270 1035 308 quantum
1061 266 1092 298 in
1114 276 1150 298 eo

403 323 449 351 est
464 318 604 359 obviare,
622 329 658 352 ac
679 329 807 353 omnem
828 319 956 364 penitus
970 320 1044 353 talia
1062 330 1150 363 prac-

403 372 550 405 sumendi
569 373 771 406 occasionem
791 373 915 407 tollere.

447 425 461 469 ἓ
477 426 508 459 1.
526 426 592 460 Hac
607 437 664 460 sua
674 432 830 471 perpetuo
841 427 975 460 valitura
987 427 1150 459 sanctione

231 486 326 507 facultas
338 488 389 523 iudi3
402 479 510 512 statuit
534 486 562 513 et
588 480 741 514 ordinavit
758 481 844 525 quod
861 481 987 523 quoties
1006 481 1038 513 in
1059 486 1151 514 antea

203 521 388 570 ῗξζῖζξῗιῗῗῗζῗζζ
403 532 542 576 aliquem
564 545 662 577 super
686 533 797 577 quovis
824 533 982 567 beneficio
1002 535 1150 567 ecclesia-

203 581 353 602 ''en‘fi‘m'u'''
381 586 493 627 ‘stico,
516 592 551 619 ut
571 588 752 631 praefertur
772 593 931 620 reservato
947 598 1001 621 seu
1025 588 1148 630 affecto,

212 613 215 616 '
339 615 387 632 ente

202 612 267 670 iiiii&
281 613 388 663 malm
403 644 432 672 et
451 640 535 673 dicta
554 641 742 673 auctoritate
767 641 815 674 vel
835 641 912 675 alias
932 642 1063 676 nulliter
1082 645 1149 677 col-

203 679 263 700 quam
274 673 322 694 Secti
335 674 387 700 Apo·
581 694 587 699 .
655 694 660 699 .
801 695 806 700 .

203 705 290 726 stoltcae
314 710 387 725 reser-
402 693 476 733 lato,
499 700 562 727 tam
579 704 610 726 in
632 694 714 727 dicta
733 694 827 728 Curia
843 706 940 739 quam
962 702 1046 729 extra
1064 708 1146 735 eam,

201 737 256 793 {22⁵
267 735 387 796 efessefffoss]
401 746 523 790 litigare
555 748 778 791 contigerit,et
790 749 887 783 iudici
905 750 1067 784 ordinario
1093 763 1149 786 seu

201 800 384 852 gffosshssn‘uffl'fiffg
400 811 452 834 cut
472 811 568 835 causa
587 801 726 846 desuper
742 803 912 837 commissa
928 804 1035 845 suerit,
1054 806 1148 839 etiam

201 858 290 878 conatis-
398 855 572 888 summarie
606 861 636 889 et
669 857 968 899 extraiudicialiter,
992 866 1148 903 quantum

397 907 456 940 sibi
476 919 535 953 pro
556 909 602 942 rei
622 910 774 954 qualitate
795 912 953 949 sufficere,
967 918 1057 956 parte
1072 914 1150 957 legi-

396 961 471 995 time
501 963 606 1003 citata‚
627 964 805 1006 videbitur,
830 965 1006 1000 constiterit
1026 967 1147 1001 benefi-

396 1016 482 1048 cium
507 1016 613 1060 ipsum
640 1017 672 1050 in
697 1018 788 1052 dictis
808 1020 973 1053 mensibus
992 1021 1147 1055 vacavisse

396 1074 451 1101 aut
470 1069 566 1111 alias,
594 1076 629 1103 ut
649 1072 848 1115 praefertur,
869 1079 1064 1107 reservatum
1091 1085 1147 1108 seu

396 1123 558 1164 affectum,
591 1130 621 1157 et
646 1125 857 1160 nihilominus
891 1128 1053 1161 ordinaria
1091 1140 1146 1162 seu

395 1176 455 1209 alia
471 1178 659 1211 auctoritate
680 1179 812 1212 nulliter
831 1180 996 1221 collatum,
1011 1187 1037 1214 et
1055 1181 1146 1215 inde-

394 1229 458 1262 bite
479 1236 639 1263 retentum
655 1231 799 1271 existere,
817 1233 901 1266 idem
919 1234 1147 1279 itidex',1²elii·0—

394 1283 490 1316 dueta
511 1284 676 1326 citatione,
699 1286 834 1327 fructus,
858 1288 1000 1321 redditus
1021 1295 1049 1321 et
1071 1301 1146 1332 pro-

394 1343 506 1370 ventus
526 1337 758 1372 beneficiorum
786 1340 830 1373 sic
860 1341 993 1375 nulliter
1013 1343 1145 1375 collato-

394 1402 467 1424 rum
493 1397 523 1424 et
549 1392 689 1426 indebite
716 1394 920 1428 detentorum
955 1397 1146 1439 sequestrari

394 1444 524 1478 mandet
549 1451 577 1478 et
606 1446 713 1487 saciat,
741 1458 778 1480 ac
812 1447 873 1480 alia
907 1454 1082 1493 exequatur
1115 1450 1146 1482 in

395 1498 579 1542 praemissis
595 1501 774 1534 necessaria
790 1507 818 1535 et
836 1508 1030 1546 opportuna.
1044 1503 1148 1548 Super

394 1562 458 1595 quo
479 1552 582 1585 eidem
617 1554 715 1588 iudici
749 1565 878 1588 omnem
909 1561 1097 1599 potestatem
1118 1563 1147 1590 et

394 1607 616 1640 auctoritatem
633 1608 815 1652 impartitus
831 1614 887 1642 est.
906 1609 1058 1654 Idemque
1071 1611 1148 1644 San-

394 1659 485 1693 ctitas
510 1660 574 1694 Sua
594 1661 625 1693 in
655 1663 759 1695 causis
787 1673 873 1696 nunc
903 1663 935 1695 in
963 1665 1072 1707 quavis
1098 1665 1147 1697 in-

394 1713 508 1747 stantia
538 1725 647 1748 coram
675 1715 794 1749 eisdem
822 1716 983 1750 iudicibus
1002 1718 1147 1762 penden-

394 1766 478 1801 tibus
499 1768 644 1802 similiter
664 1769 824 1802 observari
846 1771 1016 1804 mandavit.

439 1820 453 1864 ξ
474 1820 505 1853 2.
534 1822 703 1856 Praeterea
737 1823 875 1857 decrevit
910 1831 939 1858 et
973 1826 1141 1859 declaravit

222 1881 324 1918 talesque
341 1881 380 1902 he·
395 1874 439 1907 sic
472 1874 672 1918 resignantes
701 1888 756 1910 seu
792 1879 943 1911 cedentes
971 1885 1001 1912 et
1030 1879 1146 1912 nihilo-

196 1913 329 1965 ῗέᾗῗῖζζωζ.
339 1914 381 1964 {iffi
394 1927 501 1961 minus
527 1928 598 1962 lites
622 1929 808 1964 huiusmodi
838 1938 1087 1975 prosequentes,
1109 1944 1148 1965 ne

195 1976 508 2031 ῇῗῗῑζξξξζῑῐζξῇἷθοΓυη]
529 1983 649 2016 malitia
670 1984 732 2017 illis
753 1985 903 2027 prodesse
924 1991 954 2018 et
969 1986 1148 2019 foventibus

196 2038 382 2091 {faffigurmnssff
393 2035 515 2069 bonum
544 2036 593 2070 ius
619 2048 737 2071 nocere
765 2039 880 2080 valeat,
905 2040 943 2072 ad
964 2039 1145 2079 fructuum,

195 2104 256 2121 usse
272 2103 308 2121 etc.
393 2089 577 2124 reddituum
595 2097 624 2124 et
640 2098 855 2135 proventuum
873 2093 1033 2127 dictorum
1049 2093 1148 2127 bene-

394 2143 544 2178 ficiorum
569 2156 627 2189 per
651 2156 705 2179 eos
724 2152 952 2190 perceptorum
973 2147 1147 2181 restitutio-

393 2208 481 2239 nem,
504 2209 540 2231 ac
561 2210 773 2243 expensarum
791 2201 822 2234 in
839 2201 947 2234 litibus
963 2201 1146 2235 huiusmodi

393 2251 551 2285 factarum
571 2253 798 2295 resectionem,
826 2255 998 2299 omniaque
1024 2261 1053 2288 et
1083 2256 1147 2288 sin·

393 2306 468 2349 gula
488 2307 604 2340 damna
625 2313 655 2341 et
675 2308 829 2342 interesse
842 2337 849 2350 ,
872 2310 904 2342 in
930 2309 1048 2353 quihus
1069 2320 1147 2343 con-

395 2360 535 2394 demnati
555 2362 685 2403 fuerint,
708 2363 732 2396 si
754 2374 817 2396 non
848 2364 1017 2398 cessissent
1033 2365 1080 2397 vel
1100 2376 1147 2397 re-

394 2409 587 2452 signassent,
620 2422 679 2455 per
712 2411 834 2445 iudices
852 2439 859 2452 ,
886 2418 951 2445 tam
985 2413 1147 2446 ordinaria

393 2469 491 2501 quam
518 2459 662 2503 delegata
689 2461 737 2494 vel
767 2461 828 2494 alia
855 2461 1044 2495 auctoritate
1072 2463 1145 2495 tun-

393 2513 515 2550 gentes,
537 2519 647 2542 coram
667 2510 785 2554 quibus
805 2511 876 2544 lites
896 2511 980 2554 ipsas
996 2522 1054 2555 pro
1070 2517 1148 2544 tem-

393 2567 473 2601 pore
499 2558 640 2601 pendere
680 2570 736 2593 seu
770 2560 890 2593 moveri
929 2560 1143 2603 contingerit,

394 2605 655 2642 condemnandos
666 2608 733 2642 sore
744 2614 775 2643 et
789 2609 998 2643 condemnari
1009 2610 1089 2644 debe
1097 2621 1143 2651 re,

208 209 258 237 An.
277 209 306 238 C.
319 210 389 239 ¹560

995 211 1175 237 Bt'LLARIUM
1198 211 1349 237 ROMANUM

1192 275 1229 297 ac
1245 266 1283 298 ad
1300 265 1331 298 id
1346 266 1448 299 teneri
1469 271 1499 299 et
1519 264 1674 309 obligatos
1689 275 1767 299 esse.
1790 265 1942 309 Ipsosque

1193 330 1228 351 ac
1249 319 1344 352 etiam
1378 320 1409 352 in
1444 320 1535 354 dictis
1554 320 1943 354 beneficiis‘successores

1192 383 1415 417 quoscumque
1453 375 1493 407 ad
1530 374 1721 418 paritionem
1769 374 1943 407 sententiae

1193 437 1247 459 seu
1276 427 1506 461 sententiarum
1539 439 1575 461 ac
1601 428 1767 461 literarum
1793 433 1942 461 executo-

1192 480 1319 513 rialium
1350 492 1409 525 pro
1433 487 1579 526 tempore
1604 483 1685 515 latae
1715 493 1769 515 seu
1804 482 1942 514 latarum

1192 539 1219 567 et
1247 535 1469 576 decretarum,
1504 547 1521 569 a
1546 537 1662 580 quibus
1696 537 1858 580 appellare
1878 547 1943 569 non

1192 588 1299 629 liceat,
1321 590 1360 622 ad
1380 589 1613 623 restitutionem
1638 601 1691 623 seu
1714 589 1942 623 relaxationem

1192 642 1402 686 possessionis
1431 654 1466 676 ac
1494 644 1677 685 fructuum,
1700 643 1885 677 reddituum
1913 648 1943 676 et

1191 703 1417 740 proventuum,
1430 707 1557 730 necnon
1565 697 1771 731 refectionem
1787 707 1942 741 expensa—

1191 761 1263 783 rum
1277 761 1312 783 ac
1325 750 1519 784 damnorum
1532 756 1560 784 et
1573 751 1724 785 interesse
1740 749 1939 790 huiusmodi,

1191 804 1324 847 perinde
1349 815 1386 837 ac
1407 804 1431 838 si
1457 810 1568 838 contra
1589 805 1716 838 eosdem
1739 815 1942 838 successores

1191 858 1347 891 sententia
1359 869 1414 892 seu
1427 859 1601 893 sententiae
1612 860 1692 893 latae
1703 865 1732 892 et
1745 859 1854 892 literae
1870 869 1940 892 exe-

1191 911 1941 956 cutorialeshuiusmodidecretaesuissent,cogi

1191 969 1220 998 et
1240 965 1402 1009 compelli.
1433 966 1484 999 Sic
1513 971 1620 999 tamen
1641 966 1738 1010 quod,
1770 971 1939 1010 postquam

1190 1019 1270 1052 alter
1302 1020 1446 1063 ipsorum
1483 1021 1658 1054 sententiae
1692 1031 1748 1054 seu
1778 1020 1941 1053 sententiis

1189 1082 1225 1105 ac
1246 1072 1440 1106 restitutioni
1455 1074 1503 1107 vel
1524 1073 1712 1107 relaxationi
1732 1072 1941 1117 possessionis

1190 1131 1217 1158 et
1239 1126 1421 1167 fructuum,
1444 1127 1630 1160 reddituum
1658 1132 1686 1160 et
1712 1131 1938 1171 proventuum,

1190 1189 1316 1212 necnon
1333 1180 1525 1213 damnorum
1543 1186 1570 1213 et
1588 1181 1740 1214 iuteresse
1756 1179 1941 1213 huiusmodi

1190 1232 1355 1265 refectioni
1384 1234 1518 1277 aliisque
1546 1233 1732 1278 praemissis
1755 1233 1885 1267 realiter
1911 1239 1941 1266 et

1190 1296 1263 1318 cum
1284 1286 1401 1320 effectu
1421 1288 1575 1330 paruerit,
1603 1287 1696 1321 aliter
1715 1287 1854 1332 desuper
1874 1297 1941 1320 mo-

1189 1339 1294 1372 lestari
1316 1351 1380 1373 non
1401 1340 1510 1384 possit.

1233 1393 1296 1436 ξῧ.
1325 1394 1361 1426 Et
1389 1394 1431 1427 ita
1458 1394 1490 1427 in
1518 1394 1701 1438 praemissis
1731 1394 1881 1428 omnibus
1910 1400 1941 1428 et

1190 1445 1322 1487 singulis
1342 1458 1400 1490 per
1420 1447 1549 1480 eosdem
1570 1453 1600 1481 et
1619 1448 1698 1481 alios
1717 1459 1940 1492 quoscumque

1189 1499 1311 1532 iudices
1339 1506 1367 1533 et
1393 1501 1488 1533 etiam
1523 1512 1695 1535 causarum
1719 1501 1830 1535 Palatii
1855 1502 1939 1546 Apo-

1190 1552 1291 1585 stoliei
1313 1554 1489 1595 auditores,
1511 1556 1636 1588 sublata
1663 1559 1735 1596 etc„
1758 1555 1893 1589 iudicari
1911 1560 1941 1589 et

1189 1606 1315 1639 definiri
1336 1608 1465 1649 debere;
1488 1609 1615 1643 irritum
1637 1621 1767 1654 quoque
1788 1614 1844 1644 etc.

1232 1661 1357 1703 Placet,
1386 1663 1570 1707 publicetur
1595 1669 1623 1697 et
1650 1664 1861 1698 describatur.
1884 1664 1907 1697 l.

1233 1716 1326 1748 Lecta
1347 1722 1376 1749 et
1397 1717 1559 1760 publicata
1580 1718 1640 1751 fuit
1663 1718 1847 1763 supradicta
1866 1729 1941 1751 con-

1191 1769 1312 1803 stitutio
1337 1771 1455 1804 Romae
1480 1772 1512 1804 in
1536 1772 1732 1805 Cancellaria
1759 1773 1941 1817 Apostolica

1190 1833 1274 1855 anno
1294 1823 1526 1858 lucarnationis
1554 1825 1734 1858 dominicae
1754 1835 1837 1858 151an
1850 1852 1857 1866 ,
1891 1826 1941 1858 die

1191 1888 1264 1910 vero
1281 1877 1414 1919 sabbati,
1432 1889 1504 1911 xxm
1522 1878 1533 1901 1
1556 1880 1675 1912 mensis
1691 1879 1841 1913 octobris.

1513 1998 1619 2031 XXIII.

1190 2062 1235 2095 De
1258 2064 1369 2106 spoliis
1398 2064 1581 2098 clericorum
1611 2066 1647 2098 ob
1673 2066 1826 2100 illicitam
1847 2077 1942 2111 neqo-

1234 2118 1429 2157 ciaeioizem,·
1449 2123 1477 2152 et
1500 2119 1537 2151 (Ie
1560 2120 1697 2153 indultis
1719 2121 1892 2154 curialium
1914 2125 1942 2154 et

1235 2171 1411 2204 incolarum
1448 2173 1553 2206 alatae
1589 2173 1683 2206 Urbis
1719 2174 1813 2218 super
1849 2175 1942 2207 dictis

1232 2226 1354 2268 spolii&

1275 2297 1336 2326 Pius
1357 2298 1498 2334 episcopus
1520 2307 1613 2329 servus
1633 2307 1772 2329 servorum
1795 2299 1856 2333 Dei.

1333 2349 1366 2376 ad
1391 2350 1552 2384 perpetuam
1568 2351 1609 2378 rei
1627 2350 1796 2379 memoriam.

1232 2408 1354 2443 Dec-ens
1383 2422 1450 2445 esse
1483 2418 1648 2446 censentes
1677 2418 1705 2446 et
1735 2424 1875 2456 aequum
1905 2419 1940 2447 ut

1189 2468 1258 2498 nos,
1281 2460 1336 2502 qui
1357 2461 1435 2494 alios
1456 2462 1487 2494 in
1508 2473 1563 2495 sua
1584 2462 1702 2495 iustitia
1718 2464 1936 2506 confovemus,

1188 2507 1339 2541 Gamerae
1350 2510 1629 2553 Apostolicaeiura
1644 2522 1708 2544 non
1725 2513 1935 2556 negligamus,

1187 2556 1368 2599 quinimmo
1384 2570 1434 2599 ne,
1445 2566 1607 2603 praetextu
1624 2560 1871 2604 incertitudinis,
1883 2563 1937 2596 illa

1225 2621 1235 2646 1
1255 2620 1369 2649 Cherub⁴
1390 2622 1452 2658 legit
1470 2631 1539 2651 xxv1
1556 2623 1592 2659 (a.
1612 2624 1659 2660 Tr).

1960 208 2012 237 An.
2028 208 2058 236 C.
2075 207 2144 238 ¹³60

1984 1403 2094 1425 Decretum
2113 1403 2140 1425 ir-

1955 1437 2030 1457 rimus.

1978 2468 2096 2489 Exordium.
