2237 3100
211 249 260 276 An.
279 248 307 276 C.
327 248 395 276 ¹560

257 2288 332 2309 leus
359 2287 387 2308 111

202 2326 301 2341 concess.
333 2319 388 2339 Pou-

201 2351 232 2372 ut.
264 2351 390 2378 puedoees-

203 2388 279 2406 norum,
288 2387 389 2408 praeser-

203 2416 239 2434 tim
255 2415 321 2440 quoad
338 2419 389 2440 per—

203 2446 323 2471 ceptionem
349 2450 388 2464 an-

203 2481 307 2503 tiquarum
330 2476 376 2496 desi

203 2513 293 2531 uiarum,
310 2507 389 2527 confir-

203 2539 273 2563 ursit,

452 239 495 273 46

1009 249 1187 276 Britanna!
1208 251 1360 279 Rostmmt

407 301 592 349 (locumque
613 307 643 338 et
662 303 954 350 qualitercumque,
975 305 1070 340 etiam
1087 318 1161 340 cuin
1204 318 1263 350 plo
1298 318 1335 340 ea
1368 312 1469 351 parte,
1492 316 1555 350 qua
1580 310 1701 339 veteres
1723 303 1957 351 percipiebant,

407 357 571 402 quibusvis
591 357 772 393 fortissimis
789 364 820 393 et
834 359 981 402 insolitis,
993 360 1088 394 etiam
1109 362 1162 395 de-

406 411 641 455 rogatoriarum
661 412 881 456 derogatoriis‚
898 414 1063 455 clausulis,
1086 414 1161 448 irii·
1183 399 1185 441 4

405 464 612 509 tantibusque
637 470 667 499 et
691 466 762 498 aliis
781 466 917 500 decretis
937 478 974 500 ac
994 467 1160 501 inhibitio·
1182 463 1184 471 '

404 518 512 560 nibus,
524 519 700 562 quibusvis,
712 520 808 553 etiarn
821 530 884 553 non
897 520 972 554 dicti
981 520 1158 565 hospitalis,

404 572 562 616 personis,
588 573 823 617 cuiuscumque
850 573 1023 617 dignitatis,
1046 580 1157 616 status,

404 626 533 667 gradus,
557 626 690 667 ordinis,
714 626 919 667 conditionis,
942 628 1159 671 praeeminen-

405 679 466 712 tiae
500 680 622 719 forent,

406 733 602 776 fulgentibus
635 740 666 767 et
699 734 879 775 functuris,
902 735 998 769 etiam
1025 747 1061 769 ex
1085 737 1158 781 qui-

404 786 509 819 busvis
529 787 710 821 iustissimis
730 793 758 821 et
780 789 1015 831 urgentissimis
1035 790 1156 831 causis,

402 851 499 883 quam
526 852 583 884 per
606 841 803 875 Clementem
824 843 1107 887 praedecessorem
1129 851 1157 879 et

403 893 517 927 Sedem
538 896 711 939 praefatos,
733 902 794 929 tam
817 897 849 930 in
870 908 988 941 genere
1008 909 1105 942 quam
1126 898 1159 932 in

401 947 522 991 specie,
545 959 713 982 concessas
733 955 764 983 et
784 960 946 991 concessa,
968 956 998 984 et
1018 952 1156 995 quasvis,

402 1000 497 1033 etiam
513 1002 730 1045 praeventivas
751 1008 779 1036 et
800 1003 1010 1037 restitutorias
1025 1015 1061 1037 ac
1079 1015 1159 1048 prte-

402 1107 619 1148 continentia,
649 1120 828 1153 eorumque
863 1110 1008 1143 omnium
1036 1111 1098 1144 rim
1129 1117 1159 1144 et

402 1160 554 1194 effectum
575 1168 800 1203 revocaverat,
824 1169 1000 1197 cassaverat
1037 1171 1064 1197 et
1100 1176 1157 1198 an-
1179 1173 1180 1178 ¹

401 1214 591 1253 nullaverat,
628 1216 813 1260 nulliusque
849 1217 973 1251 roboris
1002 1218 1049 1251 vel
1088 1230 1157 1253 mo-

402 1269 502 1302 menti
522 1270 589 1303 sore
619 1277 646 1303 et
678 1282 764 1306 esse.
788 1282 823 1304 ac
846 1272 964 1304 nemini
988 1273 1157 1316 suffragari

401 1331 494 1364 posse
515 1332 620 1365 neque
632 1323 762 1363 debere,
776 1335 833 1357 nec
856 1336 914 1369 per
935 1337 987 1359 eas
1005 1327 1157 1371 cuiquam

401 1374 433 1406 in
454 1375 662 1418 prioratibus,
700 1378 883 1411 castellania
905 1386 1081 1423 empostae,
1103 1381 1157 1414 ba-

401 1428 593 1468 iulivatibus,
606 1431 850 1474 praeceptoriis,
869 1432 1090 1475 dignitatibus,
1103 1434 1158 1466 do-

401 1481 518 1523 mibus,
540 1482 618 1516 locis
637 1489 667 1516 et
689 1483 842 1517 membris
851 1495 886 1518 ac
902 1485 973 1518 aliis
992 1486 1158 1521 beneficiis

401 1535 569 1579 hospitalis
588 1537 787 1577 huiusmodi,
810 1539 855 1571 vel
877 1540 915 1572 ad
947 1539 1000 1572 illa
1030 1540 1080 1573 ius
1104 1552 1157 1574 ac-

401 1589 487 1632 quiri
509 1590 650 1633 potuisse
670 1592 717 1624 vel
739 1603 844 1636 posse,
859 1603 965 1637 neque
977 1594 1157 1628 coloratum

402 1643 533 1676 titulum
555 1645 758 1688 possidendi,
781 1647 847 1686 sed,
868 1647 930 1680 illis
951 1658 1015 1681 non
1032 1647 1158 1682 obstan-

401 1697 499 1737 tibus,
522 1699 710 1742 magistrum
728 1705 755 1732 et
774 1707 966 1734 conventum
984 1703 1155 1746 praefatos,

402 1750 602 1784 coniunctim
631 1753 677 1784 vel
713 1753 851 1789 divisim,
876 1754 961 1787 iuxta
982 1762 1157 1789 consuetu-

403 1803 494 1837 dines
506 1810 536 1837 et
547 1805 762 1839 stabilimenta
778 1807 964 1841 huiusmodi
976 1808 1155 1853 hospitalis,

402 1856 441 1889 de
478 1859 661 1892 castellania
701 1865 883 1904 empostae,
911 1861 1156 1903 baiulivatilms,

405 1912 649 1956 praeceptoriis,
672 1913 834 1955 domibus,
858 1915 937 1948 loeis
958 1920 987 1948 et
1005 1916 1159 1949 membris

402 1975 439 1997 ac
473 1965 544 1998 aliis
570 1966 736 2000 beneficiis
775 1969 942 2011 hospitalis
971 1969 1158 2002 huiusmodi

401 2018 501 2051 libere
522 2019 693 2062 disponere
720 2021 860 2064 potuisse
882 2027 912 2055 et
933 2033 1038 2065 posse,
1060 2028 1089 2056 et
1115 2022 1159 2055 sic

403 2070 538 2105 iudicari
559 2073 689 2114 debere,
712 2085 747 2107 ac
768 2075 928 2119 quidquid
949 2086 1042 2109 secus
1063 2087 1160 2120 super

402 2124 451 2157 liis
470 2127 618 2160 attentari
642 2129 856 2172 contingeret,
876 2128 1002 2162 irritum
1020 2134 1050 2163 et
1065 2129 1159 2163 inane

404 2177 599 2213 decreverat.

1183 360 1354 395 ·similiter
1369 360 1574 405 perciperent
1593 359 1682 417 <licet
1696 359 1735 393 de
1751 358 1959 393 concessione

1203 413 1401 455 huiusmodi,
1436 425 1509 447 cum
1544 424 1658 447 eorum
1692 413 1893 447 munimenta
1927 412 1959 445 in

1203 468 1368 513 piaedicta
1378 468 1616 512 expugnatione
1628 467 1810 511 periissent,
1822 473 1856 501 ut
1867 478 1960 511 plae-

1181 521 1183 530 ’
1203 522 1315 562 fertur,
1329 522 1446 555 docere
1459 531 1523 554 non
1537 522 1692 565 possent),
1706 521 1868 565 praefatus
1878 521 1959 554 Pau-

658 680 753 713 etiam
784 680 1002 714 cardinalatus
1035 673 1182 716 honore³

1202 576 1252 608 lus
1272 575 1513 619 praedecessor,
1532 574 1696 618 magistri,
1718 575 1879 618 priorum,
1901 574 1958 608 ba-

1202 628 1387 670 iulivorum,
1410 633 1674 673 praeceptorum,
1692 628 1831 661 militum
1852 633 1883 662 et
1897 629 1959 662 sra-

1201 688 1286 715 trum
1309 682 1550 726 praedictorum
1571 682 1604 715 in
1624 693 1661 716 ea
1681 688 1771 727 parte
1792 681 1958 727 supplica-

1202 736 1342 770 tionibus
1362 737 1552 777 inclinatus,
1576 736 1832 777 concessionem,
1855 737 1958 770 sacul-

1200 795 1307 830 tatem,
1329 790 1554 831 cassationem,
1573 790 1822 831 revocationem,
1843 790 1959 823 annul-

1200 843 1368 883 lationem,
1388 843 1623 883 irritationem,
1647 843 1883 883 reductionem,
1905 853 1958 875 re-

1201 897 1421 939 stitutionem,
1449 897 1699 942 repositionem,
1732 896 1958 939 reintegratio-

1200 961 1286 991 nem,
1310 950 1592 990 commissionem,
1616 950 1815 991 mandatum,
1838 950 1957 984 libera-

1180 1031 1181 1045 ,
1200 1003 1332 1045 tionem,
1352 1004 1604 1049 exemptionem,
1622 1003 1880 1047 derogationem,
1897 1011 1958 1038 sta-

402 1054 582 1095 servativas,
605 1056 768 1089 clausulas
797 1056 827 1088 in
850 1068 882 1090 se
907 1058 1108 1091 continentes
1129 1065 1159 1092 et
1179 1067 1181 1077 ¹

1200 1062 1304 1091 tutum
1326 1064 1355 1091 et
1373 1058 1435 1090 alia
1457 1069 1514 1101 per
1529 1057 1725 1091 Clementem
1739 1057 1788 1090 Vll
1805 1067 1958 1091 concessa

1200 1116 1231 1143 ct
1254 1118 1360 1154 gesta,
1387 1122 1515 1145 necnon
1539 1111 1822 1155 suppressionem,
1855 1110 1958 1144 extin-

1201 1164 1353 1205 ctionem,
1376 1165 1649 1209 applicationem,
1673 1165 1956 1209 approbationem,

1201 1218 1441 1252 concessionem
1457 1246 1464 1259 ,
1491 1218 1757 1261 assignationem,
1785 1217 1960 1251 absolutio-

1200 1282 1273 1304 nem
1287 1278 1315 1305 et
1325 1272 1567 1305 translationem
1579 1283 1637 1315 per
1648 1270 1872 1304 Innocentium
1884 1271 1958 1311 Vnt,

1200 1336 1236 1358 ac
1272 1325 1456 1359 facultatem
1487 1337 1543 1359 seu
1573 1325 1733 1358 indultum
1757 1325 1958 1369 percipiendi

1200 1378 1341 1411 decimas
1362 1379 1522 1412 novalium
1550 1390 1608 1422 pro
1633 1390 1669 1411 ea
1694 1384 1798 1423 parte,
1820 1390 1885 1422 qua
1903 1390 1957 1412 ve-

1201 1439 1283 1465 teres
1307 1433 1448 1465 dei-imas
1475 1432 1708 1475 p‹5=r‹fipiebant;
1735 1443 1860 1466 necnon
1887 1443 1957 1466 om-

1200 1485 1252 1518 nia
1273 1491 1301 1518 et
1319 1486 1454 1528 singula,
1476 1492 1540 1518 tani
1562 1496 1621 1530 per
1642 1486 1801 1530 praefatos
1821 1486 1957 1519 Alexan-

1200 1538 1312 1573 drum,
1337 1539 1544 1582 Gregorium,
1569 1538 1786 1579 Bonil'acium,
1808 1539 1958 1573 Clemen-

1200 1598 1263 1625 tem
1286 1593 1320 1633 Υ,
1341 1592 1566 1626 Innocentium
1600 1593 1654 1632 lt,
1682 1592 1845 1634 Calistum‚
1879 1594 1958 1627 Leo-

1200 1657 1273 1679 nem
1295 1652 1323 1679 ct
1345 1647 1542 1680 Clementem
1559 1647 1621 1687 vll,
1636 1658 1734 1691 quam
1754 1647 1850 1681 etiam
1871 1647 1958 1681 simi-

1200 1699 1238 1732 lis
1255 1700 1430 1734 memoriae
1451 1701 1601 1733 Ioannem
1621 1700 1711 1742 XXII,
1732 1701 1903 1734 Martinum
1918 1701 1954 1741 Υ,

1201 1754 1415 1787 Alexandrum
1433 1755 1465 1794 Y,
1487 1753 1576 1787 Pium
1594 1754 1631 1790 ll,
1649 1755 1784 1787 Paulum
1801 1754 1897 1788 etiam
1911 1754 1954 1795 Il,

1200 1807 1418 1840 Alexandrum
1439 1807 1474 1839 vl
1496 1813 1526 1839 et
1546 1818 1770 1851 quoscumque
1791 1808 1870 1841 alios
1889 1808 1953 1841 Ro-

1202 1871 1314 1893 manos
1334 1860 1504 1893 Pontifices
1530 1861 1794 1903 praedecessores
1819 1872 1894 1895 suos
1918 1872 1955 1895 ac

1201 1914 1315 1947 Sedem
1337 1916 1511 1957 praefatam
1525 1941 1532 1955 ,
1552 1914 1655 1947 eidem
1678 1915 1825 1958 hospitali
1861 1920 1891 1949 et
1920 1914 1956 1948 il-

1201 1969 1263 2001 lius
1283 1969 1496 2012 prioratibus,
1516 1968 1685 2009 baiuliviis,
1703 1969 1953 2013 praeceptoriis,

1201 2022 1369 2062 domibus,
1393 2022 1626 2066 hospitalibus,
1650 2022 1804 2063 ecclesiis,
1825 2023 1957 2067 cappel-

1202 2075 1239 2107 lis
1262 2082 1291 2109 et
1311 2075 1381 2108 aliis
1401 2076 1481 2109 locis
1501 2087 1536 2109 ac
1559 2076 1724 2116 memlnis,
1747 2087 1874 2110 necnon
1898 2087 1957 2120 pro

1179 2134 1347 2189 tempore
1369 2128 1574 2163 existentibus
1600 2129 1762 2172 magistro,
1782 2129 1956 2173 primibus,

1179 2162 1360 2216 ²*.baiulixis
1388 2183 1674 2242 praeceptoribus,
1698 2182 1873 2224 militibus,
1896 2184 1958 2217 fra-

447 2231 463 2275 §
482 2232 534 2266 50.
559 2233 680 2267 Similis
698 2234 873 2268 memoriae
890 2236 989 2269 Paulo
1002 2236 1095 2280 Papa?
1110 2236 1159 2276 111,
1180 2219 1183 2274 i
1203 2235 1305 2269 tiibus
1330 2243 1357 2270 et
1385 2237 1531 2280 personis
1564 2248 1601 2270 ιο
1630 2248 1744 2270 eeium
1764 2236 1907 2270 vassallis
1926 2242 1957 2270 et

404 2284 551 2319 similiter
571 2287 811 2330 praedecessori
837 2294 966 2327 nostro,
990 2300 1049 2334 pro
1070 2295 1159 2333 parte

403 2344 481 2371 tunc
506 2340 649 2383 magistri
677 2352 713 2374 ac
744 2342 903 2391 priorum,
929 2342 1143 2376 baiulivorum

404 2398 675 2436 piaeceptorum,
699 2395 836 2428 militum
867 2402 897 2428 et
922 2396 1057 2430 sr'atlum
1084 2396 1159 2429 dicti

403 2440 570 2484 hospitalis
609 2443 752 2487 exposito
787 2444 873 2486 quod
912 2449 1006 2478 autea
1040 2445 1159 2478 eisdem

1179 2310 1183 2356 l

1151 2369 1157 2383 '
1179 2366 1182 2498 l

1203 2290 1410 2323 servitoribus
1434 2295 1587 2331 eatenus,
1610 2290 1669 2324 sub
1694 2290 1956 2335 quibuscumque

1202 2342 1369 2375 tenoribus
1399 2348 1427 2375 et
1462 2343 1593 2384 formis,
1616 2355 1653 2377 ac
1683 2354 1757 2376 cum
1790 2343 1956 2386 quibusvis

1203 2395 1356 2429 clausulis
1390 2403 1418 2429 et
1449 2396 1597 2437 decretis,
1621 2396 1863 2440 quomodolibet
1882 2408 1956 2430 con-

1203 2456 1271 2477 cess
1273 2456 1301 2485 a,
1313 2446 1491 2497 approbata
1507 2451 1536 2478 et
1549 2446 1708 2482 innovata
1726 2456 1762 2478 ac
1783 2456 1857 2478 cum
1874 2446 1957 2479 inhi-

405 2490 568 2532 magistro,
584 2491 757 2534 primibus,
771 2493 1079 2537 piwaeceptmibuset
1096 2495 1159 2526 sia·
1179 2472 1378 2527 bitioriibus
1408 2493 1436 2527 et
1470 2495 1618 2534 decretis,
1645 2505 1771 2527 necnon
1804 2495 1957 2528 omnibus

404 2538 506 2571 tribus
527 2550 544 2571 a
564 2539 647 2572 dicta
673 2540 755 2573 Sede
776 2552 967 2574 concessum
989 2543 1093 2575 suerat
1127 2547 1159 2575 ut

1202 2547 1231 2573 et
1252 2542 1386 2578 sinoulis
1406 2543 1502 2576 aliis'
1494 2554 1527 2576 ιιι
1547 2543 1592 2576 eis
1612 2542 1770 2575 contentis
1789 2543 1954 2583 clausulis,

404 2587 434 2619 in
459 2588 620 2630 parochiis
654 2594 685 2622 et
717 2589 815 2632 locis,
838 2590 868 2623 in
900 2590 1018 2633 quibus
1038 2596 1160 2624 xeteies
1179 2582 1181 2632 i
1203 2590 1642 2635 singulaspraedecessorum
1653 2591 1956 2646 praedict-orbum(

406 2637 508 2669 dcciii:
505 2648 547 2669 as
573 2648 610 2681 p·
616 2637 804 2681 imeipiebant
833 2639 993 2672 novalium
1019 2639 1142 2674 decim.
1128 2650 1158 2661 5
1179 2633 1182 2659 4
1177 2650 1304 2694 supet
1314 2667 1321 2681 ,
1351 2645 1414 2674 tam
1441 2641 1500 2675 sub
1524 2640 1658 2687 plumbo
1678 2651 1775 2685 quam
1795 2640 1830 2675 in
1852 2641 1955 2676 sonna

1976 248 2026 277 Αιι.
2043 247 2075 276 0.
2091 247 2159 277 1⁸60
