2237 3100
48 288 98 314 An.
117 287 144 314 C.
163 287 230 315 1568

61 883 224 906 Provinciauum

38 916 170 936 visitatorum
190 916 224 936 la-

39 947 138 969 annates.

924 286 992 311 PIUS
1015 286 1034 308 V
1058 285 1104 308 PP.

243 340 303 372 bus
336 339 508 384 praedictis
529 340 682 383 resignari
703 341 855 382 debeant,
884 342 925 374 ita
946 347 992 381 nt,
1015 340 1018 382 ἰ

242 395 331 437 lapso
351 394 456 438 primo
477 404 573 435 anno,
593 394 645 427 illa
666 406 777 427 vacare
789 401 990 429 censeantur.

241 448 397 481 Poterunt
416 453 522 481 tamen
538 447 663 492 ipsimet
679 448 856 482 visitatores
867 450 994 494 provin-

241 501 337 534 ciales
357 513 470 535 rursus
488 502 519 534 in
545 508 733 546 sequentem
750 513 891 543 animm,
910 510 940 537 et
956 514 994 535 eo

241 555 350 596 finito,
375 555 468 588 etiam
495 555 527 588 in
549 556 697 594 tertium,
720 556 744 589 si
765 556 871 589 idonei
901 568 993 601 repe-

241 610 381 650 rientur,
402 611 515 644 eodem
532 611 628 643 modo
648 610 721 653 eligi
746 616 776 643 et
792 611 991 650 contirrnari;

240 663 295 697 sed
315 674 437 704 omnes,
459 668 524 697 suis
545 664 731 696 huiusmodi
757 664 870 697 officiis
890 676 993 708 quan-

240 718 425 761 documque
446 718 626 761 perfuncti,
649 718 758 750 denuo
779 718 817 750 ad
847 719 911 758 illa,
934 719 993 752 nisi

239 777 400 806 transacto
421 772 586 810 sexennio,
610 777 771 816 nequeant.
792 773 946 805 revocari.

283 826 297 870 ξ
317 825 347 859 9.
380 825 549 866 Ceterum,
569 836 681 859 omnes
701 832 730 858 et
747 826 863 870 singuli
880 827 993 859 fratres

239 885 270 914 et
288 891 416 914 sorores
432 880 526 913 Tertii
547 879 673 913 Ordinis
689 880 875 913 huiusmodi
892 881 924 913 in
936 892 992 913 sua

237 934 375 978 quisque
387 933 552 977 provincia
565 933 721 966 visitatori
739 944 809 973 suo,
828 939 992 978 tamquam

238 987 419 1032 superiori,
444 987 476 1020 in
494 987 644 1021 omnibus
669 998 752 1032 quae
773 989 838 1021 suis
862 990 991 1031 regula-

237 1041 327 1074 ribus
346 1041 499 1074 institutis
515 1052 580 1074 non
592 1042 814 1082 adversamur,
827 1042 989 1075 obediant.

237 1095 353 1129 Omnes
377 1107 452 1129 vero
472 1096 651 1129 visitatores
685 1095 898 1140 provinciales
932 1097 991 1129 hu—

236 1150 375 1183 iusmodi
387 1150 431 1183 sic
447 1150 553 1189 electi,
567 1155 732 1193 tamquam
745 1149 828 1182 vices
844 1156 991 1193 gerentes

236 1203 459 1237 ministrorum
489 1203 737 1248 provincialium
768 1203 896 1237 Ordinis
930 1204 990 1237 sra-

237 1263 321 1291 trum
333 1258 492 1291 Minorum
506 1259 544 1291 de
562 1258 779 1299 Observantia,
798 1258 902 1291 etillis
918 1259 991 1291 sub-

235 1312 312 1352 diti,
347 1311 556 1356 praedicandi
577 1317 605 1344 et
633 1311 769 1344 docendi
800 1322 920 1344 munus
957 1313 989 1345 in

235 1365 369 1409 singulis
389 1366 560 1410 utriusque
581 1377 674 1399 sexus
703 1366 853 1400 domibus
867 1394 874 1406 ,
910 1377 988 1399 con-

233 1420 382 1454 ventibus
402 1426 433 1453 et
452 1420 532 1453 locis
543 1431 619 1453 suae
635 1421 793 1463 cuiusque
805 1421 988 1464 provinciae

234 1474 343 1516 obire,
366 1486 503 1519 eamque
524 1475 556 1507 in
577 1474 635 1507 sibi
657 1474 800 1508 subditos
820 1474 934 1508 fratres
960 1482 987 1508 et

233 1539 361 1562 sorores
376 1528 633 1562 iurisdictionem
644 1557 651 1570 ,
674 1539 771 1572 quam
787 1529 915 1573 ipsimet
930 1530 989 1562 nii—

232 1583 325 1616 nistri
345 1582 558 1628 provinciales
597 1582 723 1616 Ordinis
756 1583 915 1617 Minorum
950 1584 988 1617 de

232 1636 439 1670 Observantia
459 1637 623 1678 obtinent,
646 1637 679 1670 in
699 1637 851 1670 omnibus
880 1643 911 1671 et
931 1649 989 1683 per

231 1691 342 1725 omnia
362 1702 524 1733 exercere;
538 1703 587 1734 ac,
610 1692 885 1736 quandocumque
906 1703 987 1737 opus

232 1746 310 1787 erit,
333 1746 551 1780 confessiones
571 1747 718 1780 omnium
732 1751 763 1779 et
783 1746 986 1790 singulorum

231 1800 367 1833 fratrum
388 1805 419 1833 et.
439 1811 588 1834 sororum
614 1800 711 1835 Tertii
732 1800 859 1834 Ordinis
874 1801 987 1834 huius-

231 1854 332 1895 modi,
348 1865 412 1898 ¹per
427 1865 460 1888 se
470 1855 518 1888 vel
534 1854 613 1888 alios
629 1866 706 1889 suae
726 1855 868 1898 Regulae
885 1866 987 1888 sacer-

230 1908 321 1942 dotes
340 1908 485 1950 idoneos,
513 1909 642 1950 audire3
665 1908 803 1954 illosque
821 1910 859 1942 ab
880 1908 985 1942 omni-

230 1962 291 1996 hus
311 1967 342 1996 et
366 1963 500 2007 singulis
525 1964 692 1998 sententiis
727 1964 985 1997 excommunica-

231 2016 337 2058 tionis,
358 2018 578 2062 suspensionis
598 2023 629 2052 et
648 2017 822 2057 interdicti,
849 2017 985 2062 aliisque

231 2071 377 2106 censuris
396 2077 427 2106 et
455 2072 569 2117 poenis
595 2072 831 2113 ecclesiasticis,
858 2082 985 2105 necnon

230 2126 383 2171 peccatis,
399 2127 591 2160 criminibus
607 2132 638 2160 et
651 2126 790 2167 delictis,
807 2126 984 2160 dummodo

229 2181 305 2215 talia
323 2191 390 2215 non
410 2181 488 2222 sint,
516 2186 650 2225 propter
665 2191 748 2225 quae
781 2180 878 2214 Sedes
898 2180 984 2225 Apo—

229 2235 342 2269 stolica
361 2235 477 2269 merito
507 2235 704 2269 consulenda
735 2235 831 2274 foret,
852 2235 885 2268 in
914 2235 984 2268 soro

229 2288 445 2323 conscientiae
469 2290 645 2330 dumtaxat,
667 2289 844 2328 absolvere;
875 2294 906 2321 et
925 2299 984 2333 pro

228 2343 410 2377 commissis
425 2343 657 2387 poenitentiam
678 2344 852 2376 salutarem
878 2342 985 2376 iniun-

227 2408 322 2442 gere,
348 2409 385 2431 ac
405 2408 481 2431 cum
501 2397 629 2431 clericis
649 2401 679 2431 et
694 2395 890 2441 presbyteris
915 2396 984 2430 eius

227 2451 355 2486 Ordinis
380 2462 479 2496 super
507 2451 760 2495 irregularitate,
794 2449 877 2494 siqui
910 2461 983 2484 sen-

226 2502 335 2536 tentiis
363 2506 394 2535 et
423 2501 567 2535 censuris
591 2499 777 2534 huiusmodi
805 2499 980 2543 illaqueati,

229 2550 340 2584 missas
360 2556 391 2585 et
410 2551 472 2584 alia
493 2550 599 2583 divina
618 2549 740 2590 officia,
775 2560 842 2583 non
875 2554 983 2583 tamen

228 2600 262 2633 in
282 2604 504 2644 contemptum
538 2598 694 2640 clavium,
729 2598 979 2640 celebraverint,

226 2650 276 2683 vel
295 2649 374 2683 alias
394 2660 463 2683 sese
482 2648 546 2683 illis
578 2648 790 2683 immiscendo
812 2653 981 2682 contraxe-

229 2698 311 2741 rint,
344 2699 530 2744 dispensare
554 2697 656 2733 libere
674 2704 705 2734 et
724 2698 811 2734 licite
843 2699 978 2733 valeant.

308 2748 384 2780 Bult.
405 2748 484 2780 Rom.
502 2748 558 2780 Vol.
579 2748 637 2780 VII.
824 2748 862 2779 86

1680 275 1739 309 681
1807 288 1855 314 An.
1873 288 1901 314 0.
1923 288 1990 315 1568

1081 339 1096 379 ,ξ’
1117 338 1168 372 lo,
1193 338 1238 371 Ad
1264 338 1361 377 haec,
1393 338 1473 370 nulli
1497 338 1630 371 0111111110
1655 339 1789 372 fratrum
1807 348 1987 370 fraire‹ezsor0-

1806 385 1840 400 rcs
1861 380 1921 401 liuius
1940 381 1988 401 'len

1015 410 1017 418 ι
1037 400 1066 426 et
1102 403 1251 426 sororum
1285 391 1381 425 Tertii
1415 391 1542 425 Ordinis
1580 393 1788 431 huiusmodi,
1806 412 1827 431 ιιι
1843 411 1926 432 ommi„
1943 419 1987 439 pm.

1036 447 1091 491 qui
1112 446 1276 490 praedicta
1297 446 1354 479 tria
1376 451 1447 479 vota
1472 446 1692 479 substantialia
1710 448 1789 480 seco·
1804 442 1988 496 [ussumssjssbffi

1036 500 1112 539 rint,
1135 499 1231 532 etiam
1253 505 1410 543 przelextu
1423 510 1709 543 quorumcumque
1728 501 1789 544 pri·
1805 509 1894 534 ,isa-sm

1035 554 1239 596 vilegiorum,
1267 554 1555 598 dispensationum,
1577 554 1789 595 indultorum,

1037 608 1288 651 permissionum
1310 608 1581 651 apostolicarum,
1609 613 1664 641 aut
1694 609 1789 641 etiarn

1036 662 1227 694 inveteratae
1254 662 1496 695 consuetudinis
1517 668 1588 695 voto
1609 673 1791 706 repugnan—

1036 716 1092 755 tis,
1117 726 1172 748 seu
1193 726 1399 759 quacumque
1421 716 1480 749 alia
1502 727 1598 749 causa
1620 717 1789 760 proprium

1036 769 1211 812 quicquam
1241 776 1295 802 aut
1317 771 1473 813 privatum
1496 771 1590 803 liceat
1623 771 1788 808 obtinere3

1037 824 1090 856 sed
1110 824 1231 861 omnia,
1252 824 1347 856 etiam
1369 824 1517 868 privatim
1538 836 1575 857 ac
1596 825 1713 857 intuitu
1731 836 1788 858 cu—

1035 877 1228 921 iuscumque
1263 888 1431 921 personae,
1455 879 1589 919 (leuata,
1622 879 1727 911 oblata
1761 886 1791 912 et

1035 941 1206 971 concessa,
1240 931 1361 975 ubique
1383 933 1568 965 communia
1590 937 1618 965 et
1658 933 1791 966 indivisa

1035 985 1187 1017 omnibus
1208 985 1365 1028 religi‹:›sis
1386 996 1453 1018 esse
1474 986 1621 1018 debeant.
1639 986 1789 1026 Quicum-

1034 1049 1097 1081 que
1122 1049 1196 1072 vero
1235 1039 1408 1083 pecuniam
1430 1044 1485 1072 aut
1505 1039 1598 1072 aliam
1620 1051 1688 1073 rem
1709 1052 1788 1083 qua-

1035 1093 1256 1138 lemcumque,
1279 1094 1337 1126 sibi
1359 1104 1564 1137 quacumque
1587 1105 1682 1127 causa
1712 1105 1788 1127 con—

1034 1157 1168 1188 cessam,
1192 1148 1336 1191 praelato
1357 1158 1415 1180 suo
1431 1148 1596 1188 celaverit,
1620 1148 1694 1180 furti
1715 1159 1790 1181 reus

1034 1208 1221 1242 censeatur,
1240 1207 1447 1245 ettainquam
1460 1203 1510 1235 sur
1526 1203 1690 1246 puniatur.
1712 1203 1788 1235 Eam

1032 1261 1140 1288 tamen
1167 1256 1366 1299 diligentiam
1388 1256 1536 1300 superior
1557 1257 1714 1301 cuiusque
1730 1258 1787 1290 do-

1033 1320 1105 1343 mus
1125 1310 1294 1351 adhibeat,
1317 1316 1350 1343 ut
1369 1310 1534 1343 communi
1552 1311 1653 1354 ipsius
1672 1312 1789 1344 domus

1032 1364 1167 1407 singulis
1188 1364 1273 1397 iuxta
1301 1365 1491 1408 exigentiam
1518 1366 1717 1398 consulatur.

1076 1419 1090 1461 ξ
1111 1419 1163 1451 11.
1188 1419 1368 1459 Praeterea,
1391 1430 1519 1452 sorores
1534 1419 1610 1452 dicti
1622 1419 1718 1452 Tertii
1732 1419 1788 1452 Or-

1031 1472 1126 1512 dinis,
1150 1473 1182 1505 in
1199 1474 1364 1506 communi
1384 1474 1415 1506 in
1436 1474 1596 1512 domibus,
1624 1479 1785 1507 monaste-

1031 1527 1086 1559 riis
1119 1528 1166 1559 vel
1195 1527 1407 1572 hospitalibus
1433 1532 1488 1560 aut
1517 1528 1579 1561 alia
1608 1538 1784 1572 congrega-

1031 1582 1116 1614 tione
1137 1581 1284 1622 vivenles‚
1308 1586 1339 1614 et
1362 1581 1445 1615 dicta
1471 1587 1542 1615 vota
1564 1582 1785 1616 substantialia

1030 1635 1206 1677 Religionis
1226 1635 1417 1676 emittentes,
1439 1637 1499 1669 sub
1520 1643 1678 1680 perpetua
1695 1637 1783 1670 clau-

1030 1700 1104 1722 sura
1117 1695 1277 1731 maneant;
1293 1690 1467 1733 nullusque
1479 1690 1576 1724 frater
1591 1695 1647 1723 aut
1662 1691 1785 1724 confes—

1029 1754 1083 1777 sor
1102 1754 1213 1778 earum
1227 1771 1234 1785 ,
1256 1745 1304 1777 vel
1330 1744 1530 1789 quicumque
1557 1746 1720 1788 praelatus
1745 1746 1783 1779 ad

1028 1798 1142 1831 domos
1154 1825 1161 1839 ,
1184 1798 1378 1832 monasteria
1397 1800 1446 1831 vel
1464 1799 1527 1832 alia
1547 1800 1617 1832 loca
1633 1810 1781 1833 sororum

1029 1851 1236 1894 huiusmodi,
1259 1853 1292 1886 in
1313 1853 1479 1886 communi
1499 1858 1554 1886 aut
1574 1854 1784 1897 collegialiter

1028 1906 1218 1948 viventium,
1238 1906 1299 1940 nisi
1319 1907 1437 1951 quibus
1449 1918 1486 1941 ex
1496 1907 1603 1941 officio
1614 1907 1782 1949 incumbit,

1028 1966 1059 1994 et
1079 1961 1112 1994 in
1136 1961 1263 1995 casibus
1288 1961 1479 1995 necessariis
1507 1972 1526 1995 a
1550 1961 1622 1995 iure
1648 1963 1783 2006 permis—

1028 2015 1088 2056 sis,
1112 2021 1142 2048 et
1162 2020 1238 2049 tunc
1268 2026 1343 2049 cum
1368 2026 1434 2049 uno
1453 2016 1503 2048 vel
1527 2015 1654 2049 duobus
1688 2016 1783 2050 sociis

1028 2070 1187 2115 provectis
1203 2076 1234 2104 et
1246 2070 1406 2111 honestis,
1427 2070 1553 2114 ingredi
1568 2071 1702 2111 audeat;
1724 2071 1779 2115 qui

1028 2135 1120 2157 secus
1130 2124 1258 2165 fecerit,
1277 2125 1464 2158 carceribus
1481 2124 1695 2168 mancipetur,
1710 2136 1780 2158 om-

1027 2177 1187 2221 nibusque
1228 2178 1565 2212 administrationibus
1603 2183 1634 2212 et
1666 2178 1780 2212 officiis

1027 2232 1221 2277 deponatur.

1070 2286 1086 2330 5
1105 2286 1158 2320 12,
1181 2287 1328 2331 Ipsarum
1343 2297 1419 2320 vero
1439 2297 1590 2320 sororum
1616 2291 1647 2320 ct
1667 2297 1779 2320 omnes
1836 2297 1977 2333 consessores

1025 2340 1079 2373 alii
1113 2341 1310 2375 confessores
1344 2345 1374 2374 et
1394 2340 1475 2374 sacri
1510 2340 1775 2381 concionatores,
1793 2330 1978 2388 522⁰ZZZ¹SR¹31

1026 2405 1084 2438 per
1094 2396 1278 2439 generalem
1289 2395 1337 2428 vel
1348 2393 1578 2439 provincialem
1593 2393 1777 2428 ministrum
1795 2394 1834 2412 ’Ἦ-

1025 2450 1260 2494 approbentur.

1069 2500 1084 2543 5
1104 2500 1157 2534 13.
1185 2500 1219 2533 In
1239 2499 1355 2533 ceteris
1379 2503 1487 2532 autem
1507 2499 1676 2540 omnibus,
1693 2510 1777 2544 quae
1793 2531 1804 2552 d
1821 2500 1976 2552 ἴῡβῖἑήᾙῡ·

1024 2549 1063 2582 ad
1082 2549 1266 2593 religiosam
1286 2548 1381 2582 vitam
1401 2548 1583 2593 pertinent,
1607 2549 1662 2582 illa
1680 2560 1775 2593 prae-
1794 2538 1976 2590 11i⁹ss¹1-31‘L'0‘1¹‹?3}

1024 2599 1101 2632 dicti
1120 2600 1234 2633 fratres
1254 2604 1284 2632 et
1304 2609 1431 2632 sorores
1451 2598 1548 2632 Tertii
1572 2598 1698 2632 Ordinis
1718 2599 1776 2632 ob·
1791 2595 1939 2617 ⁰b⁵⁰¹w¹¹²²¹¹·

1023 2659 1149 2683 servare
1169 2653 1360 2689 teneantur,
1382 2659 1466 2692 quae
1489 2659 1507 2681 a
1527 2648 1694 2692 praedicto
1715 2649 1775 2682 Ro-

1022 2697 1145 2744 dulpho
1165 2698 1319 2745 episcopo
1339 2702 1370 2732 et
1390 2702 1592 2744 protectore,
1623 2697 1774 2742 vigesima

1828 1431 1918 1453 &urmes
1929 1433 1981 1453 eiust

1803 1463 1849 1483 dem
1864 1463 1949 1485 Ordinis
1965 1472 1985 1485 in

1802 1497 1906 1515 communi
1919 1499 1939 1516 et
1948 1496 1986 1516 sub

1801 1524 1898 1546 clausura
1908 1528 1979 1548 vivere

1800 1557 1898 1578 debeant.
