2237 3100
30 272 80 299 An.
97 270 126 296 C.
146 267 213 299 ¹569

62 1080 205 1102 umentorum

23 1112 138 1139 deputatio.

47 1939 155 1961 clausulae
167 1940 203 1960 de-

22 1974 149 1999 raemoriae.

76 2635 136 2660 Fides
150 2641 206 2661 tran·

25 2672 159 2696 sumptorum.

899 268 967 292 Plus
980 256 1010 291 'v
1035 268 1082 290 Pe.

227 328 352 362 nusque
371 318 430 352 sub
455 318 620 361 quibusvis
646 319 799 352 similium
820 320 867 353 vel
887 320 976 354 dissi·
1001 317 1072 353 'ubi
1101 319 1273 363 expediens
1301 320 1402 360 soret,
1439 319 1584 360 deferre,
1621 321 1768 355 volumus

226 372 351 404 milium
369 372 544 415 gratiarum
562 373 827 411 revocationdms,
840 385 974 418 suspen-

226 424 381 467 sionibus,
403 425 647 458 limitationibus
662 432 715 458 aut
727 426 796 459 aliis
807 428 976 460 contrariis

225 478 488 522 dispositionibus
524 480 753 523 comprehendi
791 481 975 514 nullatenus

226 542 330 576 posse,
354 532 463 575 sicque
485 532 523 565 ab
545 533 694 566 omnibus
715 534 851 566 censeri.

268 586 283 629 ἓ
303 585 333 619 3.
357 586 393 619 Et
414 587 455 618 ita
477 597 534 630 per
558 597 780 629 quoscumque
800 586 922 620 iudices
944 592 973 619 et

25 682 32 704 ι
51 651 148 673 clausula
162 651 208 672 sui>-
223 639 472 679 commissarios,
499 640 609 683 quavis
634 640 823 673 auctoritate
840 640 976 682 fungen-

33 685 96 705 unm.

223 697 280 734 tes,
303 693 428 726 sublata
448 693 494 727 eis
514 699 544 726 et
570 704 684 727 eorum
706 693 837 727 cuilibet
865 694 974 738 quavis

221 746 314 780 aliter
330 747 494 780 iudicandi
511 753 541 780 et
562 747 793 791 interpretandi
810 748 971 787 facultate,

221 800 356 833 iudicari
377 801 513 841 debere3
536 801 663 833 irritum
684 812 812 844 quoque
830 807 860 834 et
880 801 973 833 inane

221 853 379 897 quidquid
391 865 482 887 secus
494 865 592 897 super
603 854 661 893 liis,
673 866 688 887 a
701 865 877 898 quoquam,
896 865 974 897 qua-

220 908 265 940 vis
298 908 504 948 auctoritate,
539 908 677 941 scienter
696 908 743 941 vel
768 908 969 951 ignoranter,

221 960 391 1004 contigerit
414 961 573 995 attentari.

264 1014 279 1057 ἓ
297 1014 330 1048 4.
352 1015 389 1047 Et
409 1015 640 1054 nibilominus⁷
662 1025 720 1058 pro
750 1015 863 1048 maiori
884 1026 973 1059 prae-

220 1066 393 1100 missorum
415 1068 574 1109 cautione,
594 1068 769 1101 venerabili
797 1068 887 1101 fratri
903 1069 971 1112 epi-

219 1130 317 1164 scopo
329 1121 508 1154 Conchensi
528 1127 558 1155 et
573 1122 697 1154 dilectis
712 1120 785 1154 filiis
801 1132 972 1154 causarum

219 1173 333 1208 Curiae
353 1175 504 1209 Gamerae
524 1175 724 1218 Apostolicae
752 1175 893 1218 generali
914 1186 972 1207 au-

220 1227 315 1260 ditori
340 1239 376 1261 ac
397 1229 526 1262 officiali
541 1229 694 1261 Toletano
714 1239 771 1272 per
790 1235 972 1272 praesentes

219 1281 451 1315 committimus
471 1288 499 1315 et
520 1282 709 1315 mandamus
726 1288 885 1325 quatenus
901 1282 971 1325 ipsi,

219 1336 268 1369 vel
283 1335 347 1369 duo
368 1342 422 1369 aut
441 1348 526 1369 unus
541 1347 668 1376 eorum,
682 1347 740 1380 per
759 1347 791 1369 se
811 1337 858 1369 vel
871 1337 970 1369 alium

219 1399 276 1422 seu
291 1389 382 1430 alios,
400 1395 584 1434 praesentes
604 1390 724 1423 litteras
740 1394 768 1422 et
789 1389 821 1422 in
837 1389 881 1423 eis
893 1401 970 1423 con—

219 1447 306 1476 tenta
325 1454 551 1487 quaecumque
562 1444 970 1487 solemniterpublicantes,

219 1496 336 1529 faciant
355 1497 424 1530 illas
444 1497 482 1530 ab
508 1497 670 1538 omnibus,
693 1508 774 1540 quos
794 1497 866 1530 illae
893 1509 970 1531 con-

218 1556 368 1591 cernunt,
386 1551 611 1585 inviolabiliter
626 1552 800 1592 observari,
819 1562 883 1585 non
899 1564 971 1596 per-

218 1604 379 1637 mittentes
404 1605 525 1649 aliquid
555 1611 665 1638 contra
694 1606 868 1649 praemissa
888 1617 969 1650 quo-

218 1657 395 1691 modolibet
415 1659 573 1700 innovari.⁴
595 1659 852 1692 Contradictores
872 1671 969 1703 quos-

218 1711 295 1745 libet
306 1717 334 1745 et
347 1712 482 1746 rebelles
496 1724 554 1757 per
567 1714 693 1746 easdem
711 1724 830 1757 poenas
844 1714 970 1757 aliaque

218 1771 402 1809 opportuna
428 1766 507 1799 iuris
528 1772 559 1799 et
582 1767 654 1799 facti
677 1767 837 1807 remedia,
861 1768 970 1811 appel-

218 1819 337 1853 latione
362 1821 547 1864 postposita‚
569 1822 815 1865 compescendo.

263 1874 277 1917 ξ
293 1873 323 1907 5.
343 1874 412 1907 Non
425 1874 623 1908 obstantibus
634 1875 827 1919 praemissis,
839 1876 970 1918 quibus-

217 1927 263 1960 vis
282 1928 466 1971 apostolieis
493 1939 551 1961 nee
572 1939 649 1969 non,
668 1929 698 1961 in
719 1929 969 1973 provincialibus

218 1985 249 2014 et
268 1981 474 2025 synodalibus
494 1981 638 2015 conciliis
649 1983 754 2021 editis,
776 1983 969 2027 specialibus

216 2035 264 2068 vel
284 2035 489 2078 generalibus
514 2036 796 2069 constitutionibus
827 2042 855 2069 et
884 2037 968 2069 ordi-

216 2087 415 2128 nationibus3
428 2100 465 2121 ac
480 2089 655 2132 quibusvis,
671 2089 765 2122 etiam
787 2089 968 2123 iuramento

218 2147 248 2173 et
267 2142 511 2175 confirmatione
532 2142 708 2186 apostolica
723 2143 770 2175 vel
786 2143 895 2186 quavis
916 2143 968 2176 sir-

218 2193 325 2228 mitate
352 2196 414 2228 alia
438 2196 612 2236 roboratis,
634 2196 758 2229 statutis
782 2202 812 2229 et
832 2206 966 2229 consue-

217 2249 383 2283 tudinibus
402 2250 571 2283 contrariis
602 2251 875 2294 quibuscumque3
914 2255 967 2282 aut

218 2303 243 2335 si
263 2303 445 2346 aliquibus,
469 2295 685 2337 communiter
704 2303 751 2336 vel
773 2303 907 2343 divisim,
928 2303 967 2336 ab

217 2356 399 2400 Apostolica
418 2357 455 2390 sit
475 2357 556 2390 Sede
575 2357 735 2390 indultum
757 2357 841 2399 quod
868 2357 966 2390 inter-

218 2410 293 2451 dici,
307 2411 457 2454 suspendi
468 2411 517 2444 vel
533 2410 805 2443 excommunicari
817 2421 879 2443 nou
897 2421 968 2454 pos-

218 2459 280 2492 sint
301 2469 358 2502 per
381 2459 501 2493 litteras
521 2460 712 2503 apostolicas
732 2470 796 2492 non
817 2459 967 2493 facientes

218 2508 346 2551 plenam
362 2514 392 2541 et
412 2519 593 2552 expressam
614 2520 651 2541 ac
671 2509 708 2541 de
729 2508 825 2540 verbo
846 2508 884 2540 ad
900 2519 967 2541 ver-

217 2558 294 2590 bum
316 2558 354 2591 de
382 2558 505 2591 indulto
534 2558 719 2591 huiusmodi
755 2558 963 2591 mentionem.

262 2607 276 2650 ἓ
296 2607 327 2640 6.
350 2607 510 2648 Ceterum,
532 2608 607 2652 quia
627 2607 755 2640 ditiicile
775 2607 856 2640 soret
878 2619 968 2651 prae-

219 2661 323 2690 sentes
350 2657 471 2691 litteras
490 2657 529 2690 ad
556 2657 680 2700 singula
707 2667 854 2702 quaeque
884 2657 964 2698 loca,

1018 372 1103 417 quod
1130 373 1258 405 illarum
1283 373 1491 417 transumptis
1511 377 1566 406 etc.

1061 428 1174 460 Datum
1204 428 1323 461 Romae
1356 427 1441 472 apud
1461 428 1493 461 S.
1524 428 1672 469 Petrum,
1709 429 1768 462 sub

1016 481 1136 513 annulo
1157 480 1335 521 Piscatoids,
1350 481 1399 514 die
1415 491 1500 514 nona
1521 481 1640 523 martii,
1663 483 1768 515 mille-

1016 533 1097 566 simo
1132 534 1389 577 quingentesimo
1423 535 1620 578 sexagesimo
1654 546 1766 576 nono,

1017 587 1222 630 pontificatus
1243 589 1342 621 nostri
1363 599 1447 622 anno
1472 599 1514 622 lv.

1063 645 1122 674 Dat.
1143 646 1189 675 die
1206 647 1222 676 9
1246 648 1340 676 martii
1363 647 1446 683 1560,
1470 648 1572 686 pontif.
1590 656 1665 677 anno
1682 656 1721 677 tv.

1327 783 1453 817 cxxvi.

1013 859 1200 892 State'onum
1221 860 1441 903 iuclzthentius
1454 870 1512 903 per
1531 860 1764 903 christifideles,

1059 918 1126 946 tam
1147 914 1181 945 in
1201 914 1376 946 Liberiana
1395 913 1535 946 Sanctae
1553 914 1679 946 Mariae
1697 914 1766 946 Ma-

1058 967 1136 999 ioris
1146 968 1291 1006 basilica,
1314 978 1408 1010 quam
1424 968 1459 1000 ἱη
1478 967 1608 1001 ecclesia
1626 967 1767 1001 Sanctae

1057 1020 1183 1053 Mariae
1199 1022 1231 1053 ιή
1249 1021 1421 1054 Domim'cu
1441 1022 1564 1054 lucrari
1582 1021 1723 1054 decernit
1739 1021 1761 1054 Ι.

1102 1101 1164 1129 Pius
1184 1101 1325 1136 episcopus
1345 1108 1441 1130 servus
1460 1108 1600 1130 servorum
1617 1101 1676 1135 Dei,

1162 1156 1196 1184 ad
1209 1156 1372 1191 perpetuam
1391 1156 1431 1184 rei
1449 1156 1618 1184 memoriam.

1057 1218 1227 1251 Salvatoris
1251 1218 1378 1252 Domini
1407 1219 1507 1252 nostri
1536 1219 1606 1251 Iesu
1631 1218 1761 1258 Christi,

1013 1271 1082 1312 Qui,
1108 1283 1166 1315 pro
1182 1272 1402 1315 redemptione
1422 1272 1548 1315 generis
1564 1271 1709 1313 humani,
1724 1271 1764 1306 de

1013 1335 1139 1358 summo
1165 1325 1330 1358 coelorum
1362 1325 1441 1358 solio
1461 1325 1500 1358 ad
1528 1325 1626 1358 huius
1652 1325 1765 1359 mundi

1013 1378 1124 1411 infima
1145 1378 1351 1418 descendere,
1375 1384 1404 1412 et
1420 1390 1550 1412 carnem
1568 1384 1711 1412 nostram
1728 1390 1764 1412 ex

1013 1432 1186 1465 castissimo
1209 1433 1474 1477 sanctissimoque
1490 1439 1582 1466 utero
1603 1433 1765 1476 gloriosis-

1013 1486 1110 1518 simae
1144 1497 1335 1529 semperque
1361 1486 1491 1529 virginis
1515 1486 1569 1519 Dei
1595 1485 1764 1520 Genitricis

1012 1539 1126 1573 Mariae
1147 1551 1310 1573 assumere
1331 1540 1478 1583 dignatus
1495 1546 1551 1581 est,
1570 1540 1667 1580 vices,
1690 1541 1765 1573 licet

1012 1593 1181 1633 immeriti,
1209 1598 1355 1636 gerentes
1376 1594 1407 1626 in
1428 1593 1521 1626 terris
1535 1621 1542 1631 ,
1569 1593 1716 1627 basilicas
1733 1599 1764 1627 et

1012 1647 1162 1680 ecclesias
1181 1648 1213 1680 in
1234 1647 1377 1681 eiusdem
1398 1648 1511 1681 Beatae
1528 1646 1642 1680 Mariae
1662 1647 1763 1690 Virgi-

1011 1700 1059 1733 nis
1079 1701 1247 1734 advocatae
1260 1706 1387 1734 nostrae
1400 1702 1558 1734 honorem
1579 1712 1616 1734 ac
1632 1712 1761 1735 venera-

1011 1754 1129 1787 tionem
1147 1754 1317 1795 dedicatas,
1342 1754 1630 1798 spiritualibusque
1651 1755 1761 1798 gratiis

1011 1813 1039 1840 et
1061 1807 1265 1851 indulgentiis
1281 1808 1446 1841 decoratas
1462 1814 1493 1841 et
1509 1808 1698 1851 praesertim
1714 1809 1761 1841 in-

1010 1861 1126 1904 signes,
1149 1873 1230 1904 quae
1252 1873 1416 1905 nunquam
1438 1861 1512 1895 satis
1531 1862 1675 1895 venerari
1696 1862 1760 1896 sre-

1010 1915 1220 1959 spientarique
1242 1921 1392 1959 possunt,
1421 1927 1486 1949 non
1507 1916 1611 1949 solum
1632 1926 1759 1960 peram-

1010 1968 1094 2011 plius
1122 1980 1251 2013 semper
1275 1980 1390 2003 ornare
1406 1996 1415 2009 ,
1451 1969 1504 2002 sed
1530 1980 1611 2013 quae
1630 1970 1669 2002 ab
1698 1970 1761 2003 illis

1010 2022 1104 2055 etiam
1115 2024 1265 2056 translata
1273 2034 1339 2056 esse
1349 2023 1565 2067 reperiuntur,
1576 2023 1630 2063 eis,
1640 2024 1760 2056 favente

1009 2076 1162 2117 Domino,
1185 2077 1353 2110 restituere
1374 2077 1425 2121 pie
1459 2082 1631 2120 sancteque
1652 2077 1760 2110 stude-

1010 2142 1093 2171 mus;
1116 2136 1147 2163 ut
1165 2142 1229 2175 quo
1249 2130 1449 2174 frequentius
1470 2130 1694 2165 christifideles
1708 2141 1761 2164 eas

1009 2184 1218 2223 visitaverint,
1248 2196 1304 2228 per
1329 2184 1504 2217 devotionis
1529 2183 1757 2224 sinceritatem,

1009 2237 1238 2282 redemptionis
1255 2249 1329 2271 suae
1346 2239 1486 2271 fructum
1503 2237 1630 2270 facilius
1646 2248 1759 2272 conse-

1008 2292 1104 2335 quiet
1118 2291 1156 2324 ad
1169 2291 1381 2335 sempiternae
1397 2291 1518 2334 gloriae
1529 2291 1758 2325 beatitudinem

1009 2345 1144 2379 feliciter
1162 2344 1177 2368 2
1198 2345 1375 2389 pervenire.

1053 2400 1066 2442 ξ
1087 2399 1118 2432 1.
1139 2398 1218 2432 Cum
1235 2399 1353 2443 itaque,
1370 2399 1449 2431 sicut
1467 2397 1663 2441 accepimus,
1681 2398 1759 2432 alias

1010 2452 1109 2486 seticis
1130 2452 1361 2485 recordationis·
1390 2452 1452 2485 Leo
1482 2452 1567 2495 Papa
1591 2452 1756 2492 decimus,

1008 2506 1235 2549 praedecessor
1271 2511 1399 2546 noster,
1431 2503 1598 2538 ecclesiam
1626 2505 1759 2539 Sanctae

1009 2560 1122 2593 Mariae
1149 2559 1181 2593 in
1205 2559 1368 2592 Dominica
1399 2558 1437 2591 de
1458 2558 1559 2599 Urbe,
1585 2559 1760 2601 vulgariter

1047 2624 1053 2648 l
1079 2623 1116 2649 Ex
1146 2616 1252 2657 Regest.
1276 2623 1299 2648 in
1323 2621 1429 2648 Archiv.
1462 2621 1520 2650 Vat.
1559 2622 1575 2648 2
1600 2621 1763 2666 Audendum·

1009 2666 1075 2694 forte
1091 2669 1193 2694 valcant
1209 2668 1246 2701 (a.
1267 2670 1316 2700 T.).

1657 259 1722 293 743
1782 268 1832 296 An.
1849 268 1879 297 c.
1898 269 1968 297 ¹569

1807 1230 1937 1252 Prorrniiurn.

1803 2406 1844 2428 Leo
1861 2406 1875 2428 X
1887 2407 1958 2428 ‹inito—

1774 2443 1822 2458 num
1846 2438 1959 2464 indulgen—

1775 2470 1813 2490 llflS
1836 2471 1859 2490 ud
1886 2477 1957 2489 vect·-

1774 2501 1825 2521 siam
1867 2501 1958 2522 sancino

1774 2532 1852 2554 Mariae
1863 2534 1881 2554 lu
1892 2534 1957 2553 uomi-
