2237 3100
469 213 483 247 t
490 212 556 248 038

1054 220 1202 245 BULLARII
1226 219 1345 245 ROMANI

422 275 494 310 CVI.
517 275 632 308 Forma
654 273 862 319 professionis
882 272 1080 306 orthodoxae
1101 273 1174 306 tidei
1217 272 1976 321 CXIV.InstitutioArchiviiVaticaniSedisApo-

511 328 727 361 observandae
747 338 764 359 a
789 325 923 370 provisis
944 325 983 358 de
1007 325 1176 359 beneficiis

511 380 735 414 ecclesiasticis
766 379 905 419 curatis,
939 390 975 411 ac
1011 379 1175 422 dignitati—

511 435 583 475 bus,
619 432 781 473 ecclesiis,
812 432 1017 465 monasteriis
1046 438 1077 466 et
1106 432 1177 465 aliis

511 487 590 520 locis
609 486 767 520 Ordinum
781 482 982 529 regularium
998 491 1029 519 et
1049 485 1177 519 militia-

511 552 595 580 rum,
618 538 694 572 3⁹27.

421 594 507 628 CVII.
530 592 728 636 Approbatio
754 591 1027 625 confraternitatis
1047 591 1106 624 sub
1128 592 1177 624 in-

510 646 676 679 vocatione
685 645 862 679 Duodecim
875 645 1104 689 Apostolorum
1116 656 1177 679 nu·

511 711 570 744 per
584 699 617 732 in
633 699 717 732 Urbe
737 699 904 732 institutae
924 710 983 743 pro
999 698 1178 732 decentiori

511 752 704 786 sanctissimi
734 752 958 786 Eucharistiae
985 752 1178 786 sacramenti

511 807 728 848 veneratione,
748 812 779 840 et
795 817 975 850 egenorum
993 806 1179 840 mendicare

511 860 785 901 erubescentium,
794 861 843 893 vel
855 859 935 893 alias
947 870 1179 904 oppressorum

511 913 740 953 subventionc;
756 920 786 947 et
801 913 947 956 elargitio
962 912 1178 957 indulgentia-

512 978 597 1008 rum,
616 967 692 1001 329.

423 1020 522 1054 CVlll.
536 1021 579 1054 De
593 1020 706 1065 spoliis
725 1019 923 1053 clericorum
939 1024 1027 1053 extra
1038 1019 1181 1053 residen-

514 1074 590 1107 tiam
611 1074 849 1114 decedentium,
872 1073 950 1107 332.

424 1127 498 1161 CIX.
538 1127 709 1161 Revocatio
745 1128 984 1170 cuiuscumque
1024 1125 1180 1170 privilegii

513 1181 813 1221 communitatibus,
823 1180 1142 1213 confraternitatibus
1152 1185 1182 1213 et

513 1235 587 1268 aliis
597 1235 872 1280 quibuscumque,
896 1233 991 1267 etiam
1012 1233 1091 1266 locis
1107 1233 1179 1277 piis,

516 1288 676 1328 concessi,
697 1287 895 1321 homicidam
917 1286 949 1319 in
974 1286 1026 1319 die
1050 1286 1182 1320 Veneris

515 1342 622 1376 Sancti
641 1348 695 1375 aut
713 1341 776 1374 alio
792 1346 940 1384 tempore
962 1351 978 1373 e
997 1339 1182 1373 carceribus

514 1395 685 1436 liberandi,
702 1401 730 1428 et
749 1394 921 1428 reservatio
939 1392 1100 1426 eiusmodi
1112 1403 1182 1436 gra-

515 1448 589 1490 tiae,
602 1449 749 1482 consulto
758 1447 926 1487 Pontilice‚
938 1447 977 1480 ab
987 1446 1056 1480 eius
1065 1447 1183 1480 officia-

515 1502 600 1536 libus
618 1503 657 1536 de
674 1508 781 1536 cetero
795 1501 1036 1541 concedendae,
1059 1500 1134 1534 334.

427 1557 487 1591 CX.
505 1556 714 1590 Confirmatio
730 1555 946 1599 plurimarum
962 1554 1141 1597 gratiarum
1153 1559 1183 1587 et

517 1610 759 1654 privilegiorum
773 1610 909 1642 fratrum
925 1607 1065 1640 militum
1075 1607 1184 1651 hospi-

516 1664 587 1697 talis
613 1663 721 1697 Sancti
751 1662 859 1696 Lazari
883 1661 1180 1705 llierosolymitani,

518 1728 535 1750 a
551 1716 764 1750 Pontificibus
779 1714 1086 1760 praedecessoribus
1105 1724 1182 1747 con-

518 1781 701 1811 cessorum,
728 1771 760 1803 in
778 1770 828 1802 his
848 1779 931 1812 quae
952 1768 1092 1802 concilio
1113 1767 1183 1800 Tri-

517 1824 652 1857 dentino
667 1834 732 1857 non
745 1823 956 1856 adversantur
972 1828 1002 1855 et
1016 1820 1183 1855 concessio

518 1878 655 1911 aliarum
667 1876 909 1910 immunitatum
922 1881 952 1909 et
968 1875 1182 1915 indultorum,

518 1931 595 1966 336.

527 1987 645 2021 Nuncii
666 1983 849 2031 apostolici,
869 1990 900 2017 ct
915 1983 969 2016 alii
995 1982 1034 2015 ad
1059 1982 1184 2026 prinoi-

519 2053 575 2087 pes
598 2040 760 2081 destinati,
783 2040 908 2073 favores
933 2037 972 2070 ab
993 2036 1038 2069 eis
1062 2046 1182 2080 procu-

519 2107 591 2129 rare
611 2101 667 2128 aut
686 2094 749 2127 illis
778 2093 824 2127 uti
852 2096 1017 2135 nequeant
1035 2090 1075 2123 ad
1105 2089 1186 2123 obti-

519 2150 641 2183 nendas
661 2149 831 2192 dignitates
855 2146 942 2190 apud
963 2145 1078 2178 Sedem
1102 2144 1187 2187 Apo-

520 2204 666 2237 stolicam
684 2203 763 2247 ipsis
784 2202 831 2234 vel
850 2210 965 2234 eorum
989 2197 1186 2244 consangui—

521 2259 589 2292 neis
605 2256 838 2291 etnecessariis
859 2254 1083 2293 conferendas,
1106 2251 1184 2285 309.

432 2312 519 2346 CXll.
542 2313 585 2345 De
600 2317 829 2355 computorum
850 2308 1050 2343 exhibitione
1064 2317 1101 2340 ac
1118 2306 1189 2339 red-

522 2366 643 2399 ditione
678 2365 812 2399 ratiouis
847 2374 955 2397 coram
994 2360 1189 2395 officialibus

523 2415 675 2448 Gamerae
705 2413 910 2458 Apostolicae
941 2412 979 2444 de
1014 2410 1072 2451 iis,
1106 2419 1188 2453 quae

522 2464 787 2497 reformationem
801 2465 1059 2507 praecesserunt,
1074 2459 1149 2493 37⁴1.

434 2512 535 2546 CXlIl.
549 2514 592 2546 De
609 2513 814 2556 subrogando
829 2512 935 2545 iudice
953 2512 1106 2544 inlocum
1124 2510 1191 2543 col-

522 2561 662 2595 lateralis
682 2562 840 2595 senatoris
863 2561 957 2594 Urbis
978 2560 1122 2593 absentis
1141 2559 1190 2592 vel

524 2610 657 2653 infirmi,
679 2610 754 2644 379..

429 1986 504 2020 CXI.

1306 327 1449 368 stolicae,
1467 338 1541 360 cum
1551 327 1761 372 deputatione
1777 339 1814 361 ac
1825 329 1976 363 facultate

1307 380 1520 414 commissarii
1535 380 1657 424 ubique
1666 380 1766 414 libros
1773 381 1975 423 extrahendi,

1218 486 1304 521 CXV.
1323 487 1532 528 privilegium
1549 487 1703 521 abbatum
1715 487 1978 532 congregationis

1307 540 1515 582 Cassinensis‚
1524 541 1602 575 alias
1612 542 1642 576 S.
1653 542 1795 575 Iustinae
1802 543 1978 576 monacho-

1308 605 1394 635 rum,
1405 594 1535 628 Ordinis
1545 596 1575 629 S.
1588 595 1766 637 Benedicti,
1779 596 1979 640 utendipon-

1308 648 1494 689 titicalibus‚
1514 649 1797 693 benedicendique
1817 650 1977 694 populum

1309 707 1338 735 et
1365 703 1577 736 consecrandi
1602 702 1726 747 lapides
1741 713 1802 747 pro
1827 703 1978 737 altarium

1310 766 1382 795 usu,
1402 755 1479 789 374.

1222 808 1321 843 CXVI.
1356 810 1569 853 Impetrantes
1606 808 1714 853 aliqua
1744 809 1910 853 privilegia
1948 815 1980 844 et

1310 863 1429 906 gratias
1441 863 1595 896 interesse
1611 863 1817 896 Reverendae
1827 863 1980 897 Gamerae

1257 953 1260 955 Α
1311 916 1514 960 Apostolicae
1526 917 1837 960 quomodocumque
1848 927 1980 951 concer-

1311 975 1436 1010 nentes,
1460 970 1615 1003 infratres
1636 980 1793 1003 mensesa
1812 969 1863 1004 die
1878 970 1980 1015 impe-

1311 1023 1470 1064 trationis,
1501 1026 1533 1056 in
1561 1023 1697 1057 Camera
1717 1023 1900 1067 Apostolica
1925 1025 1981 1058 illa

1312 1083 1518 1121 praesentare
1543 1082 1574 1110 et
1598 1077 1771 1120 registrare
1789 1078 1896 1111 facere
1926 1078 1982 1111 de-

1312 1131 1399 1171 bent,
1411 1130 1639 1174 alioquinillis,
1651 1136 1816 1175 tamquam
1824 1131 1980 1172 invalidis,

1314 1184 1360 1216 uti
1372 1194 1436 1217 non
1454 1189 1601 1227 possunt,
1613 1183 1689 1217 375.

1223 1236 1337 1270 CXVII.
1364 1237 1535 1270 Revocatio
1551 1237 1698 1270 omnium
1721 1237 1930 1271 licentiarum
1951 1243 1998 1279 et,

1312 1291 1521 1331 facultatum,
1540 1296 1769 1334 praeterquam
1795 1302 1832 1324 ex
1863 1302 1978 1325 caussa

1312 1355 1385 1377 vere
1396 1354 1532 1377 onerosa
1540 1354 1781 1384 concessarum,
1792 1345 1981 1379 extrahendi

1312 1398 1493 1438 frumenta,
1507 1397 1603 1430 blada
1619 1403 1649 1430 ct
1661 1397 1828 1440 legumina
1845 1398 1886 1431 de
1901 1398 1983 1431 locis

1313 1450 1386 1484 Sedi
1395 1450 1599 1493 Apostolicae
1609 1449 1746 1483 mediate
1756 1455 1786 1483 et
1795 1449 1984 1484 immediate

1313 1503 1482 1543 subiectis;
1502 1509 1532 1537 et
1550 1503 1728 1547 prohibitio
1746 1503 1786 1537 de
1800 1509 1909 1539 cetero
1925 1515 1980 1538 ex-

1314 1557 1475 1597 trahendi,
1492 1556 1569 1590 376.

1225 1610 1351 1644 CXVIII.
1383 1610 1593 1644 Confirmatio
1617 1610 1814 1654 gratiarum,
1847 1609 1980 1655 privile-

1313 1664 1440 1707 giorum
1463 1670 1494 1697 et
1517 1663 1678 1697 facultatis
1698 1663 1878 1708 quaerendi
1898 1665 1982 1698 elee—

1316 1728 1482 1762 mosynas,
1516 1717 1637 1758 abbati,
1660 1717 1833 1751 conventui
1853 1723 1885 1751 et
1918 1718 1983 1751 fra-

1315 1771 1418 1805 trihus
1442 1770 1570 1805 Ordinis
1590 1770 1621 1804 S.
1646 1770 1775 1804 Antonii
1796 1771 1986 1805 Viennensis

1315 1831 1556 1861 concessarum,
1580 1825 1742 1863 <pratentis
1757 1819 1896 1853 concilio
1915 1820 1986 1854 Tri-

1315 1869 1446 1902 dentino
1472 1879 1536 1902 non
1562 1869 1791 1910 adversentur,
1814 1868 1891 1903 379.

1226 1918 1328 1952 CXIX.
1350 1919 1478 1952 Erectio
1500 1918 1635 1952 civitatis
1655 1917 1729 1950 Piae
1751 1928 1854 1963 prope
1875 1929 1984 1952 arcem

1315 1967 1425 2001 Sancti
1446 1966 1559 2010 Angeli
1580 1967 1619 2000 de
1640 1967 1742 2007 Urbe,
1766 1973 1794 2000 et
1816 1967 1986 2012 privilegia

1316 2017 1348 2049 in
1370 2027 1406 2049 ea
1426 2016 1691 2057 aedificantium,
1715 2027 1752 2049 ac
1777 2016 1816 2050 ad
1837 2017 1985 2051 eamdem

1317 2066 1483 2099 translatio
1497 2071 1674 2099 conventus
1690 2071 1721 2099 et
1736 2066 1894 2100 ecclesiae
1906 2067 1987 2101 San-

1317 2121 1387 2148 ctae
1403 2116 1520 2149 Mariae
1537 2116 1796 2159 Transpontinae
1813 2126 1986 2161 nuncupa-

1317 2169 1379 2205 tae,
1396 2164 1473 2198 381.
1819 2190 1824 2191 γ

1229 2214 1317 2248 CXX.
1332 2214 1542 2248 Confirmatio
1554 2219 1585 2246 et
1596 2214 1740 2247 extensio
1752 2213 1988 2248 iurisdictionis

1318 2269 1447 2297 sanctae
1459 2264 1622 2297 Romanae
1637 2262 1799 2297 Ecclesiae
1814 2263 1986 2297 cardinalis

1320 2312 1489 2346 camerarii
1500 2318 1530 2345 et
1549 2312 1781 2355 magistrorum
1796 2312 1921 2345 viarum
1937 2311 1985 2345 al·

1320 2372 1391 2394 mae
1412 2361 1516 2402 Urbis
1540 2360 1617 2394 386.

1230 2410 1332 2444 CXXI.
1363 2410 1563 2455 Approhatio
1596 2410 1812 2454 plurimarum
1838 2409 1985 2442 declara-

1320 2459 1444 2493 tionum
1457 2460 1496 2492 ad
1508 2459 1664 2502 Regulam
1678 2459 1813 2491 fratrum
1825 2458 1985 2492 Minorum

1320 2509 1587 2543 Conventualium
1609 2508 1737 2542 Ordinis
1758 2508 1790 2541 S.
1810 2505 1983 2546 Francisci,

1321 2559 1353 2591 in
1368 2569 1480 2592 eorum
1494 2557 1638 2600 generali
1655 2557 1798 2600 capitulo
1826 2555 1986 2594 editarum

1321 2608 1360 2641 ad
1368 2607 1467 2654 ipsius
1478 2606 1605 2642 Ordinis
1616 2606 1894 2647 reformationem,
1905 2603 1982 2638 399.
