2237 3100
270 232 287 258 Λ

274 1453 312 1471 oga

294 241 317 258 u.
337 233 364 258 C.
385 232 446 258 ¹571

288 1416 398 1435 Clausulac
411 1416 445 1435 ile-

316 1450 343 1466 toi
351 1454 378 1466 lut

510 222 574 255 910

1064 232 1239 255 BITLLARH'M
1264 233 1413 256 ROMANUM

465 287 572 327 suerit,
588 297 624 319 ac·
638 287 764 329 quoties
784 297 881 329 super
901 286 960 317 llm·
976 296 1034 327 pro
1060 291 1147 327 parte
1163 297 1214 317 re·
1259 284 1348 316 'iuriis
1376 284 1511 327 aliisque
1542 285 1779 318 esticacioribns
1805 292 1834 319 et
1859 286 2009 328 insolitis,

464 345 527 372 stra
547 345 601 372 aut
617 339 755 372 alicuius
770 344 907 371 vestrum
928 337 1045 370 suerint
1058 338 1214 380 requisiti,

463 393 651 425 solemniter
660 389 1031 435 publicantes,vobisque
1044 396 1072 423 et
1084 391 1212 423 cuilibet

463 450 602 478 vestrum
620 445 652 476 in
668 444 842 488 permissis
865 445 1004 477 efficacis
1020 444 1215 477 defensionis

464 498 623 541 praesidio
653 498 847 538 assistentes,
880 498 998 531 faciant
1025 498 1214 531 auctoritate

464 556 570 583 nostra
586 557 770 594 praesentes
784 552 904 584 litteras
916 557 946 584 et
963 552 1052 584 ineis
1066 556 1214 584 contenta

463 604 660 645 huiusmodi,
682 605 819 637 firmiter
843 605 1018 645 observari,
1044 616 1164 648 rosque
1186 609 1215 637 et

462 658 639 700 quemlibet
667 663 806 691 vestrum
837 659 899 691 illis
930 659 1064 702 pacifice
1091 658 1153 690 t'rui
1184 662 1215 690 et

461 712 614 754 gaudere.
628 712 696 744 Non
710 711 931 754 permittentes
939 723 993 744 vos
1006 717 1059 744 aut
1075 717 1212 744 vestrum

461 765 647 809 quempiam
660 776 717 808 per
730 776 955 808 quoscumque
967 771 1078 798 eontra
1090 777 1214 798 earum—

461 819 533 851 dem
556 818 775 861 praesentium
803 824 946 851 tenorem
972 819 1112 862 desuper
1131 830 1213 861 quo-

461 872 634 904 modolibet
654 872 792 905 indebite
810 871 984 912 molestari,
998 873 1213 906 contradicto-

460 936 511 957 res
530 925 689 969 quoslibet
711 931 741 958 et
761 925 898 958 rebelles
923 936 980 968 per
1005 936 1159 958 censuras
1184 931 1214 959 et.

462 989 572 1022 poenas
581 978 814 1011 ecclesiasticas
823 989 859 1011 ac
870 978 930 1011 alia
940 984 1124 1022 opportuna
1135 979 1214 1012 iuris

461 1032 614 1073 remedia,
637 1032 853 1076 appellatione.
870 1033 1058 1076 postposita,
1082 1043 1213 1076 compe-

459 1087 590 1125 scendo,
613 1098 649 1119 ac
669 1086 819 1129 legitimis
849 1097 948 1128 super
978 1087 1026 1119 liis
1057 1087 1213 1119 habendis

460 1140 591 1173 servatis
618 1140 837 1184 processibus,
861 1150 1014 1173 censuras
1043 1146 1070 1173 et
1094 1151 1213 1183 poenas

459 1193 544 1237 ipsas
569 1194 665 1226 etiam
696 1193 816 1226 iteratis
849 1193 972 1226 vicibus
997 1194 1210 1236 aggravando,

460 1247 606 1280 invocato
619 1247 713 1280 etiam
725 1247 762 1279 ad
775 1247 848 1287 hoc,
867 1247 892 1279 si
907 1257 989 1290 opus
1001 1247 1108 1287 fuerit,
1122 1247 1212 1280 auxi-

459 1300 502 1333 lio
523 1300 648 1333 brachii
669 1300 856 1333 saecularis.

504 1354 518 1397 §
533 1354 562 1387 8.
578 1353 967 1387 Nonobstantibusfelieis
981 1354 1213 1387 reeordationis

460 1408 614 1441 Bonisacii
630 1408 733 1451 Papae
749 1407 822 1447 Vlll,
833 1408 1091 1450 praedecessoris
1102 1409 1212 1445 nostri,

458 1472 522 1504 qua
543 1467 673 1494 cavetur
688 1472 727 1494 ne
743 1461 815 1504 quis
835 1466 923 1493 extra
943 1472 1034 1493 suain
1055 1461 1212 1494 civitatem

458 1515 506 1547 vel
527 1514 714 1554 dioecesim,
736 1514 797 1547 nisi
819 1515 850 1547 in
872 1514 967 1547 certis
998 1515 1139 1558 exeeptis
1160 1526 1213 1548 ea-

459 1568 556 1608 sibus,
572 1573 601 1601 et
620 1568 652 1600 in
669 1569 732 1601 illis
748 1570 831 1601 ultra
845 1579 942 1601 unani
958 1568 1095 1601 diaetam
1117 1580 1133 1601 a
1150 1569 1213 1602 fine

459 1631 535 1653 suae
555 1621 711 1655 dioecesis
730 1622 770 1655 ad
794 1622 950 1655 iudiciuin
972 1628 1134 1661 evocetur,
1157 1633 1213 1655 seu

458 1685 498 1708 ne
527 1675 650 1709 iudices
681 1686 697 1708 a
728 1676 808 1709 Sede
838 1675 1021 1719 Apostolica
1055 1676 1211 1719 deputati,

459 1733 547 1761 extra
567 1728 725 1762 civitatem
756 1730 802 1761 vel
836 1729 1009 1762 dioecesim
1040 1729 1071 1761 in
1097 1730 1214 1772 quibus

459 1782 602 1825 deputati
623 1783 753 1823 suerint,
773 1788 883 1815 contra
899 1793 1127 1826 quoscumque
1142 1794 1213 1826 pro-

460 1835 574 1868 cedere
596 1847 651 1869 seu
672 1837 724 1868 alii
749 1837 796 1869 vel
824 1836 894 1869 aliis
914 1836 1000 1868 vices
1026 1848 1099 1869 suas
1125 1847 1214 1875 emnss

461 1889 586 1923 mittere
606 1895 825 1933 praesumant,
848 1901 883 1922 ae
906 1890 938 1922 in
960 1890 1097 1923 concilio
1117 1901 1214 1933 gene-

461 1943 519 1976 rali
545 1943 629 1976 edita
658 1944 696 1976 de
718 1943 843 1976 duabus
873 1943 1004 1983 diaetis,
1036 1944 1214 1977 dummodo

462 1998 544 2030 ultra
561 2003 624 2030 tres
644 1997 764 2030 diaetas
784 1997 909 2040 aliquis,
926 1998 1117 2030 auctoritate
1132 2008 1214 2041 prae-

462 2052 612 2091 sentium,
643 2051 682 2084 ad
718 2051 875 2084 iudicium
900 2062 965 2084 non
995 2052 1162 2089 trahatur,
1186 2057 1213 2084 et

462 2105 627 2149 quibusvis
641 2105 710 2138 aliis
722 2105 905 2149 apostolicis
916 2116 952 2137 ac
969 2105 1215 2145 universalibus,

464 2159 715 2202 provincialibus
752 2164 782 2192 et
807 2159 1035 2203 synodalibus,
1069 2159 1215 2202 speciali-

463 2214 523 2246 bus
533 2213 579 2246 vel
592 2213 809 2255 generalibus,
824 2213 1109 2246 constitutionibus
1122 2219 1148 2246 et
1167 2225 1216 2246 or-

463 2266 695 2307 dinationibus;
724 2277 863 2305 necnon,
887 2266 981 2298 etiam
1008 2266 1213 2307 iuramento,

464 2320 711 2353 confirmatione
741 2319 915 2363 apostolica
944 2320 992 2351 vel
1021 2320 1132 2362 quavis
1161 2320 1216 2352 lir-

464 2373 572 2405 initate
593 2373 654 2406 alia
680 2373 851 2413 roboratis,
883 2371 1007 2405 statutis
1028 2377 1057 2405 et
1079 2383 1217 2406 consue-

462 2422 642 2462 tudinibus3
665 2422 840 2466 privilegiis
859 2432 1006 2465 quoque,
1027 2421 1161 2454 indultis
1188 2427 1218 2455 et

462 2470 575 2503 litteris
586 2471 780 2514 apostolicis,
792 2471 885 2503 etiam
898 2470 1062 2514 quibusvis
1073 2471 1218 2513 personis

465 2525 495 2553 et
515 2520 605 2559 locis,
629 2520 661 2553 in
681 2521 866 2563 genereffivel
888 2520 920 2552 in
934 2519 1053 2563 specie,
1072 2521 1132 2553 sul)
1146 2521 1218 2564 qui-

464 2568 667 2613 buscumque.
693 2570 859 2603 tenoribus
880 2575 910 2602 et
935 2569 1058 2610 formis,
1081 2580 1118 2602 ac
1143 2580 1217 2602 eum

465 2618 642 2663 quibusvis,
668 2618 764 2652 etiam
780 2618 1060 2662 derogatoriarum
1080 2618 1218 2662 deroga-

1257 337 1423 377 clausulis,
1446 348 1573 370 necnon
1594 336 1796 371 irritantibus
1812 345 1842 372 et
1861 340 1932 373 aliis
1952 341 2009 374 de-

1257 391 1364 430 cretis,
1379 401 1415 423 ac
1431 391 1525 423 etiam
1544 396 1643 431 motu,
1656 392 1789 424 seientia
1805 397 1833 425 et
1848 393 2011 435 potestatis

1258 443 1460 486 plenitudine
1485 444 1661 485 similibus,
1685 451 1715 478 et
1735 445 1831 478 etiam
1852 447 2010 480 consisto-

1258 497 1378 529 rialiter
1392 508 1427 530 ac
1442 497 1520 530 alias
1532 498 1788 541 quomodolibet,
1805 499 1900 531 etiam
1914 499 2010 533 itera-

1256 550 1295 583 tis
1310 550 1432 583 vieilius
1458 547 1630 591 concessis,
1655 551 1841 594 approbatis
1862 557 1892 585 et
1916 550 2010 586 inno-

1258 605 1345 641 vatis;
1368 604 1486 648 quibus
1501 604 1661 645 omnibus,
1683 605 1778 637 etiam
1797 604 1834 645 si,
1858 616 1917 648 pro
1937 605 2011 640 itto-

1258 668 1329 689 rum
1351 658 1525 691 sufficienti
1546 657 1765 700 derogatione,
1789 658 1867 691 alias
1886 660 1925 692 de
1949 658 2011 693 illis

1257 722 1437 754 eorumque
1458 712 1532 745 totis
1555 712 1723 744 tenoribus
1751 712 1912 756 specialis,
1938 724 2011 757 spe-

1257 765 1359 803 cifica,
1387 765 1550 797 individua
1576 770 1606 797 et
1622 775 1771 808 expressa
1792 776 1829 798 ac
1855 766 1894 799 de
1913 767 2011 800 verbo

1256 818 1295 850 ad
1324 818 1458 851 verbum
1473 845 1480 859 ,
1517 829 1581 850 non
1615 824 1723 851 autem
1758 829 1816 862 per
1848 820 2012 852 clausulas

1255 872 1422 914 generales
1451 871 1536 904 idem
1566 871 1790 914 importantes,
1813 872 1934 906 mentio
1954 883 2011 906 seu

1256 924 1387 967 quaevis
1407 925 1469 957 alia
1485 924 1648 968 expressio
1668 925 1815 958 habenda
1831 930 1887 958 aut
1901 925 2012 969 aliqua

1256 979 1317 1010 alia
1337 978 1494 1022 exquisita
1507 978 1610 1011 forma
1626 979 1664 1011 ad
1681 979 1743 1012 hoc
1756 979 1910 1012 servanda
1919 980 2011 1021 foret,

1257 1038 1384 1065 tenores
1415 1032 1615 1073 huiusmodi,
1652 1043 1688 1065 ac
1719 1033 1744 1065 si
1774 1032 1813 1066 de
1843 1033 1942 1067 verbo
1971 1034 2010 1067 ad

1255 1086 1402 1125 verbum,
1418 1086 1499 1119 nihil
1514 1086 1643 1130 penitus
1664 1086 1796 1127 omisso,
1814 1092 1844 1120 et
1861 1087 1964 1121 forma
1977 1088 2011 1121 in

1256 1140 1319 1172 illis
1330 1140 1446 1172 tradita
1463 1139 1640 1180 observata,
1657 1139 1769 1173 inserti
1790 1140 1905 1182 forent,
1919 1152 2011 1185 prae-

1255 1194 1464 1237 sentibuspro
1473 1194 2010 1237 sufficienterexpiessishahentes,

1256 1247 1317 1279 illis
1330 1247 1409 1279 alias
1429 1247 1462 1279 in
1482 1257 1540 1279 suo
1554 1247 1670 1279 robore
1693 1247 1926 1290 permansuris,
1950 1249 2012 1282 hac

1255 1300 1323 1333 vice,
1349 1301 1530 1340 dumtaxat,
1554 1300 1670 1333 harum
1700 1300 1794 1341 serie,
1828 1301 2012 1344 specialiter

1255 1359 1283 1385 et
1305 1364 1452 1397 expresse
1477 1354 1682 1395 derogamus
1705 1353 1768 1386 Aut
1787 1353 1813 1387 si
1828 1354 2007 1397 aliquibus,

1255 1407 1473 1440 communiter
1504 1408 1551 1440 vel
1583 1407 1730 1448 divisim,
1760 1407 1800 1440 ab
1831 1408 1942 1441 eadem
1972 1407 2012 1441 sit

1255 1460 1335 1492 Sede
1366 1460 1528 1492 indultum
1554 1460 1642 1502 quod
1674 1460 1834 1501 interdici,
1857 1461 2011 1505 suspendi

1254 1514 1302 1546 vel
1314 1514 1591 1546 excommunicari
1605 1524 1670 1546 non
1684 1513 1809 1557 possint
1819 1525 1878 1557 per
1888 1515 2012 1549 litteras

1256 1566 1448 1609 apostolicas
1473 1577 1537 1600 non
1567 1567 1722 1600 facientes
1752 1568 1882 1611 plenam
1905 1573 1936 1601 et
1956 1579 2011 1601 ex-

1257 1631 1397 1663 pressam
1415 1631 1451 1653 ac
1467 1620 1505 1653 de
1516 1620 1614 1653 verbo
1626 1621 1665 1653 ad
1680 1621 1814 1654 verbum
1831 1622 1870 1655 de
1884 1621 2012 1656 indulto

1256 1673 1442 1707 huiusmodi
1463 1674 1673 1707 mentionem.

1300 1728 1414 1760 Datum
1442 1728 1562 1761 Romae
1587 1728 1671 1771 apud
1692 1728 1845 1761 Sanctum
1866 1729 2010 1770 Petrum,

1257 1782 1315 1814 sub
1331 1782 1452 1814 annulo
1470 1782 1657 1821 PiscatoriS,
1677 1781 1726 1814 die
1743 1781 1907 1825 trigesima
1924 1793 2010 1815 mar-

1257 1835 1304 1875 tii,
1319 1835 1490 1868 millesimo
1502 1835 1760 1879 quingentesimo
1774 1836 2012 1879 septuagesimo

1257 1889 1374 1933 primo,
1399 1888 1605 1932 pontificatus
1625 1889 1727 1922 nostri
1744 1899 1830 1922 anno
1849 1899 1892 1922 vi.

1297 1943 1359 1972 Dat.
1378 1943 1424 1972 die
1443 1943 1481 1973 30
1497 1943 1595 1972 martii
1612 1943 1700 1980 1571,
1718 1943 1822 1982 pontis.
1840 1952 1917 1974 anno
1929 1951 1969 1974 vr.

1594 2056 1679 2090 CXC.

1258 2119 1410 2152 Rt‘zlurtio
1449 2120 1491 2151 ml
1528 2120 1681 2152 terminos
1717 2120 1798 2152 iuris
1832 2119 2012 2152 communis

1303 2173 1568 2206 Consle'lltll'onum
1592 2185 1610 2205 α
1630 2173 1724 2206 Sixto
1740 2173 1917 2213 [VsLeone
1936 2171 1965 2206 X
1983 2177 2012 2206 et

1302 2227 1364 2259 Pio
1380 2227 1431 2259 IV
1449 2223 1492 2259 ao
1505 2227 1580 2259 aliis
1597 2227 1813 2270 Pontificibus
1833 2228 2010 2266 editarum,

1302 2290 1397 2322 super
1446 2281 1514 2312 iure
1558 2281 1699 2324 ronfflruij
1737 2285 1767 2313 et
1794 2291 1890 2324 super
1922 2281 2013 2314 novis

1304 2334 1455 2376 (eoeceptis
1489 2338 1593 2366 lumen
1631 2334 1733 2366 saeris
1765 2337 1823 2366 aut
1858 2334 2008 2376 publicis)

1304 2387 1461 2429 aedificiis
1481 2387 1702 2420 construendis
1731 2391 1788 2420 aut
1812 2387 2013 2430 ampliandis

1306 2440 1341 2472 in
1364 2439 1455 2472 Urbe.

1381 2506 1440 2534 Pius
1464 2507 1536 2542 Papa
1555 2507 1584 2539 V.
1605 2508 1683 2535 motu
1702 2506 1824 2541 proprio.
1842 2507 1898 2534 otc.

1304 2565 1350 2597 Ad
1374 2565 1435 2598 hoe
1466 2575 1524 2597 nos
1560 2565 1644 2598 Deus
1674 2564 1823 2597 militanti
1849 2563 2012 2597 Ecclesiae

1260 2618 1438 2661 praeficere
1468 2618 1618 2661 dignatus
1638 2623 1701 2659 est,
1734 2623 1779 2658 ut,
1808 2617 2012 2661 singulorum

2028 234 2065 260 »tn
2094 234 2120 259 Cv
2145 234 2204 261 1571
