2237 3100
49 241 97 268 An.
116 241 143 267 C.
164 239 231 267 ¹565

69 1157 134 1179 Situm
147 1162 184 1184 pro
195 1162 232 1177 nn<

49 1195 73 1210 va
97 1188 190 1209 ecelesia
211 1191 231 1208 et

50 1224 157 1242 conventu
169 1227 180 1241 a
191 1221 233 1240 via-

50 1259 93 1273 rum
127 1252 232 1278 magistris

49 1283 162 1309 designari,

77 2236 102 2258 Ei
118 2236 194 2257 dictam
206 2235 238 2257 ci-

51 2269 138 2289 vitatem
180 2267 236 2287 Pium

50 2299 111 2320 {onte
140 2302 161 2320 οι
189 2299 236 2319 ludo

51 2330 157 2352 tutem-10
166 2331 236 2351 ornari

53 2363 144 2383 mandat.

907 230 973 254 Ptt's
998 231 1027 253 [v
1054 229 1102 253 PF.

245 289 343 330 tibus,
369 287 425 332 qui
445 287 529 320 intra
548 285 740 320 decennium
757 283 915 329 ‘proxime
946 283 995 315 fu-

246 349 357 377 turum
378 341 543 375 annuatim
560 340 677 373 dictam
693 338 861 372 ecclesiam
879 338 911 370 in
934 337 997 369 siu—

245 397 330 441 gulis
348 394 520 429 DominiN.
535 395 559 427 I.
573 394 605 427 C.
625 405 661 426 ac
678 393 820 426 ciusdem
837 391 997 434 gloriosis-

246 450 345 484 simae
370 448 507 491 Virginis
544 447 650 481 Matris
686 445 925 485 festivitatibus,
961 456 997 477 ac

247 504 340 537 etiam
362 502 418 547 qui
438 502 521 534 infra
541 500 715 534 triennium
738 499 918 543 proximum
933 499 997 531 sin-

245 557 330 601 gulis
349 555 519 590 dominicis
538 555 662 593 dicbus,
683 560 854 597 antequam
875 553 998 597 praesa-

246 617 312 644 tam
330 610 476 643 nondum
496 609 654 649 dirutam,
685 619 740 641 seu
761 612 833 651 post
852 606 921 639 eius
941 607 998 639 de-

246 663 447 698 molitionem
467 663 591 696 noviter
611 660 873 701 construendam,
898 659 999 692 ecclc-

246 719 308 751 sias
327 717 508 762 praedictas
528 717 638 750 devote
660 714 865 753 visitaverint,
879 719 906 746 et
924 713 999 746 Ora-

246 771 366 805 tionem
381 770 581 804 Dominicam
594 781 631 803 ac
649 769 881 803 Salutationem
897 768 1000 809 Ange-

245 825 342 859 licam
354 825 398 858 ibi
412 830 458 858 ter
474 823 696 863 recitaverint,
718 821 844 866 quotics
864 821 896 854 id
914 822 998 854 fece-

246 880 322 921 rint,
349 878 442 912 toties
474 878 650 922 plenariam
681 876 827 910 omnium
853 879 999 919 pcccato-

247 944 321 967 rum
345 944 481 966 suorum
505 931 728 966 remissionem
749 929 1000 963 misericorditer

248 988 280 1021 in
304 988 441 1021 Domino
475 986 683 1020 concedimus
712 990 743 1018 et
768 984 944 1027 elargimur
968 983 1000 1016 in

247 1042 351 1075 forma
365 1041 528 1075 Ecclesiae
550 1045 715 1073 consueta.

291 1096 306 1139 ξ
326 1095 358 1129 6.
381 1096 417 1128 Et
438 1095 582 1138 insuper,
606 1104 664 1138 pro
686 1097 846 1125 conventu
865 1091 1000 1135 eiusque

248 1149 382 1183 ecclesia
402 1149 441 1182 de
461 1159 542 1182 novo
564 1145 734 1180 fundandis
759 1152 790 1178 ot
809 1150 1000 1178 construen-

247 1203 306 1245 dis,
329 1214 438 1237 aream
456 1202 618 1245 situmque
639 1200 896 1239 convenientem,
920 1199 1002 1232 arbi-

247 1257 308 1290 trio
329 1257 521 1291 dilectorum
551 1256 693 1288 filiormn
723 1253 839 1287 nobilis
862 1253 919 1285 viri
944 1252 1002 1285 Ga-

246 1311 308 1344 brii
343 1310 535 1351 Seibelloni,
563 1309 638 1342 dicti
671 1308 768 1351 Burgi
803 1312 831 1340 ct
863 1307 1000 1339 militum

246 1371 433 1399 nostrorum
454 1363 736 1408 praetorianorum
756 1361 923 1406 praefecti⁷
942 1371 1001 1393 no-

247 1419 316 1460 stri,
330 1419 509 1452 secundum
525 1428 668 1457 carnem,
682 1415 789 1448 fratris
805 1414 1001 1455 consobrini,

247 1479 278 1507 ct
296 1472 419 1506 Horatii
437 1472 512 1506 Nari
542 1482 578 1504 ac
612 1470 798 1514 Hieronymi
823 1470 861 1502 de
881 1468 999 1509 Picliis,

247 1527 365 1561 nobilis
383 1526 529 1567 Romani,
551 1525 794 1564 modernorum,
808 1529 835 1557 et
849 1534 908 1568 pro
921 1529 1002 1556 tem-

247 1592 327 1626 pore
362 1581 563 1614 existentium
594 1579 694 1624 ipsius
718 1578 812 1611 Urbis
836 1577 1003 1620 magistro-

248 1647 321 1669 rum
358 1636 494 1675 viarum,
531 1633 685 1677 assignari
719 1633 868 1665 volumus
906 1637 1002 1675 atque

248 1689 451 1723 mandamus.
473 1688 596 1728 Quibus
612 1688 707 1721 etiam
728 1685 829 1731 priori
850 1690 880 1718 et
899 1685 1002 1717 fratri-

247 1745 320 1784 bus,
343 1754 402 1787 pro
422 1742 637 1776 satisfactione
659 1742 852 1775 damnorum
869 1739 1003 1772 demoli-

247 1797 342 1832 tionis
362 1797 517 1831 ecclesiae
532 1824 539 1838 ,
559 1796 607 1830 bis
641 1795 731 1829 mille
765 1800 855 1827 scuta
875 1793 952 1827 solvi
973 1799 1001 1827 et

246 1852 412 1886 numerari
428 1851 592 1885 iussimus.
610 1850 787 1894 Antiquam
803 1853 911 1881 autem
928 1858 1004 1880 con-

247 1911 360 1940 ventus
387 1910 417 1940 et
444 1905 599 1939 ecclesiae
628 1905 847 1948 praefatorum
882 1901 999 1941 situm,

248 1970 323 1995 cum
343 1959 485 2004 primum
506 1959 589 1992 dicta
614 1958 749 1991 ecclesia
768 1957 873 1990 diruta
894 1955 1000 1997 fuerit,

249 2026 286 2048 ex
305 2024 393 2047 nunc
409 2018 506 2058 prout
522 2024 558 2046 cx
570 2018 647 2045 tunc
663 2013 881 2055 profanamus,
899 2015 927 2043 et
944 2020 1002 2053 pro

249 2079 324 2103 area
339 2078 375 2101 ac
391 2066 645 2112 propugnaculis
661 2066 762 2099 dictae
776 2065 859 2098 arcis
874 2065 911 2097 ad
932 2076 1004 2108 pro-

249 2123 340 2156 fanos
360 2133 438 2155 usus
458 2120 645 2154 reducimus
664 2126 695 2153 et
714 2120 940 2153 convertimus.

294 2178 309 2221 g
329 2177 360 2210 7.
384 2176 455 2209 Yias
474 2181 582 2208 autem
603 2186 640 2207 ac
660 2175 773 2207 domos
786 2201 793 2215 ‚
816 2174 933 2218 palatia
954 2185 1003 2207 ce-

250 2237 383 2275 teraque
403 2230 549 2264 aedificia
566 2229 658 2262 solita
674 2229 776 2262 dietae
793 2228 925 2262 civitatis
940 2229 1004 2262 Piae

251 2285 284 2318 in
303 2284 436 2330 planitie
456 2283 595 2327 aequali,
615 2283 722 2327 quoad
742 2283 884 2327 primum
901 2284 1004 2316 solare

252 2351 289 2373 ac
308 2338 511 2373 altitudinem
532 2337 684 2370 stillicidii
704 2337 905 2379 grundarum
926 2337 1004 2370 recti

251 2393 425 2437 vulgariter
452 2391 650 2435 nuncupati,
681 2390 807 2434 frigoris
834 2396 1005 2435 aestusque

252 2442 445 2477 defendendi
465 2442 576 2485 gratia,
598 2441 711 2474 eodem
736 2440 857 2484 pariter
872 2441 1004 2475 arbitrio

253 2492 397 2526 construi
418 2498 449 2525 et
469 2491 631 2527 sabricari;
655 2501 704 2529 ac,
718 2490 755 2522 ad
772 2490 935 2533 publicam
956 2491 1004 2524 di-

254 2547 380 2576 ctorum
401 2542 581 2575 incolarum
604 2545 631 2573 et
653 2539 866 2573 habitantium
889 2539 1006 2573 utilita-

252 2597 318 2624 tem
338 2597 369 2624 et
388 2591 604 2634 refrigerium,
623 2601 661 2623 ex
681 2589 801 2622 Palatio
822 2590 1005 2633 Apostolico

254 2640 417 2675 destinatis
453 2641 501 2674 vel
530 2640 600 2673 aliis
619 2638 894 2673 commodioribus
913 2640 1006 2683 aquis

1679 208 1744 242 :383

1039 291 1159 323 sontem
1181 288 1213 321 in
1234 286 1340 320 medio
1365 284 1467 318 dictae
1488 280 1620 316 civitatis
1640 278 1787 319 excitari;

1040 343 1218 386 ludumque
1238 342 1404 374 literarum
1435 348 1491 371 seu
1516 336 1659 369 scholam
1680 333 1788 378 publi-

1041 408 1110 430 cam
1144 407 1202 440 pro
1232 394 1341 439 pueris
1366 398 1396 425 et
1415 389 1672 425 adolescentibus
1692 387 1790 431 gratis

1040 449 1212 483 [mles-(mdis
1246 447 1392 481 similiter
1425 444 1546 478 institui
1585 448 1615 476 et
1651 441 1790 486 aperiri,

1040 505 1257 547 magistroque
1278 507 1308 535 et
1328 498 1541 546 praeceptori,
1563 496 1619 541 qui
1639 495 1741 528 literis
1761 500 1792 528 et

1040 557 1132 590 bonis
1161 556 1305 589 moribus
1341 565 1395 588 cos
1424 553 1576 590 instruat,
1598 550 1635 583 de
1655 549 1790 582 honesto

1041 611 1169 650 salario,
1188 622 1224 642 cx
1245 608 1450 654 proventibus
1470 605 1613 649 gabellae
1626 603 1728 637 Studii
1747 603 1791 636 al-

1041 676 1111 697 mae
1124 664 1215 697 Urbis
1231 662 1434 700 assumendo,
1447 657 1606 704 provideri
1622 657 1792 690 statuimus

1041 724 1071 750 et
1091 718 1290 750 ordinamus.

1085 772 1099 814 ξ
1119 771 1150 804 8.
1183 771 1240 810 131,
1262 775 1297 802 ut
1317 767 1498 813 promptius
1532 772 1562 800 et
1594 764 1733 798 alacrius
1752 765 1806 797 ad.

1806 812 1850 825 rum
1872 806 1898 826 ibi
1915 807 1989 826 aeddi-

1804 217 1852 242 An.
1874 213 1902 240 C.
1921 214 1986 241 1565

1829 774 1863 796 Eut
1873 775 1989 795 lenta-sitvo-

1041 824 1277 857 ae‹.lificamlmn
1307 833 1439 861 onmes,
1463 820 1601 854 cuiusvis
1624 819 1742 862 gradus
1761 825 1896 857 ctemumm
1926 839 1991 863 privt-

1042 878 1243 915 conditionis‚
1259 876 1442 910 alliciantur
1462 879 1489 907 ct
1512 874 1700 913 invitentur,
1722 873 1792 917 qui-

1041 933 1243 975 buscumque
1264 930 1410 975 personis
1431 927 1673 968 ecclesiasticis,
1697 928 1792 961 etiam

1042 997 1249 1031 quacumque
1269 985 1421 1028 dignitate
1442 983 1661 1025 fungentibus,
1679 987 1715 1015 ut
1734 992 1793 1026 pro

1043 1052 1079 1074 ea
1108 1040 1298 1084 quantitate,
1326 1049 1389 1082 qua
1409 1037 1451 1070 ibi
1477 1036 1731 1077 aedificaverint,
1755 1036 1794 1070 de

1043 1096 1140 1129 rebus
1157 1100 1184 1128 et
1200 1094 1294 1127 bonis
1305 1093 1369 1126 suis
1385 1092 1646 1136 quibuscumque
1662 1090 1695 1123 in
1709 1090 1794 1123 Urbe

1043 1155 1073 1182 et
1093 1149 1167 1182 alibi
1189 1149 1387 1191 ubicumque
1420 1148 1567 1180 locorum
1596 1144 1796 1178 consistenti-

1043 1204 1115 1243 bus,
1138 1203 1233 1235 etiam
1267 1212 1349 1244 quae
1378 1200 1437 1234 suh
1462 1199 1593 1233 nomine
1617 1198 1796 1243 spoliorum

1043 1258 1195 1291 Gamerae
1216 1255 1417 1300 ,lpostolicae
1442 1253 1625 1287 debitorum
1651 1263 1797 1296 compre-

1043 1311 1241 1350 hcmluntur,
1260 1310 1344 1341 ultra
1360 1307 1504 1341 aedilicia
1516 1307 1669 1351 praefata,
1689 1306 1796 1340 testari

1044 1370 1074 1397 et
1094 1364 1172 1397 alias
1192 1363 1372 1407 disponere.
1404 1362 1535 1394 Necnon
1558 1361 1634 1404 ipsis
1654 1360 1686 1393 in
1706 1360 1796 1394 intir-

1045 1419 1153 1451 mitatc
1175 1417 1367 1453 constitutis,
1388 1427 1423 1449 ac
1444 1415 1539 1449 etiam
1555 1415 1654 1457 laicis,
1665 1421 1701 1449 ut
1716 1426 1798 1460 prze-

1045 1473 1157 1512 scrtur,
1171 1471 1426 1511 acdificantilms,
1449 1470 1543 1504 etiam
1564 1470 1597 1503 in
1613 1471 1697 1504 alma
1712 1470 1797 1504 Urbe

1044 1532 1073 1559 et
1093 1527 1237 1559 Romana
1257 1525 1351 1559 Curia
1371 1525 1603 1568 praesentibus,
1621 1524 1797 1558 dummodo

1045 1592 1101 1624 per
1130 1580 1241 1623 viginti
1262 1579 1329 1612 dies
1349 1579 1602 1623 supervixerint,
1622 1589 1797 1621 quaecum-

1044 1646 1106 1678 qut=
1140 1634 1262 1668 venalia
1295 1633 1397 1666 dictae
1426 1632 1540 1666 Curiae
1565 1632 1680 1673 officia,
1701 1633 1796 1666 etiam

1044 1699 1102 1732 per
1121 1692 1378 1731 procuratorem,
1396 1697 1454 1731 pro
1475 1686 1683 1720 concurrenti
1701 1686 1799 1720 facta-

1044 1753 1117 1775 rum
1133 1753 1151 1774 a
1167 1752 1199 1775 se
1211 1741 1407 1774 fabricarum
1422 1740 1621 1781 huiusmodi,
1634 1741 1798 1784 resignare

1044 1807 1081 1829 ac
1115 1796 1247 1836 cedere3
1284 1801 1313 1829 et
1346 1795 1580 1838 resignationes
1612 1794 1799 1828 huiusmodi

1045 1850 1177 1883 omnino
1212 1849 1336 1882 admitti
1360 1849 1478 1883 debere
1499 1855 1530 1882 ct
1548 1848 1703 1882 admissas
1723 1860 1798 1882 cen-

1045 1903 1107 1937 seri
1141 1914 1198 1946 per
1231 1903 1411 1947 simplicem
1445 1913 1638 1936 consensum
1659 1903 1800 1947 desuper

1044 1959 1292 2002 praestamlum,
1315 1969 1352 1991 ac
1378 1968 1472 1991 suum
1507 1957 1689 2002 plenarium
1725 1957 1800 1990 elfe-

1045 2017 1132 2045 ctum
1154 2011 1272 2045 sortiri.
1296 2012 1510 2055 Regularibus
1529 2022 1614 2052 vero,
1636 2017 1671 2044 ut
1686 2011 1799 2044 domos

1046 2077 1104 2110 per
1123 2066 1210 2110 ipsos
1239 2064 1271 2097 in
1301 2065 1384 2098 dicta
1418 2065 1542 2099 civitate
1576 2069 1796 2104 constructas,

1046 2120 1203 2164 personis,
1227 2120 1321 2153 etiam
1343 2119 1568 2164 incapacibus,
1595 2118 1690 2152 etiam
1712 2118 1799 2152 iuxta

1045 2174 1211 2219 privilegia
1234 2175 1352 2207 montis
1377 2174 1449 2207 fidei
1475 2174 1513 2207 dc
1538 2174 1622 2207 Urbe
1637 2200 1644 2214 ,
1667 2178 1695 2207 et
1716 2185 1799 2218 quae

1045 2229 1170 2262 dilectis
1198 2228 1271 2261 filiis
1300 2229 1386 2261 illius
1411 2228 1616 2272 portionariis
1641 2228 1800 2262 montistis

1046 2283 1241 2327 nuncupatis
1267 2294 1420 2316 concessa
1441 2287 1530 2324 sunt,
1558 2282 1704 2315 similiter
1724 2292 1800 2316 con-

1047 2349 1134 2371 cessa
1155 2337 1216 2370 sint
1236 2342 1266 2370 et
1285 2347 1353 2370 esse
1378 2336 1614 2379 intelligantur,
1637 2336 1732 2370 etiam
1753 2336 1800 2369 in-

1046 2396 1094 2425 ter
1113 2392 1197 2424 vivos
1217 2397 1247 2424 et
1267 2401 1363 2424 causa
1385 2391 1497 2423 mortis
1512 2391 1632 2424 donare
1654 2395 1685 2424 et
1703 2390 1800 2424 relin-

1047 2452 1145 2484 quere
1166 2452 1202 2473 ac
1223 2439 1301 2473 alias
1316 2440 1354 2473 de
1375 2440 1437 2473 illis
1457 2439 1642 2484 disponere.

1091 2490 1105 2533 ξ
1126 2490 1156 2523 9.
1180 2489 1329 2523 Ecclesiis
1345 2500 1418 2522 vcro
1439 2494 1467 2522 et
1489 2489 1568 2522 locis
1587 2489 1648 2534 piis
1668 2489 1800 2532 quibus-

1805 866 1867 894 legin,

1852 2502 1995 2530 [meorumque

1047 2551 1187 2583 cumque
1202 2567 1209 2579 ‚
1231 2551 1314 2584 quae
1339 2550 1438 2584 penes
1463 2550 1704 2583 quamcumque
1733 2537 1902 2572 ido-1'10'0ffl·

1047 2600 1141 2622 neam
1161 2600 1333 2633 personam
1354 2595 1407 2622 aut
1429 2589 1542 2623 aedem
1563 2599 1686 2622 sacram
1717 2593 1747 2622 et
1766 2588 1799 2620 in

1047 2650 1256 2684 quocumque
1286 2640 1357 2673 loco
1378 2639 1543 2684 pecunias,
1574 2639 1614 2672 ad
1647 2638 1798 2674 effectum
