2237 3100
27 295 74 320 An.
93 294 121 319 C.
144 292 204 319 t571

83 983 200 1011 Ossiriaque

19 1017 103 1044 antiqua
115 1017 202 1043 inquISi-

19 1048 98 1071 toribus
125 1048 200 1068 consi-

18 1079 74 1107 gnari
89 1079 181 1105 mundun

47 1745 142 1767 Officium
157 1751 195 1767 vt·-

15 1782 38 1799 ro
60 1776 195 1798 reformatum

15 1808 116 1830 immutari
151 1814 194 1829 non

15 1844 76 1867 posse
87 1839 167 1866 siz-tuin

53 2335 196 2362 indulgentias

15 2368 66 2390 illud
86 2369 198 2390 recitanti-

16 2398 54 2422 δα·
67 2400 173 2425 concedit3

901 289 968 313 Plt's
991 289 1009 311 V
1034 289 1081 311 PP.

225 353 288 386 que
308 341 563 381 remissionibus,
584 352 668 384 quae
688 341 899 374 recitantibus
914 341 981 384 ple-

225 406 343 439 rasque
364 406 401 428 ex
426 395 628 428 orationibus
645 395 715 427 aliis
732 395 845 427 ciliciis
866 395 978 427 liuius-

225 449 312 482 modi
333 449 473 489 insertis,
502 455 597 493 prout
618 448 756 481 rubricis
781 449 900 481 ibidem
921 460 978 493 ap-
999 468 1001 480 .

223 501 336 545 positis
356 501 565 545 designatur,
589 501 826 541 conceduntur,
854 501 976 533 nullam

223 560 344 589 certam
371 561 478 589 extare
504 555 590 599 apud
608 554 784 588 Ecclesiam
805 554 975 593 rationem;

222 613 397 652 propterea
417 608 493 642 ritui
509 613 540 641 et
560 607 767 647 ordinationi,
786 607 883 639 liuius
906 607 976 639 offi-

223 661 264 695 cii
288 661 479 695 recitatione
513 661 558 694 sic
579 672 596 693 a
623 660 716 693 nobis
742 660 773 692 in
804 659 975 692 universali

221 714 364 748 Ecclesia
384 713 536 754 instituti,
559 724 591 746 se
612 713 864 752 conformantes,
887 712 975 745 aliud

221 767 365 801 eiusdem
391 768 505 801 Beatae
535 767 652 800 Mariae
684 777 782 810 quant
818 767 880 799 boc
916 777 974 799 no-

220 827 324 854 strum
355 821 499 855 officium
530 831 596 855 non
628 821 794 864 perlegant
819 820 866 852 vel
892 819 974 852 reei-

219 881 296 909 tent.

263 929 278 972 ξ
297 928 328 962 6.
351 928 396 961 Ac
416 933 452 961 ut
471 927 617 972 ipsorum
639 927 822 961 officiorum
834 926 975 969 vulgaris

218 982 380 1016 idiomatis
400 988 431 1016 et
455 982 616 1015 sermonis
636 982 756 1015 abusus
785 981 890 1024 reipsa
921 991 974 1024 pe-

217 1036 303 1070 nitus
323 1028 502 1077 aboleatur,
523 1036 634 1070 cadem
656 1035 764 1069 omnia
784 1046 843 1079 per
860 1045 973 1068 omnes

217 1096 247 1124 et
267 1090 411 1134 singulos
435 1091 617 1124 saeculares
641 1091 691 1123 vel
720 1089 970 1129 ecclesiasticos,

216 1145 312 1179 etiam
334 1145 373 1178 ad
394 1144 620 1178 recitationem
636 1143 830 1177 antedictam
852 1155 973 1187 nequa-

215 1209 314 1242 quam
334 1197 506 1231 adstrictos
521 1224 528 1238 ,
552 1197 801 1240 inquisitoribus
831 1197 972 1230 haereti-

215 1262 271 1285 cae
295 1251 472 1294 pravitatis,
495 1252 617 1294 absque
657 1262 712 1294 spe
744 1251 876 1284 illorum
911 1261 972 1283 un-

214 1316 312 1350 quam
332 1304 603 1348 recuperationis,
626 1304 690 1337 alia
703 1315 778 1337 vero
792 1304 892 1337 latino
906 1314 972 1337 ser-

214 1370 310 1393 mone
330 1365 361 1393 et
381 1358 452 1392 aliis
471 1358 562 1392 libris
596 1358 729 1399 inserta,
757 1358 795 1390 ad
817 1358 970 1391 effectum

213 1413 408 1447 emendandi
433 1418 464 1446 et
494 1423 511 1445 a
546 1409 687 1444 maculis
709 1422 766 1445 sen
800 1411 970 1444 erroribus

213 1466 439 1511 expurgandi,
473 1465 533 1498 sibi
567 1465 797 1510 postmodum,
825 1475 900 1498 cum
927 1465 971 1498 sie

212 1531 271 1565 per
291 1521 421 1554 eosdem
450 1519 659 1563 inquisitores
692 1525 868 1563 exlnu‘gata
901 1520 970 1552 sue-

211 1574 504 1616 rint,restituenda,
518 1573 701 1617 consignari
714 1584 813 1617 quam
826 1573 969 1617 primum

211 1627 374 1661 iubemus.

256 1682 270 1725 ξ
290 1681 321 1714 7.
345 1681 526 1715 Statuentes
546 1680 624 1714 huic
645 1685 757 1713 nostro
775 1680 890 1713 officio
909 1691 970 1713 nu-

211 1745 271 1780 per
289 1735 376 1768 edito
396 1734 478 1768 nihil
498 1735 565 1768 ullo
579 1745 736 1778 umquam
749 1740 896 1778 tempore
913 1745 972 1778 per

211 1800 466 1833 quemcumque,
490 1789 602 1834 quavis
622 1788 814 1821 auctoritate
835 1789 971 1831 fungen-

210 1847 286 1883 tem,
312 1842 425 1886 quovis
456 1847 625 1887 praetextu
653 1841 739 1882 addi,
767 1841 893 1874 detrahi
922 1842 970 1874 vel

210 1895 377 1929 immutari
397 1896 526 1929 debereL
550 1896 596 1929 Ac
617 1905 730 1929 omnes
755 1900 786 1927 et
806 1894 967 1938 singulos,

209 1949 380 1994 quiipsum
391 1950 425 1983 B.
436 1949 553 1982 Mariae
563 1949 719 1989 officium,
731 1953 766 1981 ut
774 1948 968 1992 praefertur,

209 2004 329 2044 dicere,
350 2003 488 2047 psallere
514 2009 545 2036 ct
574 2002 711 2036 recitare
741 2007 904 2043 tenentur,
934 2013 971 2035 ex

209 2057 307 2091 huius
324 2058 427 2091 nostri
447 2056 585 2090 Romani
602 2057 700 2090 oflicii
722 2056 923 2100 praescripto
940 2061 970 2089 et

210 2111 336 2145 ratione
357 2112 397 2145 ad
414 2111 447 2145 id
462 2111 596 2145 omnino
608 2111 767 2154 obligatos
783 2121 850 2143 esse
867 2115 897 2143 et
912 2121 969 2144 ne-

210 2165 332 2199 minem
354 2165 482 2198 muneri
497 2175 567 2205 suo,
587 2164 648 2198 nisi
668 2165 728 2197 hac
742 2164 861 2205 ferma,
879 2164 969 2197 satis-

210 2219 316 2253 facere
338 2229 444 2262 posse.

256 2273 271 2316 ἓ
291 2272 322 2307 8.
345 2273 401 2314 Ac,
425 2278 460 2306 ut
480 2272 628 2306 fidelium
650 2272 796 2305 omnium
823 2273 970 2305 voluntas

212 2332 243 2360 et
263 2326 405 2360 studium
427 2326 529 2369 magis
546 2326 585 2359 ad
606 2326 780 2359 salutarem
797 2326 894 2359 buius
911 2336 969 2359 no-

212 2379 269 2414 stri
290 2380 387 2414 officii
407 2380 441 2413 Β.
461 2380 577 2413 Mariae
593 2379 732 2423 Virginis
745 2385 773 2413 et
786 2379 968 2413 orationum

212 2434 245 2467 in
267 2445 304 2467 eo
325 2434 536 2467 reductarum
561 2433 735 2467 lectionem
756 2438 786 2466 et
807 2444 902 2466 usum
924 2434 972 2467 in-

212 2482 342 2523 vitetur,
366 2483 404 2515 de
425 2482 658 2525 omnipotentis
677 2482 732 2515 Dei
750 2482 971 2516 misericordia

213 2542 250 2565 ae
269 2532 440 2565 beatorum
470 2531 555 2564 Petri
576 2536 606 2564 ct
630 2531 720 2564 Pauli
747 2531 971 2575 apostolorum

213 2581 284 2615 eius
303 2581 494 2614 auctoritate
520 2580 644 2621 confisi,
665 2581 817 2614 omnibus
847 2586 878 2614 et
906 2582 971 2614 sin-

213 2630 308 2674 guliS,
331 2630 386 2674 qui
403 2630 442 2663 ad
463 2629 687 2663 recitationem
702 2630 890 2663 huiusmodi
906 2640 972 2664 non

213 2683 376 2720 tenentur,
403 2679 530 2723 quoties
562 2678 646 2711 istud
673 2678 717 2712 sic
747 2679 786 2712 de
820 2679 970 2714 mandato

1669 277 1733 310 899

1023 345 1132 373 nostro
1148 340 1370 379 reformatum,
1385 338 1620 382 quinquaginta
1632 339 1711 380 dies,
1722 340 1776 383 qui

1022 404 1098 427 vero
1118 394 1350 426 llesunctorum
1373 393 1516 425 osticium
1549 393 1662 425 eodem
1689 394 1778 427 volu-

1022 448 1108 480 mine
1125 447 1295 486 insertum,
1311 447 1391 479 alios
1407 446 1635 490 ‹⁷1uiquaginta3
1651 447 1707 490 qui
1728 458 1776 480 se-

1020 506 1107 544 ptem
1119 500 1279 544 psalmos¹
1297 505 1351 533 aut
1361 500 1543 544 graduales,
1553 500 1647 532 etiam
1661 500 1776 533 eodem

1019 553 1183 586 volumine
1194 553 1290 586 insert
1300 580 1318 593 .,
1331 553 1410 586 alios
1423 553 1673 597 quinquaginta3
1685 553 1776 597 etqui

1018 606 1160 649 aliquam
1183 618 1219 640 ex
1240 607 1443 640 orationibus
1459 607 1578 639 ibidem
1595 607 1718 651 pariter
1730 607 1777 640 in—

1019 659 1111 693 sertis
1131 661 1242 693 devote
1259 660 1474 696 recitaverint,
1493 660 1573 693 alios
1589 660 1776 703 quindecim

1018 713 1084 746 dies
1106 714 1144 746 de
1167 714 1320 747 iniunctis
1340 714 1400 746 sibi
1422 713 1630 757 poenitentiis
1650 713 1776 747 miseri-

1019 767 1160 800 corditer
1183 767 1215 799 in
1236 767 1371 800 Domine
1403 768 1601 807 relaxamus3
1628 767 1777 810 obligatis

1017 831 1091 853 vero
1113 831 1166 853 eas
1187 821 1352 853 dumtaxat
1376 820 1595 863 indulgentias
1624 821 1776 854 coneedi—

1017 884 1101 915 mus,
1124 885 1207 917 (luae
1229 874 1342 906 litteris
1362 874 1479 907 nostris
1505 884 1603 917 super
1623 874 1777 907 reforma-

1016 927 1103 960 tione
1124 928 1195 960 novi
1214 927 1368 961 Breviarii
1389 927 1481 960 editis
1505 927 1727 969 designantur,
1746 933 1776 960 et

1016 981 1205 1014 huiusmodi
1226 982 1341 1014 Beatae
1362 981 1478 1014 Mariae.
1492 980 1629 1023 Virginis
1650 985 1705 1013 aut
1719 981 1777 1014 De-

1016 1035 1203 1067 functorum
1215 1035 1358 1068 officium
1372 1035 1418 1067 vel
1432 1040 1553 1077 septem
1565 1035 1707 1077 psalmos
1721 1040 1776 1068 aut

1015 1090 1187 1132 graduales
1208 1089 1419 1122 recitantibus
1440 1088 1675 1122 conceduntur.

1059 1143 1074 1186 ἓ
1094 1143 1125 1176 9.
1148 1143 1334 1176 Mandantes
1354 1142 1506 1175 omnibus
1527 1147 1557 1175 et
1573 1142 1708 1184 singulis
1723 1152 1774 1175 ve·
1797 1150 1973 1186 praelautum„

1015 1197 1216 1230 nerabilibus
1237 1196 1390 1230 sratrilints
1420 1196 1537 1228 nostris
1562 1195 1772 1239 patriarchis,

1015 1250 1283 1294 archiepiscopis,
1307 1249 1468 1293 episcopis
1494 1254 1524 1281 et
1548 1249 1674 1282 dilectis
1698 1249 1774 1282 filiis

1014 1304 1198 1344 abbatibus,
1212 1303 1378 1347 prioribus
1390 1308 1419 1335 et
1432 1303 1547 1336 ceteris
1562 1302 1773 1335 eeclesiarum

1015 1358 1166 1401 praelatis
1189 1363 1220 1390 ut
1243 1357 1368 1400 reliqua
1388 1357 1497 1389 onmia
1511 1357 1544 1389 B.
1569 1355 1685 1388 Mariae
1707 1355 1774 1388 Yir-

1014 1412 1108 1455 ginis,
1132 1412 1227 1444 etium
1250 1422 1308 1455 per
1327 1422 1385 1443 nos
1406 1411 1554 1455 privatim
1577 1410 1770 1449 constituta,

1014 1466 1053 1499 ab
1079 1466 1231 1498 omnibus
1256 1464 1295 1497 ad
1330 1464 1553 1497 recitationem
1586 1463 1773 1497 huiusmodi

1014 1519 1261 1563 quomodolibet
1280 1518 1458 1557 adstrictisj,
1481 1517 1549 1561 ipsa
1570 1527 1644 1549 vero
1660 1517 1772 1560 vulga-

1014 1573 1057 1606 ris
1078 1572 1241 1605 idiomatis
1253 1577 1283 1605 et
1304 1571 1464 1605 sermonis
1478 1570 1596 1611 officia,
1620 1570 1717 1603 etiam
1733 1569 1771 1602 ab

1013 1626 1062 1659 liis
1083 1626 1139 1669 qui
1160 1626 1250 1658 nullo
1271 1630 1365 1669 pacto
1386 1625 1425 1657 ad
1446 1624 1478 1656 id
1507 1623 1652 1656 adstricti
1679 1628 1768 1663 sunt,

1014 1680 1143 1724 penitus
1164 1679 1281 1719 omitti,
1300 1679 1404 1719 reiici‘,
1422 1683 1517 1722 atque
1530 1677 1653 1720 vulgari
1681 1677 1726 1710 sic
1742 1681 1772 1709 et

1012 1735 1135 1778 pariter
1155 1734 1228 1774 alia,
1252 1733 1348 1766 etiam
1376 1732 1474 1764 latino
1501 1741 1651 1764 sermone
1682 1741 1771 1763 conl-

1013 1788 1128 1830 posita,
1151 1788 1247 1820 etiam
1269 1787 1339 1819 aliis
1358 1785 1450 1818 libris
1475 1785 1605 1825 inserta,
1633 1783 1771 1827 inquisi-

1013 1836 1329 1880 torilmspraedictis,
1340 1836 1379 1869 ad
1395 1835 1546 1868 effectum
1561 1833 1771 1873 antedictum,

1013 1885 1094 1918 tradi
1111 1891 1140 1919 et
1156 1885 1339 1928 consignari
1357 1885 1436 1917 iuris
1452 1882 1646 1927 opportunis
1666 1893 1771 1915 reme-

1013 1935 1074 1969 diis
1094 1941 1219 1969 eurent.
1248 1935 1396 1970 Officium
1417 1945 1491 1967 vero
1513 1933 1597 1966 istud
1623 1938 1770 1965 nostrum

1012 1984 1045 2016 B.
1070 1984 1186 2018 Mariae
1207 1984 1344 2028 Virginis
1365 1984 1397 2016 in
1422 1982 1574 2017 omnibus
1590 1986 1620 2014 et
1637 1981 1771 2024 singulis

1012 2044 1146 2066 suarum
1169 2033 1333 2067 civitatum
1356 2038 1386 2066 et
1406 2033 1592 2066 dioecesum
1609 2031 1767 2072 ecclesiis,

1012 2084 1228 2123 monasteriis,
1241 2083 1467 2123 conventibus,
1481 2082 1667 2121 Ordinibus,
1683 2083 1769 2115 mili-

1012 2131 1075 2172 tiis,
1090 2133 1252 2173 oratoriis,
1267 2132 1418 2166 domibus
1431 2137 1460 2165 et
1472 2132 1552 2165 locis
1564 2131 1660 2164 etiam
1670 2131 1770 2165 laico-

1011 2192 1096 2223 rum,
1117 2182 1343 2222 introducant3
1366 2189 1395 2215 et
1417 2187 1480 2214 tam
1493 2181 1674 2224 ipsisquam
1687 2186 1771 2215 cete-

1013 2231 1057 2264 ris
1077 2232 1230 2267 omnibus
1251 2231 1460 2276 presbyteris,
1487 2230 1615 2263 clericis
1641 2234 1672 2262 et
1700 2230 1771 2264 aliis

1012 2281 1183 2325 utriusque
1204 2292 1297 2314 sexus
1322 2280 1543 2314 saecularibus
1563 2284 1594 2312 et
1613 2278 1771 2323 regulari-

1012 2329 1073 2363 bus
1089 2332 1237 2374 personis
1257 2329 1494 2369 ecclesiasticis,
1518 2339 1645 2363 necnon
1667 2328 1772 2362 militi-

1013 2379 1085 2420 bus,
1109 2381 1204 2414 etiam
1226 2379 1393 2424 exemptis,
1417 2379 1536 2423 quibus
1553 2378 1695 2420 dicendi,
1719 2390 1771 2412 re-

1013 2428 1133 2462 citandi
1154 2430 1377 2473 psallendique
1407 2428 1551 2461 officium
1582 2427 1771 2462 huiusmodi

1013 2479 1267 2521 quomodolibet,
1276 2484 1308 2511 ut
1319 2479 1510 2521 praefertur,
1520 2477 1703 2510 iniunctum
1711 2482 1769 2517 est,

1014 2532 1049 2560 ut.
1069 2538 1104 2560 ex
1126 2527 1313 2561 huiusmodi
1327 2527 1466 2560 formula
1480 2526 1602 2570 ubique
1620 2526 1702 2559 illud
1718 2537 1769 2559 re-

1014 2576 1112 2609 citare
1134 2582 1163 2610 et
1183 2578 1318 2621 psallere
1336 2581 1525 2620 procurent,
1543 2575 1709 2620 praedicta
1723 2576 1770 2608 in-

1014 2625 1179 2659 stitutione
1191 2626 1239 2658 vel
1254 2624 1490 2659 consuetudine
1500 2625 1657 2658 ducentos
1669 2635 1770 2658 annos

1053 2689 1061 2714 ¹
1083 2687 1151 2714 Add.
1171 2688 1235 2714 sorte
1250 2689 1450 2721 poenitentiales
1466 2687 1504 2721 (n.
1522 2687 1571 2721 τ.),

1795 287 1843 312 An.
1863 288 1880 311 (2
1909 286 1969 314 ¹571
