2237 3100
17 265 66 294 Άη.
85 264 114 292 C.
134 264 201 292 1565

86 968 198 990 Confirmat

13 999 111 1021 Pontifex
124 1000 199 1020 conri-

17 1031 139 1058 1111111,φιεη1
149 1037 195 1052 con-

14 1062 151 1083 firmationem
162 1068 197 1090 sy-

13 1094 80 1114 nodus
96 1094 165 1120 petiit,
176 1096 198 1114 ut

13 1124 101 1145 habetur
131 1130 197 1151 prope

15 1156 76 1176 tinem
86 1156 199 1177 1110ιί0011-

16 1186 65 1213 citii,

57 2411 203 2438 Praecilitque

22 2443 122 2469 praelatis
145 2447 164 2463 ei
181 2449 205 2463 a-

19 2473 52 2494 liis
67 2476 88 2494 ut
105 2474 153 2494 illud
170 2473 204 2494 ob-

19 2508 120 2530 serverin

903 263 970 287 PIUS
994 262 1024 286 tv
1049 263 1096 286 PP.

215 317 363 351 omnium
384 316 488 350 oculis
508 316 596 349 valde
614 316 761 349 mirabile
782 316 888 350 suerit.
907 318 968 350 Pro

214 381 279 415 quo
301 376 367 403 tam
388 370 544 413 singulari
564 370 618 403 Dei
640 381 774 403 munere
804 371 967 414 supplica-

213 424 317 457 tiones
345 424 451 457 statim
481 424 513 456 in
549 424 632 456 alma
652 424 712 456 bac
732 423 817 456 Urbe
851 424 964 456 indixi-

214 488 297 518 mus,
320 489 403 521 quae
424 489 539 521 magna
564 478 642 511 cleri
663 483 693 510 et.
714 478 825 521 populi
852 478 968 521 pietate

213 531 392 564 celebratae
413 531 544 564 suerunt
561 557 568 571 ‚
604 530 781 573 laudesque
802 535 831 563 et
852 531 969 573 gratias

213 585 338 618 divinae
358 585 510 618 Maiestati
532 585 647 618 merito
663 584 889 629 persolvendas
915 596 970 617 cu-

212 638 373 678 ravimus3
408 649 483 672 cum
514 638 674 672 eiusmodi
709 638 838 671 concilii
867 638 969 670 exitus

213 702 303 736 spem
324 702 474 735 magnam
495 697 525 725 et
549 703 651 736 prope
672 697 792 726 certam
812 691 966 731 attulerit,

212 745 282 778 sore
303 750 339 778 ut
358 745 498 778 maiores
518 745 552 778 in
572 745 640 778 dies
659 746 784 778 fructus
804 744 841 777 ad
859 745 968 777 Eccle-

216 798 296 832 siam
317 809 354 832 ex
374 798 476 842 ipsius
496 798 633 832 decretis
668 798 969 832 constitutionibus-

212 862 277 895 que
297 852 496 895 perveniant.

257 905 271 949 ἓ
291 904 323 938 2.
345 905 425 938 Cum
452 910 560 938 autem
585 906 654 948 ipsa
688 910 796 938 saneta
816 905 967 949 synodus,

213 969 271 1002 pro
300 969 358 991 sua
388 969 464 1002 erga
497 958 611 991 Sedem
638 958 855 1001 Apostolicam
884 969 970 991 reve-

213 1011 328 1052 rentia,
351 1012 563 1055 antiquorum
579 1010 675 1044 etiam
693 1011 909 1044 conciliorum
920 1022 970 1044 ve-

213 1065 315 1108 stigiis
335 1065 519 1105 inhaerens,
537 1064 745 1097 decretorum
759 1075 893 1098 suorum
904 1075 970 1097 om-

214 1119 319 1158 nium,
340 1129 423 1162 quae
444 1124 553 1151 nostro
570 1124 599 1151 et
615 1117 902 1162 praedecessorum
915 1129 970 1151 no-

213 1177 355 1206 strorum
377 1178 522 1216 tempore
543 1173 625 1204 sacta
645 1177 730 1211 sunt,
749 1172 970 1205 confirmatio-

212 1236 287 1259 nem
309 1236 326 1258 a
346 1226 439 1259 nobis
460 1225 600 1269 petierit,
623 1225 751 1258 decreto
768 1225 806 1258 de
827 1236 863 1258 ea
884 1237 917 1258 re
939 1226 970 1259 in

212 1280 344 1324 publica
369 1280 510 1313 sessione
533 1278 636 1318 sacto;
656 1289 714 1311 nos
734 1290 769 1312 ex
791 1280 969 1323 legatorum

212 1333 313 1366 literis
333 1333 433 1377 prius,
446 1333 574 1373 deinde,
594 1339 665 1376 post
681 1333 820 1366 reditum
843 1344 968 1375 eorum,

213 1398 250 1420 ex
270 1386 309 1420 iis
329 1397 412 1430 quae
434 1387 545 1431 synodi
566 1386 700 1419 nomine
726 1387 899 1430 diligenter
919 1398 970 1420 re-

213 1440 369 1480 tulerunt,
394 1440 612 1483 postulatione
640 1440 743 1482 ipsius
772 1440 881 1484 synodi
916 1451 970 1473 co-

213 1494 313 1536 gnita,
335 1493 445 1526 habita
465 1504 564 1537 super
583 1493 643 1525 hac
664 1504 697 1525 rc
715 1504 789 1525 cum
810 1493 972 1526 venerabi-

214 1547 299 1580 libus
324 1547 477 1580 fratribus
512 1547 630 1580 nostris
650 1547 680 1579 S.
704 1547 741 1579 R.
764 1547 799 1579 E.
823 1547 971 1579 cardina-

213 1600 298 1634 libus
314 1600 546 1633 deliberatione
562 1605 701 1640 matura,
719 1600 892 1643 Sanctique
903 1600 973 1644 Spi-

214 1654 295 1687 ritus
315 1654 347 1686 in
369 1654 483 1697 primis
504 1653 624 1686 auxilio
658 1653 817 1694 invocato,
840 1665 914 1686 cum
937 1665 971 1686 ea

213 1707 342 1740 decreta
362 1707 471 1740 omnia
492 1707 662 1746 catholica,
686 1712 716 1739 ct
741 1707 862 1749 populo
884 1707 971 1739 cliri-

214 1761 318 1794 stiano
342 1761 434 1794 utilia
464 1771 499 1793 ac
528 1760 680 1793 salutaria
701 1771 769 1793 esse
805 1761 971 1802 cognovis-

214 1824 334 1854 semus,
356 1813 395 1846 ad
415 1813 470 1846 Dei
491 1813 724 1857 omnipotentis
744 1813 874 1846 laudem
891 1840 897 1852 ,
934 1814 972 1846 de

215 1867 404 1900 eorumdem
426 1867 561 1899 fratrum
582 1872 767 1909 nostrorum
790 1867 925 1899 consilio
944 1872 969 1899 et

214 1930 359 1960 assensu,
382 1920 414 1952 in
431 1919 622 1953 consistorio
639 1924 748 1951 nostro
765 1925 900 1959 secreto,
920 1920 973 1952 illa

215 1974 324 2007 onmia
344 1979 375 2007 et
394 1973 532 2016 singula,
563 1973 755 2006 auctoritaie
783 1973 970 2016 apostolica,

213 2027 310 2060 hodie
331 2027 606 2067 confirmavimus,
621 2032 649 2060 et
663 2027 701 2059 ab
723 2027 874 2060 omnibus
887 2027 973 2059 cliri-

214 2081 406 2114 stifidelibus
429 2080 635 2124 suscipienda
655 2091 691 2113 ac
713 2080 870 2112 servanda
905 2091 974 2113 esso

214 2133 428 2173 decrevimus,
451 2134 546 2174 sicut,
573 2134 690 2166 harum
712 2143 843 2176 quoque
866 2133 974 2166 litera-

215 2197 288 2220 rum
309 2193 433 2227 tenore,
465 2186 504 2219 ad
525 2186 696 2219 clariorem
722 2187 869 2219 omnium
891 2187 974 2219 noti-

215 2240 292 2274 tiam
313 2240 545 2274 confirmamus
564 2266 570 2280 ,
594 2245 624 2273 et
644 2240 764 2284 suscipi
796 2240 974 2274 observari-

215 2305 278 2338 que
299 2294 518 2327 decernimus.

260 2349 275 2392 5
294 2348 326 2382 3.
349 2349 532 2381 Mandantes
545 2353 652 2380 autem
665 2348 695 2380 111
713 2348 830 2381 virtute
847 2354 974 2381 sanctae

218 2401 419 2435 obedientiae
437 2407 468 2435 et
488 2401 547 2434 sub
568 2401 683 2445 poenis
704 2412 720 2433 a
742 2402 841 2434 sacris
875 2412 973 2435 cano-

219 2451 314 2484 nibus
334 2451 517 2484 constitutis
549 2450 687 2493 aliisque
708 2451 922 2493 gravioribus,
945 2462 975 2484 c-

219 2501 294 2533 tiam
314 2500 512 2543 privationis,
541 2499 674 2532 arbitrio
696 2505 806 2533 nostro
828 2500 973 2543 infligen-

218 2550 278 2590 dis,
314 2550 472 2583 universis
506 2554 536 2582 et
568 2549 704 2592 singulis
738 2549 975 2583 venerabilibus

1655 249 1720 284 0245

1011 327 1083 348 rum
1105 315 1266 360 praelatis,
1293 314 1531 358 cuiuscumque
1552 318 1661 353 status
1694 325 1766 357 gra-

1010 371 1081 410 dus,
1109 369 1233 402 ordinis
1253 374 1283 402 et
1303 368 1467 411 dignitatis
1488 368 1561 408 sint,
1596 373 1626 401 et
1642 368 1766 400 etiamsi

1011 424 1227 456 cardinalatus
1247 423 1371 456 honore
1402 421 1634 466 praefulgeant,
1657 427 1693 454 ut
1713 432 1766 454 ea-

1010 478 1082 510 dem
1103 478 1232 510 decreta
1262 482 1292 509 et
1313 481 1430 509 statuta
1450 476 1483 508 in
1504 475 1649 508 ecclesiis
1677 475 1743 508 suis
1757 502 1764 515 ‚

1011 531 1190 564 civitatibus
1211 536 1241 564 et
1274 530 1499 568 dioecesibus,
1536 529 1568 561 in
1589 528 1709 562 iudicio
1737 534 1767 561 ct,

1011 590 1098 617 extra
1119 585 1290 623 iudicium,
1313 584 1484 627 diligenter
1504 583 1673 616 observent.
1693 588 1721 615 et
1750 594 1766 615 a

1011 638 1147 670 subditis
1171 639 1310 682 quisque
1331 638 1407 678 suis,
1429 637 1467 670 ad
1488 647 1570 681 quos
1585 636 1766 680 quomodo-

1012 691 1089 724 libet
1110 692 1269 734 pertinet,
1307 691 1534 724 inviolabiliter
1568 690 1685 723 faciant
1714 689 1768 722 ob-

1012 745 1143 782 servari;
1166 745 1420 777 contradictores
1445 744 1606 787 quoslibet
1634 748 1664 776 et
1693 754 1768 776 con-

1012 803 1156 831 tumaces
1177 809 1235 841 per
1263 798 1447 837 sententias,
1471 808 1625 831 censuras
1645 803 1675 830 et
1695 808 1768 841 poe-

1012 862 1068 884 nas
1089 852 1335 891 ecclesiasticas,
1363 852 1458 884 etiam
1480 852 1512 884 in
1534 852 1611 896 ipsis
1631 851 1769 884 decretis

1013 911 1190 945 contentas,
1203 905 1420 949 appellatione
1438 906 1623 949 postposita,
1641 916 1769 950 compe-

1013 960 1144 999 scendo,
1168 960 1313 992 invocato
1335 959 1428 992 etiam
1449 986 1455 999 ,
1483 960 1507 992 si
1542 970 1624 1003 opus
1644 959 1739 993 suerit
1759 987 1765 999 ‚

1012 1013 1137 1045 brachii
1159 1013 1333 1045 saecularis
1354 1013 1484 1046 auxilio.

1057 1066 1071 1109 ξ
1091 1066 1121 1098 lt.
1159 1066 1267 1109 ipsum
1302 1077 1376 1099 vero
1411 1067 1637 1100 charissimum
1664 1067 1768 1099 filium

1013 1124 1158 1151 nostrum
1180 1118 1407 1162 imperatorem
1424 1120 1563 1153 electum
1580 1125 1768 1163 ceterosque

1013 1182 1116 1215 reges,
1139 1173 1340 1216 respublicas
1360 1184 1396 1205 ac
1423 1173 1586 1217 principes
1620 1174 1768 1207 christia-

1013 1235 1071 1258 nos
1091 1236 1273 1265 monemus,
1296 1231 1327 1259 et
1347 1237 1406 1270 per
1428 1227 1550 1260 viscera
1583 1227 1769 1261 misericor-

1014 1278 1084 1311 diae
1117 1278 1243 1312 Domini
1273 1279 1373 1312 nostri
1398 1280 1469 1312 Iesu
1494 1280 1609 1313 Christi
1631 1280 1769 1313 obtesta-

1014 1342 1099 1372 mur,
1123 1337 1158 1364 ut
1177 1343 1241 1375 qua
1262 1332 1379 1375 pietate
1405 1332 1543 1365 concilio
1577 1344 1635 1376 per
1663 1339 1769 1367 orato-

1015 1396 1064 1418 res
1085 1396 1160 1418 suos
1181 1386 1357 1426 affuerunt,
1383 1386 1495 1419 eadem
1514 1387 1632 1431 pietate
1649 1398 1685 1420 ac
1700 1388 1769 1431 pari

1014 1438 1119 1471 studio
1140 1439 1238 1471 divini
1260 1440 1394 1472 lionoris
1415 1445 1444 1472 et
1474 1440 1672 1484 populorum
1694 1452 1770 1474 suo-

1014 1503 1086 1525 rum
1109 1492 1220 1525 salutis
1240 1503 1355 1533 causa,
1379 1504 1438 1536 pro
1472 1493 1562 1526 Sedis
1582 1505 1712 1537 quoque
1733 1495 1772 1526 Α-

1015 1546 1189 1588 postolicae
1210 1551 1240 1578 et
1260 1557 1369 1579 sacrae
1391 1547 1502 1590 synodi
1523 1548 1714 1588 reverentia,
1732 1548 1771 1580 ad

1015 1599 1158 1632 eiusdem
1180 1600 1310 1632 concilii
1331 1601 1518 1643 exequenda
1528 1606 1556 1633 et
1574 1601 1771 1634 observanda

1016 1653 1156 1693 decreta,
1180 1652 1340 1696 praelatis,
1359 1664 1433 1686 cum
1451 1664 1533 1696 opus
1553 1653 1661 1694 suerit,
1684 1654 1772 1687 auxi-

1016 1706 1057 1737 lio
1079 1712 1109 1738 et
1129 1706 1235 1739 lavore
1260 1717 1318 1739 suo
1339 1706 1453 1747 adsint,
1474 1716 1579 1750 neque
1600 1707 1770 1740 adversan-

1016 1765 1061 1792 tes
1094 1770 1190 1793 sanae
1220 1771 1256 1793 ac
1282 1760 1415 1793 salutari
1446 1760 1574 1793 concilii
1605 1760 1770 1794 doctrinae

1016 1813 1187 1856 opiniones
1207 1824 1223 1845 a
1245 1813 1375 1857 populis
1405 1813 1535 1854 ⁸ditionis
1561 1825 1637 1847 suae
1671 1814 1772 1858 recipi

1017 1867 1214 1909 permittant,
1238 1868 1292 1900 sed
1313 1878 1366 1900 eas
1386 1868 1514 1911 penitus
1535 1868 1737 1902 interdicant.

1059 1920 1073 1963 g
1098 1921 1128 1953 5.
1161 1921 1207 1953 Ad
1240 1920 1406 1954 vitandum
1444 1928 1609 1965 praeterea
1639 1933 1768 1966 perver-

1016 1974 1140 2007 sionem
1151 1979 1181 2007 et
1190 1975 1426 2016 confusionem,
1445 1987 1527 2019 quae
1537 1976 1615 2009 oriri
1626 1982 1767 2020 possent,

1016 2027 1041 2059 si
1062 2028 1239 2071 unicuique
1261 2029 1390 2069 liceret,
1413 2035 1509 2073 prout
1530 2030 1558 2062 ei
1584 2030 1710 2072 liberet,
1738 2030 1770 2062 in

1016 2081 1145 2114 decreta
1178 2082 1308 2115 concilii
1334 2082 1584 2116 commentarios
1613 2088 1644 2116 et
1673 2084 1770 2117 inter-

1016 2135 1212 2178 pretationes
1246 2147 1319 2169 suas
1353 2136 1466 2177 edere,
1508 2137 1685 2181 apostolica
1713 2149 1770 2171 au-

1017 2188 1162 2222 ctoritate
1183 2190 1369 2223 inhibemus
1394 2190 1557 2230 omnibus,
1586 2195 1648 2223 tam
1666 2192 1770 2225 eccle-

1017 2242 1152 2276 siasticis
1181 2244 1343 2287 personis,
1377 2244 1613 2288 cuiuscumque
1634 2245 1697 2278 sint
1717 2255 1769 2278 or-

1017 2295 1113 2337 dinis,
1132 2297 1327 2330 conditionis
1347 2303 1375 2330 et
1392 2297 1524 2340 gradus,
1547 2308 1644 2340 quam
1665 2298 1767 2339 laicis,

1016 2361 1226 2394 quocumque
1246 2351 1371 2385 honore
1383 2362 1419 2384 ac
1431 2356 1586 2395 potestate
1603 2352 1768 2396 praeditis,

1017 2404 1167 2447 praelatis
1193 2404 1324 2447 quidem
1346 2404 1404 2437 sub
1426 2405 1587 2438 interdicti
1608 2405 1770 2448 ingressus

1017 2453 1189 2495 ecelesiae,
1213 2454 1282 2487 aliis
1302 2464 1390 2495 vero,
1417 2454 1617 2499 quicumque
1636 2455 1767 2491 fuerint.

1017 2503 1076 2535 sub
1102 2503 1447 2537 excommunicationis
1481 2504 1561 2537 latae
1593 2505 1770 2538 sententiae

1017 2551 1142 2594 poenis,
1164 2562 1204 2584 nc
1224 2553 1308 2595 quis,
1336 2552 1405 2585 sine
1427 2553 1616 2586 auctoritate
1646 2558 1766 2593 nostra,

219 2598 371 2631 fratribus
391 2598 508 2632 nostris
532 2597 736 2641 patriarchis,
759 2598 974 2642 archiepisco·
993 2605 995 2620 ¹
1016 2600 1133 2632 audeat
1154 2601 1237 2634 ullos
1262 2601 1525 2642 commentarios,
1547 2602 1680 2645 glossas,
1712 2601 1768 2634 ad-

220 2646 281 2691 pis,
304 2647 465 2692 episcopis
486 2652 516 2681 et
535 2646 605 2681 aliis
637 2647 804 2691 quibusvis
824 2647 973 2682 ecclesia-

1015 2647 1207 2691 notationes,
1235 2649 1367 2692 scholia,
1392 2650 1534 2685 ullumve
1562 2650 1696 2685 omnino
1717 2650 1768 2684 in-

1783 259 1832 286 Α11.
1852 258 1879 285 C.
1900 258 1965 285 ¹505

1785 1078 1884 1099 Hortatur
1904 1079 1969 1099 eliani

1798 1111 1956 1136 imperatorem,

1785 1147 1847 1167 reges
1869 1144 1889 1161 et
1910 1141 1970 1167 prin-

1786 1173 1844 1198 cipes
1855 1172 1879 1192 ad
1894 1172 1971 1192 obser-

1785 1204 1890 1223 vationem
1912 1203 1971 1223 eius-

1787 1236 1833 1256 dom
1850 1234 1943 1259 conetur,

1827 1938 1971 1965 Proliibetqno

1787 1971 1820 1991 edi
1839 1974 1971 1990 commenta-

1787 2001 1829 2021 rios
1853 2001 1886 2021 vel
1903 2002 1972 2021 inter-

1787 2034 1918 2059 pretationes
1934 2038 1971 2052 fu-

1787 2069 1823 2089 per
1878 2064 1971 2083 «terretis

1788 2094 1874 2115 concilii
1886 2101 1890 2119 ς
