2237 3100
59 299 110 329 An.
128 301 157 329 C.
174 300 238 329 1561

256 369 383 404 semper
407 357 598 392 exhaustum
624 355 805 400 reperiatur
829 361 860 389 et
879 356 1008 390 defrau-

257 415 361 448 detur.

301 467 370 511 §2
408 467 445 500 Et
473 472 646 511 propterea
679 466 821 500 eiusdem
856 466 1007 500 Gamerae

57 522 241 575 hffiffigffleffi
256 521 456 555 indemnitati
478 521 657 564 providere,
690 521 856 565 ipsamque
877 532 894 553 a
923 520 1009 553 simi-

57 585 141 621 merarJi
160 590 240 610 cogno·
255 575 340 609 libus
362 574 600 618 gravaminibus
629 580 658 608 et
688 574 934 615 extorsionibus,
971 586 1008 608 ac

57 617 242 675 ξζῗὲξζθᾞὲζᾷῗ
256 629 402 663 similiter
426 629 510 669 illos,
536 629 591 672 qui
612 629 697 662 circa
717 628 879 673 praedicta
899 629 1007 673 aliquo

55 680 241 732 {22}{,',„,f,{⁵‚⁰?35
256 683 352 716 modo
373 682 518 727 oppressi
540 682 690 724 fuissent,
714 683 855 716 relevare
875 683 1009 727 cupien-

55 745 138 764 teresse
166 741 241 776 Cssfne-
255 742 313 777 tes,
336 747 373 770 ac
393 736 431 769 de
452 736 531 776 fide,
555 736 727 778 industria,
755 736 918 777 doctrina,
941 737 1007 770 sus-

56 777 93 794 ue
105 773 239 800 ⁵⁹⁰⁵²⁰¹¹⁰ae⁵
255 790 384 824 ficentia
426 789 646 833 singularique
673 801 783 823 rerum
812 790 1007 834 experientia

254 844 361 877 dilecti
381 843 439 876 filii
465 843 565 876 nostri
590 844 751 883 Vitellotii,
778 844 808 877 S.
833 844 948 877 Mariae
975 844 1007 877 in

252 897 397 930 Via-Lata
424 897 551 930 diaconi
577 897 748 930 cardinalis
774 897 890 930 Vitellii
922 908 1006 930 nun-

252 950 372 995 cupati,
397 951 542 984 eiusdem
563 956 690 984 sanctae
715 951 877 984 Romanae
897 951 1007 985 Eccle-

252 1003 316 1038 siae
337 1004 519 1044 camerarii,
539 1004 716 1048 plurimum
729 1004 762 1036 in
777 1003 912 1038 Domino
929 1015 1005 1038 con-

252 1058 403 1097 fidentes,
434 1057 537 1091 eidem
570 1056 693 1090 Vitellio
723 1056 879 1090 cardinali
900 1063 930 1091 et
951 1070 1004 1092 ca-

251 1111 411 1152 merario,
443 1117 532 1144 motu
558 1110 652 1144 simili
679 1115 709 1143 et
730 1120 767 1142 ex
787 1116 874 1144 certa
894 1118 1005 1145 nostra

252 1164 397 1205 scientia,
424 1175 460 1197 ac
480 1164 518 1196 de
538 1162 732 1206 apostolicae
752 1164 918 1207 potestatis
939 1166 1005 1208 ple-

251 1217 416 1258 nitudine,
462 1216 694 1250 committimus
734 1222 764 1249 et
812 1219 1004 1252 mandamus

250 1276 420 1315 quatenus,
435 1269 585 1302 adhibitis
601 1280 711 1303 secum
720 1271 896 1304 venerabili
907 1273 1004 1306 fratre

249 1330 358 1357 nostro
371 1322 537 1364 Annibale,
553 1323 799 1368 archiepiscopo
812 1325 1005 1359 Avinionen-

249 1377 290 1418 si,
320 1377 462 1411 eiusdem
489 1376 640 1410 Gamerae
662 1377 797 1418 clerico,
825 1384 855 1412 et
880 1379 1004 1413 dilectis

246 1430 320 1463 filiis
339 1431 461 1464 Donato
482 1431 639 1464 Matthaeo
656 1430 776 1471 Minati,
801 1432 1003 1467 thesaurario

246 1489 356 1517 nostro
381 1485 543 1527 generali,
572 1491 600 1518 et
617 1484 788 1518 Francisco
809 1486 848 1519 de
870 1487 1002 1528 Grassis‚

245 1536 395 1570 familiari
426 1543 553 1578 nostro,
586 1549 623 1571 ac.
646 1538 792 1572 Iannotto
809 1539 1000 1580 Castiliono,

246 1590 380 1625 militiae
400 1592 431 1625 S.
455 1591 562 1625 Lazari
583 1592 865 1636 Hierosolymitani
886 1605 1002 1639 magno

246 1645 417 1689 magistro,
449 1652 479 1678 et,
512 1645 663 1689 magistro
694 1646 794 1679 Paulo
814 1646 999 1687 Odescalco,

246 1699 415 1743 utriusque
446 1700 629 1742 signaturae
662 1705 791 1734 nostrae
821 1701 1003 1736 referenda-

246 1751 294 1785 rio
306 1758 336 1786 et
352 1753 570 1787 Cancellariae
585 1754 788 1797 Apostolicae
804 1760 1000 1796 correctore,

245 1816 282 1839 ac
316 1808 354 1841 de
373 1818 487 1841 eorum
518 1818 575 1840 seu
596 1807 727 1841 maioris
748 1809 848 1851 partis
869 1809 1001 1843 illorum

247 1859 377 1894 insimul
398 1867 667 1905 congregatorum
693 1868 766 1895 voto
792 1867 823 1895 et
851 1873 999 1905 assensu,

247 1925 321 1947 cum
341 1915 523 1960 praesentia
543 1921 574 1948 et
601 1915 780 1949 assistentia
809 1917 1002 1950 venerabilis

246 1968 352 2003 fratris
372 1969 473 2003 nostri
498 1969 628 2014 Aloysii,
658 1969 800 2013 episcopi
820 1970 933 2004 Montis
950 1970 1001 2004 Pi-

247 2022 330 2064 losii,
353 2023 505 2056 Gamerae
530 2023 714 2067 praedictae
732 2023 890 2066 generalis
916 2035 1001 2057 com-

247 2076 404 2119 missarii,
435 2088 547 2110 omnes
575 2082 606 2109 et
633 2087 855 2121 quascumque
889 2089 1002 2111 causas

247 2129 354 2164 civiles
387 2135 417 2164 et
450 2131 634 2163 criminales
659 2141 715 2164 seu
739 2130 868 2171 mixtas,
897 2131 1002 2175 prosa-

247 2194 304 2216 nas
324 2189 354 2217 et
374 2184 569 2228 spirituales,
604 2184 810 2217 beneficiales
836 2195 891 2218 seu
913 2185 1001 2217 simi-

247 2237 321 2270 liter
340 2238 469 2279 mixtas,
492 2238 524 2270 in
545 2237 662 2281 quibus
691 2238 811 2271 directe
844 2239 892 2271 vel
918 2238 1000 2271 indi-

248 2296 334 2324 recte
364 2291 433 2325 fisci
460 2297 488 2324 et
526 2291 679 2324 Gamerae
707 2291 891 2335 praedictae
921 2292 1001 2326 inte-

248 2355 334 2379 resse
377 2356 432 2378 seu
480 2344 716 2389 praeiudicium
748 2351 908 2388 vertatur,
945 2357 1001 2380 seu

249 2399 491 2443 quomodolibet
522 2404 644 2432 vertere
665 2398 724 2431 sibi
754 2410 827 2432 cum
858 2401 1001 2434 eiusdem

250 2453 509 2497 congregationis
537 2458 610 2486 voto
639 2452 813 2495 videbitur,
844 2454 1002 2488 indecisas

250 2503 444 2547 pendentes,
480 2502 575 2536 etiam
609 2502 781 2535 instructas
806 2513 914 2536 coram
935 2504 1004 2548 qui-

251 2552 454 2595 buscumque
469 2551 630 2585 iudicibus
647 2551 818 2585 ordinariis
836 2563 891 2586 seu
907 2553 1002 2586 etiam

251 2601 441 2635 auctoritate
466 2601 642 2645 apostolica
662 2600 830 2644 delegatis,
862 2602 957 2636 etiam
978 2603 1003 2636 si

251 2655 380 2684 sanctae
400 2650 562 2684 Romanae
580 2649 741 2684 Ecclesiae
767 2651 946 2685 cardinales
966 2663 1002 2685 ac

252 2698 366 2734 Curiae
394 2710 565 2733 causarum
585 2699 696 2734 Palatii
716 2700 891 2744 Apostolici
910 2701 1002 2735 audi-

923 301 990 326 Plus
1010 300 1041 325 IV
1060 299 1107 323 Pr.

1717 287 1758 323 99

1051 359 1136 387 tores
1175 363 1235 398 pro
1278 357 1422 397 tempore
1456 352 1575 386 suerint
1589 380 1596 394 ,
1637 358 1668 386 et
1706 353 1802 387 hodie

1051 408 1146 442 etiam
1166 407 1385 451 reperiantur,
1415 418 1470 440 seu
1491 407 1586 440 etiam
1612 408 1644 440 in
1669 407 1804 441 Camera

1050 467 1159 496 nostra
1182 461 1384 506 Apostolica,
1412 461 1443 494 in
1469 467 1552 495 statu
1580 468 1609 495 et
1637 462 1801 502 terminis,

1052 517 1083 549 in
1118 516 1235 560 quibus
1264 527 1322 560 pro
1354 521 1500 560 tempore
1533 516 1738 560 reperientur
1774 522 1804 549 et

1050 571 1088 603 de
1110 570 1270 614 praesenti
1291 570 1448 611 existunt,
1485 570 1524 603 ad
1545 581 1577 603 se
1598 571 1636 604 de
1656 577 1728 604 voto
1758 571 1804 603 di-

1051 630 1119 657 ctae
1153 624 1411 668 congregationis
1450 635 1506 658 seu
1549 624 1679 658 maioris
1719 625 1804 658 illius

1051 679 1148 722 partis
1169 679 1317 719 advocet,
1350 678 1484 723 illasque
1512 684 1542 712 et
1562 689 1674 713 omnes
1705 679 1801 719 alias,

1050 742 1130 775 quas
1141 733 1303 777 praefatus
1318 733 1464 777 Aloysius
1479 733 1650 777 episcopus
1666 738 1695 767 et
1713 744 1803 767 com-

1050 786 1214 819 missarius
1249 798 1357 820 coram
1390 798 1427 820 eo
1456 793 1634 832 proponet,
1664 798 1804 821 movere-

1050 850 1112 883 que
1133 845 1163 872 et
1183 851 1365 884 proponere
1385 841 1469 874 volet
1489 847 1520 875 et
1539 841 1700 883 intendat,
1724 853 1803 876 con-

1049 898 1098 925 tra
1123 904 1346 938 quascumque
1376 905 1530 938 personas
1555 895 1800 937 ecclesiasticas,

1050 947 1231 980 saeculares
1251 953 1281 981 et
1307 948 1494 992 quorumvis
1527 948 1683 982 Ordinum
1712 960 1804 993 regu-

1049 1001 1149 1042 lares,
1171 1002 1407 1045 cuiuscumque
1433 1007 1552 1042 status,
1583 1003 1718 1045 gradus,
1749 1013 1802 1036 or-

1049 1053 1147 1095 dinis,
1180 1055 1443 1099 praeeminentiae
1464 1061 1493 1088 et
1514 1056 1708 1089 conditionis
1732 1057 1802 1090 sue-

1048 1107 1125 1149 rint,
1160 1108 1256 1142 etiam
1285 1109 1310 1142 si
1341 1109 1557 1142 cardinalatus
1589 1109 1714 1143 honore
1749 1115 1804 1143 aut

1048 1161 1269 1207 patriarchali,
1301 1162 1579 1207 archiepiscopali,
1612 1163 1800 1208 episcopali,

1047 1215 1175 1257 ducali,
1212 1217 1441 1257 marchionali,
1479 1217 1621 1250 comitali
1647 1217 1694 1250 vel
1722 1228 1802 1261 qua-

1047 1280 1187 1313 cumque
1204 1270 1265 1303 alia
1282 1270 1444 1314 dignitate,
1463 1271 1651 1304 excellentia
1667 1277 1696 1304 et
1713 1282 1804 1315 prae-

1045 1319 1187 1362 rogativa
1207 1320 1443 1364 praefulgeant,
1466 1326 1497 1353 et
1516 1331 1725 1364 quocumque
1745 1331 1803 1353 no—

1047 1368 1133 1401 mine
1153 1374 1402 1413 nuncupentur,
1433 1369 1528 1403 etiam
1555 1370 1803 1403 communitates

1046 1428 1329 1462 quarumcumque
1343 1418 1517 1460 civitatum,
1529 1419 1768 1462 metropolitan.
1787 1419 1800 1447 1

1046 1467 1279 1507 universitates,
1312 1474 1499 1507 conventus,
1536 1467 1802 1511 congregationes

1046 1522 1076 1548 et
1096 1516 1231 1559 collegia
1251 1527 1490 1560 (frumeumque,
1514 1516 1608 1550 etiam
1627 1516 1731 1560 capita
1747 1516 1803 1549 Or-

1046 1565 1157 1597 dinum
1186 1576 1490 1610 quorumcumque,
1519 1577 1583 1598 una
1616 1576 1689 1599 cum
1721 1565 1802 1599 inci-

1046 1614 1207 1654 dentibus,
1243 1614 1511 1658 dependentibus,
1548 1615 1800 1658 emergentibus,

1045 1664 1176 1697 annexis
1194 1670 1224 1697 et
1244 1664 1397 1698 connexis
1413 1676 1449 1697 ac
1474 1670 1539 1698 toto
1558 1665 1693 1708 negocio
1710 1665 1800 1710 prin—

1045 1713 1151 1756 cipali,
1175 1714 1284 1747 audiat
1305 1721 1335 1748 et
1355 1719 1541 1758 cognoscat,
1557 1720 1587 1747 et
1608 1725 1683 1748 cum
1705 1725 1800 1758 prae-

1044 1762 1206 1796 dictorum
1226 1770 1297 1797 roto
1319 1769 1349 1797 et
1369 1764 1567 1804 assistentia,
1596 1764 1716 1798 iustitia
1736 1775 1801 1798 nie-

1045 1812 1168 1854 diante,
1192 1813 1353 1846 terminet.

1089 1862 1153 1905 53.
1183 1863 1226 1896 Ac
1255 1874 1481 1907 quaecumque
1516 1870 1680 1908 computa,
1716 1876 1799 1909 quae

1043 1916 1151 1945 tamen
1172 1923 1208 1945 ex
1233 1913 1414 1946 rationabili
1445 1924 1541 1946 causa
1573 1914 1676 1947 eidem
1705 1914 1800 1948 Vitel-

1044 1961 1121 1994 lotio
1147 1961 1303 1994 cardinali
1319 1963 1551 2003 etcamerario,
1569 1963 1607 1996 de
1627 1969 1699 1997 voto
1716 1965 1799 1998 eius-

1044 2009 1116 2042 dem
1126 2011 1394 2054 congregationis,
1405 2012 1576 2045 reridenda
1589 2012 1795 2055 videbuntur,

1044 2059 1139 2091 etiam
1163 2070 1220 2103 per
1249 2060 1444 2103 praedictam
1470 2061 1637 2094 Cameram
1668 2062 1730 2095 sive
1759 2063 1797 2095 il-

1044 2107 1105 2141 lius
1125 2109 1279 2142 officiales
1299 2114 1329 2142 et
1349 2120 1573 2154 quoscumque
1592 2111 1670 2144 alios
1687 2116 1717 2144 et
1732 2123 1798 2145 sae-

1045 2157 1116 2200 pius
1137 2158 1282 2198 solidata,
1305 2159 1465 2191 declarata
1478 2164 1508 2192 et
1528 2160 1646 2200 decisa,
1665 2161 1759 2194 etiam
1773 2161 1798 2194 si

1043 2205 1262 2240 Romanorum
1273 2207 1465 2241 Pontificum
1483 2213 1513 2241 et
1529 2215 1670 2242 nostram
1682 2211 1799 2243 confir-

1045 2255 1236 2297 mationem,
1263 2257 1487 2291 liberationem
1511 2263 1541 2291 et
1560 2259 1797 2293 absolutionem

1044 2305 1246 2347 contineant,
1280 2306 1449 2351 diligenter
1469 2308 1627 2350 revideat,
1657 2309 1695 2342 de
1717 2320 1797 2343 novo

1044 2356 1182 2389 calculet
1201 2362 1231 2389 et
1252 2356 1404 2389 calculari
1425 2356 1520 2390 faciatv
1535 2362 1575 2398 et,
1599 2369 1635 2391 ac
1656 2357 1679 2390 si
1702 2369 1798 2391 num-

1044 2416 1141 2449 quam
1162 2406 1296 2439 solidata
1327 2412 1355 2439 et
1377 2407 1538 2440 declarata
1563 2407 1698 2448 suerint,
1728 2419 1797 2441 me-

1045 2455 1150 2488 diante
1171 2455 1301 2497 iustitia,
1325 2456 1493 2497 discutiat,
1522 2457 1663 2490 declaret
1683 2463 1713 2490 et
1737 2462 1798 2491 ter-

1045 2504 1156 2544 minet,
1170 2516 1206 2538 ac
1216 2517 1441 2550 quaecumque
1462 2507 1599 2540 admissa
1620 2512 1651 2541 et
1666 2507 1697 2540 in
1714 2508 1800 2541 frau-

1045 2553 1130 2595 dem,
1161 2555 1329 2595 damnum,
1362 2556 1539 2589 laesionem
1566 2556 1709 2590 eiusdem
1739 2557 1798 2591 Ca-

1046 2614 1152 2637 merae
1186 2604 1430 2648 quomodolibet
1462 2610 1570 2648 gesta,
1607 2606 1798 2640 auctoritate

1046 2658 1166 2695 nostra,
1192 2660 1320 2688 revocet
1339 2660 1369 2688 et
1389 2660 1552 2689 retractet.

1083 2713 1094 2738 1
1119 2711 1208 2738 Etiam
1223 2715 1437 2747 metropolitan„
1457 2712 1572 2741 Cherub.
1594 2713 1631 2750 (a.
1653 2712 1702 2751 r).

1817 298 1866 325 An.
1885 297 1914 326 C.
1933 297 1998 326 ¹561

1857 1884 1999 1914 Campumque

1814 1918 1957 1939 ministrorum
1979 1922 2000 1939 et

1813 1948 1916 1973 aliorum,
1937 1951 1998 1970 etiam

1814 1980 1910 2006 solidata,
1940 1983 2000 2002 revi-

1813 2012 1884 2038 dendi5
