2237 3100
55 280 106 307 An.
122 278 152 306 c.
172 271 239 306 ¹569

91 867 180 888 Primum
197 868 235 888 du-

52 899 106 919 bium
113 899 206 925 desuper
215 905 236 920 c-

52 932 131 950 xortum
140 931 196 950 circa
203 930 235 950 in-

49 960 224 983 fructuositatem.

61 1241 179 1263 Secundum
194 1242 233 1262 du-

49 1273 104 1294 bium
118 1275 174 1294 circa
186 1279 234 1294 cau-

49 1303 114 1325 telas.

75 1617 167 1638 Tertium
193 1618 231 1638 du-

49 1649 106 1670 bium
118 1651 175 1671 circa
185 1655 233 1670 cnu-

49 1680 110 1701 telas.

926 265 993 289 PIUS
1012 266 1030 289 V
1054 266 1100 289 Pr.

251 330 395 354 annuum
421 319 593 360 redditum,
614 330 678 353 non
698 319 758 353 nisi
776 319 807 352 in
827 330 861 353 re
882 319 996 353 immo-

252 374 322 415 bili,
345 379 400 406 aut
419 384 502 417 quae
526 384 586 416 pro
610 373 768 407 immobili
789 373 939 413 habetur,
961 385 998 406 ex

250 427 299 461 sui
328 434 442 461 natura
477 427 654 466 fructifera,
685 432 779 470 atque
808 427 996 460 nominatim

251 481 345 515 certis
374 481 492 515 finibus
512 480 676 523 designata
696 480 745 520 sit;
768 481 820 513 sed
842 491 901 513 nee
922 492 997 513 een-

250 546 322 569 sum
349 535 468 579 ipsum,
491 534 551 568 nisi
572 545 644 567 vere
669 534 700 566 in
726 534 863 578 pecunia
886 545 999 567 nume-

251 594 330 630 rata,
352 589 575 633 praesentibus
595 587 719 621 notario
748 593 779 620 et
806 587 937 620 testibus
966 588 997 620 in

249 649 322 676 actu
347 641 796 680 celebrationisinstrumenti,
809 652 873 674 non
890 646 996 673 autem

250 697 352 741 prius,
380 701 510 739 recepto
539 695 663 738 integro
693 695 844 737 iustoque
873 695 995 737 pretio,

249 750 351 783 creari
372 749 560 783 constituive
580 749 670 781 nullo
691 748 786 781 modo
803 758 906 791 posse.

293 804 307 847 ἓ
327 803 358 836 2.
380 803 500 836 Deinde
520 813 578 847 per
597 802 749 834 dilectum
776 801 878 833 filium
908 801 999 834 Octa-

247 857 334 890 vium
355 857 532 900 Spinolam,
555 856 643 899 regni
656 854 783 888 Siciliae
809 855 997 898 magistrum

249 911 469 954 portulanum,
485 910 545 942 hac
561 910 598 942 [le
620 920 716 942 eausa
736 909 773 941 ad
787 919 845 941 nos
861 908 997 941 destina-

248 969 329 1003 tum,
340 963 564 1007 accepimusin
572 962 657 995 dicto
667 973 766 1005 regno
774 961 900 995 Siciliae
910 973 997 994 scru-

247 1018 363 1062 pulum
391 1017 526 1057 exoriri,
555 1027 595 1049 an
618 1027 728 1049 rerum
758 1015 995 1059 praedictarum

246 1071 488 1105 infructuositas
504 1071 599 1105 etiam
620 1070 744 1103 annalis
759 1070 899 1102 autalias
919 1074 997 1102 tem-

247 1125 367 1169 poralis
387 1125 593 1168 intelligatur.

291 1179 306 1222 §
326 1178 357 1212 3.
381 1178 417 1212 Et
436 1189 477 1211 an
496 1188 554 1221 per
573 1177 752 1211 nullitatcm
774 1182 942 1221 pactorum
968 1182 998 1210 et

246 1232 385 1266 aliorum
406 1232 657 1276 praedictorum,
676 1231 770 1264 etiam
790 1231 841 1263 ius
860 1242 996 1275 reeupe-

246 1285 339 1320 randi
365 1286 430 1318 sive
450 1284 616 1329 repetendi
636 1285 808 1328 impensas,
837 1295 916 1328 quas
936 1284 998 1316 liti-

245 1339 349 1383 gando
365 1344 477 1373 contra
490 1349 633 1372 morosos
649 1338 841 1382 praedictos,
856 1343 909 1371 aut
925 1349 996 1371 exe-

246 1398 374 1427 cutores
393 1393 433 1426 ad
453 1403 565 1426 eorum
586 1393 656 1426 loca
670 1392 923 1430 transmittendo,
943 1397 998 1424 aut

244 1447 323 1481 alias
332 1457 368 1480 ex
386 1446 531 1480 iudicum
551 1447 701 1479 mandato
721 1446 831 1479 subire
852 1451 994 1489 oportet,

245 1502 420 1535 auferatur.

290 1555 345 1599 §AE
359 1555 539 1596 Praeterea,
551 1565 590 1587 an
606 1559 670 1587 tam
687 1565 745 1598 pro
766 1553 844 1598 ipsis
852 1553 998 1597 expensis

246 1619 343 1653 quam
359 1608 453 1642 etiam
465 1619 523 1652 pro
535 1619 634 1641 censu
650 1608 873 1652 recuperando
886 1613 997 1640 contra

246 1662 377 1696 tertium
410 1672 629 1706 possessorem
667 1661 819 1705 proeedi3
846 1666 876 1694 et
902 1661 995 1694 etiam

244 1715 450 1750 fideiussores
470 1716 552 1757 dari3
574 1716 672 1749 aliave
688 1715 784 1756 bona,
805 1726 861 1759 pro
876 1715 996 1759 praedii

245 1780 344 1804 censu
365 1770 484 1813 gravati
513 1769 669 1803 evictione
697 1774 727 1803 et
755 1769 855 1813 ipsius
883 1780 997 1802 census

244 1823 419 1864 solutione,
428 1823 651 1868 hypothecari,
664 1823 814 1868 denique,
826 1833 865 1855 an
882 1834 997 1855 census

245 1877 434 1911 huiusmodi
454 1888 552 1921 super
578 1877 727 1920 pluribus
747 1877 844 1910 rebus
865 1877 947 1911 inter
965 1888 996 1910 sc

245 1931 354 1965 divisis
375 1931 526 1964 constitui
547 1931 679 1975 possint.

290 1986 304 2029 g
323 1986 354 2020 5.
378 1986 555 2022 Postremo.
578 1997 617 2019 an
644 1985 674 2018 id
695 1985 781 2029 quod
801 1985 839 2018 de
861 1986 997 2028 pecunia

1683 257 1746 291 739

1038 319 1187 353 ventione
1213 324 1336 352 tantum
1363 318 1446 352 inter
1475 319 1699 353 contrahentes
1713 320 1791 354 inita

1039 378 1070 407 et
1089 374 1303 406 instrumento
1324 383 1439 405 census
1459 373 1640 416 specialiter
1660 384 1790 418 apposi-

1040 434 1089 460 tae
1109 427 1198 460 refici
1230 426 1475 471 promittuntur,
1501 437 1567 459 non
1596 433 1704 461 autem
1731 438 1788 469 eze,

1039 492 1121 525 quae
1137 492 1173 515 ex
1189 481 1265 514 dicti
1278 481 1356 514 iuris
1373 480 1581 524 dispositione
1597 482 1791 525 repetendae

1039 535 1225 573 veniunt,et
1244 535 1394 567 mandato
1415 533 1530 567 iudicis
1549 534 1788 568 adindicantur.

1084 588 1098 631 ξ
1119 587 1149 621 8.
1172 588 1339 628 Ceterum,
1359 588 1564 621 fideiussores
1588 588 1668 625 dari,
1691 589 1791 622 aliave

1039 641 1122 674 bona
1142 642 1349 685 liypotliecari
1380 652 1438 686 pro
1464 641 1587 685 praedii
1603 653 1702 676 censu
1721 654 1792 685 gra-

1040 695 1100 728 vati
1121 695 1294 736 evictione;
1321 701 1376 728 aut
1396 695 1421 728 si
1442 695 1612 739 praedium
1632 696 1665 728 in
1690 696 1790 730 alium

1039 748 1214 789 devenerit,
1237 749 1419 792 aut'aliquis
1436 749 1549 782 tertius
1561 748 1731 783 fideiussor
1742 750 1790 782 in-

1040 803 1232 843 tercesserit,
1252 803 1382 836 tertium
1407 813 1624 846 possessorem
1650 804 1698 836 vel
1722 803 1791 837 eius

1038 856 1122 889 bona
1152 856 1287 899 obligari
1315 856 1447 889 minime
1469 856 1791 899 prohibemus.llaec

1039 916 1145 943 autem
1161 910 1282 950 onmia,
1293 921 1351 954 pro
1369 910 1523 944 evictione
1536 910 1712 951 dumtaxat,
1724 921 1791 944 non

1039 969 1147 996 autem
1167 964 1327 997 solutione
1344 974 1476 1007 poenae,
1497 964 1675 998 adiudicari
1697 975 1790 1008 posse

1039 1017 1261 1060 intelligimus.

1083 1072 1098 1114 ξ
1127 1071 1158 1104 9.
1181 1071 1359 1111 Postremo,
1382 1071 1412 1103 in
1433 1070 1558 1104 dotium
1584 1071 1790 1114 assignanda-

1039 1136 1110 1159 rum
1124 1136 1211 1166 casu,
1225 1135 1379 1158 censuum
1391 1125 1585 1158 creationem
1597 1130 1626 1158 et
1637 1125 1792 1158 constitu—

1038 1180 1158 1213 tionem
1171 1179 1366 1223 praedictam,
1378 1184 1527 1222 respectu
1538 1178 1670 1212 actualis
1679 1190 1791 1212 nume-

1039 1233 1171 1267 rationis
1187 1244 1295 1266 coram
1324 1233 1449 1266 notario
1467 1238 1497 1265 et
1516 1233 1650 1266 testibus
1670 1233 1790 1266 sacien-

1039 1288 1110 1328 dae,
1132 1288 1240 1320 locum
1261 1297 1325 1320 non
1346 1287 1474 1320 habere.
1499 1287 1559 1321 Sed
1580 1287 1612 1319 in
1632 1286 1694 1320 hoc
1714 1297 1790 1320 casu

1039 1352 1154 1375 census
1171 1341 1268 1384 ipsos,
1282 1340 1377 1373 etiam
1388 1340 1525 1384 pecunia
1534 1341 1573 1374 ad
1585 1351 1715 1374 manum
1726 1351 1790 1374 non

1039 1395 1158 1433 habita,
1182 1394 1284 1428 creari
1305 1405 1397 1438 posse
1419 1394 1633 1427 declaramus.

1083 1448 1097 1491 ἓ
1122 1448 1175 1481 10.
1198 1447 1354 1490 Denique,
1389 1454 1423 1480 ut
1452 1447 1607 1491 periculis
1642 1458 1725 1492 quae
1755 1458 1791 1481 ex

1039 1555 1124 1588 dieto
1145 1566 1244 1598 regno
1265 1555 1427 1594 eveniunt,
1441 1559 1642 1595 occurratur,
1659 1554 1791 1599 permit-

1039 1664 1078 1697 ad
1099 1674 1231 1696 manum
1252 1663 1420 1696 commode
1436 1662 1548 1695 haberi
1560 1661 1732 1706 nequierit,
1755 1662 1790 1695 il-

1040 1717 1101 1750 lius
1126 1718 1208 1757 loeo,
1229 1721 1357 1760 emptor
1384 1716 1543 1759 apocham
1559 1715 1622 1749 sive
1643 1715 1791 1749 cedulam

1038 1771 1225 1804 bancariam
1245 1770 1395 1804 idoneam
1419 1769 1536 1813 integri
1560 1769 1655 1814 pretii
1683 1770 1793 1803 vendi-

1038 1825 1114 1867 tori,
1136 1825 1251 1868 inipso
1271 1824 1443 1868 emptionis
1457 1829 1544 1863 actu,
1566 1824 1680 1857 debeat
1701 1823 1790 1857 exhi-

1039 1879 1128 1912 bere.

1083 1933 1097 1976 g
1126 1932 1178 1965 ll.
1211 1932 1444 1966 Constitutione
1468 1937 1577 1965 nostra
1604 1931 1788 1976 praedicta,

1039 1992 1103 2020 tam
1119 1986 1152 2019 in
1163 1997 1239 2020 casu
1259 1986 1383 2019 dotium
1399 1996 1497 2029 quain
1514 1984 1629 2017 ceteris
1640 1984 1791 2018 omnibus

1805 269 1856 295 An.
1874 269 1903 296 C.
1921 268 1990 297 1569

1858 330 1938 350 Sulutio
1955 336 1987 351 se-

1766 374 1771 379 .
1806 361 1867 381 cundi
1884 361 1946 381 dubii.

1839 602 1988 624 somnolenti

1806 634 1868 655 dubit.

1826 1085 1907 1106 Salutio
1920 1089 1983 1113 quart
1997 1094 2001 1108 1

1805 1116 1867 1138 dubii.

1833 1457 1951 1483 propositio
1968 1460 1989 1477 et

1039 1501 1310 1545 transportatione
1327 1501 1541 1544 pecuniarum
1556 1501 1743 1544 frequenter
1758 1501 1790 1534 in
1806 1489 1919 1540 {ssfffss'lfflssffffi
1931 1488 1989 1539 Ϊῑιζῗᾴ

1806 1552 1917 1576 pecuniam
1929 1555 1988 1577 prue-

1805 1584 1885 1602 sentem
1897 1584 1916 1601 et
1927 1581 1988 1601 redu-

1039 1609 1136 1642 timus
1157 1614 1191 1642 ut
1211 1608 1235 1641 si
1256 1608 1288 1641 in
1309 1608 1471 1641 creatione
1488 1619 1603 1641 census
1618 1607 1789 1652 pecuniam
1805 1612 1844 1632 '³¹¹¹
1860 1612 1986 1632 huncarium-

1840 1941 1988 1961 l'raeservatio

1807 1974 1981 1999 praeredcnnum

1807 2006 1982 2025 constitutionum

1039 2040 1072 2072 in
1084 2050 1121 2072 ea
1141 2039 1310 2080 contentis,
1334 2039 1366 2072 in
1389 2049 1447 2072 suo
1463 2038 1579 2072 robore
1595 2048 1789 2082 permanen·
1806 2037 1826 2057 ω
1839 2036 1934 2063 ‘wlffi-

1039 2095 1135 2127 tibus.

1082 2148 1096 2191 ἓ
1116 2148 1168 2181 11⁹2.
1198 2148 1352 2181 Volumus
1376 2152 1483 2181 autem
1509 2151 1544 2179 ut
1568 2145 1788 2190 praesentium
1836 2157 1989 2185 rmnsumpto-

1781 2199 1787 2204 -
1805 2196 1848 2210 rum
1865 2191 1923 2210 tides.

74 2050 173 2085 Quartum
197 2050 232 2070 du-
245 2045 415 2073 numerata
427 2039 558 2081 dicitur,
581 2039 753 2084 prohibeat
768 2039 943 2082 qumninus
964 2040 996 2072 in

50 2081 232 2133 ξὲζωαξῖξῗῖςῗω
245 2093 370 2126 dotium
390 2093 603 2137 assignatione
624 2104 740 2126 census
760 2093 862 2126 creari
883 2093 993 2136 possit.

289 2147 304 2191 ἓ
324 2146 354 2180 6.
377 2147 449 2187 Nos,
470 2148 550 2180 haec
570 2147 767 2186 discrimina,
782 2151 939 2189 quantum
963 2147 996 2178 in

75 2211 155 2233 Sotuno
171 2212 231 2239 primi

50 2243 111 2264 dubit.

245 2200 338 2234 nobis
357 2206 416 2241 est,
435 2201 547 2234 tollere
567 2200 746 2244 cupientes,
768 2204 879 2232 tenore
906 2211 997 2243 prae-

245 2255 385 2289 sentium
409 2254 614 2288 declaramus
642 2264 710 2287 rem
739 2253 992 2293 infructuosam,

244 2320 327 2353 quae
337 2314 403 2342 tota
413 2309 508 2342 velex
517 2313 606 2353 parte
623 2307 821 2340 infructuosa
840 2313 995 2350 perpetuo

245 2362 403 2403 redditur,
426 2373 492 2396 non
513 2367 621 2395 autem
641 2372 677 2394 ex
695 2371 758 2404 qua
775 2361 898 2393 fructus
915 2371 992 2397 uno,

245 2416 372 2450 duobus
392 2417 577 2460 pluribusve
598 2415 702 2454 annis,
726 2414 789 2447 sive
808 2420 995 2457 tempestate

244 2465 309 2498 sive
329 2465 392 2499 alio
409 2477 497 2507 casu,
519 2475 584 2498 non
600 2463 804 2508 perveniunt,
820 2463 903 2495 salva
919 2463 996 2496 alias

244 2514 325 2548 iuris
345 2514 529 2548 communis
549 2512 916 2558 dispositione,intelligi
942 2513 996 2545 de-

243 2563 333 2597 bere.

289 2613 304 2656 ἓ
324 2613 355 2646 7.
378 2613 560 2651 Praeterea,
576 2611 775 2645 exactionem
796 2610 924 2643 illarum
941 2621 994 2643 ex-

244 2672 419 2705 pensarum
434 2660 612 2706 prohiberi,
625 2671 708 2705 quae
715 2671 752 2694 ex
759 2666 851 2705 paeto
860 2660 994 2693 velcon-

1039 2203 1196 2245 exempla,
1219 2203 1314 2235 etiam
1337 2202 1504 2245 impressa,
1532 2199 1648 2233 notarii
1664 2199 1788 2243 publici

1039 2267 1137 2289 manu
1157 2262 1187 2289 et
1206 2256 1341 2299 praelati
1363 2253 1573 2289 ecclesiastici
1594 2253 1700 2286 eiusve
1728 2264 1786 2286 cu-

1038 2310 1104 2342 riae
1121 2309 1224 2352 sigillo
1235 2309 1412 2353 obsignata,
1427 2309 1573 2342 eamdem
1590 2307 1678 2340 illam
1696 2318 1788 2351 pror-

1038 2374 1104 2402 sus,
1126 2369 1189 2396 tam
1200 2363 1231 2396 in
1243 2363 1362 2397 iudicio
1372 2374 1469 2407 quam
1485 2367 1571 2396 extra
1584 2361 1677 2402 illud,
1689 2361 1786 2394 fidem

1038 2417 1167 2458 saciant,
1186 2428 1283 2461 quam
1310 2417 1464 2460 ipsaemet
1484 2420 1670 2461 praesentes
1700 2414 1786 2449 sacc-

1037 2476 1118 2512 rent,
1135 2471 1159 2503 si
1181 2477 1285 2504 essent
1307 2470 1464 2503 exhibitae
1474 2470 1524 2503 vel
1539 2474 1695 2504 ostensae.

1081 2525 1194 2558 Datum
1229 2525 1349 2557 Romae
1381 2524 1467 2568 apud
1490 2523 1521 2557 S.
1554 2523 1698 2563 Petrum,
1727 2522 1786 2555 sub

1037 2579 1157 2612 annulo
1177 2578 1360 2618 Piseatoris,
1378 2578 1429 2611 die
1442 2577 1551 2611 xiunii
1570 2586 1688 2619 MDLxx,
1707 2586 1786 2621 pon-

1036 2631 1176 2666 tificatus
1200 2631 1300 2665 nostri
1320 2641 1405 2665 anno
1425 2641 1455 2665 v.
