2237 3100
39 276 88 303 An.
105 276 135 304 C.
156 275 223 304 {567

921 273 989 297 Plus
1013 273 1031 296 V
1055 273 1102 297 1³1².

236 326 369 360 ac'aliis
393 326 558 371 quibusvis
583 325 705 360 eisdem
733 326 912 366 concessis,
935 336 993 369 per

236 391 462 426 quoscumque
482 380 693 424 patriarchas,
716 380 991 424 archiepiscopos,

236 435 407 479 episcopos
422 434 568 478 aliosque
584 434 796 468 ecclesiarum
818 434 990 477 praelatos,

235 499 363 522 necnon
374 499 489 522 eorum
500 487 648 527 vicarios,
662 488 827 528 officiales,
842 488 992 531 capitula,

235 542 370 586 collegia
395 547 426 575 et
447 541 583 575 clericos
606 552 643 574 ac
670 541 904 574 ecclesiasticas
924 552 994 585 per-

235 606 340 636 sonas,
361 601 426 628 tam
447 595 631 629 saeculares
650 606 748 638 quam
769 595 878 628 Sancti
891 596 993 628 Bene-

233 649 322 689 dicti,
344 648 452 683 Sancti
466 647 648 691 Augustini,
665 648 896 689 Cisterciensis,
922 648 994 681 Clu-

234 703 406 743 niacensis,
434 702 763 735 Praemonstratensis
798 707 829 735 et
854 702 992 735 aliorum

233 766 519 801 quorumcumque
540 755 697 789 Ordinum
719 761 749 788 et
769 755 993 798 congregatio-

234 820 325 850 num,
347 820 385 842 ac
410 808 579 852 hospitalis
599 809 707 842 Sancti
728 808 858 842 Ioannis
878 808 992 841 Hiero-

234 862 427 908 solymitani,
451 869 481 896 et
504 862 611 896 Sancti
632 863 739 896 iacobi
761 863 799 896 de
812 863 942 906 Spatha,
957 873 994 896 ac

233 918 303 950 Iesu
324 916 453 957 Crhisti,
486 922 516 949 et
543 926 829 960 quarumcumque
856 916 992 949 aliarum

234 969 424 1003 militiarum
444 969 612 1013 religiosos
632 974 662 1002 et
681 969 811 1010 milites,
830 975 994 1012 exemptos

234 1029 264 1057 et
284 1034 350 1056 non
362 1029 541 1067 exemptos,
560 1033 688 1056 necnon
704 1023 816 1063 duces,
834 1022 994 1055 marchio-

233 1087 302 1118 nes,
325 1076 471 1118 comites,
498 1077 649 1115 barones,
673 1076 791 1109 milites
820 1082 849 1109 et
879 1076 990 1115 laicos,

233 1130 483 1165 communitates
499 1130 675 1170 civitatum,
698 1129 923 1163 universitates
937 1140 993 1174 op-

234 1185 400 1230 pidorum,
423 1189 618 1224 castrorum,
640 1183 789 1216 villarum
808 1188 838 1216 et
854 1183 992 1216 aliorum

234 1240 396 1279 locorum,
420 1249 457 1272 ac
472 1238 551 1271 alias
570 1237 750 1280 singulares
770 1247 926 1281 personas
946 1236 993 1269 ci-

233 1292 366 1326 vitatum
383 1297 414 1325 et
433 1292 632 1331 dioecesum,
651 1301 688 1324 ac
708 1301 993 1334 quarumcumque

234 1346 372 1379 aliarum
390 1345 543 1389 partium,
567 1355 666 1388 snper
695 1342 879 1387 praemissis
898 1348 929 1376 et
944 1353 994 1376 eo-

235 1411 308 1433 rum
327 1400 449 1443 aliquo,
471 1399 584 1443 quovis
603 1403 771 1443 praetextu
792 1404 823 1431 et
846 1397 993 1441 quaesito

234 1454 356 1494 colore,
379 1458 410 1486 et
435 1458 547 1486 contra
571 1452 825 1496 praemissorum
847 1451 993 1495 singulo-

235 1518 308 1541 rum
334 1512 479 1541 tenorem
505 1511 535 1540 et
563 1506 702 1539 formam
724 1505 867 1539 indebite
890 1505 992 1538 mole-

235 1561 323 1602 stari,
346 1566 402 1594 aut.
421 1561 466 1595 eis
485 1561 532 1593 vel
553 1571 668 1594 eorum
689 1559 787 1593 alicui
817 1559 991 1599 molestias,

235 1615 431 1658 gravamina,
450 1615 567 1648 damna
583 1625 639 1648 seu
655 1613 791 1647 iniurias
806 1618 836 1647 et
854 1613 994 1646 iacturas

237 1669 384 1713 irrogari,
397 1668 513 1702 facturi
533 1668 627 1702 dictis
647 1667 821 1712 prioribus,
843 1667 992 1711 superio-

237 1724 338 1763 ribus,
361 1723 526 1763 fratribus,
546 1722 752 1762 monialibus,
774 1721 889 1754 oblatis
909 1721 993 1754 aliis-

235 1788 300 1823 que
324 1777 471 1822 personis
491 1776 676 1822 praedictis,
700 1786 775 1809 cum
802 1775 842 1808 ab
874 1775 920 1808 eis
939 1780 994 1808 aut

237 1842 351 1866 eorum
371 1831 480 1875 aliquo
498 1830 623 1864 fueritis
644 1829 804 1873 requisiti,
829 1839 927 1873 super
949 1829 995 1861 di-

237 1891 365 1919 ctorum
381 1884 638 1929 privilegiorum,
656 1883 872 1923 indultorum,
890 1893 995 1915 exem—

237 1938 397 1983 ptionum,
409 1938 608 1977 libertatum,
618 1937 807 1970 facultatum
819 1936 994 1969 etaliarum

236 1992 415 2035 gratiarum
431 1991 650 2035 praefatarum
668 1989 903 2029 observatione,
921 1999 996 2021 nec-

237 2056 303 2080 non
323 2056 422 2089 super
451 2044 616 2089 quibusvis
636 2043 792 2078 molestiis
806 2070 813 2084 ,
846 2043 993 2083 damnis,

238 2099 366 2133 iniuriis
391 2103 487 2142 atque
507 2098 651 2139 iacturis,
675 2097 733 2130 sibi
754 2107 814 2141 pro
848 2103 995 2141 tempore

238 2153 335 2187 illatis
354 2163 412 2186 seu
432 2152 544 2186 inferri
574 2151 790 2191 comminatis,
814 2151 847 2183 in
868 2150 930 2183 illis
948 2151 995 2183 vi-

238 2206 367 2247 delicet,
396 2216 480 2250 quae
499 2205 686 2238 iudicialem
716 2204 889 2247 requirunt
908 2203 996 2236 inda-

238 2260 359 2304 ginem,
378 2258 566 2299 summarie,
585 2257 776 2302 simpliciter
792 2263 822 2290 ct
837 2257 876 2290 de
888 2258 995 2300 plano,

239 2314 308 2348 sine
332 2313 468 2358 strepitu
497 2318 527 2346 et
554 2313 659 2355 figura
678 2311 803 2353 iudicii,
827 2312 894 2345 sola
923 2311 995 2344 sacti

239 2369 372 2403 veritate
392 2367 548 2411 inspecta,
573 2367 606 2400 in
625 2367 697 2400 aliis
712 2377 787 2400 vero
804 2370 902 2409 prout
916 2375 996 2408 qua-

242 2423 314 2456 litas
345 2432 459 2455 eorum
494 2420 655 2464 exegerit,
686 2419 826 2453 iustitiae
855 2418 998 2461 comple-

243 2476 399 2504 mentum.
422 2470 641 2503 Molestatores
662 2474 693 2501 et
710 2468 918 2500 iniuriatores
936 2467 997 2499 hu—

242 2520 395 2559 iusmodi,
418 2528 547 2552 necnon
567 2517 822 2551 contradictores
837 2515 999 2558 quoslibet

242 2574 273 2602 et
284 2569 433 2609 rebelles,
446 2568 683 2609 cuiuscumque
699 2565 874 2609 dignitatis,
888 2569 998 2604 status,

242 2619 374 2662 gradus,
397 2617 519 2651 ordinis
548 2621 578 2649 et
608 2614 803 2649 conditionis
823 2613 996 2654 extiterint,

244 2667 518 2711 quandocumque
543 2670 574 2699 et
607 2664 879 2708 quotiescumque
907 2673 1000 2707 expe-

323 2715 400 2747 Ball.
423 2715 502 2746 Rom.
521 2714 577 2745 Vol.
599 2713 658 2744 VII.
843 2711 880 2741 75

1685 265 1748 296 505³»

1038 325 1128 358 dierit
1137 353 1144 366 ,
1158 325 1347 359 auctoritate
1359 331 1478 362 nostra.
1493 336 1549 369 per
1561 336 1731 359 censuram
1741 338 1792 359 ee-

1036 379 1259 418 clesiasticam,
1275 379 1491 423 appellatione
1505 380 1692 423 postposita,
1707 391 1793 412 com-

1037 433 1198 476 pescendo
1211 460 1218 473 ‚
1244 433 1389 465 invocato
1411 432 1505 464 etiam
1522 432 1560 465 ad
1582 433 1654 471 hoe,
1671 433 1695 465 si
1713 444 1796 476 opus

1038 486 1143 523 suerit,
1175 485 1294 518 auxilio
1322 485 1446 518 brachii
1468 486 1661 526 saecularis3
1690 492 1719 518 et
1745 487 1795 518 ni-

1036 538 1226 579 hilominus,
1249 538 1400 581 legitimis
1421 549 1520 582 super
1535 538 1720 582 hispervos
1736 539 1793 571 ba-

1036 591 1149 624 bendis
1179 592 1309 625 servatis
1340 591 1558 635 processibus,
1602 592 1685 632 illos,
1713 603 1795 635 «pios

1038 655 1192 678 censuras
1204 650 1233 678 et
1253 655 1375 689 poenas
1395 645 1553 688 praefatas
1580 655 1617 677 ac
1643 645 1721 677 alias
1738 656 1796 688 per

1036 708 1090 731 vos
1119 709 1178 741 pro
1215 704 1359 742 tempore
1395 699 1474 730 latas
1504 698 1678 732 incurrisse
1707 698 1795 731 robis

1037 751 1228 789 constiterit,
1261 762 1313 784 eas
1347 751 1523 785 incurrisse
1552 752 1731 789 declaretis,
1759 764 1795 785 ac

1037 803 1184 837 censuris
1199 809 1227 837 et
1240 805 1352 847 poenis
1368 804 1553 847 praedictis,
1572 805 1698 847 quoties
1712 816 1795 848 opus

1036 857 1145 897 suerit,
1169 857 1263 889 etiam
1275 857 1396 889 iteratis
1406 857 1542 899 vicibus,
1556 868 1727 899 aggravare
1741 870 1794 891 cu—

1037 910 1124 943 retis.
1148 910 1329 950 Caeterum,
1350 910 1374 942 si
1396 922 1454 954 per
1474 912 1683 943 summariam
1699 912 1794 944 insor-

1037 963 1225 1002 mationem,
1257 974 1316 1007 per
1335 974 1389 995 vos
1410 974 1508 1006 super
1536 964 1573 995 iis
1602 964 1794 1001 habendam,

1037 1017 1133 1049 etiam
1163 1015 1253 1049 vohis
1273 1016 1453 1049 constiterit
1472 1017 1559 1059 quod
1586 1017 1625 1049 ad
1656 1018 1736 1055 loca,
1763 1018 1793 1049 in

1036 1069 1155 1113 quibus
1175 1070 1397 1102 molestatores
1413 1075 1443 1102 et
1463 1069 1794 1103 iniuriatoreshuius-

1037 1123 1124 1156 modi
1148 1132 1277 1156 necnon
1298 1128 1454 1162 caeteros,
1476 1133 1557 1166 quos
1574 1129 1738 1166 presentes
1756 1124 1794 1156 li-

1037 1181 1122 1209 terae
1157 1181 1374 1215 concernunt,
1404 1186 1462 1219 pro
1497 1181 1642 1219 tempore
1675 1178 1794 1210 morari

1036 1223 1218 1273 contigerit,
1250 1240 1310 1272 pro
1337 1229 1583 1265 monitionibus,
1611 1230 1795 1273 requisitio-

1035 1281 1131 1315 nibus
1152 1288 1182 1315 et
1210 1282 1459 1315 inhibitionibus
1481 1282 1556 1326 ipsis
1577 1293 1613 1316 ae
1635 1283 1795 1316 citationi-

1036 1335 1096 1368 bus
1131 1335 1170 1368 de
1206 1335 1251 1369 eis
1282 1335 1437 1368 faciendis
1470 1341 1559 1368 tutus
1593 1346 1657 1369 non
1692 1341 1793 1379 pateat

1035 1399 1195 1431 accessus,
1211 1399 1271 1422 nos
1290 1389 1391 1429 vobis,
1415 1388 1608 1422 monitiones
1624 1400 1660 1422 ac
1677 1389 1794 1422 inhibi-

1037 1442 1141 1475 tiones
1173 1442 1346 1486 quaslibet,
1378 1447 1442 1475 tam
1473 1447 1586 1475 contra
1616 1443 1647 1475 in
1677 1441 1796 1475 iudicio

1037 1501 1231 1540 praesentes,
1265 1507 1363 1540 quani
1389 1496 1470 1529 alios
1490 1506 1718 1540 quoscumque
1739 1508 1795 1529 sua

1036 1550 1282 1594 ‹pioniodolibet
1307 1550 1462 1583 interesse
1484 1556 1644 1594 putantes,
1666 1556 1692 1583 et
1716 1562 1796 1594 qua-

1036 1616 1178 1649 cumque
1194 1604 1385 1638 auctoritate
1398 1604 1460 1638 sive
1477 1604 1631 1647 [lignitate
1652 1606 1795 1648 praesul-

1036 1664 1159 1701 gentes,
1190 1658 1224 1691 in
1251 1658 1381 1692 decreto
1402 1658 1465 1692 sive
1486 1658 1674 1691 executione
1693 1659 1796 1692 dietae

1036 1713 1196 1746 citationis
1227 1712 1290 1746 sive
1324 1712 1527 1745 inhibitionis
1561 1712 1795 1752 noniinandoS,

1037 1766 1132 1799 etiam
1149 1765 1208 1799 sub
1221 1765 1342 1799 eisdem
1357 1766 1503 1798 censuris
1512 1776 1549 1798 ac
1566 1765 1646 1805 aliis,
1663 1765 1797 1798 arbitrio

1035 1825 1140 1853 vestro
1161 1819 1367 1864 imponendis
1388 1826 1419 1852 et
1438 1818 1652 1863 applicandis,
1675 1818 1798 1862 poenis,

1037 1873 1132 1906 etiam
1154 1873 1365 1917 pecuniariis,
1397 1874 1493 1906 etiam
1520 1884 1579 1917 per
1607 1873 1710 1906 edicta
1737 1884 1797 1916 pu-

1037 1923 1131 1962 blica,
1152 1922 1231 1956 locis
1256 1922 1416 1966 affigenda
1444 1922 1583 1966 publicis
1608 1928 1637 1954 et
1655 1922 1799 1965 partibus

1038 1971 1100 2004 illis
1110 1971 1235 2011 vicinis,
1255 1972 1294 2004 de
1310 1972 1428 2014 quibus
1440 1971 1477 2004 sit
1497 1970 1678 2004 verisimilis
1690 1971 1798 2003 conie-

1038 2026 1130 2054 ctura
1141 2020 1228 2064 quod
1238 2021 1276 2053 ad
1289 2020 1435 2063 ipsorum
1457 2020 1670 2059 monitorum,
1691 2018 1799 2061 requi-

1038 2068 1173 2102 sitorum
1200 2075 1230 2103 et
1255 2069 1426 2102 citatorum
1452 2068 1597 2102 notitiam
1625 2067 1798 2112 pervenire

1038 2119 1174 2158 valeant,
1193 2118 1331 2152 faciendi
1353 2124 1383 2151 et
1399 2117 1610 2157 decernemli,
1624 2127 1743 2159 eosque
1757 2116 1799 2148 ci-

1038 2167 1136 2207 tandi,
1149 2177 1185 2200 ac
1203 2167 1324 2201 eisdem
1340 2166 1616 2205 molestatoribus,
1630 2164 1800 2197 inim-iato-

1040 2216 1451 2257 ribus,contradictoribus
1477 2220 1507 2248 et
1539 2213 1728 2253 rebellibus,
1757 2224 1794 2246 ac

1039 2265 1109 2299 aliis
1129 2266 1248 2310 quibus
1270 2277 1353 2310 opus
1373 2265 1482 2304 fuerit,
1506 2263 1601 2297 etiam
1629 2263 1689 2296 sub
1721 2273 1796 2295 cen-

1039 2315 1123 2348 suris
1143 2315 1370 2349 ecclesiasticis
1398 2325 1435 2346 ac
1459 2313 1530 2346 aliis
1552 2311 1678 2356 poenis,
1702 2311 1798 2343 ctiam

1040 2364 1249 2407 pecuniariis,
1258 2375 1316 2398 sno
1326 2364 1337 2392 ‘l
1348 2363 1481 2396 arbitrio
1490 2360 1707 2400 moderandis,
1717 2359 1799 2392 inhi-

1039 2413 1148 2455 bendi,
1171 2423 1289 2457 easque
1310 2411 1485 2445 incurrisse
1503 2410 1599 2443 modo
1620 2408 1798 2452 praemisso

1041 2461 1240 2502 declarandi,
1262 2460 1469 2505 aggravandi,
1497 2464 1526 2492 et
1546 2458 1701 2492 auxilium
1724 2458 1798 2490 lira-

1041 2510 1104 2543 chii
1125 2510 1302 2543 saecularis
1323 2508 1501 2542 invocandi.
1526 2508 1657 2540 Necnon
1685 2517 1799 2539 causas

1041 2565 1072 2593 et
1107 2559 1342 2593 controversias
1376 2566 1601 2601 quascumque
1634 2555 1797 2587 dictorum

1042 2609 1191 2648 fratrum,
1214 2607 1417 2646 monialium,
1440 2610 1471 2639 et
1490 2604 1567 2637 dicti
1590 2603 1719 2637 Ordinis
1744 2614 1797 2635 su-

1080 2672 1089 2697 ¹
1109 2670 1261 2706 Legendum
1276 2670 1344 2697 forte
1360 2672 1447 2696 rastro
1462 2667 1501 2702 (n.
1523 2667 1574 2701 T.).

1811 276 1858 301 An,
1879 275 1906 300 Γ..
1931 276 1994 301 1:513?
