2237 3100
203 272 253 298 An.
271 271 300 299 C.
318 272 382 300 1561

212 701 313 722 Exteusio
331 701 385 722 etus-

201 734 254 754 dem⁴

226 2249 382 2271 Contrariorum

200 2279 316 2306 derogatio.

443 261 508 298 tto

400 335 497 369 quam
509 324 773 369 praedecessores
783 323 883 358 nostri
895 323 1057 368 prosecuti
1070 328 1152 362 sunt,

400 379 506 412 favore
522 379 688 422 prosequi,
702 378 823 411 idcirco
844 378 1033 411 eorumdem
1046 376 1153 409 literas

399 442 435 465 ac
457 432 488 464 in
510 432 555 465 eis
580 436 731 465 contenta
757 437 787 465 et
817 432 890 464 inde
924 436 1032 464 secuta
1053 441 1152 473 quae-

400 496 539 530 cumque
561 487 803 525 confirmamus,
818 490 848 517 et
864 483 1024 517 firmitatis
1036 483 1153 516 robore

399 540 565 572 munimus
588 544 619 572 et
646 540 881 583 approbamus,
909 543 1068 581 quatenus
1092 537 1154 569 sint

398 593 431 625 in
454 604 526 625 usu.

443 647 497 690 gl.
517 647 685 679 Praeterea
696 646 827 690 provide
842 646 1041 679 attendentes
1052 647 1150 690 quod,

399 700 526 734 caelesti
557 701 678 733 favente
711 701 864 741 numine,
892 701 1035 734 humana
1063 703 1153 746 prole

399 759 504 793 aucta,
528 759 558 787 et
577 754 738 788 bonorum
751 755 1001 793 mercantilium,
1018 760 1046 788 et
1058 766 1152 799 prac-

399 807 507 840 sertim
529 809 878 853 pannorum,pretium
899 814 946 842 est
965 815 1107 851 auctum,
1124 816 1154 844 et

398 867 570 906 propterea
586 863 656 896 iure
667 863 782 896 merito
794 864 973 897 iurisdictio
994 864 1153 898 iusdicon-

400 916 479 948 tium
500 917 646 959 augenda
667 923 725 956 est,
743 924 833 951 motu
859 918 954 952 simili
971 930 1007 951 ac
1023 919 1062 952 de
1074 930 1152 963 apo—

399 969 519 1003 stolicae
528 973 691 1014 potestatis
701 972 914 1017 plenitudine,
924 972 1032 1011 fidem,
1043 972 1081 1006 de
1090 984 1153 1016 qua

398 1024 429 1057 in
451 1025 646 1069 praeinsertis
667 1027 699 1059 sit
721 1026 840 1059 mentio
851 1054 858 1067 ,
870 1026 908 1058 ad
920 1037 1080 1060 summam
1093 1027 1153 1060 du-

398 1083 544 1111 catorum
565 1080 635 1112 auri
658 1079 788 1123 triginta
816 1090 972 1122 augemus
993 1085 1023 1112 et
1043 1086 1152 1114 exten-

398 1132 516 1173 dimus,
540 1133 580 1165 ita
591 1138 624 1166 ut
638 1133 804 1177 fidesipsis
824 1134 915 1166 libris
935 1138 1153 1167 mercatorum

397 1185 435 1217 de
456 1185 553 1218 rebus
578 1187 796 1230 spectantibus
820 1187 858 1219 ad
879 1193 979 1220 artem
1006 1198 1153 1220 mercan-

399 1238 472 1276 tiae,
495 1239 672 1273 dummodo
694 1241 754 1284 ipsi
775 1241 1007 1273 mercantiliter
1022 1246 1052 1273 et
1068 1251 1153 1273 mer-

398 1297 543 1325 catorum
566 1293 678 1326 ordinc
707 1298 737 1327 et
758 1305 847 1327 more
868 1294 990 1337 scripti,
1013 1304 1048 1326 ac
1075 1304 1153 1327 con-

399 1345 471 1377 fecti
492 1350 519 1377 et
542 1346 619 1378 tenti
645 1347 719 1386 sint,
748 1347 1152 1390 iuramentmnque,prout

397 1398 429 1431 in
451 1398 649 1441 przeinsertis
668 1400 863 1437 continetur,
886 1400 1085 1439 interveniat,
1100 1410 1153 1431 us-

397 1462 459 1494 que
480 1451 519 1484 ad
539 1463 699 1486 summam
720 1454 913 1486 ducatorum
933 1452 1062 1495 triginta
1083 1452 1153 1485 auri

396 1504 598 1539 adhibeatur.
630 1507 663 1539 Et
694 1507 780 1550 quod
811 1507 960 1539 eonsules
981 1506 1039 1549 ipsi
1071 1507 1155 1538 inter

396 1558 495 1591 laicos
516 1560 554 1592 de
582 1559 679 1593 rebus
700 1560 892 1604 praedictis,
916 1560 1010 1592 etiam
1041 1560 1065 1592 si
1094 1560 1152 1603 ipsi

394 1611 531 1645 Romani
552 1612 634 1646 cives
664 1614 726 1647 sint
753 1620 781 1647 et
810 1614 949 1646 curiales
976 1613 1152 1646 Romanam

395 1664 524 1698 Curiam
541 1672 722 1710 sequentes,
746 1667 795 1699 ius
812 1667 930 1706 dicere,
944 1676 1150 1709 cognoscere,

395 1718 571 1752 terminare
582 1725 612 1752 et
623 1720 737 1764 exequi
752 1720 886 1763 possint,
900 1730 1001 1763 usque
1014 1720 1051 1752 ad
1065 1730 1153 1752 sum-

396 1782 480 1804 mam
498 1773 706 1816 praedictam,
730 1779 760 1806 et
784 1774 852 1806 sine
877 1773 1076 1817 praeiudicio
1096 1773 1153 1806 tri-

395 1826 523 1858 bunalis
543 1826 700 1859 auditoris
715 1826 879 1867 Gamerae,
894 1826 926 1859 in
947 1837 1153 1870 quacumque

397 1890 533 1919 summa,
544 1885 574 1913 et
585 1880 723 1913 aliorum
738 1880 947 1913 tribunalium
970 1881 1053 1912 ultra
1065 1891 1153 1912 sum-

398 1943 483 1965 mam
505 1933 628 1976 viginti,
650 1934 770 1977 absque
799 1945 836 1967 eo
865 1934 952 1977 quod
978 1944 1093 1966 causae
1115 1933 1153 1965 ab

397 1997 512 2019 eorum
534 1987 699 2028 tribunali,
720 1993 946 2031 praeterquam
968 1997 1026 2031 per
1041 1987 1153 2030 appel-

397 2040 550 2073 lationem
571 2041 714 2084 legitimo
730 2047 877 2085 tempore
896 2047 926 2074 et
946 2041 1042 2073 modo
1059 2040 1154 2073 inter-

399 2094 553 2138 positam,
580 2095 706 2128 avocari
731 2095 871 2139 possint,
899 2093 1105 2128 decernimus
1125 2100 1153 2127 et

399 2147 603 2181 mandamus.

442 2200 457 2243 g
477 2199 508 2232 ⁶2.
532 2200 601 2233 Non
622 2201 824 2235 obstantibus
844 2201 1009 2244 quibusvis
1024 2200 1154 2245 privile-

398 2253 475 2296 giis,
505 2253 600 2287 etiam
627 2255 773 2298 personis
793 2254 1032 2298 suprascriptis,
1059 2254 1153 2287 etiam

399 2313 489 2340 motu
499 2308 632 2352 proprio
645 2308 816 2348 attributis,
835 2319 976 2351 quorum
993 2308 1088 2341 etiam
1101 2320 1153 2341 ex-

399 2371 509 2404 pressa
534 2366 564 2393 et
584 2362 736 2405 specifica
760 2362 880 2395 mentio
905 2362 1053 2395 habenda
1073 2368 1152 2395 esset

399 2414 553 2456 (quorum
575 2415 722 2447 omnium
748 2421 887 2455 tonores,
910 2415 1043 2458 perinde
1073 2426 1109 2448 ac
1130 2415 1154 2448 si

400 2461 439 2495 de
459 2463 555 2496 verbo
576 2464 614 2496 ad
630 2464 763 2497 verbum
774 2465 826 2497 hic
839 2464 949 2497 inserti
965 2464 1082 2503 forent,
1096 2476 1154 2507 pro

401 2512 557 2554 expressis
572 2513 684 2545 haberi
704 2514 878 2556 volumus),
892 2524 929 2546 ac
948 2513 1018 2546 aliis
1037 2514 1156 2557 quibus

401 2561 632 2603 praedecessor
651 2563 813 2604 praefatus
833 2562 866 2594 in
887 2562 1037 2605 praefatis
1057 2562 1156 2595 literis

401 2609 534 2643 minime
555 2610 681 2643 obstare
701 2611 812 2652 voluit,
835 2611 1014 2654 ceterisque
1031 2617 1157 2644 contra-

401 2658 456 2691 riis
476 2658 747 2703 quibuscumque.

998 269 1177 296 BULLARIUM
1200 266 1351 293 ROMANUM

1239 321 1253 363 g
1273 320 1302 352 3.
1327 319 1364 352 Et
1385 318 1430 353 sic
1450 327 1509 363 per
1529 327 1753 362 quoscumque
1766 315 1948 350 iudicesiu-

1194 373 1293 406 dicari
1315 378 1345 405 et
1365 372 1569 416 interpretari
1592 372 1741 405 volumus
1766 376 1795 404 et
1815 371 1948 403 manda-

1195 438 1285 467 mus,
1309 427 1433 459 sublata
1459 426 1552 459 aliter
1572 425 1803 469 interpretandi
1824 430 1879 458 aut
1899 424 1949 456 iu-

1195 480 1322 514 dicandi
1336 481 1499 519 facultate,
1512 479 1639 512 irritum
1658 489 1787 522 quoque
1808 483 1839 511 et
1854 478 1949 511 inane

1195 534 1403 567 decernentes
1427 532 1581 577 quicquid
1602 533 1635 566 in
1651 533 1849 566 contrarium
1871 543 1949 566 con-

1195 588 1301 630 tigerit
1320 587 1482 620 attentari.

1239 642 1252 684 g
1277 641 1308 674 4.
1336 641 1492 674 Volumus
1529 645 1636 673 autem
1665 639 1752 684 quod
1772 638 1950 683 praesentis

1195 695 1294 727 nostri
1316 700 1422 729 motus
1444 694 1567 739 proprii
1588 694 1655 727 sola
1675 694 1840 736 signatura
1860 692 1949 726 suffi-

1194 748 1254 781 ciat
1284 754 1312 781 et
1334 748 1455 792 ubique
1480 747 1576 780 fidem
1602 747 1712 787 saciat,
1740 747 1851 790 regula
1871 756 1949 779 con-

1195 802 1290 835 traria
1311 813 1375 834 non
1396 802 1551 841 obstante,
1572 801 1621 834 vel
1637 800 1723 844 quod
1742 800 1836 832 breve
1857 799 1950 832 desu-

1195 867 1263 901 per,
1287 856 1311 888 si
1337 855 1509 895 videbitur,
1532 854 1673 898 expediri
1695 853 1803 897 possit.

1347 909 1466 949 Placet,
1493 913 1583 942 motu
1602 907 1747 951 proprio.
1770 907 1792 940 I.

1238 963 1353 996 Datum
1374 963 1494 995 Romae
1515 961 1599 1006 apud
1627 960 1779 994 Sanctum
1804 960 1948 1000 Petrum,

1195 1026 1268 1049 xvtn
1290 1016 1441 1049 kalendas
1462 1014 1630 1054 februarii,
1652 1025 1737 1047 anno
1758 1024 1791 1047 11.

1226 1074 1286 1104 Dat.
1306 1075 1352 1104 die
1370 1075 1406 1104 15
1424 1074 1548 1104 ianuarii
1563 1073 1650 1109 1551,
1667 1071 1768 1112 pontif.
1790 1081 1866 1101 anno
1892 1081 1921 1102 11.

1512 1265 1628 1298 XXXV.

1196 1342 1376 1383 Privileslia
1403 1345 1432 1374 et
1461 1342 1677 1384 exemptiones
1707 1340 1948 1383 praelatorum,

1238 1395 1336 1427 Sacro
1348 1399 1376 1427 et
1390 1394 1595 1427 OEcumem'co
1604 1393 1747 1427 Concilio
1762 1393 1951 1426 Tridentino

1239 1448 1473 1487 assistentimn,
1500 1458 1668 1490 eorumque
1687 1447 1920 1489 favm'le'ctrt‘um.

1284 1534 1345 1561 Pius
1366 1534 1508 1569 episcopus
1525 1540 1621 1561 servus
1639 1539 1780 1561 servorum
1798 1531 1861 1564 Dei,

1361 1588 1395 1615 ad
1414 1587 1541 1615 futuram
1560 1587 1602 1615 rei
1620 1586 1789 1615 memoriam.

1238 1663 1478 1707 Circumspecta
1500 1663 1636 1696 Romani
1656 1662 1821 1696 Pontificis
1846 1661 1950 1706 provi-

1195 1716 1318 1757 dentia,
1350 1717 1551 1760 singulorum
1587 1716 1701 1750 merita
1732 1721 1762 1749 et
1795 1715 1950 1760 obsequia

1194 1770 1300 1803 debita
1336 1770 1541 1804 meditatione
1584 1770 1814 1811 considerans,
1856 1770 1948 1810 illos,

1195 1830 1289 1867 prout
1319 1835 1458 1867 aequum
1481 1830 1544 1865 est,
1575 1824 1769 1868 specialibus
1790 1823 1950 1857 favoribus

1195 1882 1225 1910 et
1255 1877 1364 1920 gratiis
1393 1877 1616 1921 prosequitur,
1651 1888 1733 1921 quos
1762 1877 1950 1910 universalis

1195 1931 1356 1964 Ecclesiae
1381 1931 1542 1974 obsequiis
1568 1931 1686 1974 iugiter
1702 1931 1842 1964 intentos
1860 1931 1949 1964 labo-

1195 1996 1288 2025 rare,
1324 1996 1360 2017 ac
1394 1985 1531 2019 diversas
1566 1996 1719 2028 expensas
1753 1984 1862 2018 subire
1897 1994 1950 2017 co-

1194 2038 1328 2081 gnoscit.

1238 2092 1304 2136 gl.
1330 2092 1411 2125 Hinc
1432 2097 1479 2125 est
1510 2092 1597 2135 quod
1626 2102 1700 2132 nos,
1735 2091 1791 2136 qui
1825 2090 1948 2124 dudum

1194 2146 1303 2179 omnia
1323 2152 1353 2179 et
1377 2146 1502 2189 singula
1530 2145 1687 2178 beneficia
1715 2144 1946 2186 ecclesiastica,

1196 2210 1268 2232 cum
1292 2210 1368 2232 cura
1390 2204 1420 2232 et
1435 2199 1502 2232 sine
1519 2209 1609 2239 cura,
1632 2198 1810 2232 saecularia
1825 2203 1855 2231 et
1870 2209 1950 2241 quo-

1196 2254 1315 2286 rtunvis
1335 2253 1491 2286 Ordinum
1514 2252 1691 2296 regularia,
1721 2252 1950 2296 qualitercum-

1195 2318 1257 2350 que
1278 2308 1460 2351 qualificata
1481 2313 1512 2340 et
1540 2306 1676 2340 ubilibet
1704 2305 1886 2346 existentia,
1916 2306 1949 2338 in

1195 2361 1329 2402 singulis
1353 2361 1502 2402 ianuarii,
1525 2360 1690 2401 februarii,
1713 2359 1834 2404 aprilis,
1859 2359 1947 2401 maii,

1196 2414 1278 2454 iulii,
1302 2415 1441 2457 augusti,
1465 2415 1617 2456 octobris,
1647 2413 1830 2447 novembris
1857 2423 1948 2447 men-

1196 2465 1295 2505 sibus,
1318 2466 1395 2497 alias
1411 2475 1507 2508 quam
1524 2476 1583 2509 per
1598 2463 1845 2507 resignationem
1862 2468 1950 2496 extra

1197 2513 1372 2546 Romanam
1396 2514 1525 2547 Curiam
1554 2517 1714 2552 vacatura,
1742 2512 1781 2544 ad
1802 2510 1948 2544 collatio-

1196 2572 1282 2602 nem,
1306 2562 1532 2605 provisionem,
1556 2559 1865 2605 praesentationem,
1888 2560 1951 2593 ele-

1196 2610 1333 2644 ctionem
1373 2622 1429 2645 seu
1461 2610 1606 2655 quamvis
1635 2610 1730 2642 aliam
1765 2608 1948 2653 dispositio-

1196 2670 1269 2693 nem
1300 2670 1582 2703 quorumcumque
1611 2659 1804 2693 collatorum
1830 2664 1861 2692 et
1880 2658 1948 2692 col-

1963 261 2014 288 An.
2030 261 2060 289 C.
2079 261 2143 289 11561

1990 327 2087 348 Claunuta
2098 327 2150 348 nub-

1963 356 2036 379 tativa.

1977 648 2026 669 Sola
2042 649 2149 675 signatura

1965 678 2048 701 sufficit.

1989 1670 2109 1694 Exordium.

1990 2102 2028 2123 Hie
2051 2101 2149 2124 Pontifex

1963 2134 2150 2161 reservavitquae-

1964 2165 2009 2186 dam
2044 2164 2150 2186 beneficia

1963 2196 1989 2217 do
2004 2195 2079 2223 qulbus
2090 2194 2134 2222 hic;
