2237 3100
212 253 261 282 An.
279 254 308 282 C.
329 254 395 283 1560

222 580 333 601 Pam-eset
344 587 396 606 pitt-

210 616 309 637 tepuere·

211 644 288 663 limites
299 648 348 663 suae
361 644 393 663 iu-

211 675 340 694 risdictionis
357 680 394 693 ve-

340 612 393 631 intr..

211 710 245 725 ros
275 707 334 725 orvlin
344 707 394 724 nias

211 736 282 757 declar
291 741 304 755 tt

253 2398 394 2423 indulgentias

307 2434 394 2450 conces—

285 2460 393 2486 appi-ohan

211 2430 283 2449 Uuttiui

453 246 495 281 52
1006 255 1183 281 Brittanni
1209 254 1358 280 nou-turm
1971 255 2022 283 An.
2040 254 2068 283 c.
2090 254 2158 284 1560

409 311 563 344 baiulivos
576 337 583 351 ,
610 308 753 355 priores,
781 315 1022 355 praeceptores,
1049 311 1162 345 fratres
1204 310 1293 342 naria
1314 320 1372 352 pro
1393 309 1457 350 liis,
1476 308 1532 353 qui
1552 308 1597 342 eis
1621 320 1736 343 manus
1755 309 1958 354 porrexerint

409 369 436 397 et
472 374 626 408 personas
655 363 879 407 professionis,
906 369 938 396 ut
964 365 1158 407 praefertur,

409 418 448 450 ab
468 417 619 450 omnibus
640 417 773 450 decimis
802 422 829 449 et
856 416 925 450 aliis
950 417 1104 450 oneribus
1125 417 1162 449 li-

411 473 496 511 bera,
520 471 676 503 immunia
697 476 727 503 et
742 476 887 514 exempta
908 470 1052 503 existant.

453 525 468 567 ξ,
497 523 550 558 65.
578 524 615 557 Et
638 523 698 567 ipsi
727 523 879 566 magister
902 534 938 556 ac
964 529 1159 559 conventus.

410 587 535 610 necnon
557 576 646 620 prior
666 575 819 609 ecclesiae
844 575 962 619 aliique
987 576 1113 620 priores
1132 581 1162 609 et

411 635 636 673 praeceptores
665 629 747 661 intra
772 629 889 661 limites
914 640 1046 662 suarum
1068 629 1164 663 iuris-

410 682 587 716 dictionum
608 688 636 715 et
655 682 969 715 administrationum
988 682 1054 715 veri
1075 683 1161 716 ordi-

409 736 511 776 narii,
543 736 629 769 iuxta
656 737 791 768 formam
817 737 1110 769 stabilimentorum
1132 742 1160 770 et

408 788 649 834 privilegiorum
682 789 942 832 praedictorum,
970 790 1104 823 existant
1133 796 1160 823 et

408 852 475 875 esse
492 847 693 875 censeantur.
718 843 760 875 Ae
777 843 931 876 beneficia
947 843 1161 877 ecclesiastica

409 895 445 927 ad
468 896 758 939 praesentationem
775 906 830 929 seu
847 897 1051 930 collationem
1071 897 1163 930 baiu-

409 947 556 989 livorum,
573 949 731 993 priorum,
746 955 994 993 praeceptorum
1011 956 1041 983 et
1056 951 1163 995 hospi—

409 1001 479 1033 talis
503 1002 690 1035 huiusmodi
716 1002 885 1045 suffragari
910 1003 1027 1036 debere
1053 1004 1163 1037 decer-

409 1055 526 1089 nimus.
552 1056 594 1089 lta
610 1056 697 1099 quod
714 1056 891 1100 presbyteri
911 1058 1093 1090 saeculares
1109 1058 1162 1091 illa

409 1109 447 1141 ad
482 1119 633 1152 praesens
666 1109 699 1142 in
732 1109 957 1142 commendam
996 1121 1052 1142 seu
1086 1110 1163 1143 alias

408 1163 651 1206 quomodolibet
666 1163 858 1203 obtinentes,
877 1164 1088 1196 comment-tao
1105 1165 1162 1196 lm-

409 1215 547 1249 iusmodi
582 1217 696 1250 cedere
725 1222 778 1249 aut
813 1217 867 1250 illa
897 1217 974 1250 alias
1003 1217 1162 1251 dimittere

409 1274 592 1312 nequeant,
623 1270 684 1302 nisi
713 1270 751 1303 de
785 1280 945 1304 consensu
971 1281 1103 1307 eorum,
1125 1271 1162 1303 ad

409 1333 490 1366 quos
511 1324 725 1366 praesentatio
746 1335 801 1357 seu
828 1324 956 1357 collatio
977 1330 1110 1369 spectat,
1134 1331 1160 1358 et

410 1375 440 1408 in
466 1376 605 1409 favorem
639 1377 715 1409 dieti
743 1377 911 1421 hospitalis
935 1389 990 1411 seu
1013 1390 1163 1422 persona-

409 1441 480 1462 rum
494 1457 501 1470 ,
524 1441 607 1473 quae
626 1430 771 1463 habitum
792 1441 850 1474 per
869 1432 982 1464 fratres
1003 1433 1163 1475 cappella-

409 1493 467 1516 uos
501 1483 643 1517 eiusdem
683 1483 850 1527 hospitalis
883 1483 1001 1516 deferri
1032 1484 1161 1518 solitum

410 1537 597 1580 suscipiant,
620 1542 648 1570 et
670 1537 902 1581 professionem
915 1548 973 1581 per
988 1548 1043 1571 eos
1063 1539 1161 1571 emitti

410 1590 534 1623 solitam
560 1591 721 1624 emittant:
755 1601 813 1624 nec
835 1591 888 1624 illa
910 1591 1062 1635 deinceps
1082 1592 1161 1636 ipsi,

410 1644 469 1677 nisi
490 1645 572 1677 infra
592 1656 644 1677 sex
665 1655 790 1677 menses
819 1656 835 1677 a
870 1645 919 1678 die
953 1645 1163 1679 intimationis

411 1697 554 1730 habitum
584 1698 685 1742 ipsius
717 1698 891 1741 Religionis
912 1700 1111 1743 susceperint
1133 1706 1161 1733 et

410 1752 590 1794 regularem
620 1751 852 1796 professionem
889 1751 972 1785 infra
998 1752 1077 1786 alios
1111 1765 1163 1787 sex

411 1815 536 1838 menses
569 1805 751 1845 emiserint,
779 1805 943 1848 possidere
970 1806 1110 1848 possint:
1133 1812 1161 1839 et

410 1857 434 1890 si
455 1869 548 1891 secus
568 1858 633 1898 fiat,
657 1864 709 1891 aut
737 1858 914 1891 cessionem
941 1869 996 1891 seu
1022 1860 1163 1902 resigna-

411 1910 530 1943 tionem
564 1911 751 1944 lmiusmodi
786 1922 821 1944 ac
858 1912 896 1944 de
931 1911 1008 1945 dicti
1036 1912 1162 1945 Ordinis

412 1964 595 2002 beneficiis,
619 1964 714 1997 etiam
735 1964 766 1997 in
799 1965 946 1998 manibus
975 1966 1101 2004 nostris,
1131 1966 1161 1999 in

411 2018 555 2050 t'uturum
581 2017 650 2050 fieri
676 2017 850 2060 contingat,
878 2019 1064 2052 huiusmodi
1099 2030 1163 2052 ces-

410 2071 533 2110 siones,
556 2070 788 2113 resignationes
813 2078 841 2103 et
865 2071 1063 2114 provisiones
1091 2074 1162 2105 nul-

410 2124 471 2157 lius
491 2124 550 2157 sint
571 2124 697 2157 roboris
717 2125 763 2157 vel
785 2125 952 2165 momenti,
975 2125 1035 2158 nisi
1052 2126 1084 2158 in
1101 2126 1162 2159 illis

409 2188 556 2221 expresse
592 2178 717 2210 dicatur
746 2182 775 2210 et
804 2179 840 2210 (Ie
868 2189 1021 2211 consensu
1049 2181 1163 2221 maym'

411 2232 572 2274 mwistri,
591 2237 619 2264 et
638 2232 676 2264 de
702 2231 782 2273 illis,
805 2232 891 2264 iuxta
911 2233 1046 2265 sormam
1070 2233 1162 2276 privi-

410 2285 483 2327 legii
504 2285 605 2317 dictae
626 2284 814 2327 Religionis,
837 2284 1053 2328 provideatur.

452 2338 538 2381 §66
575 2339 618 2371 Ac
644 2349 865 2382 quascumque
891 2338 1108 2380 indulgentias
1132 2344 1160 2372 et

410 2397 617 2434 peecatorum
639 2391 844 2425 remissiones
864 2388 1020 2424 hactenus
1040 2392 1085 2425 eis
1105 2403 1163 2436 per

410 2440 672 2483 praedecessores
692 2446 818 2473 nostros
838 2451 1018 2479 concessas,
1037 2446 1065 2473 et
1083 2452 1163 2484 prae-

410 2489 518 2521 sertim
548 2489 624 2522 Sixti
645 2490 693 2529 lv,
717 2490 754 2522 de
780 2490 926 2533 plenaria
946 2490 1161 2532 indulgentia,

410 2538 509 2570 semel
538 2538 570 2570 in
597 2538 659 2570 vita
692 2544 721 2571 et
752 2539 784 2571 in
806 2538 917 2570 mortis
935 2538 1081 2576 articulo,
1103 2549 1161 2582 pro

411 2587 456 2619 eis
489 2597 668 2629 eorumque
703 2586 911 2620 servitoribus
945 2592 973 2619 et
1008 2587 1162 2619 ministris

1204 362 1397 402 adiutrices;
1429 373 1465 395 ac
1498 362 1671 396 Clementis
1689 363 1791 397 Vliet
1819 374 1955 397 suorum

1204 416 1502 459 praet‘lecessorum,
1525 416 1563 448 de
1579 416 1791 459 quadraginta
1814 417 1907 450 annis
1927 423 1957 450 et

1205 468 1333 501 totidem
1356 468 1574 512 quarantenis,
1593 479 1630 501 ac
1649 469 1785 513 septima
1800 475 1890 514 parte
1906 469 1956 503 in-

1204 522 1331 555 iunctae
1353 522 1568 565 poenitentiae
1593 533 1652 566 pro
1680 523 1881 556 visitantibus
1901 533 1956 556 eo-

1205 586 1276 608 rum
1293 576 1445 608 ecclesias
1465 581 1495 608 et
1510 576 1662 616 oratoria,
1680 576 1878 620 ubicumque
1894 576 1958 609 exi-

1205 628 1330 668 stentia,
1349 634 1377 661 et
1394 639 1508 661 manus
1525 628 1763 672 porrigentibus
1782 628 1957 662 adiutrices

1206 682 1236 714 in
1262 682 1396 724 singulis
1417 682 1579 719 secundis,
1601 684 1724 726 quartis
1748 688 1776 715 et
1798 682 1894 716 sextis
1913 678 1957 716 se*—

1205 735 1260 768 riis
1279 735 1544 778 quadragesimae
1562 739 1590 767 et
1618 735 1722 780 capite
1742 736 1954 776 ieiuniorum,

1204 799 1241 821 ae
1261 789 1329 821 sesti
1351 789 1450 822 sancti
1470 788 1616 821 vocabuli
1632 788 1792 822 dictarum
1809 789 1959 823 ecclesia-

1206 852 1295 881 rum,
1318 852 1444 875 necnon
1464 842 1637 875 Clementis
1657 842 1691 883 V,
1714 843 1821 885 quoad
1859 843 1959 876 sacul-

1206 899 1300 928 tatem
1323 905 1357 927 su
1364 906 1420 938 per
1431 894 1509 927 votis
1524 895 1655 937 (Terrae
1670 895 1805 929 Sanctae
1821 901 1851 929 et
1867 895 1960 929 casti-

1206 949 1276 981 tatis
1297 949 1461 981 dumtaxat
1480 948 1634 992 exceptis)
1654 960 1691 982 ac
1716 960 1813 993 super
1828 949 1955 990 usuris,

1205 1002 1326 1045 rapinis
1346 1008 1373 1035 et
1396 1003 1477 1035 male
1499 1002 1611 1035 ablatis
1626 1003 1674 1035 vel
1686 1002 1862 1046 acquisitis,
1876 1013 1958 1047 quo-

1206 1066 1277 1088 rum
1308 1056 1430 1088 domini
1464 1056 1541 1088 certi
1574 1067 1639 1089 non
1672 1056 1898 1100 reperiuntur,
1928 1061 1957 1089 et

1206 1109 1385 1142 indistincte
1407 1109 1526 1142 relictis
1546 1109 1577 1142 in
1603 1109 1725 1143 ultimis
1742 1110 1960 1144 voluntatibus

1206 1173 1264 1205 pro
1294 1163 1546 1196 substentatione
1578 1174 1777 1207 pauperum,
1807 1174 1842 1196 ac
1863 1174 1961 1207 super

1206 1216 1319 1249 divinis
1340 1217 1452 1249 officiis
1468 1222 1495 1250 et
1518 1217 1606 1251 boris
1627 1217 1792 1251 canonicis
1811 1217 1938 1250 omissis
1951 1243 1959 1257 ‚

1206 1270 1421 1313 componendi
1442 1276 1470 1303 et
1492 1271 1694 1310 absolvendi3
1717 1282 1752 1304 ac
1768 1270 1907 1311 Urbani,
1930 1281 1961 1304 e-

1207 1323 1279 1356 tiam
1315 1324 1591 1367 praedecessoris,
1629 1324 1734 1367 quoad
1770 1323 1961 1358 confratrias

1206 1377 1279 1409 dicti
1306 1376 1432 1410 Ordinis
1456 1388 1514 1421 pro
1536 1377 1725 1420 colligendis
1749 1377 1962 1421 eleemosynis

1206 1431 1303 1462 semel
1326 1430 1356 1462 in
1378 1441 1462 1463 anno
1483 1431 1696 1464 admittendas
1725 1436 1755 1464 et
1789 1430 1858 1463 aliis
1885 1440 1962 1463 con-

1207 1484 1356 1517 fratribus
1376 1494 1441 1517 nou
1462 1485 1712 1529 postponendas,
1727 1484 1960 1517 confirmamus

1206 1543 1232 1570 et
1255 1538 1484 1581 approbamus.

1249 1592 1263 1633 ,ξ
1284 1591 1335 1623 67.
1360 1592 1395 1624 Et
1413 1591 1558 1635 insuper,
1581 1602 1654 1625 cum
1676 1591 1849 1636 prioratus,
1869 1591 1959 1625 baiu-
1973 1603 2079 1625 Benefici·
2095 1603 2159 1625 omi-

1206 1644 1314 1683 liviae„
1338 1645 1602 1688 pra11·cepto1‘iae,
1625 1645 1741 1678 domus
1766 1651 1796 1677 et
1820 1645 1880 1678 alia
1905 1645 1959 1678 be·
1973 1636 2159 1693 fJ2⁰⁰¹¹p⁵2¹,¹}³„¹,‘¹„}

1206 1698 1320 1731 nelicia
1352 1698 1520 1742 hospitalis
1557 1697 1744 1731 huiusmodi
1778 1709 1958 1742 eorumque
1972 1697 2163 1750 ffiffigffigoffffi

1206 1751 1287 1783 bama
1309 1752 1416 1784 omnia
1438 1752 1578 1795 praefato
1599 1751 1749 1795 hospitali
1770 1751 1955 1792 inserviant,
1973 1761 2040 1787 iubet,

1205 1811 1235 1837 et
1259 1806 1498 1848 quodammodo
1524 1805 1614 1838 unita
1638 1805 1719 1844 sint,
1743 1811 1773 1838 et
1797 1816 1856 1849 pro
1879 1811 1959 1839 tem-

1206 1869 1283 1901 pore
1300 1858 1436 1891 existens
1451 1858 1602 1901 magister
1618 1863 1645 1891 et
1663 1863 1839 1891 conventus
1849 1858 1960 1902 hospi-

1205 1911 1275 1944 talis
1295 1911 1480 1943 huiusmodi
1502 1912 1629 1954 plenam
1651 1911 1682 1943 in
1704 1922 1740 1944 ea
1761 1911 1958 1944 iurisdictio-

1205 1975 1277 1997 nem
1301 1965 1453 2003 habeant,
1476 1964 1649 2008 prioratus,
1666 1963 1845 2005 baiulivias,
1864 1975 1958 2008 prae-

1205 2018 1379 2061 ceptorias,
1403 2018 1532 2056 domos,
1554 2023 1742 2057 conventus,
1764 2018 1958 2051 monasteria

1205 2076 1231 2103 et
1255 2071 1315 2103 alia
1335 2071 1493 2104 beneficia
1514 2071 1699 2104 huiusmodi
1727 2071 1765 2103 de
1790 2076 1900 2104 cetero
1920 2081 1958 2104 ex

1205 2125 1351 2168 personis
1394 2125 1446 2158 illa
1490 2125 1708 2158 obtinentibus
1740 2135 1854 2158 vacare
1892 2135 1957 2159 non

1206 2188 1308 2220 posse,
1323 2177 1389 2217 sed,
1405 2177 1593 2211 cedentibus
1612 2179 1658 2211 vel
1676 2174 1906 2211 decedentibus
1921 2178 1958 2211 il-

1204 2230 1309 2262 lorum
1333 2242 1390 2274 pro
1412 2236 1556 2274 tempore
1577 2231 1826 2274 possessoribus,
1847 2242 1884 2264 ea
1900 2230 1956 2264 uni

1204 2294 1258 2316 seu
1292 2284 1458 2326 pluribus,
1482 2295 1545 2316 non
1580 2284 1611 2317 in
1645 2284 1776 2317 titulum
1807 2283 1954 2328 perpetui

1204 2337 1350 2369 beneficii
1378 2338 1603 2377 ecclesiastici,
1627 2338 1680 2371 sed
1705 2342 1869 2382 tamquam
1890 2348 1957 2371 ma-

1205 2390 1323 2426 nualia,
1351 2391 1388 2422 ad
1415 2396 1529 2423 nutum
1550 2401 1606 2424 seu
1622 2390 1845 2431 amovibiliter,
1870 2390 1956 2424 iuxta

1205 2440 1339 2471 sormam
1361 2439 1653 2473 stabilimentorum
1669 2445 1699 2472 et
1714 2439 1956 2483 privilegiorum

1205 2488 1460 2531 praedictorum.
1489 2488 1622 2521 concedi
1658 2493 1688 2521 et
1720 2487 1874 2530 assignari
1900 2488 1955 2522 de-

1204 2536 1290 2569 bere.

1248 2586 1262 2627 §
1283 2586 1335 2619 68.
1360 2586 1392 2618 Et
1416 2597 1473 2630 per
1494 2596 1733 2629 quamcumque
1749 2596 1818 2618 reru
1835 2585 1956 2619 iudica·
1996 2600 2044 2621 nen·
2072 2600 2154 2622 tuate·-

411 2635 649 2680 pugnantibus;
672 2646 708 2668 ac
728 2635 859 2669 Honorii
881 2635 929 2673 ΙΙΙ,
951 2635 989 2668 de
1014 2635 1075 2669 alia
1097 2636 1163 2679 ple·
1205 2641 1269 2667 tam
1293 2635 1444 2675 magistro
1465 2641 1492 2668 et
1515 2635 1684 2669 conventui
1705 2634 1872 2679 praetatis,
1895 2634 1954 2667 nisi
1969 2631 2153 2658 ‘¹¹⁸⁸¹=¹·¹¹¹³⁸³·
