2237 3100
51 303 102 332 An.
115 303 145 330 C⁴
164 302 232 330 ¹570

95 498 157 520 Fides
173 502 233 519 trnn-

50 533 186 557 amplorum.

75 596 160 616 sanctio
182 601 234 623 poe-

50 626 113 648 natis.

87 893 205 914 Putitii-‚auo

75 2236 209 2259 proemium.

926 302 994 326 PIUS
1017 301 1037 325 V
1061 301 1108 325 ΡΡ.

1681 298 1745 332 829

1807 307 1857 335 An.
1870 307 1899 334 C.
1924 305 1994 334 1570

248 353 355 387 minus
378 353 437 398 ipsi
457 353 530 388 illos
557 353 687 388 interim
707 361 743 388 ut
762 359 854 388 antea
874 355 999 399 exigere
1043 353 1270 387 madvertimus
1286 352 1429 387 osticium
1445 359 1652 393 summatoris
1671 360 1793 394 littera·
1820 369 1917 390 Officium
1936 373 1994 388 sum-

246 408 372 440 valeant
387 413 418 440 et
437 408 570 442 habere.

291 462 306 505 g
327 462 358 494 7.
380 462 546 495 Postremo
566 462 715 495 volumus
734 467 770 495 ut
781 461 1000 506 praesentium
1018 460 1022 524 ξ
1042 462 1222 495 Alexandro
1246 462 1331 505 Papa
1351 463 1387 496 VI
1408 470 1601 508 perpetuum
1627 468 1777 502 effectum

247 515 406 559 exempla,
434 515 530 548 etiam
550 515 719 559 impressa,
737 519 794 548 etc.

291 568 306 611 ξ
327 567 357 601 8.
381 568 465 602 Nulli
486 579 563 611 ergo
583 573 640 601 etc.

290 621 405 654 Datum
430 621 551 655 Romae
579 621 665 666 apud
692 621 723 655 S.
749 621 892 661 Petrum,
915 632 1001 655 anno

245 675 480 709 Incarnationis
505 675 687 708 dominicae
711 675 885 709 millesimo
910 676 1002 719 quin-

245 729 426 772 gentesimo
451 729 701 773 septuagesimo,
730 729 876 762 kalendis
906 728 999 770 iunii,

246 781 453 828 pontificatus
477 782 579 816 nostri
599 793 683 815 anno
703 792 733 815 v.

289 837 382 870 Anno
402 847 420 869 a
444 837 607 870 nativitate
626 836 751 870 Domini
772 846 889 876 MDLxx,
916 836 1001 870 indi-

246 889 352 924 ctione
370 900 439 931 xm,
461 890 512 924 die
533 901 609 924 vero
633 900 689 923 x111
724 890 806 931 iulii,
834 890 1003 935 pontifica-

245 949 297 978 tus
321 944 514 978 sanctissimi
531 944 563 977 in
577 944 700 977 Christo
718 944 818 988 patris
828 945 903 977 etD.
916 945 951 976 N.
965 945 998 978 D.

244 998 292 1032 Pii
320 997 426 1031 divina
458 998 660 1042 providentia
680 998 784 1042 Papae
809 998 832 1030 V
853 1008 938 1031 anno
963 1008 999 1037 v,

245 1052 473 1096 retroscriptae
510 1051 635 1085 litterae
660 1052 856 1095 apostolicae
889 1052 1001 1084 affixae

245 1112 277 1141 et
300 1106 485 1150 publicatae
509 1106 643 1139 suerunt
676 1106 715 1138 ad
749 1106 852 1138 valvas
878 1105 1002 1139 Princi-

246 1214 363 1248 clesiae
396 1214 429 1248 S.
470 1214 598 1247 Ioannis
628 1213 851 1247 Lateranensis
889 1219 920 1246 et
962 1213 1001 1246 ad

246 1269 350 1301 valvas
374 1267 592 1301 Cancellariae
608 1267 811 1311 Apostolicae
833 1273 863 1300 et
884 1267 916 1299 in
933 1267 1001 1300 acie

247 1321 359 1366 Campi
378 1322 504 1361 Florae,
522 1332 580 1365 per
591 1332 650 1354 nos
661 1321 846 1365 Scipionem
861 1321 900 1354 de
914 1321 1002 1354 Octa-

247 1429 388 1463 stolicos.

380 1482 563 1527 Stephanus
575 1482 614 1515 de
624 1481 712 1522 Olea,
726 1482 879 1526 magister
895 1493 980 1515 curs.

308 1541 371 1572 Dat.
392 1541 439 1571 die
459 1541 471 1571 1
491 1541 565 1571 iunii
584 1540 672 1579 1570,
690 1542 795 1581 pontif.
814 1550 892 1571 anno
910 1550 938 1571 v.

563 1686 676 1720 CLXII.

246 1755 422 1789 Innovatz'o
455 1756 550 1799 officii
583 1756 793 1788 smnmatoris
818 1754 1023 1788 littei-arzon·

293 1809 557 1853 apostolicarum,
592 1810 653 1842 uni
686 1820 724 1842 er
743 1809 778 1842 S.
802 1810 841 1842 R.
868 1809 910 1843 E.
933 1820 1002 1842 car-

294 1864 460 1897 dinalibus
490 1864 527 1896 dc
567 1867 666 1897 cetero
696 1863 900 1905 conferendi,
931 1874 1023 1910 rimu

293 1918 507 1957 indultorimz,
533 1918 717 1961 yrccciarimz
743 1922 773 1950 et
806 1915 1023 1950 iurisdictio-³

293 1972 344 2004 nis
362 1972 396 2004 in
418 1982 490 2005 suos
514 1971 668 2014 officiales
693 1971 891 2004 concessione
909 1971 932 2003 1.

336 2052 399 2081 Pius
414 2053 557 2089 episcopus
583 2058 679 2081 servus
698 2059 839 2081 servorum
857 2052 911 2085 Dei,

399 2108 433 2136 ad
450 2108 611 2144 perpetuam
629 2107 670 2136 rei
689 2107 860 2135 memoriam.

291 2178 446 2212 pontifice
462 2178 596 2221 dignum
614 2183 660 2211 est
675 2183 706 2211 et
726 2178 888 2211 Romanae
913 2178 1002 2211 Sedis

248 2232 412 2266 maiestate
428 2232 514 2265 illius
540 2232 646 2265 officia
666 2242 784 2274 augere
805 2237 835 2263 vt.
858 2232 1002 2275 locuple—

247 2292 328 2327 tare,
351 2291 387 2319 ut
407 2285 552 2330 ipsorum
569 2285 720 2318 nobilitas
736 2290 766 2318 et
781 2285 1002 2329 suscipiendo-

247 2350 322 2373 rum
335 2340 375 2372 ad
384 2350 420 2372 ea
437 2339 730 2372 illustrissimorum
742 2338 884 2371 virorum
896 2339 1002 2382 splen-

247 2393 308 2427 dor
326 2393 490 2426 Romanae
514 2393 675 2426 Ecclesiae
698 2392 884 2436 dignitatem
908 2393 1002 2426 faciat

246 2448 451 2492 ampliorem.

291 2502 306 2545 ἓ
326 2501 358 2535 1.
392 2501 482 2541 Quod
511 2511 569 2533 nos
601 2500 634 2533 in
668 2499 776 2533 animo
811 2499 998 2543 cogitantes,

247 2566 350 2589 unum
371 2567 409 2589 ex
429 2555 581 2589 omnibus
610 2554 717 2598 magni
752 2554 907 2587 momenti
932 2554 1000 2587 ani-

285 2625 294 2649 !
314 2623 370 2650 Hoc
389 2623 504 2650 officium
522 2626 681 2658 perpetuum
709 2622 826 2649 vacabite
842 2630 900 2649 esse
917 2622 1001 2649 voluit

247 2667 397 2695 Alexander
408 2668 443 2698 Vt
460 2668 485 2696 in
502 2668 609 2695 constit.
627 2674 687 2701 xm,
699 2669 730 2695 In
744 2670 880 2700 eminenti,
893 2670 958 2695 tom.
971 2675 1000 2698 v,

247 2720 306 2749 pag.
318 2713 381 2742 578.

1809 401 1895 420 maturis
1918 399 1942 419 ab
1964 399 1993 419 Α-

1042 418 1115 440 rum
1136 407 1398 451 apostolicarum,
1410 420 1427 442 a
1443 408 1544 444 felicis
1561 414 1794 448 recordationis
1809 432 1909 451 imum
1926 430 1952 450 w
1969 436 1994 450 e-

1808 466 1888 483 reetum
1905 462 1942 482 [uit
1973 463 1993 481 ‘n

1784 497 1931 521 ’perpetuum
1976 496 1994 514 ιι,

1042 516 1142 558 quod,
1165 526 1223 558 per
1242 517 1495 560 assumptionem
1521 519 1626 554 dilecti
1653 522 1709 555 filii
1735 534 1794 556 no·
1808 527 1911 547 *while-

1043 569 1098 601 stri
1131 569 1215 601 Petri
1248 570 1359 602 Donati
1386 571 1468 604 tituli
1507 572 1670 608 §.vitalis
1704 576 1735 609 in
1760 577 1791 611 S.

1042 621 1079 654 P..
1106 622 1140 655 E.
1167 622 1389 666 presbyterum
1418 625 1614 660 cardinalem
1646 628 1793 663 Caesium

1043 682 1288 719 nuncupatum,
1321 688 1433 711 vacare
1464 680 1610 723 proxime
1645 683 1796 717 decreve-

1044 728 1158 770 rimus,
1182 730 1279 763 unius
1300 731 1398 764 solius
1410 733 1545 767 arbitrio
1571 735 1746 778 moderari,
1764 737 1796 770 in

1021 802 1023 809 ›
1044 793 1109 825 quo
1134 782 1314 827 dirigendo,
1339 785 1458 828 egregii
1480 787 1577 821 unius
1600 788 1659 821 viri
1684 795 1796 824 aucto-

1044 835 1132 876 ritas,
1154 837 1334 880 peritorum
1351 839 1470 872 auxilio
1495 840 1642 882 subnixa,
1665 853 1798 886 niagno-

1044 901 1120 933 pere
1155 891 1330 933 expediret.
1359 892 1514 931 Quocirca
1553 895 1656 929 eidem
1691 897 1796 931 officio

1044 955 1158 977 novam
1179 945 1316 978 sormam
1352 947 1564 991 camdemque
1590 951 1797 985 excellentio-

1044 1009 1112 1032 rem
1137 1005 1233 1043 atque
1254 1000 1415 1033 utiliorem
1438 1001 1603 1043 inducere,
1636 1003 1797 1048 simulque

1022 1093 1023 1098 1
1044 1052 1149 1096 ipsum
1171 1053 1212 1085 ita
1234 1064 1423 1097 promovere
1444 1060 1475 1087 et.
1494 1057 1692 1100 amplificare
1706 1059 1797 1091 insti-

1022 1103 1023 1155 ]
1044 1107 1183 1147 tuimus,
1207 1113 1242 1139 ut
1267 1119 1340 1140 cum
1366 1109 1480 1141 ceteris
1498 1110 1612 1143 osticiis
1633 1116 1663 1144 ct
1682 1122 1796 1145 mune-

246 1161 295 1205 pis
315 1161 537 1204 apostolorum
563 1160 601 1193 de
622 1160 724 1200 Urbe,
755 1160 794 1192 ad
820 1160 925 1192 valvas
950 1159 1023 1193 ec-³

1043 1160 1144 1201 ribus,
1172 1172 1254 1204 quae
1276 1162 1419 1204 supremi
1445 1162 1566 1195 ordinis
1586 1164 1661 1197 viris
1682 1175 1797 1198 conve-

1021 1244 1023 1250 .
1043 1215 1148 1254 niunt,
1168 1215 1283 1248 merito
1304 1222 1502 1260 coacepictur.

1088 1269 1102 1310 ,ξ
1123 1269 1154 1301 2.
1173 1269 1252 1302 Cum
1273 1269 1370 1312 igitur
1390 1270 1422 1302 in
1443 1271 1605 1314 praedicta
1626 1277 1798 1316 perpetua-

1021 1337 1023 1371 {
1044 1322 1129 1355 tione
1150 1322 1233 1355 idem
1261 1323 1438 1356 Alexander
1462 1325 1568 1367 Papa,
1603 1325 1688 1358 inter
1721 1326 1793 1366 alia,

247 1375 347 1409 vianis
366 1380 397 1409 et
411 1374 587 1408 Antonium
604 1374 733 1414 Clerici,
756 1385 906 1408 cursores
925 1385 1001 1419 apo·
1021 1374 1024 1409 ι’

1043 1377 1189 1409 statuerit
1209 1382 1243 1409 ut
1263 1377 1463 1420 quicumque
1477 1377 1556 1411 illud
1570 1379 1740 1419 obtineret,
1758 1380 1797 1412 de

1043 1440 1093 1471 eo,
1116 1431 1390 1473 quemadmodum
1412 1431 1592 1465 litterarum
1617 1433 1797 1476 praedicta-

1043 1495 1116 1518 rum
1151 1484 1323 1528 scriptores
1370 1485 1408 1518 de
1447 1486 1554 1519 officio
1588 1487 1794 1530 scriptoriae,

1021 1556 1022 1564 ι
1043 1537 1251 1582 disponeret,
1284 1543 1342 1571 etc.
1379 1539 1465 1571 Idem
1491 1550 1623 1583 quoque
1647 1540 1798 1574 omnibus

1043 1592 1230 1635 privilegiis,
1254 1592 1532 1636 exemptionibus,
1554 1594 1795 1638 praerogativis,

1044 1645 1313 1686 immunitatibus,
1340 1647 1557 1687 facultatibus,
1580 1648 1689 1690 gratiis
1705 1653 1736 1681 et
1750 1648 1798 1681 in-

1044 1699 1141 1733 dultis
1161 1700 1288 1743 collegii
1309 1701 1470 1734 dictorum
1491 1701 1687 1746 scriptorum
1709 1702 1797 1736 omni

1044 1760 1188 1798 tempore
1214 1755 1387 1788 frueretur.

1088 1807 1153 1849 §3
1177 1809 1223 1841 Ad
1261 1809 1341 1842 haec
1366 1809 1532 1843 nonnullis
1551 1836 1558 1849 ,
1586 1810 1641 1853 qui
1676 1810 1796 1844 dictum

1045 1862 1188 1895 officium
1209 1869 1321 1907 postea
1338 1863 1535 1905 habueruut,
1558 1864 1642 1897 inter
1662 1865 1735 1905 alia,
1760 1865 1798 1898 sit

1045 1928 1233 1950 concessum
1269 1918 1356 1962 quod
1382 1918 1526 1951 cilicium
1561 1918 1679 1962 ipsum,
1702 1920 1796 1952 etiam

1022 1982 1023 1987 ¹
1044 1981 1099 2014 per
1126 1971 1225 2003 alium
1247 1982 1303 2004 seu
1323 1971 1415 2012 alios,
1442 1982 1553 2014 regere
1578 1978 1607 2005 et
1633 1983 1794 2013 exercere,

1044 2024 1178 2067 singulis
1212 2025 1423 2058 cancellariae
1450 2025 1643 2069 apostolicae
1669 2025 1794 2065 diebus,

1044 2083 1073 2111 et
1099 2079 1374 2122 quandocumque
1395 2079 1454 2111 sibi
1483 2079 1645 2112 videretur
1669 2080 1797 2123 expedi-

1044 2132 1163 2165 tionem
1185 2133 1471 2166 extraordinariam
1498 2133 1656 2165 dictarum
1676 2133 1797 2166 littera-

1044 2197 1116 2219 rum
1137 2187 1243 2220 tacere
1269 2192 1411 2230 possent,
1435 2198 1537 2231 eaque
1557 2188 1596 2220 de
1612 2198 1709 2220 causa
1723 2187 1797 2220 bul—

1044 2241 1174 2274 latorad
1195 2246 1426 2274 summatorcm
1438 2241 1582 2285 quotidie
1592 2241 1725 2282 veniret,
1741 2242 1796 2285 qui

1044 2300 1153 2337 captas
1186 2295 1225 2327 ab
1246 2295 1314 2338 ipso
1352 2295 1473 2327 litteras
1497 2295 1623 2327 bullare
1651 2295 1793 2328 deberet.

1043 2348 1143 2381 Porro
1164 2349 1274 2381 nullus
1307 2347 1389 2381 alius
1409 2348 1447 2380 ad
1468 2348 1674 2389 exercitium,
1711 2348 1795 2392 regi—

1044 2413 1135 2442 men,
1164 2401 1415 2435 subi-ovisionem
1442 2407 1497 2434 aut
1526 2401 1795 2446 superintenden—

1043 2456 1119 2488 tiam
1146 2456 1220 2489 dicti
1246 2456 1354 2496 oflicii,
1380 2455 1474 2488 etiam
1495 2455 1572 2488 boni
1599 2456 1720 2499 publici
1741 2461 1796 2489 aut

1043 2506 1104 2538 alia
1129 2516 1336 2550 quat-umque
1357 2505 1471 2538 maiori
1497 2505 1663 2549 magisque
1688 2505 1794 2539 consi-

1043 2555 1178 2588 derabili
1200 2566 1307 2595 causa,
1331 2566 1348 2587 a
1367 2555 1512 2587 Romano
1532 2555 1698 2596 Ponfifice,
1712 2555 1795 2588 dire-

1043 2610 1091 2638 cte
1111 2605 1160 2638 vel
1181 2605 1348 2645 indirecte,
1379 2604 1504 2648 uspiam
1530 2605 1792 2644 constitueretur,

1042 2665 1148 2697 neque
1165 2654 1197 2686 in
1219 2665 1256 2687 eo
1281 2665 1350 2687 sese
1374 2654 1581 2697 interponere
1606 2654 1673 2687 ullo
1698 2653 1794 2687 modo

1042 2709 1161 2750 posset,
1182 2714 1242 2738 nec
1262 2704 1349 2738 ullae
1382 2703 1514 2738 omnino
1534 2703 1670 2745 litterae,
1690 2713 1794 2747 quan-

1847 1281 1871 1301 Ει
1887 1281 1996 1302 concessit

1812 1313 1934 1333 summatori
1950 1312 1995 1338 pri-

1812 1344 1888 1369 vilegia
1903 1344 1996 1370 scripto-

1813 1382 1856 1396 rum
1878 1375 1996 1395 litterarum

1813 1406 1985 1434 apostoticarum.

1813 1821 1901 1848 Altaque
1909 1826 1996 1841 summa-

1814 1849 1853 1868 tori
1868 1848 1947 1868 indulta
1962 1847 1997 1867 hic

1814 1880 1927 1901 enunciata
1949 1879 1997 1899 data

1813 1912 1906 1933 ruerunt.
