2237 3100
211 234 260 261 An.
277 233 307 261 C.
328 234 393 261 1567

452 225 516 260 638

452 288 467 331 ἓ
486 287 518 321 6.
544 287 613 320 Non
629 286 828 319 obstantibus
849 283 1043 327 praemissis,
1066 287 1097 314 et
1117 283 1158 314 fe-

237 341 395 376 ⁰¹³¹¹SJ¹¹³0⁶⁶·
409 340 478 373 licis
498 339 730 373 recordationis
759 337 911 370 Bonisacii
945 337 1048 380 Papae
1068 335 1131 368 VIII
1150 362 1157 374 ‚

213 376 340 399 rogatui-tae.

410 392 667 438 praedecessoris
687 391 799 431 nostri,
827 391 865 423 dc
882 400 958 431 una,
981 395 1012 423 et
1031 388 1160 422 concilii

408 447 567 490 generalis
574 447 613 479 de
622 445 746 478 duabus
754 443 877 483 diaetis,
887 443 1065 476 dummodo
1075 444 1160 476 ultra

410 506 474 533 tres
497 500 617 533 diaetas
636 497 772 541 aliquis,
803 497 992 530 auctoritate
1008 508 1160 541 praesen-

409 553 502 592 tium,
514 553 553 585 ad
564 552 721 585 iudiciuin
732 562 796 584 non
808 553 967 591 trabatur;
979 562 1015 584 ac
1026 551 1161 594 quibus-

410 607 455 639 vis
469 606 532 639 litis
552 604 746 649 pendentiis,
769 616 849 648 quas
869 616 928 638 nos
947 605 1062 638 liarum
1080 605 1162 638 serie

410 660 448 692 ad
470 670 528 692 nos
547 659 750 698 advocamus,
772 659 907 702 illasque
932 659 1160 701 extinguimus,

411 712 648 755 etlitigantibus
664 712 849 745 huiusmodi
866 718 1058 756 perpetuum
1071 713 1165 746 silen-

412 767 492 799 tium
509 767 720 810 imponimus3
733 778 770 799 ac
787 765 974 810 apostolicis
988 777 1115 799 necnon
1130 766 1163 798 in

412 819 664 863 provincialibus
674 826 705 853 et
721 820 928 863 synodalibus
942 819 1088 853 conciliis
1099 820 1165 853 edi-

413 873 462 913 tis,
490 873 684 918 specialibus
702 874 751 906 vel
771 873 988 916 generalibus,
1011 873 1165 906 constitu-

413 927 554 959 tionibus
583 933 613 960 et
640 927 909 963 ordinationibus:
936 938 970 959 ae
988 927 1165 970 quibusvis,

413 981 509 1013 etiam
526 980 718 1020 iuramento,
735 980 1167 1024 confirmationeapostoliea

414 1034 461 1066 vel
481 1034 590 1077 quavis
611 1034 760 1067 firmitate
782 1035 843 1066 alia
859 1034 1028 1073 roboratis,
1045 1034 1169 1067 statutis

414 1087 757 1127 etconsuetudiiiibus3
771 1087 944 1131 privilegiis
960 1098 1103 1131 quoque,
1123 1088 1169 1120 in-

414 1141 512 1174 dultis
522 1147 549 1174 et
563 1141 678 1174 litteris
689 1141 883 1185 apostolicis,
894 1141 1171 1184 subquibuscuni-

415 1205 478 1237 que
490 1195 658 1228 tenoribus
669 1201 700 1227 et
715 1195 838 1234 formis,
853 1206 890 1227 ac
904 1206 978 1227 cum
989 1195 1169 1238 quibusvis,

417 1248 512 1281 etiam
537 1248 812 1292 derogatoriarum
844 1247 1076 1291 derogatoriis,
1099 1248 1171 1281 irri-

417 1301 624 1346 tanthusque
645 1307 675 1334 et
695 1301 766 1334 aliis
792 1302 930 1335 decretis
950 1313 987 1334 ae
1008 1301 1172 1341 clausulis,

418 1355 512 1389 etiam
526 1361 614 1389 motu
626 1356 771 1400 proprio,
789 1356 882 1389 etiam
897 1355 1171 1393 consistorialiter,

419 1410 494 1444 etde
508 1411 644 1443 fratrum
656 1416 842 1444 nostrorum
855 1410 990 1443 consilio
1002 1409 1173 1449 concessis,

420 1464 619 1497 confirmatis
648 1470 678 1497 et
709 1464 830 1507 pluries
855 1463 1023 1496 innovatis.
1053 1463 1175 1501 Quibus

420 1517 583 1559 omnibus,
610 1518 705 1551 etiam
726 1517 751 1550 si
777 1518 816 1550 de
838 1517 900 1550 illis
925 1528 1107 1560 eorumque
1132 1522 1175 1549 to-

422 1572 461 1605 tis
480 1572 648 1605 tenoribus
664 1572 824 1616 specialis,
843 1572 1007 1615 specifica,
1027 1582 1176 1615 expressa

422 1631 452 1658 et
471 1625 637 1659 individua
652 1636 689 1659 ac
715 1626 753 1658 de
772 1625 868 1658 verbo
888 1625 927 1657 ad
948 1624 1094 1665 verbum,
1113 1635 1176 1657 non

423 1685 530 1712 autern
551 1690 608 1723 per
632 1680 796 1713 clausulas
815 1679 982 1721 generales
1004 1679 1088 1711 idem
1116 1679 1176 1710 im-

423 1726 601 1777 portantes‚
610 1732 730 1766 mentio
740 1744 795 1766 scu
806 1733 934 1777 quaevis
945 1733 1006 1765 alia
1015 1732 1178 1776 expressio

426 1786 575 1819 habenda
594 1787 696 1826 foret„
710 1792 839 1819 tenores
864 1786 1049 1819 huiusmodi
1069 1813 1076 1824 ,
1096 1797 1133 1818 ac
1153 1786 1178 1818 si

425 1841 463 1873 de
483 1840 580 1873 verbo
605 1841 643 1873 ad
668 1841 801 1874 verbum
819 1840 1051 1877 insererentur,
1085 1851 1178 1883 prae-

425 1894 570 1928 sentibus
585 1905 644 1938 pro
660 1894 754 1938 plene
770 1900 800 1926 et
814 1894 1012 1927 sufficienter
1024 1893 1180 1937 expressis

426 1948 581 1980 babentes
598 1974 606 1987 ‚
643 1947 704 1979 illis
725 1946 802 1980 alias
823 1947 854 1979 in
880 1958 938 1979 suo
965 1947 1080 1979 robore
1108 1958 1179 1989 per-

427 2001 603 2041 mansuris,
624 2001 685 2034 hac
704 2001 772 2034 vice
793 2002 969 2040 dumtaxat,
999 2000 1181 2044 specialiter

428 2061 459 2088 et
478 2066 626 2099 expresse
647 2055 859 2098 derogmnus,
883 2054 1080 2097 eaeterisque
1107 2065 1181 2087 eon-

428 2108 534 2142 trariis
558 2108 841 2152 quihuscumque3
872 2114 924 2141 aut
959 2108 984 2140 si
1005 2108 1179 2151 aliquibus,

430 2162 648 2196 communiter
682 2163 729 2195 vel
765 2162 888 2194 divisim
907 2189 914 2202 ,
952 2162 990 2193 ab
1011 2162 1121 2194 eadem
1144 2161 1183 2194 sit

431 2217 511 2250 Sede
541 2217 704 2249 indultum
728 2216 815 2260 quod
840 2215 1006 2255 interdici,
1030 2215 1181 2258 suspendi

431 2271 479 2304 vel
499 2270 774 2304 excommunicari
794 2281 858 2303 non
871 2270 1060 2313 possintper
1076 2270 1185 2302 literas

432 2324 624 2367 apostolicas
661 2335 726 2357 non
747 2323 898 2356 facientes
931 2323 1059 2367 plenam
1086 2329 1116 2355 et
1131 2334 1183 2355 ex-

434 2388 574 2421 pressam
604 2389 640 2411 ac
665 2379 704 2411 de
728 2378 825 2411 verbo
850 2377 889 2409 ad
916 2377 1048 2409 verbum
1072 2377 1109 2408 de
1136 2377 1184 2408 in-

434 2431 525 2464 dulto
545 2431 733 2465 huiusmodi
759 2431 969 2464 mentionem.

476 2480 590 2513 Datum
609 2481 728 2514 Romae
751 2480 837 2524 apud
864 2480 1015 2512 Sanctum
1040 2478 1185 2517 Petrum,

435 2529 495 2561 sub
515 2530 636 2562 annulo
662 2529 851 2569 Piscatoris,
873 2528 922 2561 die
956 2537 1029 2560 xvui
1055 2537 1185 2559 novem-

436 2578 503 2612 bris
521 2588 661 2619 Manvu‚
684 2578 890 2622 pontificatus
909 2576 1008 2610 nostri
1029 2587 1113 2609 anuo
1135 2586 1167 2607 u.

478 2628 536 2658 Dat.
552 2628 599 2657 die
619 2629 653 2657 18
671 2637 783 2658 novem.
807 2627 888 2660 1557,
901 2625 1003 2666 pontis.
1021 2635 1096 2654 auno
1114 2633 1140 2653 u.

981 229 1159 254 BrLLAmUM
1183 229 1333 252 ROMANrM

1505 278 1644 311 Lxxvll.

1204 356 1353 388 Facultas
1366 354 1674 397 Conqregyutionibus
1685 353 1873 396 imponendi
1883 364 1952 386 ceu-

1246 420 1298 441 sus
1328 413 1356 440 et
1386 408 1556 440 alienandi
1584 408 1667 439 bona
1698 408 1733 439 ob
1762 408 1954 440 solutionem,

1246 463 1380 495 subsidit
1402 462 1539 505 trinium
1560 461 1881 501 millium,scutorum,
1896 472 1955 505 pro

1247 517 1360 548 sulwen
1368 516 1452 548 tione
1466 515 1534 558 reyz'
1551 514 1743 554 Galliarum,
1754 518 1782 547 et
1795 514 1871 547 hello
1880 525 1954 548 con-

1250 574 1300 602 tra
1324 570 1441 602 Turcas
1466 569 1488 601 Ι.

1272 650 1333 679 Pius
1349 651 1420 686 Papa
1438 650 1469 683 V,
1487 651 1520 677 ad
1533 649 1657 678 futuram
1671 649 1712 678 rei
1725 649 1893 678 memoriam.

1250 732 1265 772 ξ
1286 731 1317 764 1.
1332 731 1410 764 Cum
1423 742 1540 775 nuper,
1556 736 1724 775 postquam
1740 741 1798 763 nos
1823 730 1957 774 (tumul-

1209 784 1293 817 tibus
1320 784 1351 816 in
1373 795 1472 827 regno
1496 784 1668 823 Franciae,
1700 795 1758 828 per
1782 784 1959 817 nonnullos

1210 838 1387 881 iniquitatis
1403 838 1565 881 pariteret
1585 838 1757 881 impietatis
1778 837 1861 870 filios
1884 837 1959 871 dicti

1210 892 1298 935 regni
1312 902 1474 935 proceres,
1490 898 1515 924 et
1528 892 1606 924 alies
1617 891 1959 931 liaereticosexcitatis,

1210 951 1240 977 et
1255 945 1457 988 potissimum
1475 945 1713 988 conspiratione
1725 945 1820 979 etiam
1837 946 1869 978 in
1886 945 1962 978 cha-

1211 999 1327 1031 rissimi
1345 999 1375 1031 in
1396 999 1521 1032 tlbriste
1543 999 1599 1031 filii
1620 999 1721 1032 nostri
1742 999 1846 1032 Caroli
1867 999 1966 1032 Fran-

1211 1063 1324 1085 corum
1342 1053 1425 1095 regIs
1446 1052 1700 1085 christianissimi
1723 1053 1856 1096 eiusque
1873 1051 1965 1085 sami-

1212 1106 1272 1138 Iiae
1302 1106 1433 1139 exitium
1468 1107 1547 1139 sacta
1565 1133 1572 1143 Ἰ
1614 1106 1709 1139 simul
1740 1110 1769 1139 et
1794 1116 1967 1139 numerosa

1214 1160 1314 1193 classe
1331 1187 1337 1197 ,
1372 1171 1469 1203 quani
1505 1159 1757 1192 immanissimus
1786 1160 1967 1192 Turcarum

1214 1219 1369 1258 tyrannus
1383 1220 1494 1247 contra
1505 1214 1672 1247 christiani
1685 1214 1826 1248 nominis
1845 1213 1967 1258 princi-

1215 1280 1270 1311 pes
1308 1279 1488 1312 corumque
1517 1279 1616 1311 regna
1636 1274 1667 1301 et
1686 1268 1830 1301 dominia
1858 1268 1891 1300 in
1916 1278 1971 1301 ver

1216 1322 1399 1366 proximum
1421 1323 1528 1355 moliri
1549 1322 1667 1355 dicitur
1690 1350 1696 1363 ,
1719 1328 1755 1356 ut
1779 1322 1883 1355 eidem
1904 1322 1969 1365 regi

1216 1377 1247 1408 in
1269 1382 1356 1408 tauto
1377 1376 1564 1409 discrimine
1584 1405 1590 1417 ,
1613 1377 1699 1420 quod
1726 1375 1771 1409 illi
1801 1376 1972 1409 imminere

1216 1430 1339 1473 liquido
1353 1435 1486 1469 constat,
1498 1430 1677 1462 subsidium
1690 1430 1819 1474 aliquod
1832 1429 1970 1470 mittere,

1217 1489 1247 1516 et
1284 1485 1437 1516 adversus
1457 1484 1573 1517 dietam
1601 1484 1733 1517 classem
1753 1511 1760 1524 ,
1783 1484 1855 1517 loca
1874 1483 1972 1517 mari-

1218 1538 1292 1570 tima
1306 1539 1411 1571 Status
1426 1538 1526 1571 nostri
1546 1537 1760 1571 Ecclesiastici
1781 1538 1974 1582 opportunis

1219 1592 1386 1636 praesidiis
1408 1594 1537 1625 ttrmare
1563 1595 1744 1635 possemus)
1760 1591 1916 1636 pecunias
1942 1591 1973 1624 in

1219 1657 1273 1679 eos
1300 1652 1447 1689 sumptus
1467 1645 1665 1679 necessarias
1698 1645 1869 1688 diligenter
1896 1656 1973 1679 con-

1219 1699 1587 1743 quirimandaverimus,
1601 1699 1707 1732 dilecti
1719 1699 1776 1731 lilii
1788 1698 1973 1743 praesiden-

1221 1760 1278 1793 tes,
1295 1754 1484 1793 visitatores,
1508 1753 1638 1786 abbates
1653 1759 1681 1785 et
1696 1752 1829 1796 praelati
1842 1764 1975 1797 congre-

1964 222 2011 247 Αη.
2030 221 2060 248 C.
2077 220 2145 247 ¹567

2001 740 2087 761 Causam
2094 739 2155 760 addu-

1976 773 2003 792 cit
2013 771 2154 798 iinpos'it'mnis

1979 803 2063 828 triginta
2073 800 2158 822 millium

1975 837 2083 854 scriturum
2110 832 2155 852 auri

1976 871 1995 886 tn
2016 870 2074 884 ssUI‘IL

1220 1808 1385 1851 gationum
1407 1807 1614 1847 Cassinensis‚
1637 1807 1860 1847 Cartusiensis,
1883 1807 1974 1840 Late·
1999 1827 2003 1831 -

1222 1862 1389 1901 raneusis,
1410 1862 1521 1894 Mentis
1546 1861 1654 1894 (sllireti
1674 1889 1680 1901 ,
1707 1861 1972 1901 Catualdulensis‚

1222 1917 1252 1948 S.
1268 1915 1449 1953 Salvatoris,
1473 1914 1567 1947 Vallis
1588 1914 1776 1954 Unibrosae‚
1795 1914 1827 1947 S.
1848 1914 1974 1957 Georgii

1223 1969 1253 2000 in
1280 1969 1365 2011 Alga,
1391 1968 1644 2001 (Ioelestinerum
1665 1995 1671 2008 ,
1700 1967 1919 2001 Cisterciensis
1943 1968 1975 2000 in

1224 2022 1456 2064 Longobardia,
1475 2022 1506 2054 S.
1526 2022 1724 2065 Ilieronyi‘ni,
1736 2021 1975 2055 Cruciserorum

1224 2081 1253 2108 et
1274 2076 1548 2115 Silvestrinortun,
1572 2075 1786 2108 intraltaliam
1800 2075 1976 2108 consisten-

1225 2130 1317 2169 tium,
1344 2135 1379 2162 ut
1399 2130 1533 2162 uberem
1555 2141 1631 2163 suae
1652 2130 1879 2173 dicturumque
1900 2140 1977 2163 con-

1224 2184 1449 2227 gregationum
1471 2195 1546 2226 erga
1563 2184 1738 2217 Romanam
1751 2183 1927 2216 Ecclesiam
1950 2188 1981 2216 et

1225 2238 1441 2280 Apostolicani
1463 2238 1576 2271 Sedern
1602 2249 1638 2270 ac
1662 2248 1720 2270 nos
1740 2236 1917 2270 devotionis
1933 2238 1979 2269 as-

1228 2292 1344 2323 t'eetum
1355 2302 1457 2334 usque
1468 2292 1568 2334 magis
1580 2291 1673 2324 nobis
1689 2292 1812 2324 clarum
1827 2292 1979 2330 facerent,

1228 2345 1258 2377 in
1271 2351 1392 2388 partem
1408 2343 1907 2389 sumptuumliuiusmodi,nobis
1925 2354 1980 2377 seu

1227 2399 1378 2432 Gamerae
1399 2404 1526 2432 nestrae
1548 2399 1761 2443 Apostolicae,
1785 2402 1836 2431 aut
1859 2397 1911 2430 cui
1931 2398 1979 2430 vel

1228 2453 1345 2496 quibus
1366 2464 1424 2485 nos
1446 2464 1501 2485 seu
1523 2452 1591 2495 ipsa
1612 2452 1744 2485 [lamera
1778 2449 1980 2483 mandaveri-

1229 2517 1312 2545 mus,
1336 2517 1494 2539 sununam
1516 2506 1644 2548 triginta
1660 2504 1796 2537 tuillium
1814 2508 1979 2536 scutorum

1269 2585 1275 2609 l
1299 2583 1334 2609 lix
1353 2582 1466 2609 Bullario
1487 2582 1605 2609 Romano
1623 2584 1677 2608 vet.
1698 2584 1770 2607 etex
1789 2579 1902 2606 Bullario
1913 2580 1979 2607 cas-

1230 2628 1337 2659 sinensi,
1357 2631 1419 2654 trun.
1440 2636 1457 2659 ι,
1474 2627 1579 2654 constit.
1602 2633 1754 2658 cmxxviii,
1777 2634 1825 2660 pag
1850 2625 1908 2651 197.
