2237 3100
21 332 70 358 An.
89 331 117 357 C.
137 331 203 358 «562

38 1242 209 1263 Contravenien-

24 1276 74 1294 tium
89 1278 180 1300 poenae.

11 1377 25 1387 a

883 337 951 361 Plrs

219 385 383 429 pellanias,
394 386 544 427 oratoria,
552 387 674 428 altaria,
684 388 850 423 societates
860 396 889 423 et
900 401 974 424 con-

218 439 443 479 fraternitates,
455 440 652 484 illorumque
664 443 971 487 archipresbyteros,

219 491 355 535 priores,
378 493 622 535 gubernatores,
643 495 849 537 guardianos,
870 508 974 530 sacer-

219 545 319 585 dotes,
334 545 486 579 officiales
502 553 532 580 et
551 547 714 581 ministros
734 560 971 593 quoscumque,

218 598 345 642 quoties
356 599 402 632 eis
412 599 582 641 videbitur,
599 602 757 642 visitandi,
777 603 971 646 corrigendi,

219 652 441 686 inobedientes
469 665 600 699 quoque
638 662 668 689 et
706 657 844 691 rebelles
877 669 973 700 quos-

220 716 374 750 cumque,
394 708 621 751 appellationis
654 715 683 742 et
713 709 878 753 quibusvis
906 710 975 743 aliis

221 759 352 793 sublatis
372 766 467 804 atque
488 762 620 795 remotis
640 763 829 803 obstaculis,
851 769 976 797 senten-

220 812 290 854 tias,
315 824 468 847 censuras
497 819 527 847 et
552 826 673 858 poenas
694 816 926 850 ecclesiasticas
946 822 976 849 et

220 867 426 910 pecuniarias
447 867 504 901 sibi
531 869 697 902 benevisas
722 875 752 902 et
772 869 804 902 in
825 881 879 903 eos
899 881 975 913 pro-

221 925 331 963 pterea
350 920 430 953 latas
450 921 624 955 incurrisse
645 923 845 963 declarandi,
866 934 977 965 aggra—

224 972 328 1013 vandi,
351 973 593 1016 reaggravandi,
608 986 644 1007 ac
656 975 781 1007 brachii
802 976 977 1008 saecularis

222 1025 378 1059 auxilium
408 1027 578 1060 invocandi
607 1034 637 1060 et
667 1039 771 1071 poena
791 1029 900 1061 debita
922 1041 978 1072 pu-

221 1079 330 1112 niendi
345 1106 352 1119 ,
389 1081 518 1124 plenam
557 1087 585 1114 et
624 1081 759 1114 liberam
793 1082 977 1115 facultatem

223 1133 443 1166 concedimus.

267 1187 282 1229 ἓ
301 1185 333 1219 3.
355 1186 537 1220 Districtius
552 1186 734 1220 inhibentes
754 1188 978 1232 archipresby—

222 1239 312 1279 teris,
332 1240 511 1283 prioribus,
534 1240 735 1283 guardianis,
756 1241 979 1284 gubernatori-

222 1293 294 1333 bus,
318 1294 551 1334 sacerdotibus,
571 1294 764 1327 officialibus
779 1300 809 1327 et
826 1295 981 1329 ministris

223 1346 397 1390 praedictis
412 1358 449 1379 ac
465 1347 537 1379 aliis
557 1347 732 1390 quibusvis,
752 1349 863 1391 quavis
879 1349 981 1391 digni-

225 1405 287 1433 tate
317 1406 347 1433 et
380 1400 569 1433 auctoritate
590 1401 817 1443 fungentibus,
841 1403 899 1435 sub
920 1403 980 1435 eis—

224 1454 297 1487 dem
321 1465 358 1487 ac
379 1455 519 1487 duorum
541 1455 679 1488 millium
701 1455 894 1489 ducatorum
911 1456 981 1489 auri

225 1508 264 1541 de
273 1507 417 1548 Camera,
429 1508 582 1541 Gamerae
599 1509 801 1553 Apostolicae
818 1511 983 1554 applican-

226 1561 361 1602 dorum,
384 1572 511 1595 necnon
538 1562 724 1605 privationis
748 1574 983 1606 quorumcum-

225 1626 289 1658 que
303 1615 549 1655 beneficiorum,
574 1616 856 1659 qualitercumque
878 1617 982 1660 quali-

226 1668 410 1708 ficatorum,
433 1680 490 1712 per
517 1680 571 1702 eos
591 1681 650 1712 pro
670 1675 817 1714 tempore
839 1671 984 1703 obtento-

227 1731 300 1754 rum
330 1727 361 1755 et
394 1732 636 1762 concessorum,
673 1734 711 1756 eo
745 1723 827 1767 ipso,
863 1724 984 1766 absque

227 1774 336 1818 aliqua
355 1775 495 1819 desuper
515 1776 659 1809 facienda
680 1777 909 1817 declaratione,
929 1789 986 1821 per

229 1829 505 1861 contravenientes
538 1829 744 1863 incurrendis
778 1830 909 1874 poenis,
946 1842 985 1864 ne

229 1881 392 1926 deinceps,
417 1883 582 1926 perpetuis
611 1883 728 1916 suturis
771 1884 983 1927 temporibus,

230 1936 418 1978 quorumvis·
451 1936 710 1980 privilegiorum,
734 1937 923 1970 facultatum
957 1944 985 1970 et

231 1987 432 2022 indultorum
461 1989 520 2022 sibi
553 1990 795 2033 quomodolibet
822 2002 880 2034 pro
907 1996 986 2024 tem-

232 2053 310 2086 pore
331 2053 573 2083 conc-essorum,
593 2048 648 2076 aut
678 2044 740 2076 alio
766 2044 877 2087 quovis
898 2056 988 2087 prae-

233 2101 331 2136 textu,
352 2102 544 2140 praeceptor
567 2096 725 2134 videlicet,
754 2097 850 2129 abbas
884 2103 914 2130 et
939 2109 989 2131 ca-

233 2150 372 2194 pitulum
408 2150 562 2193 praedicti
596 2151 768 2190 ecclesias,
806 2152 986 2195 (appellas,

234 2203 462 2247 cappellanias,
486 2204 626 2237 oratoria
650 2204 699 2236 vel
731 2203 843 2236 altaria
864 2210 918 2236 aut
939 2216 989 2237 so-

234 2256 363 2289 cietates
383 2257 430 2289 vel
452 2258 731 2291 confraternitates
751 2257 874 2300 erigere
895 2264 925 2291 et
945 2258 991 2291 in-

234 2309 385 2350 stituere,
408 2306 444 2343 ac
465 2310 535 2343 illas
555 2316 585 2344 et
610 2311 663 2344 illa
684 2311 727 2344 sic
749 2317 871 2344 erectas
891 2318 921 2345 et
941 2313 990 2345 in-

235 2362 360 2396 stitutas
393 2374 449 2396 seu
483 2369 591 2397 erecta
620 2370 649 2397 et
670 2364 826 2403 instituta,
850 2376 924 2397 cnm
944 2366 991 2398 sa-

236 2416 392 2449 cultatnm
410 2422 440 2450 et
456 2416 728 2460 indulgentiarum
747 2417 992 2462 participatione

237 2475 268 2503 et
288 2469 595 2510 communicatione,
614 2469 646 2502 in
666 2470 815 2513 grangias
829 2471 877 2503 vel
893 2482 993 2504 mem-

237 2518 295 2550 bra
315 2529 429 2552 eorum
450 2518 618 2562 hospitalis
645 2519 693 2551 vel
723 2519 909 2552 monasterii
938 2525 993 2553 aut

239 2567 394 2600 ccclesiae
405 2567 627 2600 Lateranensis
635 2567 822 2600 huiusmodi
833 2567 990 2612 reciperej,

240 2615 509 2660 archipresbyteri
528 2627 603 2648 vero
627 2621 657 2649 et
683 2616 809 2659 priores
828 2621 858 2648 et
877 2617 993 2659 guber-

240 2669 370 2697 natores
389 2676 425 2697 ac
446 2664 627 2707 guardiam,
651 2664 833 2698 sacerdotes
848 2675 990 2709 quoque,

241 2713 394 2746 officiales
414 2719 442 2746 et
464 2714 602 2747 ministri
623 2713 777 2757 praedicti
798 2713 903 2747 divina
923 2715 993 2748 offi-

976 335 1005 359 1v
1031 336 1078 360 rr.
1660 320 1725 354 ⁵213

1016 390 1064 423 cia
1085 388 1249 422 celebrare
1270 398 1326 420 seu
1356 386 1512 419 celebrari
1541 385 1647 418 facere
1661 413 1668 427 ,
1691 395 1769 418 con—

1016 443 1168 476 fessiones
1188 441 1299 475 audire
1319 441 1367 474 vel
1401 440 1462 473 alia
1492 444 1693 473 sacramenta
1717 451 1770 472 ec-

1016 496 1193 529 clesiastica
1213 495 1355 539 cuipiam
1376 494 1578 533 ministrare,
1602 493 1770 525 defuncto—

1016 561 1088 583 rum
1114 550 1268 582 cadavera
1288 547 1424 591 sepelire
1445 552 1500 580 aut
1519 547 1644 590 aliquos
1664 557 1771 579 sacer-

1016 604 1105 636 dotes
1126 614 1184 645 pro
1204 601 1388 645 praemissis
1408 601 1604 644 exequendis
1616 600 1771 644 deputare

1016 657 1157 689 audeant
1177 668 1232 689 scu
1254 660 1471 699 praesumant.
1491 654 1605 693 Immo,
1624 654 1683 686 sub
1699 665 1774 697 poe-

1017 710 1066 742 nis
1087 709 1271 753 praedictis,
1292 709 1481 741 mandantes
1492 712 1522 740 et
1538 707 1774 751 praecipientes

1017 763 1137 796 eisdem
1168 769 1204 795 ut.
1228 763 1400 795 ordinariis
1421 773 1457 795 ac
1482 761 1663 794 rectoribus
1683 772 1775 804 paro-

1018 815 1172 848 chialium
1194 816 1406 849 ecclesiarum
1427 814 1627 854 huiusmodi,
1647 825 1773 847 necnon

1018 869 1078 912 piis
1112 879 1225 901 eorum
1265 869 1440 907 mandatis,
1476 867 1708 901 monitionibus
1746 874 1776 900 et

1018 923 1297 956 exhortationibus
1326 923 1358 955 in
1380 922 1531 955 onmibus
1552 928 1581 954 et
1597 933 1656 965 per
1667 921 1775 954 omnia

1018 987 1132 1019 parere
1168 982 1195 1009 et
1227 976 1358 1009 obedire
1385 975 1541 1014 debeant,
1565 975 1774 1018 salubresque

1019 1040 1132 1062 eorum
1168 1029 1388 1062 correctiones
1421 1035 1573 1072 prompto
1603 1034 1633 1061 et
1662 1029 1773 1062 libenti

1020 1082 1128 1115 animo
1167 1082 1356 1125 suscipiant.
1398 1082 1613 1114 Decernentes
1646 1082 1775 1115 eosdem

1021 1135 1334 1179 archipresbyteros,
1359 1135 1502 1178 priores,
1525 1135 1774 1177 gubernatores,

1021 1189 1228 1232 guardianos,
1247 1189 1443 1228 sacerdotes,
1462 1188 1615 1221 officiales
1635 1193 1665 1221 et
1686 1188 1779 1220 mini-

1023 1248 1116 1283 stros,
1135 1253 1262 1275 necnon
1283 1253 1397 1274 eorum
1419 1242 1583 1281 eeclesias,
1602 1242 1777 1285 cappellas,

1023 1296 1259 1340 cappellanias,
1284 1295 1412 1335 altaria,
1435 1295 1588 1335 oratoria,
1611 1295 1780 1328 societates

1023 1356 1053 1383 et
1073 1350 1352 1383 confraternitates
1377 1360 1413 1382 ac
1434 1350 1513 1382 alios
1533 1360 1757 1393 quoscumque
1770 1376 1777 1389 ,

1024 1405 1082 1437 sub
1112 1404 1233 1437 eisdem
1258 1402 1448 1448 privilegiis,
1473 1403 1605 1435 indultis
1625 1408 1657 1436 et
1676 1403 1779 1435 sacul-

1024 1457 1142 1490 tatibus
1162 1457 1435 1500 comprehensos,
1458 1456 1578 1489 eisdem
1609 1455 1780 1489 ordinariis

1025 1511 1156 1544 omnino
1178 1510 1321 1543 subiecta
1342 1510 1451 1549 fuisse,
1474 1511 1541 1542 fore
1563 1515 1591 1542 et
1613 1520 1692 1542 esse.

1069 1565 1082 1608 ξ
1102 1564 1133 1596 4.
1156 1564 1193 1596 Et
1214 1564 1255 1596 ita
1279 1574 1337 1607 per
1357 1573 1582 1606 quoscumque
1599 1563 1782 1606 praedictos

1025 1623 1055 1650 et
1080 1617 1159 1649 alios
1192 1617 1314 1649 iudices
1339 1622 1369 1649 et
1394 1616 1648 1656 commissarios,
1672 1616 1782 1659 quavis

1026 1670 1215 1703 auctoritate
1250 1671 1436 1712 fungentes,
1458 1670 1583 1702 sublata
1608 1669 1653 1702 eis
1677 1675 1707 1702 et
1727 1680 1782 1702 eo-

1028 1735 1099 1756 rum
1130 1724 1262 1757 cuilibet
1295 1723 1406 1766 quavis
1436 1723 1530 1756 aliter
1555 1723 1718 1756 iudicandi
1753 1729 1784 1756 et

1028 1777 1260 1821 interpretandi
1280 1778 1430 1811 facultate
1452 1782 1482 1810 et
1502 1777 1710 1817 auctoritate,
1734 1777 1783 1809 iu-

1029 1831 1127 1864 dicari
1149 1836 1179 1864 et
1199 1830 1325 1864 definiri
1346 1831 1477 1871 debere,
1505 1831 1633 1863 irritum
1654 1841 1784 1874 quoque

1029 1889 1058 1916 ct
1079 1884 1172 1917 inane
1193 1884 1350 1928 quidquid
1372 1895 1463 1917 secus
1484 1895 1583 1928 super
1603 1884 1652 1917 his
1672 1896 1689 1916 a
1709 1895 1787 1927 quo-

1029 1948 1125 1980 quam
1140 1964 1147 1977 ,
1178 1937 1288 1981 quavis
1322 1938 1512 1971 auctoritate
1527 1964 1534 1977 ,
1568 1937 1705 1971 scienter
1738 1938 1786 1970 vel

1030 1991 1233 2034 ignoranter,
1255 1990 1425 2034 contigerit
1444 1990 1605 2023 attentari.

1074 2047 1088 2088 3¹
1109 2045 1139 2077 5.
1176 2044 1245 2077 Non
1271 2044 1488 2083 obstantibus,
1512 2045 1536 2077 si
1562 2055 1644 2088 opus
1669 2044 1726 2085 sit,
1748 2045 1786 2077 de

1032 2107 1096 2129 non
1117 2097 1258 2130 tollendo
1280 2097 1350 2130 iure
1371 2097 1516 2140 quaesito
1533 2103 1564 2130 et
1580 2098 1650 2130 aliis
1670 2097 1787 2131 consti-

1031 2150 1210 2183 tutionibus
1244 2156 1273 2183 et
1302 2150 1560 2183 ordinationibus
1589 2151 1785 2194 apostolicis,

1033 2214 1160 2237 necnon
1180 2204 1349 2248 hospitalis
1369 2210 1399 2237 et
1420 2204 1607 2237 monasterii
1628 2216 1663 2237 ac
1684 2205 1787 2238 eccle-

1034 2257 1097 2290 siae
1118 2257 1225 2290 Sancti
1251 2257 1380 2290 loannis
1401 2257 1624 2290 Lateranensis
1645 2263 1676 2290 et
1694 2257 1789 2291 Ordi-

1033 2321 1112 2343 num
1133 2310 1341 2351 huiusmodi,
1364 2311 1459 2343 etiam
1485 2311 1688 2351 iuramento,
1711 2323 1790 2344 con-

1034 2363 1216 2397 firmatione
1236 2363 1413 2408 apostolica
1433 2364 1480 2396 vel
1506 2364 1617 2407 quavis
1638 2364 1789 2397 firmitate

1035 2416 1095 2450 alia
1116 2417 1287 2457 roboratis,
1301 2417 1428 2450 statutis
1444 2423 1473 2450 ct
1485 2417 1788 2459 consuctudinibus,

1034 2470 1207 2514 privilegiis
1226 2481 1369 2514 quoque,
1390 2470 1522 2503 indultis
1542 2476 1572 2503 et
1592 2471 1693 2504 literis
1713 2482 1790 2515 apo-

1036 2519 1174 2559 stolicis,
1195 2519 1258 2552 illis
1283 2530 1463 2562 eorumque
1488 2520 1711 2563 praeceptori,
1734 2520 1790 2553 ab-

1035 2568 1099 2601 bati
1121 2573 1151 2601 ct
1171 2569 1313 2612 capitulo
1335 2568 1509 2611 praedictis
1529 2568 1717 2612 respective,
1740 2580 1793 2601 eo—

1035 2627 1174 2661 rumque
1209 2617 1433 2661 superioribus
1466 2623 1497 2650 et
1530 2617 1696 2662 personis,
1733 2617 1791 2650 sub

1036 2666 1297 2710 quibuscumque
1313 2666 1481 2700 tenoribus
1496 2671 1527 2699 et
1542 2667 1653 2700 formis
1664 2677 1701 2699 ac
1717 2677 1791 2699 cum

1036 2714 1201 2757 quibusvis
1221 2715 1375 2749 clausulis
1401 2721 1431 2749 et
1450 2715 1599 2756 decretis,
1622 2715 1655 2750 in
1675 2725 1792 2757 genere

1785 326 1834 353 An.
1852 327 1880 354 C.
1903 327 1968 354 ¹56⁶).

1822 1571 1933 1593 Decretum
1948 1572 1980 1592 ir-

1796 1607 1871 1624 [luins.

1826 2053 1930 2075 usus-‚na
1948 2053 1987 2074 de-

1799 2089 1928 2112 rogatorum.
