2237 3100
15 261 64 291 An.
80 260 109 287 C.
130 259 196 286 ¹562

15 325 83 345 stante
134 326 198 348 rrae·
213 312 254 345 sis
291 323 310 345 a
341 316 450 345 nostra
483 310 646 354 signatura
684 310 844 351 institiae,
866 315 963 354 prout

15 355 80 407 ζ’ξέῗζ
98 353 198 375 'emm‘
212 366 284 395 ante
305 362 464 395 dictarum
494 367 678 394 nostrarum
702 360 869 393 literarum
895 359 962 392 edi-

213 412 332 445 tionem
358 412 428 445 fieri
462 411 637 450 consuevit,
659 409 803 443 concedi.
827 409 861 442 Et
883 420 962 452 qua-

212 466 317 501 tenus,
335 466 407 506 post
423 466 586 494 emanatas
602 472 618 493 a
634 459 727 493 nobis
744 459 852 491 literas
867 469 965 502 super
986 484 987 490 ,

212 511 440 545 reformatione
475 511 657 554 signaturae
694 509 833 542 iustitiae
863 520 964 552 usque
986 504 987 513 ¹

212 560 243 593 in
278 561 362 594 diem
396 560 626 605 publicationis
659 558 834 603 praesentis
864 558 964 590 nostri

213 616 319 644 motus
355 610 495 654 proprii,
519 609 667 641 instantia
699 619 754 641 seu
781 607 885 639 satalia
906 607 965 639 ali-

213 659 306 693 cuius
323 670 438 692 causae
458 659 547 703 lapsa
568 658 688 691 fuerint
704 657 830 689 defectu
851 666 965 699 proi-0-

212 708 394 751 gationum,
415 714 523 751 partes
547 707 705 749 litigantes
734 707 834 739 laesas
854 705 965 737 adver-

214 768 267 791 sus
286 757 542 802 peremptorium
565 756 734 789 instantiae
759 766 796 787 ac
822 753 964 787 fatalium

213 807 399 840 huiusmodi
434 807 465 839 in
500 807 661 848 integrum
696 803 829 837 arbitrio
857 802 966 835 dilecti

216 856 272 897 filii
292 857 391 890 nostri
413 856 585 895 Ludovici,
608 854 692 887 tituli
714 851 967 895 SanctiCyriacii

215 905 246 938 in
266 905 431 945 Thermis,
455 903 630 949 presbyteri
657 901 828 935 cardinalis
862 901 966 933 Simo-

215 960 319 988 nettae
340 954 531 998 nuncupati,
554 953 656 985 dictae
673 951 855 994 signaturae
877 961 967 993 prae-

215 1003 356 1043 sidentis,
377 1002 501 1036 restitui
522 1012 614 1042 posse
631 1006 660 1033 et
676 999 848 1041 indulgeri,
870 1004 898 1031 et
920 1004 967 1031 ta-

214 1051 287 1085 liter
306 1062 476 1085 concessas
496 1056 526 1083 et
547 1050 686 1083 indultas
710 1059 786 1081 suae
809 1047 968 1079 firmitatis

215 1101 316 1133 robur
336 1100 497 1140 obtinere,
521 1099 653 1143 perinde
674 1109 710 1130 ac
735 1097 760 1129 si
785 1097 888 1129 dictae
909 1107 967 1129 no-

215 1154 297 1182 strae
317 1149 429 1181 literae
448 1149 545 1181 talem
562 1148 740 1180 clausulam
760 1157 823 1179 non
840 1145 968 1178 habuis-

215 1203 294 1238 sent,
312 1198 375 1231 illis
394 1197 486 1231 aliter
506 1197 537 1229 in
558 1207 617 1229 suo
639 1196 755 1229 robore
776 1205 968 1238 permansu-

216 1247 278 1289 ris3
301 1253 331 1280 et
351 1247 396 1280 sic
420 1257 479 1290 per
498 1256 722 1290 quoscumque
753 1243 876 1277 indices
897 1249 968 1283 ete,

216 1296 340 1329 sublata
360 1300 435 1335 etc.;
459 1295 587 1327 irritum
605 1305 735 1338 quoque
755 1298 811 1326 etc.

261 1345 275 1388 ξ
295 1344 325 1378 ⁶2.
353 1343 555 1383 Praemissis,
577 1343 757 1385 ceterisque
783 1343 815 1375 in
840 1348 969 1375 contra-

217 1393 302 1426 rium
340 1393 545 1434 facientibus,
573 1403 638 1425 non
668 1391 868 1425 obstantibus
897 1391 970 1434 qui—

217 1443 432 1487 buscumque.

262 1491 326 1535 §3
350 1491 505 1524 Volumus
529 1496 637 1523 tamen
658 1490 744 1533 quod
772 1489 805 1522 in
830 1489 971 1522 secunda

218 1539 280 1574 sive
301 1541 445 1574 ulteriori
468 1540 694 1584 prorogatione
720 1545 750 1573 et
769 1539 971 1573 restitutione

218 1590 423 1623 concedenda
439 1600 497 1634 per
508 1590 629 1622 dictum
649 1588 845 1621 Ludovicum
867 1588 972 1621 cardi-

218 1641 323 1673 nalem
344 1641 535 1674 adhibeatur
546 1639 721 1682 diligentia,
738 1644 771 1671 ut
789 1650 932 1672 excausa
944 1645 971 1672 et

218 1702 283 1724 non
294 1691 386 1724 aliter
397 1692 474 1724 tales
486 1683 730 1735 prorogationes
742 1689 971 1729 concedantur,

219 1751 317 1784 super
331 1751 396 1784 quo
417 1740 486 1773 eius
507 1738 737 1772 conscientiam
755 1748 940 1771 oneramus.

263 1789 328 1833 {4
358 1790 401 1822 Ac
427 1790 513 1834 quod
539 1789 716 1833 praesentis
742 1788 843 1820 nostri
867 1793 974 1820 motus

221 1838 341 1882 proprii
355 1839 421 1871 sola
437 1838 600 1881 signatura
621 1837 768 1875 sufficiat,
782 1843 811 1869 et
828 1842 975 1880 sumptus

219 1887 304 1921 illius
325 1887 472 1931 impressi
493 1887 614 1930 ubique
635 1887 731 1920 fidem
752 1886 847 1919 faciat
869 1886 899 1918 in
923 1887 973 1918 iu-

220 1937 303 1970 dicio
324 1943 354 1970 et
374 1943 472 1977 extra,
495 1942 615 1970 attento
636 1936 723 1979 quod
744 1936 776 1968 in
799 1936 896 1968 Urbe.

370 1986 492 2026 Placet,
513 1991 603 2019 motu
623 1985 768 2030 proprio.
792 1985 816 2017 Ι.

32 1399 143 1424 neroguno
155 1403 204 1419 con-

20 1430 137 1451 irai-iorum*

46 1548 164 1570 Deoniana
178 1548 202 1568 de

21 1579 184 1608 prorog-itiunih.

35 1845 82 1868 Sula
98 1847 204 1872 signatura

23 1882 104 1904 sufficit.

534 2113 663 2146 LXXIII.

223 2179 404 2212 Decanaeus
432 2179 556 2222 collegyii
581 2180 767 2211 auditorum
791 2178 891 2211 Rotae
918 2177 978 2210 Ro-

265 2239 395 2268 manae,
428 2240 499 2261 cum
528 2228 714 2261 omnimoda
743 2227 977 2270 praecedentia,

265 2281 385 2320 spectat
406 2278 448 2310 ad
468 2277 650 2310 auditorem
676 2281 813 2319 tempore
842 2276 979 2308 ruratio—

267 2328 320 2359 m's
341 2328 376 2359 in
398 2326 499 2360 Curia
515 2330 729 2369 praesenteml
752 2330 807 2358 <tul
828 2336 867 2357 ex
884 2336 978 2357 causa

266 2377 395 2419 publica
415 2377 596 2415 absentem,
632 2379 661 2407 et
687 2378 779 2407 caetra
806 2374 941 2406 Curiam
961 2385 979 2405 ιι

268 2426 414 2459 Romano
434 2426 593 2469 Pontificc
613 2425 822 2457 destinatum.

311 2494 372 2522 Pius
392 2494 534 2530 episcopus
555 2499 649 2521 servus
670 2499 810 2520 servorum
829 2491 885 2524 Dei,

377 2545 410 2572 ad
425 2544 587 2579 perpetuam
607 2542 648 2569 rei
667 2541 837 2568 memoriam.

271 2602 399 2635 Dudum
415 2602 574 2646 siquidem
594 2612 611 2633 a
627 2599 727 2633 felicis
752 2599 983 2633 recordationis

59 2660 176 2684 Exordium·
229 2653 328 2686 Paulo
338 2652 385 2692 tv,
400 2652 647 2696 praedecessore
664 2656 783 2690 nostru,
793 2655 984 2683 emanarunt

886 256 954 280 Plt's
978 255 1007 279 lv
1032 256 1079 280 1³1³.

1655 241 1717 276 227

1004 309 1114 342 literae
1141 305 1260 341 tenoris
1281 305 1518 349 subsequentis.
1551 305 1670 338 Paulus
1697 306 1762 349 epi-

1006 373 1122 406 scopus
1148 373 1256 395 servus
1285 371 1449 394 servorum
1481 359 1547 399 Dei,
1579 359 1618 392 ad
1648 370 1763 403 perpe-

1006 423 1094 449 tuam
1116 417 1161 450 rei
1183 415 1372 449 memoriam
1393 419 1450 447 etc.
1471 413 1483 436 1

1050 471 1065 513 ξ
1096 471 1135 503 lx
1153 470 1234 509 Nos,
1267 469 1508 502 considerantes
1537 467 1624 510 qnod
1654 466 1763 500 dilecti

1007 525 1064 557 tilii
1086 535 1256 557 causarum
1279 522 1389 556 Palatii
1409 521 1583 565 Apostolici
1601 521 1765 553 auditores

987 606 988 610 ,
1007 579 1046 612 ad
1071 589 1183 611 causas
1211 577 1409 610 audiendum
1427 581 1456 609 et
1474 575 1545 608 iura
1562 575 1763 608 reddendum

987 648 988 664 1
1008 632 1185 670 constituti,
1212 630 1426 674 personaliter
1450 629 1481 662 in
1507 630 1650 662 Romana
1670 628 1765 661 Curia

987 710 989 719 1
1009 685 1148 718 residere
1161 685 1289 724 debent3
1305 695 1352 723 ac,
1369 694 1481 717 eorum
1499 683 1531 716 in
1544 684 1655 716 eadem
1671 682 1767 716 Curia

1009 739 1163 772 continua
1189 739 1361 772 residentia
1386 738 1416 781 id
1440 738 1604 781 exigente,
1631 737 1663 769 in
1684 748 1767 770 asse-

1010 792 1137 825 cutIOne
1163 792 1354 834 dignitatum
1390 791 1459 824 aliis
1483 790 1668 824 absentibus
1702 801 1767 823 me-

1010 846 1070 879 rito
1092 845 1293 889 praeserendi
1314 851 1343 878 et
1362 845 1575 889 amplioribus
1594 844 1767 887 privilegiis

1010 899 1191 932 honorandi
1211 899 1360 938 veniunt,
1391 910 1427 931 ex
1459 898 1642 942 praemissis
1662 904 1693 931 et
1722 898 1768 931 di-

1010 952 1107 985 versis
1126 953 1196 985 aliis
1226 953 1331 985 causis
1356 952 1501 985 animum
1524 958 1670 984 nostrum
1700 962 1767 985 mo-

1010 1006 1173 1043 ventibus,
1206 1017 1245 1039 ne
1269 1006 1299 1038 in
1317 1011 1481 1049 posterum
1509 1006 1682 1038 decanatus
1703 1006 1767 1038 col-

1011 1060 1082 1102 legii
1095 1060 1302 1092 dominorum
1326 1059 1524 1097 auditorum,
1548 1058 1633 1091 illius
1650 1070 1767 1092 occur-

1012 1118 1100 1146 rente
1122 1113 1297 1152 vacatione,
1325 1113 1357 1145 in
1377 1113 1518 1156 aliquem
1540 1123 1576 1145 ex
1594 1123 1765 1145 causarum

1011 1167 1121 1200 Palatii
1144 1167 1345 1200 auditoribus
1364 1172 1442 1200 tunc
1462 1166 1479 1194 ‘2
1495 1177 1531 1199 ex
1548 1166 1652 1199 causis
1673 1177 1765 1210 prae-

1013 1220 1115 1254 missis
1155 1221 1319 1254 absentem
1353 1227 1395 1259 et,
1427 1226 1559 1264 propter
1591 1220 1766 1253 absentiam

1012 1285 1116 1315 suain,
1135 1275 1165 1307 in
1183 1275 1335 1307 iniuriam
1347 1274 1484 1308 aliorum
1501 1274 1644 1308 eiusdem
1657 1273 1768 1306 Palatii

1013 1328 1197 1361 auditorum
1214 1334 1291 1361 tunc¹
1306 1328 1525 1372 praesentium
1538 1328 1695 1367 deveniat,
1713 1333 1768 1360 aut

1013 1393 1111 1426 super
1144 1383 1258 1415 eodem
1292 1378 1449 1415 decanatu
1479 1381 1605 1425 aliquae
1639 1386 1767 1415 contro-

1014 1435 1133 1469 versiae
1166 1447 1221 1469 seu
1251 1436 1466 1469 dissensiones
1492 1435 1575 1468 inter
1604 1434 1690 1479 ipsos
1715 1446 1769 1468 au—

1015 1488 1133 1521 ditores
1152 1489 1308 1522 oriantur.

1059 1542 1073 1584 ,ξ
1093 1541 1123 1574 9,.
1148 1542 1266 1575 Literas
1287 1542 1478 1585 praedictas,
1493 1552 1566 1574 cum
1579 1541 1716 1574 decretis
1732 1552 1768 1574 ac

1016 1595 1165 1628 omnibus
1186 1601 1215 1629 et
1236 1596 1371 1639 singulis
1391 1595 1423 1628 in
1444 1596 1489 1628 eis
1510 1595 1668 1628 contentis
1680 1596 1767 1628 clau-

1016 1644 1110 1685 sulis,
1133 1645 1171 1677 ad
1199 1646 1391 1678 decanatum
1426 1644 1553 1687 collegii
1583 1644 1768 1677 auditorum

1017 1694 1220 1735 huiusmodi,
1256 1695 1349 1728 etiam
1385 1694 1423 1727 ad
1458 1695 1520 1727 hoc
1557 1700 1590 1727 ut
1626 1695 1768 1727 eiusdem

1016 1744 1200 1783 decanatus,
1212 1756 1308 1789 quem
1325 1745 1460 1777 dilectus
1478 1744 1563 1777 silius
1578 1744 1677 1777 Iulius
1693 1743 1770 1777 Ora-

1017 1793 1112 1826 dinus
1136 1795 1257 1826 electus
1277 1794 1464 1831 Perusinus,
1488 1794 1595 1826 locum
1618 1794 1714 1825 unius
1735 1804 1770 1825 ex

1017 1853 1188 1876 causarum
1216 1843 1326 1876 Palatii
1352 1842 1539 1875 huiusmodi
1570 1842 1772 1875 auditoribus

1017 1893 1055 1925 de
1076 1893 1226 1925 mandato
1247 1898 1356 1925 nostro
1380 1897 1504 1930 tenens,
1527 1897 1673 1935 tempore
1696 1902 1770 1935 pro-

1017 1941 1146 1974 visionis
1176 1942 1213 1974 de
1234 1952 1373 1986 persona
1398 1952 1455 1974 sua
1480 1947 1507 1974 et
1530 1941 1617 1973 illius
1647 1942 1772 1985 praese-

1019 1991 1133 2023 ctionis
1166 1991 1320 2024 ecclesiae
1354 1991 1550 2030 Perusinae,
1579 1996 1656 2023 tunc
1685 1996 1773 2023 certo

1019 2039 1114 2072 modo
1136 2039 1271 2083 pastoris
1297 2039 1408 2072 solatio
1430 2039 1609 2079 destitutae,
1640 2050 1697 2082 per
1717 2050 1775 2072 nos

1020 2099 1125 2132 nuper
1145 2088 1321 2132 apostolica
1332 2087 1522 2121 auctoritate
1534 2089 1704 2127 factarum,
1719 2088 1775 2121 ob-

1020 2137 1140 2170 tinebat
1160 2143 1190 2170 et
1216 2137 1402 2177 exercebat,
1425 2148 1483 2181 per
1509 2137 1723 2181 provisionem
1747 2142 1777 2170 et

1022 2187 1271 2230 praefectionem
1292 2186 1492 2225 huiusmodi,
1510 2197 1574 2219 non
1595 2186 1654 2219 nisi
1676 2187 1713 2219 ad
1731 2187 1776 2219 di-

1022 2236 1139 2269 lectum
1162 2236 1265 2268 filiuni
1286 2237 1436 2269 loannem
1460 2235 1632 2279 Baptistam
1650 2237 1688 2269 de
1709 2237 1774 2269 Ru-

1021 2284 1098 2323 heis,
1120 2296 1291 2317 causarum
1309 2285 1421 2317 Palatii
1443 2285 1629 2318 huiusmodi
1650 2285 1776 2319 audito-

1023 2344 1100 2371 rem,
1121 2334 1153 2366 in
1182 2335 1266 2367 dieta
1288 2334 1383 2367 Curia
1408 2333 1549 2366 officium
1577 2334 1777 2368 auditoratus

1023 2395 1193 2417 causarum
1229 2384 1416 2417 huiusmodi
1450 2383 1653 2416 laudabiliter
1687 2395 1776 2417 exer-

1023 2433 1125 2466 cendo
1153 2434 1346 2466 residentem
1382 2438 1411 2465 et
1435 2433 1513 2465 alias
1538 2433 1576 2465 dc
1610 2433 1777 2476 republica

1023 2482 1271 2523 benemeritum,
1294 2494 1330 2515 ex
1348 2493 1433 2514 nunc
1456 2488 1483 2515 et
1505 2482 1543 2515 de
1564 2488 1683 2523 cetero,
1708 2494 1778 2526 per—

1062 2539 1071 2563 t
1094 2536 1236 2563 Omittitur
1256 2540 1347 2568 tenor,
1367 2536 1428 2571 qnia
1451 2536 1531 2561 babes
1551 2537 1575 2562 in
1603 2537 1686 2570 ipsius
1708 2537 1777 2562 Pauli

1026 2577 1058 2606 lV
1076 2577 1181 2603 constit.
1194 2584 1233 2608 vt,
1250 2578 1315 2603 Cum
1334 2579 1501 2608 renel-ubiles,
1518 2580 1581 2603 tom.
1596 2583 1634 2608 vt,
1648 2585 1704 2611 pag,
1716 2578 1775 2603 502.

1059 2619 1075 2645 2
1096 2619 1170 2644 Hunc
1190 2619 1276 2645 locum
1298 2623 1332 2645 tta
1352 2619 1431 2645 refert
1451 2618 1577 2646 Cherub:
1600 2620 1697 2645 Patalii
1724 2621 1776 2644 Ιιιι-

1026 2661 1138 2685 iusmodi
1156 2661 1317 2692 auditorem,
1338 2661 1389 2686 nisi
1406 2668 1438 2685 etc
1456 2662 1541 2685 causis
1561 2662 1611 2686 etc.
1634 2659 1670 2694 (a.
1692 2660 1740 2694 T.).

1779 248 1829 275 An.
1848 250 1875 275 C.
1897 248 1961 274 tuo-2

1805 475 1884 494 Causae
1903 474 1963 494 huius

1779 512 1788 523 ‹-
1807 507 1945 525 ustitutionisi

1798 1545 1894 1566 Definitio
1915 1547 1967 1573 quot

1784 1578 1898 1597 deminutus
1924 1579 1969 1597 rol<

1785 1609 1831 1629 teni
1849 1611 1967 1629 4111111111111111

1785 1640 1848 1660 Πυιιιι·
1866 1640 1970 1661 Ruminae

1785 1676 1866 1696 spei-tet
1893 1673 1916 1692 ,111
1937 1679 1972 1692 an-

1785 1705 1846 1723 dium.
1873 1707 1967 1729 tempure

1785 1738 1851 1755 varan
1864 1736 1901 1754 inis
1949 1736 1967 1754 in

1785 1766 1845 1786 Cvnii
1868 1772 1972 1791 piae-ten-

1787 1802 1834 1818 tnui.
1875 1801 1907 1816 nuk
1946 1805 1970 1817 vx

1786 1835 1849 1849 causa
1889 1829 1971 1855 publii-i

1786 1862 1912 1884 absentem,
1952 1863 1972 1879 t=t

1787 1895 1844 1911 extra
1865 1892 1944 1911 tlniiiizu
1961 1899 1972 1910 .1

1787 1922 1869 1943 5111111110
1899 1922 1973 1942 Ponti-

1788 1954 1826 1974 [ire
1837 1954 1972 1973 destinatum.
