2237 3100
209 259 257 286 An.
274 259 303 286 C.
324 260 390 287 ¹565

231 478 341 499 Decretum
358 480 388 499 ii-

205 511 272 530 ritaut
291 513 311 530 et
332 511 387 531 clan-

205 541 250 562 sula
270 541 358 561 sublata.

236 1116 352 1143 Euquutei
359 1122 381 1137 es

198 1147 258 1167 tinius
278 1148 381 1167 consutu-

198 1178 260 1198 nonis
268 1184 380 1205 eorumque

197 1209 315 1231 lacunam<

403 311 474 343 dem
497 314 710 353 exequutores
725 309 771 341 vel
789 308 1062 350 subexequutores
1083 305 1153 337 latis

404 363 549 397 innodari
572 373 674 406 posse.

447 418 462 461 ξ
487 417 557 450 174.
582 417 618 449 Et
638 416 691 453 sie⁷
705 416 736 446 in
754 413 936 457 praemissis
955 412 1105 445 omnibus
1123 418 1150 445 et

403 470 617 514 singulis,per
637 477 860 512 quoscumque
880 465 1002 498 iudices
1022 471 1052 498 et>
1067 476 1152 499 eom—

403 523 581 561 missarios,
614 521 724 565 quavis
753 519 941 552 auctoritate
970 520 1149 561 fungentes,

402 576 497 609 etiam
523 580 649 608 sanctae
678 574 840 606 Romanae
866 572 1025 605 Ecclesiae
1047 572 1151 605 cardi-

402 630 489 663 nales
510 635 536 661 et
562 638 732 661 causarum
763 626 872 659 Palatii
898 626 1072 670 Apostoliei
1093 637 1151 659 au-

401 683 530 721 ditores,
571 681 694 715 sublata
730 681 774 714 eis
808 685 838 713 et
873 690 985 713 eorum
1021 680 1149 712 cuilibet

399 735 508 778 quavis
532 734 623 767 aliter
659 733 820 767 iudicandi
857 740 886 766 et
920 732 1150 777 interpretandi

399 789 560 827 facultate,
584 788 719 822 iudicari
745 794 773 821 et
801 788 930 822 deliniri
959 788 1088 821 debere.
1115 788 1148 820 Et

397 842 552 886 quidquid
571 853 663 876 secus
679 843 836 887 superbis
847 854 864 875 a
880 853 1056 887 quoquam,
1072 854 1151 885 qua-

397 895 441 927 vis
475 896 679 937 auctoritate,
717 897 855 930 scienter
875 898 922 929 vel
948 896 1147 940 ignoranter,

397 950 543 982 attentari
565 950 747 993 eontigerit,
778 950 905 983 irritum
930 956 957 983 et
980 949 1073 983 inane
1094 951 1149 983 de-

397 1003 571 1035 cernimus.

441 1056 455 1099 ᾗ
475 1056 548 1089 175.
568 1057 725 1096 Quocirca
742 1056 977 1090 venerabilibus
998 1057 1150 1089 tratribus

397 1110 513 1142 nostris
547 1110 743 1143 Galesinensi
776 1117 806 1144 et
842 1111 1148 1144 Montisllasconensi

397 1163 569 1207 episcopis,
591 1176 626 1197 ac
643 1175 701 1208 pro
719 1171 863 1209 [empore
879 1165 1023 1199 existenti
1035 1166 1148 1199 Curiae

397 1228 567 1250 causarum
594 1218 745 1251 Gamerae
777 1218 977 1262 Apostolicae
1006 1220 1146 1263 generali

397 1270 535 1303 auditori
562 1281 618 1314 per
643 1272 819 1315 apostolica
839 1273 968 1316 scripta,
993 1279 1079 1306 motu
1106 1274 1148 1306 si-

396 1323 476 1365 mili,
500 1325 691 1358 mandamus
719 1331 878 1369 quatenus
907 1326 967 1369 ipsi
1012 1328 1059 1359 vel
1083 1328 1148 1361 duo

395 1382 450 1410 aut
471 1388 554 1410 unus
581 1390 712 1419 eorum,
743 1390 801 1423 per
825 1391 856 1412 se
885 1381 932 1412 vel
961 1380 1061 1413 alium
1092 1393 1147 1415 seu

395 1430 485 1471 alios,
508 1438 692 1475 praesentes
717 1433 823 1466 literas
844 1434 917 1466 etin
934 1434 979 1467 eis
999 1441 1148 1469 contenta

395 1496 637 1529 ipiaecumque,
660 1488 713 1520 ubi
735 1493 762 1519 et
785 1488 913 1531 quando
931 1499 1015 1532 opus
1039 1489 1146 1531 suerit,

395 1550 429 1571 ac
455 1539 582 1581 quoties
603 1551 661 1585 pro
682 1547 771 1585 parte
802 1541 954 1584 magistri.
987 1542 1145 1585 priorum,

396 1599 657 1636 praeceptorum,
681 1594 818 1627 militum
840 1600 867 1627 et
887 1595 1021 1628 fratrum
1040 1598 1147 1631 Sancti

397 1646 502 1679 Lazari
525 1648 786 1691 praedictorum,
806 1660 862 1681 seu
879 1649 1016 1682 alieuius
1032 1661 1146 1684 eorum

395 1700 534 1743 desuper
553 1701 670 1735 suerint
693 1702 854 1746 requisiti,
886 1703 1072 1736 solemnitor
1088 1716 1147 1748 pu-

397 1752 563 1793 blicantes,
590 1755 699 1799 eisque.
731 1756 761 1788 in
798 1757 981 1799 praemissis
1011 1758 1149 1792 efficacis

396 1807 590 1840 defensionis
621 1809 779 1852 praesidio
805 1810 1005 1851 assistentes,
1034 1812 1147 1846 sat-iant

397 1862 585 1895 auctoritate
606 1869 713 1896 nostra
730 1870 914 1908 praesentes
944 1865 1050 1898 literas
1071 1872 1097 1898 et
1117 1867 1147 1900 in

397 1915 441 1947 eis
457 1921 607 1950 contenta
618 1917 804 1950 huiusmodi
823 1918 957 1951 tirmiter
972 1919 1145 1954 observari.

397 1970 436 2001 *It-
463 1969 590 2003 easdem
608 1970 752 2004 militiam
774 1977 801 2004 et
822 1973 1009 2015 magistrum
1027 1979 1053 2006 et
1072 1985 1148 2007 eon-

396 2028 536 2063 rentum,
560 2025 685 2063 fratres,
709 2025 893 2068 religiosos,
921 2037 1097 2071 omnesque
1119 2035 1146 2062 et
1167 2048 1168 2051 =

396 2077 538 2120 singulos
558 2070 759 2122 alios‚'quos
784 2078 870 2123 ipsae
898 2088 1081 2122 praesentes
1109 2083 1146 2115 li-

397 2136 481 2163 terae
502 2137 721 2172 concernunt,
757 2131 818 2164 illis
837 2132 971 2176 pacifice
992 2135 1144 2177 gaudere
1166 2145 1168 2177 ξ
1189 2158 1231 2191 0,
1257 2159 1262 2163 -
1404 2160 1419 2178 ·.
1479 2161 1483 2165 -
1524 2172 1536 2179 ,,
1591 2172 1595 2173 ⁷
1702 2172 1709 2180 Ἰ
1793 2174 1797 2179 ,
1869 2163 1874 2167 -

1218 2159 1357 2199 rdinum,
1369 2166 1464 2193 etiam
1477 2172 1520 2193 tui
1531 2167 1671 2201 amento,
1681 2198 1683 2202 ¹
1694 2162 1791 2194 eonsn
1800 2168 1939 2197 mallone

394 2185 462 2216 Non
484 2191 706 2229 permittentes
729 2197 783 2219 eos
803 2187 850 2219 vel
868 2198 980 2220 eorum
1006 2188 1145 2232 aliquem
1166 2214 1168 2245 ᾖ
1189 2208 1365 2250 apostolica
1386 2210 1432 2242 ml
1453 2210 1563 2253 quavis
1592 2211 1741 2244 firmitate
1761 2206 1822 2244 alfa
1846 2212 1939 2246 roho—

395 2239 533 2282 desuper
549 2245 661 2272 eontra
676 2241 892 2283 praesentium
911 2247 1052 2275 tenorem
1070 2255 1147 2287 quo-

395 2346 508 2388 pediri.
537 2346 794 2380 Contradictores
817 2353 845 2380 et
868 2347 1004 2381 rebelles
1023 2351 1146 2393 quosli-

394 2399 446 2431 bet
464 2410 521 2442 per
536 2410 689 2433 censuras
709 2406 737 2433 et
759 2411 879 2444 poenas
894 2402 1143 2444 eeclesiastieas,

394 2453 424 2481 et
439 2448 533 2481 etiam
556 2450 769 2493 pecuniarias,
798 2461 910 2483 eorum
927 2451 1059 2484 arbitrio
1077 2464 1145 2485 uio-

394 2497 563 2538 iterandas,
583 2510 619 2531 ac.
640 2499 701 2532 alia
720 2505 904 2543 opportuna
928 2500 1006 2533 iuris
1022 2508 1048 2533 et
1074 2502 1144 2534 faeti

396 2546 548 2587 remedia,
584 2548 799 2592 appellatione
827 2549 1022 2593 postposita,
1060 2562 1146 2583 eom-

396 2596 566 2638 pescendo‚
590 2608 626 2629 ac
650 2608 884 2641 quoscumque,
912 2610 1049 2642 quorum
1069 2599 1146 2633 inte-

394 2646 491 2687 rerit,
520 2645 614 2679 etiam
641 2657 697 2691 per
723 2647 862 2681 edietum
881 2648 1046 2692 publicum
1069 2650 1146 2682 locis

1163 2701 1167 2712 i

997 250 1175 277 BULLARIUM
1199 250 1349 274 ROMANUM

1968 252 2017 279 An.
2036 251 2065 278 C.
2081 253 2147 281 ¹565

1194 303 1331 346 publicis
1358 302 1570 346 affigendum,
1607 304 1741 337 eonstito
1766 303 1939 336 summarie

1193 358 1231 391 dc
1253 367 1317 389 non
1340 361 1409 389 tuto
1429 367 1576 395 accessu,
1597 357 1743 397 citando,
1766 368 1802 390 ac
1822 357 1940 401 quibus

1194 417 1224 445 et
1244 412 1370 455 quoties
1391 409 1603 444 inhibendum
1615 409 1721 450 suerit,
1739 410 1834 443 etiam
1846 410 1942 443 simili

1195 465 1310 506 edicto,
1327 466 1386 499 sub
1397 465 1516 499 eisdem
1530 464 1640 508 poenis
1656 470 1685 497 et
1701 465 1846 497 censuris
1863 464 1944 498 inhi-

1194 518 1317 557 bendo,
1350 519 1497 563 ipsasque
1526 528 1678 552 censuras
1699 523 1729 550 et
1750 528 1870 560 poenas
1891 529 1944 551 ee-

1195 572 1405 616 ctesiasiieas„
1421 573 1516 606 etiam
1548 572 1669 606 iteratis
1689 572 1811 605 vicibus
1829 583 1943 616 aggra-

1194 626 1307 665 vando,
1337 626 1482 660 invocato
1508 627 1603 661 etiam
1633 627 1672 660 ad
1702 627 1780 665 boe,
1811 627 1836 659 si
1861 637 1942 671 opus

1194 680 1300 719 fuerit,
1324 681 1442 713 auxilio
1463 682 1586 715 brachii
1605 681 1789 715 saecularis.

1237 734 1251 777 ᾗ
1271 733 1345 768 1176.
1369 736 1436 769 Non
1458 736 1659 769 obstantibus
1680 733 1882 778 praemissis,
1904 745 1941 767 ac
1971 750 2146 773 comunem-

1193 786 1293 820 felicis
1322 790 1552 823 reeordationis
1572 789 1724 823 Bonisaeii
1745 789 1848 833 Papae
1867 789 1940 829 VIII,
1959 783 2069 834 ζζῗξζξᾜ
2079 784 2146 835 ῇξξζζ

1194 842 1449 886 praedecessoris
1465 845 1576 885 nostri,
1595 855 1658 888 qua
1675 849 1804 877 cavetur
1819 853 1859 876 ne
1870 843 1943 887 quis
1958 844 2060 883 ⁸⁸²⁰&-

1193 901 1278 929 extra
1299 908 1389 929 suam
1411 897 1570 931 civitatem
1599 898 1647 930 vel
1667 897 1860 937 dioecesim,
1883 897 1943 929 nisi

1192 951 1223 983 in
1240 951 1336 984 certis
1357 951 1496 995 exceptis
1517 950 1654 990 casibus,
1680 955 1710 983 et
1726 950 1841 994 injssiltis
1862 952 1946 985 ultra

1193 1015 1289 1037 unam
1311 1004 1446 1037 diaetam
1472 1015 1490 1037 a
1510 1004 1573 1037 fine
1593 1014 1669 1037 suae
1687 1003 1822 1037 diocesis
1841 1005 1880 1038 ad
1896 1005 1946 1038 iu-

1191 1057 1309 1090 dicium
1332 1063 1492 1096 evocetur,
1523 1069 1579 1091 seu
1605 1068 1645 1090 ne
1673 1057 1795 1090 iudices
1821 1069 1839 1091 a
1866 1059 1947 1092 Sede

1193 1112 1332 1154 praefata
1353 1111 1507 1156 deputati,
1519 1117 1606 1145 extra
1625 1110 1784 1144 civitatem
1798 1112 1845 1144 vel
1861 1112 1946 1146 dioe-

1191 1164 1301 1205 cesim,
1329 1165 1360 1198 in
1377 1165 1494 1209 quibus
1510 1165 1652 1209 deputati
1674 1164 1805 1205 suerint,
1829 1170 1940 1199 contra

1190 1230 1413 1263 quoscumque
1435 1220 1623 1263 procedere,
1650 1225 1706 1252 aut
1724 1219 1776 1251 alii
1803 1220 1850 1252 vel
1871 1220 1942 1253 aliis

1191 1272 1273 1305 vices
1294 1284 1366 1305 suas
1387 1271 1587 1306 conmittere
1614 1278 1834 1317 praesumant;
1857 1277 1886 1306 et
1903 1274 1941 1307 de

1191 1325 1315 1358 duabus
1340 1326 1452 1359 diaetis
1474 1326 1504 1359 in
1522 1326 1659 1359 concilio
1680 1326 1822 1368 generali
1842 1326 1939 1367 edita,

1190 1379 1366 1412 dummodo
1385 1382 1466 1412 ultra
1489 1385 1551 1413 tres
1566 1379 1685 1413 diaetas
1701 1379 1818 1422 aliquis
1833 1385 1943 1413 aueto-

1192 1432 1281 1465 ritate
1305 1433 1522 1477 praesentium
1543 1434 1581 1466 ad
1607 1432 1762 1465 iudicium
1783 1443 1847 1466 non
1876 1438 1941 1466 tra-

1191 1486 1297 1526 hatur,
1321 1498 1357 1521 ae
1377 1487 1599 1520 Latet-anensis
1619 1486 1747 1519 concilii
1774 1486 1941 1521 novissime

1191 1540 1362 1579 eeleln·ati;
1388 1553 1425 1575 ae
1446 1541 1562 1574 nostris
1582 1542 1620 1574 de
1647 1540 1822 1573 unionibus
1853 1552 1941 1574 com·
1985 1584 1989 1588 .

1192 1593 1353 1627 mittendis
1373 1596 1410 1628 ad
1433 1602 1556 1639 partes,
1579 1595 1697 1628 vocatis
1725 1606 1866 1638 quorum
1897 1597 1943 1630 in-

1193 1652 1288 1679 [erestv
1321 1653 1350 1681 ot,
1383 1649 1591 1692 exprimendo
1621 1649 1727 1681 valore
1761 1649 1939 1691 fruetuum,

1193 1705 1255 1732 tam
1274 1701 1487 1735 uniendorum
1507 1702 1751 1743 beneficiorum,
1764 1702 1873 1745 'quam
1890 1714 1942 1737 eo-

1191 1764 1275 1791 rum,
1298 1755 1415 1798 quibus
1431 1756 1462 1788 sit
1486 1755 1578 1793 unio;
1602 1766 1727 1788 necnon
1748 1755 1786 1788 de
1807 1766 1871 1789 non
1888 1768 1940 1790 ex-

1191 1808 1356 1850 pediendis
1376 1809 1476 1842 literis
1493 1809 1679 1843 reservatist
1700 1809 1836 1843 alicuius
1862 1822 1940 1855 pen-

1191 1860 1306 1903 sionis,
1344 1862 1403 1895 nisi
1437 1864 1475 1895 de
1507 1874 1664 1897 consensu
1700 1863 1785 1896 illam
1819 1865 1941 1898 solvere

1191 1915 1266 1943 tunc
1287 1911 1442 1953 habentis,
1476 1924 1513 1946 ae
1538 1913 1704 1955 quibusvis
1723 1913 1793 1946 aliis
1813 1919 1941 1956 aposto-

1191 1959 1259 1992 licIs
1280 1971 1316 1994 ac
1343 1961 1374 1993 in
1404 1961 1654 2005 provincialibus
1679 1967 1709 1994 et.
1737 1962 1941 2006 synodalibus

1190 2011 1336 2044 conciliis
1361 2012 1468 2053 editis,
1495 2012 1699 2052 generalibus
1726 2014 1773 2046 vel
1795 2014 1941 2057 speciali-

1190 2059 1258 2099 lius,
1289 2061 1571 2094 constitutionibus
1605 2068 1635 2094 et,
1668 2062 1938 2103 ordinationibus;

1188 2120 1226 2141 ac
1247 2109 1405 2142 dictorum
1432 2111 1661 2155 hospitalium,
1693 2111 1880 2145 militiarum
1910 2118 1938 2146 et

1166 2277 1167 2281 =
1191 2259 1277 2299 ratis,
1301 2260 1426 2292 statutis
1443 2267 1469 2293 et
1500 2261 1801 2304 consuettulinibus‚
1818 2263 1938 2296 stabili-

396 2292 567 2324 ¹1¹0d01ib⁰¹
591 2293 766 2333 UIOIGSffil'b
799 2294 979 2337 perturbari
1010 2297 1055 2328 ΝΜ
1086 2294 1317 2347 i¹¹l·1uentis‚
1352 2311 1463 2343 usibus
1493 2316 1523 2343 et
1548 2312 1688 2351 naturis,
1721 2323 1757 2346 ae
1777 2313 1940 2357 quibusvis

1189 2358 1380 2402 privilegiis,
1413 2361 1544 2394 indultis
1564 2373 1600 2394 ac
1621 2362 1722 2394 literis
1741 2363 1937 2406 apostolicis,

1189 2407 1282 2440 etiam
1305 2409 1476 2442 ordinariis
1495 2416 1523 2443 et
1545 2411 1614 2444 aliis
1636 2411 1755 2444 militiis
1781 2413 1940 2455 praefatis,

1188 2468 1224 2489 ac
1244 2458 1409 2500 quibusvis
1431 2460 1583 2500 ecclesiis,
1611 2461 1823 2501 monasteriis,
1849 2462 1940 2495 Ordi-

1191 2505 1283 2539 nibus
1305 2513 1332 2540 et
1355 2509 1445 2549 locis,
1470 2509 1564 2542 etiam
1586 2509 1725 2542 fabricae
1742 2509 1892 2544 basilicae
1909 2514 1939 2545 S.

1191 2555 1272 2588 Petri
1294 2556 1332 2588 de
1354 2557 1450 2597 I'rbc,
1473 2570 1508 2591 ac
1529 2558 1694 2591 Crueiatae
1717 2559 1865 2601 Sanctae,
1890 2572 1943 2594 eo-

1197 2615 1335 2648 rumque
1356 2607 1512 2650 personis,
1539 2607 1597 2640 sub
1613 2607 1873 2653 quibuscumque
1900 2616 1945 2643 te-

1227 2660 1234 2684 l
1260 2660 1463 2692 nesam-ationis,
1485 2661 1598 2689 Cherub.
1618 2661 1655 2696 (a.
1677 2661 1726 2697 T.).
