<?xml version="1.0" encoding="UTF-8"?>
<!DOCTYPE html PUBLIC "-//W3C//DTD XHTML 1.0 Transitional//EN"
    "http://www.w3.org/TR/xhtml1/DTD/xhtml1-transitional.dtd">
<html xmlns="http://www.w3.org/1999/xhtml" xml:lang="en" lang="en">
 <head>
  <title>
</title>
<meta http-equiv="Content-Type" content="text/html;charset=utf-8" />
  <meta name='ocr-system' content='tesseract 3.04.00' />
  <meta name='ocr-capabilities' content='ocr_page ocr_carea ocr_par ocr_line ocrx_word'/>
</head>
<body>
  <div class='ocr_page' id='page_1' title='image "./bullarumdiplomat07cath_1118.png"; bbox 0 0 2237 3100; ppageno 0'>
   <div class='ocr_carea' id='block_1_1' title="bbox 499 226 587 262">
    <p class='ocr_par' dir='ltr' id='par_1_1' title="bbox 499 226 587 262">
     <span class='ocr_line' id='line_1_1' title="bbox 499 226 587 262; baseline -0.023 0"><span class='ocrx_word' id='word_1_1' title='bbox 499 227 515 262; x_wconf 81' lang='lat'><strong>1</strong></span> <span class='ocrx_word' id='word_1_2' title='bbox 522 226 587 262; x_wconf 71' lang='lat'>032</span> 
     </span>
    </p>
   </div>
   <div class='ocr_carea' id='block_1_2' title="bbox 454 285 1215 2665">
    <p class='ocr_par' dir='ltr' id='par_1_2' title="bbox 454 285 1215 2665">
     <span class='ocr_line' id='line_1_2' title="bbox 456 285 1208 330; baseline -0.008 -7"><span class='ocrx_word' id='word_1_3' title='bbox 456 288 506 323; x_wconf 90' lang='lat' dir='ltr'>XI.</span> <span class='ocrx_word' id='word_1_4' title='bbox 533 288 743 323; x_wconf 85' lang='lat' dir='ltr'>Confirmatio</span> <span class='ocrx_word' id='word_1_5' title='bbox 763 285 1008 330; x_wconf 78' lang='lat' dir='ltr'>quamplurium</span> <span class='ocrx_word' id='word_1_6' title='bbox 1028 285 1208 328; x_wconf 78' lang='lat' dir='ltr'>gratiarum</span> 
     </span>
     <span class='ocr_line' id='line_1_3' title="bbox 544 338 1209 382; baseline -0.008 -7"><span class='ocrx_word' id='word_1_7' title='bbox 544 347 576 376; x_wconf 81' lang='lat' dir='ltr'>et</span> <span class='ocrx_word' id='word_1_8' title='bbox 618 341 860 374; x_wconf 84' lang='lat' dir='ltr'>immunitatum</span> <span class='ocrx_word' id='word_1_9' title='bbox 899 338 1209 382; x_wconf 88' lang='lat' dir='ltr'>exemptionumque</span> 
     </span>
     <span class='ocr_line' id='line_1_4' title="bbox 543 392 1209 439; baseline -0.006 -11"><span class='ocrx_word' id='word_1_10' title='bbox 543 401 575 428; x_wconf 88' lang='lat' dir='ltr'>et</span> <span class='ocrx_word' id='word_1_11' title='bbox 605 393 847 439; x_wconf 73' lang='lat' dir='ltr'>privilegiorum</span> <span class='ocrx_word' id='word_1_12' title='bbox 886 393 1023 425; x_wconf 81' lang='lat' dir='ltr'>fratrum</span> <span class='ocrx_word' id='word_1_13' title='bbox 1066 392 1209 425; x_wconf 89' lang='lat' dir='ltr'>militum</span> 
     </span>
     <span class='ocr_line' id='line_1_5' title="bbox 544 445 1210 489; baseline -0.006 -7"><span class='ocrx_word' id='word_1_14' title='bbox 544 453 720 482; x_wconf 89' lang='lat' dir='ltr'>conventus</span> <span class='ocrx_word' id='word_1_15' title='bbox 754 452 785 480; x_wconf 88' lang='lat' dir='ltr'>et</span> <span class='ocrx_word' id='word_1_16' title='bbox 819 446 986 489; x_wconf 81' lang='lat' dir='ltr'>hospitalis</span> <span class='ocrx_word' id='word_1_17' title='bbox 1016 445 1048 479; x_wconf 87' lang='lat' dir='ltr'>S.</span> <span class='ocrx_word' id='word_1_18' title='bbox 1080 445 1210 478; x_wconf 89' lang='lat' dir='ltr'>loannis</span> 
     </span>
     <span class='ocr_line' id='line_1_6' title="bbox 543 499 1209 544; baseline -0.005 -10"><span class='ocrx_word' id='word_1_19' title='bbox 543 499 841 544; x_wconf 73' lang='lat' dir='ltr'>Hierosolymitani,</span> <span class='ocrx_word' id='word_1_20' title='bbox 859 499 994 542; x_wconf 86' lang='lat' dir='ltr'>eiusque</span> <span class='ocrx_word' id='word_1_21' title='bbox 1015 499 1123 542; x_wconf 78' lang='lat' dir='ltr'>magni</span> <span class='ocrx_word' id='word_1_22' title='bbox 1140 510 1209 532; x_wconf 86' lang='lat' dir='ltr'>ina—</span> 
     </span>
     <span class='ocr_line' id='line_1_7' title="bbox 543 552 1209 597; baseline -0.002 -11"><span class='ocrx_word' id='word_1_23' title='bbox 543 554 648 597; x_wconf 78' lang='lat' dir='ltr'>gistri,</span> <span class='ocrx_word' id='word_1_24' title='bbox 671 552 817 597; x_wconf 79' lang='lat' dir='ltr'>priorum</span> <span class='ocrx_word' id='word_1_25' title='bbox 838 558 866 585; x_wconf 90' lang='lat' dir='ltr'>ct</span> <span class='ocrx_word' id='word_1_26' title='bbox 893 552 1030 585; x_wconf 84' lang='lat' dir='ltr'>aliarum</span> <span class='ocrx_word' id='word_1_27' title='bbox 1052 563 1209 596; x_wconf 86' lang='lat' dir='ltr'>persona-</span> 
     </span>
     <span class='ocr_line' id='line_1_8' title="bbox 544 606 1210 651; baseline -0.002 -11"><span class='ocrx_word' id='word_1_28' title='bbox 544 618 626 648; x_wconf 89' lang='lat' dir='ltr'>rum,</span> <span class='ocrx_word' id='word_1_29' title='bbox 638 618 655 640; x_wconf 89' lang='lat' dir='ltr'>a</span> <span class='ocrx_word' id='word_1_30' title='bbox 669 606 881 640; x_wconf 85' lang='lat' dir='ltr'>Pontificibus</span> <span class='ocrx_word' id='word_1_31' title='bbox 902 607 1210 651; x_wconf 75' lang='lat' dir='ltr'>praedecessoribus</span> 
     </span>
     <span class='ocr_line' id='line_1_9' title="bbox 544 661 1211 702; baseline -0.003 -8"><span class='ocrx_word' id='word_1_32' title='bbox 544 672 787 702; x_wconf 86' lang='lat' dir='ltr'>concessorum,</span> <span class='ocrx_word' id='word_1_33' title='bbox 804 671 878 695; x_wconf 90' lang='lat' dir='ltr'>cum</span> <span class='ocrx_word' id='word_1_34' title='bbox 893 661 1084 694; x_wconf 90' lang='lat' dir='ltr'>eorumdem</span> <span class='ocrx_word' id='word_1_35' title='bbox 1102 666 1211 693; x_wconf 85' lang='lat' dir='ltr'>exten-</span> 
     </span>
     <span class='ocr_line' id='line_1_10' title="bbox 543 714 1186 756; baseline 0 -9"><span class='ocrx_word' id='word_1_36' title='bbox 543 715 646 755; x_wconf 87' lang='lat' dir='ltr'>sione,</span> <span class='ocrx_word' id='word_1_37' title='bbox 668 721 699 749; x_wconf 89' lang='lat' dir='ltr'>et.</span> <span class='ocrx_word' id='word_1_38' title='bbox 723 715 861 748; x_wconf 90' lang='lat' dir='ltr'>aliorum</span> <span class='ocrx_word' id='word_1_39' title='bbox 881 715 1105 756; x_wconf 71' lang='lat' dir='ltr'>concessione,</span> <span class='ocrx_word' id='word_1_40' title='bbox 1131 714 1186 748; x_wconf 81' lang='lat'>31.</span> 
     </span>
     <span class='ocr_line' id='line_1_11' title="bbox 548 767 1210 813; baseline -0.002 -12"><span class='ocrx_word' id='word_1_41' title='bbox 548 768 591 801; x_wconf 91' lang='lat' dir='ltr'>De</span> <span class='ocrx_word' id='word_1_42' title='bbox 603 768 779 802; x_wconf 79' lang='lat' dir='ltr'>residentia</span> <span class='ocrx_word' id='word_1_43' title='bbox 792 768 970 813; x_wconf 86' lang='lat' dir='ltr'>episcopali</span> <span class='ocrx_word' id='word_1_44' title='bbox 985 767 1210 802; x_wconf 88' lang='lat' dir='ltr'>residentium-</span> 
     </span>
     <span class='ocr_line' id='line_1_12' title="bbox 545 821 1209 866; baseline -0.002 -12"><span class='ocrx_word' id='word_1_45' title='bbox 545 833 608 865; x_wconf 86' lang='lat' dir='ltr'>que</span> <span class='ocrx_word' id='word_1_46' title='bbox 630 822 820 866; x_wconf 80' lang='lat' dir='ltr'>privilegiis,</span> <span class='ocrx_word' id='word_1_47' title='bbox 847 828 879 855; x_wconf 83' lang='lat' dir='ltr'>et</span> <span class='ocrx_word' id='word_1_48' title='bbox 903 833 967 855; x_wconf 92' lang='lat' dir='ltr'>non</span> <span class='ocrx_word' id='word_1_49' title='bbox 998 821 1209 855; x_wconf 84' lang='lat' dir='ltr'>residentium</span> 
     </span>
     <span class='ocr_line' id='line_1_13' title="bbox 542 876 747 919; baseline 0.015 -12"><span class='ocrx_word' id='word_1_50' title='bbox 542 876 670 919; x_wconf 87' lang='lat' dir='ltr'>poenis,</span> <span class='ocrx_word' id='word_1_51' title='bbox 693 877 747 910; x_wconf 83' lang='grc'>55.</span> 
     </span>
     <span class='ocr_line' id='line_1_14' title="bbox 454 929 1211 963; baseline -0.003 0"><span class='ocrx_word' id='word_1_52' title='bbox 454 929 533 963; x_wconf 89' lang='lat' dir='ltr'>XIII.</span> <span class='ocrx_word' id='word_1_53' title='bbox 561 930 721 963; x_wconf 84' lang='lat' dir='ltr'>Reductio</span> <span class='ocrx_word' id='word_1_54' title='bbox 741 930 780 963; x_wconf 87' lang='lat' dir='ltr'>ad</span> <span class='ocrx_word' id='word_1_55' title='bbox 795 930 951 963; x_wconf 83' lang='lat' dir='ltr'>terminos</span> <span class='ocrx_word' id='word_1_56' title='bbox 967 930 1047 962; x_wconf 84' lang='lat' dir='ltr'>iuris</span> <span class='ocrx_word' id='word_1_57' title='bbox 1063 939 1211 962; x_wconf 89' lang='lat' dir='ltr'>commu-</span> 
     </span>
     <span class='ocr_line' id='line_1_15' title="bbox 544 983 1211 1027; baseline -0.003 -11"><span class='ocrx_word' id='word_1_58' title='bbox 544 984 595 1017; x_wconf 89' lang='lat' dir='ltr'>nis</span> <span class='ocrx_word' id='word_1_59' title='bbox 626 984 734 1017; x_wconf 86' lang='lat' dir='ltr'>bullae</span> <span class='ocrx_word' id='word_1_60' title='bbox 758 983 849 1017; x_wconf 87' lang='lat' dir='ltr'>Pauli</span> <span class='ocrx_word' id='word_1_61' title='bbox 882 984 935 1024; x_wconf 90' lang='lat' dir='ltr'>IV,</span> <span class='ocrx_word' id='word_1_62' title='bbox 971 983 1076 1017; x_wconf 85' lang='lat' dir='ltr'>editae</span> <span class='ocrx_word' id='word_1_63' title='bbox 1113 993 1211 1027; x_wconf 88' lang='lat' dir='ltr'>super</span> 
     </span>
     <span class='ocr_line' id='line_1_16' title="bbox 543 1038 1210 1072; baseline -0.004 0"><span class='ocrx_word' id='word_1_64' title='bbox 543 1038 795 1072; x_wconf 73' lang='lat' dir='ltr'>alienationibus</span> <span class='ocrx_word' id='word_1_65' title='bbox 815 1043 843 1071; x_wconf 92' lang='lat' dir='ltr'>et</span> <span class='ocrx_word' id='word_1_66' title='bbox 867 1038 1085 1071; x_wconf 73' lang='lat' dir='ltr'>locationibus</span> <span class='ocrx_word' id='word_1_67' title='bbox 1106 1038 1210 1071; x_wconf 90' lang='lat' dir='ltr'>bono—</span> 
     </span>
     <span class='ocr_line' id='line_1_17' title="bbox 546 1091 1212 1135; baseline -0.003 -10"><span class='ocrx_word' id='word_1_68' title='bbox 546 1103 619 1125; x_wconf 89' lang='lat' dir='ltr'>rum</span> <span class='ocrx_word' id='word_1_69' title='bbox 640 1091 951 1131; x_wconf 79' lang='lat' dir='ltr'>ecclesiastieorum,</span> <span class='ocrx_word' id='word_1_70' title='bbox 963 1092 1070 1135; x_wconf 88' lang='lat' dir='ltr'>quoad</span> <span class='ocrx_word' id='word_1_71' title='bbox 1083 1102 1212 1125; x_wconf 84' lang='lat' dir='ltr'>caussas</span> 
     </span>
     <span class='ocr_line' id='line_1_18' title="bbox 544 1145 1210 1190; baseline -0.003 -11"><span class='ocrx_word' id='word_1_72' title='bbox 544 1145 723 1190; x_wconf 74' lang='lat' dir='ltr'>pendentes</span> <span class='ocrx_word' id='word_1_73' title='bbox 765 1150 793 1178; x_wconf 90' lang='lat' dir='ltr'>et</span> <span class='ocrx_word' id='word_1_74' title='bbox 839 1145 975 1185; x_wconf 71' lang='lat' dir='ltr'>suturas,</span> <span class='ocrx_word' id='word_1_75' title='bbox 1010 1150 1041 1178; x_wconf 83' lang='lat' dir='ltr'>et</span> <span class='ocrx_word' id='word_1_76' title='bbox 1079 1145 1210 1178; x_wconf 87' lang='lat' dir='ltr'>licentia</span> 
     </span>
     <span class='ocr_line' id='line_1_19' title="bbox 544 1198 1031 1239; baseline 0 -7"><span class='ocrx_word' id='word_1_77' title='bbox 544 1199 710 1233; x_wconf 85' lang='lat' dir='ltr'>revidendi</span> <span class='ocrx_word' id='word_1_78' title='bbox 732 1200 795 1232; x_wconf 87' lang='lat' dir='ltr'>iam</span> <span class='ocrx_word' id='word_1_79' title='bbox 817 1200 955 1239; x_wconf 85' lang='lat' dir='ltr'>decisas,</span> <span class='ocrx_word' id='word_1_80' title='bbox 977 1198 1031 1232; x_wconf 73' lang='lat'>58.</span> 
     </span>
     <span class='ocr_line' id='line_1_20' title="bbox 559 1253 1208 1286; baseline -0.003 0"><span class='ocrx_word' id='word_1_81' title='bbox 559 1254 674 1286; x_wconf 89' lang='lat' dir='ltr'>Forma</span> <span class='ocrx_word' id='word_1_82' title='bbox 705 1253 919 1286; x_wconf 80' lang='lat' dir='ltr'>contrabemli</span> <span class='ocrx_word' id='word_1_83' title='bbox 946 1253 978 1285; x_wconf 93' lang='lat' dir='ltr'>in</span> <span class='ocrx_word' id='word_1_84' title='bbox 1005 1254 1095 1285; x_wconf 85' lang='lat' dir='ltr'>Statu</span> <span class='ocrx_word' id='word_1_85' title='bbox 1122 1253 1208 1285; x_wconf 80' lang='lat' dir='ltr'>Eccl.</span> 
     </span>
     <span class='ocr_line' id='line_1_21' title="bbox 543 1306 1137 1350; baseline -0.003 -10"><span class='ocrx_word' id='word_1_86' title='bbox 543 1307 715 1341; x_wconf 72' lang='lat' dir='ltr'>societates</span> <span class='ocrx_word' id='word_1_87' title='bbox 730 1307 828 1340; x_wconf 85' lang='lat' dir='ltr'>oflicii</span> <span class='ocrx_word' id='word_1_88' title='bbox 845 1312 1060 1350; x_wconf 82' lang='lat' dir='ltr'>nuncupatas,</span> <span class='ocrx_word' id='word_1_89' title='bbox 1084 1306 1137 1339; x_wconf 71' lang='lat'>(50.</span> 
     </span>
     <span class='ocr_line' id='line_1_22' title="bbox 545 1360 1211 1395; baseline -0.006 0"><span class='ocrx_word' id='word_1_90' title='bbox 545 1362 588 1395; x_wconf 90' lang='lat' dir='ltr'>De</span> <span class='ocrx_word' id='word_1_91' title='bbox 623 1361 883 1395; x_wconf 66' lang='lat' dir='ltr'>solemnitatibus</span> <span class='ocrx_word' id='word_1_92' title='bbox 930 1361 1140 1394; x_wconf 83' lang='lat' dir='ltr'>observandis</span> <span class='ocrx_word' id='word_1_93' title='bbox 1180 1360 1211 1391; x_wconf 92' lang='lat' dir='ltr'>in</span> 
     </span>
     <span class='ocr_line' id='line_1_23' title="bbox 543 1415 1211 1449; baseline -0.006 0"><span class='ocrx_word' id='word_1_94' title='bbox 543 1415 784 1449; x_wconf 76' lang='lat' dir='ltr'>venditionibus</span> <span class='ocrx_word' id='word_1_95' title='bbox 810 1421 840 1448; x_wconf 87' lang='lat' dir='ltr'>et</span> <span class='ocrx_word' id='word_1_96' title='bbox 865 1415 1082 1448; x_wconf 66' lang='lat' dir='ltr'>locationibus</span> <span class='ocrx_word' id='word_1_97' title='bbox 1108 1415 1211 1446; x_wconf 92' lang='lat' dir='ltr'>bono-</span> 
     </span>
     <span class='ocr_line' id='line_1_24' title="bbox 545 1467 1146 1511; baseline -0.002 -10"><span class='ocrx_word' id='word_1_98' title='bbox 545 1480 616 1502; x_wconf 89' lang='lat' dir='ltr'>rum</span> <span class='ocrx_word' id='word_1_99' title='bbox 631 1475 659 1503; x_wconf 92' lang='lat' dir='ltr'>et</span> <span class='ocrx_word' id='word_1_100' title='bbox 678 1469 798 1502; x_wconf 88' lang='lat' dir='ltr'>iurium</span> <span class='ocrx_word' id='word_1_101' title='bbox 815 1469 969 1502; x_wconf 81' lang='lat' dir='ltr'>Gamerae</span> <span class='ocrx_word' id='word_1_102' title='bbox 992 1469 1069 1511; x_wconf 64' lang='lat' dir='ltr'>Ap,</span> <span class='ocrx_word' id='word_1_103' title='bbox 1091 1467 1146 1500; x_wconf 69' lang='lat'>62.</span> 
     </span>
     <span class='ocr_line' id='line_1_25' title="bbox 558 1521 1211 1565; baseline -0.005 -9"><span class='ocrx_word' id='word_1_104' title='bbox 558 1523 687 1557; x_wconf 77' lang='lat' dir='ltr'>Erectio</span> <span class='ocrx_word' id='word_1_105' title='bbox 699 1524 836 1556; x_wconf 86' lang='lat' dir='ltr'>ducatus</span> <span class='ocrx_word' id='word_1_106' title='bbox 848 1522 1032 1562; x_wconf 73' lang='lat' dir='ltr'>Bracliiani,</span> <span class='ocrx_word' id='word_1_107' title='bbox 1045 1532 1104 1565; x_wconf 90' lang='lat' dir='ltr'>pro</span> <span class='ocrx_word' id='word_1_108' title='bbox 1114 1521 1211 1553; x_wconf 85' lang='lat' dir='ltr'>Paulo</span> 
     </span>
     <span class='ocr_line' id='line_1_26' title="bbox 545 1574 1209 1615; baseline -0.005 -5"><span class='ocrx_word' id='word_1_109' title='bbox 545 1577 684 1611; x_wconf 89' lang='lat' dir='ltr'>Iordano</span> <span class='ocrx_word' id='word_1_110' title='bbox 705 1577 821 1610; x_wconf 83' lang='lat' dir='ltr'>Ursino</span> <span class='ocrx_word' id='word_1_111' title='bbox 834 1576 1135 1615; x_wconf 82' lang='lat' dir='ltr'>etsuccessorilnis,</span> <span class='ocrx_word' id='word_1_112' title='bbox 1156 1574 1209 1608; x_wconf 70' lang='lat'>03.</span> 
     </span>
     <span class='ocr_line' id='line_1_27' title="bbox 455 1629 1212 1665; baseline -0.004 -1"><span class='ocrx_word' id='word_1_113' title='bbox 455 1631 544 1664; x_wconf 85' lang='lat' dir='ltr'><strong>XVII.</strong></span> <span class='ocrx_word' id='word_1_114' title='bbox 558 1631 684 1665; x_wconf 90' lang='lat' dir='ltr'>Iudices</span> <span class='ocrx_word' id='word_1_115' title='bbox 705 1641 893 1664; x_wconf 85' lang='lat' dir='ltr'>caussarum</span> <span class='ocrx_word' id='word_1_116' title='bbox 911 1629 1152 1663; x_wconf 73' lang='lat' dir='ltr'>beneficialiiuu</span> <span class='ocrx_word' id='word_1_117' title='bbox 1164 1629 1212 1661; x_wconf 88' lang='lat' dir='ltr'>vel</span> 
     </span>
     <span class='ocr_line' id='line_1_28' title="bbox 546 1683 1212 1729; baseline -0.005 -11"><span class='ocrx_word' id='word_1_118' title='bbox 546 1685 779 1726; x_wconf 83' lang='lat' dir='ltr'>criminalium,</span> <span class='ocrx_word' id='word_1_119' title='bbox 798 1685 1012 1729; x_wconf 71' lang='lat' dir='ltr'>privationem</span> <span class='ocrx_word' id='word_1_120' title='bbox 1035 1683 1212 1716; x_wconf 84' lang='lat' dir='ltr'>beneficio-</span> 
     </span>
     <span class='ocr_line' id='line_1_29' title="bbox 546 1737 1212 1781; baseline -0.006 -9"><span class='ocrx_word' id='word_1_121' title='bbox 546 1751 618 1772; x_wconf 89' lang='lat' dir='ltr'>rum</span> <span class='ocrx_word' id='word_1_122' title='bbox 640 1740 923 1779; x_wconf 80' lang='lat' dir='ltr'>concernentium,</span> <span class='ocrx_word' id='word_1_123' title='bbox 947 1749 1126 1781; x_wconf 80' lang='lat' dir='ltr'>eorumque</span> <span class='ocrx_word' id='word_1_124' title='bbox 1142 1737 1212 1769; x_wconf 85' lang='lat' dir='ltr'>afti-</span> 
     </span>
     <span class='ocr_line' id='line_1_30' title="bbox 546 1791 1212 1827; baseline -0.006 0"><span class='ocrx_word' id='word_1_125' title='bbox 546 1804 602 1827; x_wconf 90' lang='lat' dir='ltr'>nes</span> <span class='ocrx_word' id='word_1_126' title='bbox 627 1799 656 1826; x_wconf 90' lang='lat' dir='ltr'>et</span> <span class='ocrx_word' id='word_1_127' title='bbox 687 1793 863 1826; x_wconf 80' lang='lat' dir='ltr'>familiares</span> <span class='ocrx_word' id='word_1_128' title='bbox 888 1791 1046 1825; x_wconf 85' lang='lat' dir='ltr'>beueticia</span> <span class='ocrx_word' id='word_1_129' title='bbox 1072 1792 1126 1824; x_wconf 86' lang='lat' dir='ltr'>illa</span> <span class='ocrx_word' id='word_1_130' title='bbox 1151 1791 1212 1823; x_wconf 91' lang='lat' dir='ltr'>im-</span> 
     </span>
     <span class='ocr_line' id='line_1_31' title="bbox 545 1846 988 1891; baseline -0.005 -11"><span class='ocrx_word' id='word_1_131' title='bbox 545 1854 674 1891; x_wconf 84' lang='lat' dir='ltr'>petrare</span> <span class='ocrx_word' id='word_1_132' title='bbox 695 1858 760 1880; x_wconf 92' lang='lat' dir='ltr'>non</span> <span class='ocrx_word' id='word_1_133' title='bbox 782 1847 916 1890; x_wconf 82' lang='lat' dir='ltr'>possint,</span> <span class='ocrx_word' id='word_1_134' title='bbox 935 1846 988 1879; x_wconf 67' lang='grc'>(3.3.</span> 
     </span>
     <span class='ocr_line' id='line_1_32' title="bbox 458 1900 1213 1944; baseline -0.005 -9"><span class='ocrx_word' id='word_1_135' title='bbox 458 1901 560 1935; x_wconf 82' lang='lat' dir='ltr'>XVIII.</span> <span class='ocrx_word' id='word_1_136' title='bbox 587 1902 805 1934; x_wconf 87' lang='lat' dir='ltr'>Vassallorum</span> <span class='ocrx_word' id='word_1_137' title='bbox 820 1901 1035 1944; x_wconf 73' lang='lat' dir='ltr'>obligationes</span> <span class='ocrx_word' id='word_1_138' title='bbox 1049 1900 1089 1932; x_wconf 90' lang='lat' dir='ltr'>de</span> <span class='ocrx_word' id='word_1_139' title='bbox 1105 1904 1213 1932; x_wconf 71' lang='lat' dir='ltr'>cetero</span> 
     </span>
     <span class='ocr_line' id='line_1_33' title="bbox 547 1953 1213 1999; baseline -0.006 -11"><span class='ocrx_word' id='word_1_140' title='bbox 547 1956 673 1989; x_wconf 82' lang='lat' dir='ltr'>fiendae</span> <span class='ocrx_word' id='word_1_141' title='bbox 712 1966 770 1999; x_wconf 87' lang='lat' dir='ltr'>pro</span> <span class='ocrx_word' id='word_1_142' title='bbox 805 1966 918 1988; x_wconf 86' lang='lat' dir='ltr'>eorum</span> <span class='ocrx_word' id='word_1_143' title='bbox 958 1955 1100 1987; x_wconf 86' lang='lat' dir='ltr'>dominis</span> <span class='ocrx_word' id='word_1_144' title='bbox 1139 1953 1213 1986; x_wconf 87' lang='lat' dir='ltr'>Sedi</span> 
     </span>
     <span class='ocr_line' id='line_1_34' title="bbox 545 2008 1212 2053; baseline -0.007 -10"><span class='ocrx_word' id='word_1_145' title='bbox 545 2010 750 2053; x_wconf 85' lang='lat' dir='ltr'>Apostolicae</span> <span class='ocrx_word' id='word_1_146' title='bbox 775 2009 945 2047; x_wconf 86' lang='lat' dir='ltr'>subiectis,</span> <span class='ocrx_word' id='word_1_147' title='bbox 970 2008 1078 2040; x_wconf 89' lang='lat' dir='ltr'>nullae</span> <span class='ocrx_word' id='word_1_148' title='bbox 1103 2012 1212 2045; x_wconf 82' lang='lat' dir='ltr'>crunt·⁷</span> 
     </span>
     <span class='ocr_line' id='line_1_35' title="bbox 549 2060 1213 2096; baseline -0.008 0"><span class='ocrx_word' id='word_1_149' title='bbox 549 2069 580 2096; x_wconf 89' lang='lat' dir='ltr'>et.</span> <span class='ocrx_word' id='word_1_150' title='bbox 604 2063 727 2096; x_wconf 87' lang='lat' dir='ltr'>domini</span> <span class='ocrx_word' id='word_1_151' title='bbox 749 2073 862 2095; x_wconf 86' lang='lat' dir='ltr'>eorum</span> <span class='ocrx_word' id='word_1_152' title='bbox 889 2062 1040 2094; x_wconf 81' lang='lat' dir='ltr'>vassallos</span> <span class='ocrx_word' id='word_1_153' title='bbox 1065 2061 1104 2093; x_wconf 88' lang='lat' dir='ltr'>ab</span> <span class='ocrx_word' id='word_1_154' title='bbox 1130 2060 1213 2093; x_wconf 88' lang='lat' dir='ltr'>obli-</span> 
     </span>
     <span class='ocr_line' id='line_1_36' title="bbox 546 2114 1215 2159; baseline -0.009 -8"><span class='ocrx_word' id='word_1_155' title='bbox 546 2117 734 2159; x_wconf 61' lang='lat' dir='ltr'>gationibus</span> <span class='ocrx_word' id='word_1_156' title='bbox 750 2116 813 2149; x_wconf 85' lang='lat' dir='ltr'>iam</span> <span class='ocrx_word' id='word_1_157' title='bbox 836 2116 924 2149; x_wconf 64' lang='lat' dir='ltr'>sartis</span> <span class='ocrx_word' id='word_1_158' title='bbox 943 2115 1112 2148; x_wconf 86' lang='lat' dir='ltr'>indemnes</span> <span class='ocrx_word' id='word_1_159' title='bbox 1132 2114 1215 2146; x_wconf 82' lang='lat' dir='ltr'>rele-</span> 
     </span>
     <span class='ocr_line' id='line_1_37' title="bbox 546 2169 1212 2214; baseline -0.008 -10"><span class='ocrx_word' id='word_1_160' title='bbox 546 2182 632 2213; x_wconf 85' lang='lat' dir='ltr'>vare,</span> <span class='ocrx_word' id='word_1_161' title='bbox 663 2177 693 2204; x_wconf 87' lang='lat' dir='ltr'>et</span> <span class='ocrx_word' id='word_1_162' title='bbox 722 2171 876 2214; x_wconf 82' lang='lat' dir='ltr'>pecunias</span> <span class='ocrx_word' id='word_1_163' title='bbox 901 2170 1022 2202; x_wconf 89' lang='lat' dir='ltr'>solutas</span> <span class='ocrx_word' id='word_1_164' title='bbox 1052 2169 1135 2201; x_wconf 85' lang='lat' dir='ltr'>infra</span> <span class='ocrx_word' id='word_1_165' title='bbox 1160 2178 1212 2199; x_wconf 79' lang='lat' dir='ltr'>sex</span> 
     </span>
     <span class='ocr_line' id='line_1_38' title="bbox 548 2222 1144 2266; baseline -0.007 -8"><span class='ocrx_word' id='word_1_166' title='bbox 548 2235 675 2258; x_wconf 82' lang='lat' dir='ltr'>menses</span> <span class='ocrx_word' id='word_1_167' title='bbox 695 2225 867 2258; x_wconf 81' lang='lat' dir='ltr'>restituere</span> <span class='ocrx_word' id='word_1_168' title='bbox 893 2228 1063 2266; x_wconf 75' lang='lat' dir='ltr'>cogentur,</span> <span class='ocrx_word' id='word_1_169' title='bbox 1091 2222 1144 2255; x_wconf 70' lang='lat'>05.</span> 
     </span>
     <span class='ocr_line' id='line_1_39' title="bbox 563 2275 1215 2323; baseline -0.006 -12"><span class='ocrx_word' id='word_1_170' title='bbox 563 2279 761 2323; x_wconf 85' lang='lat' dir='ltr'>Approbatio</span> <span class='ocrx_word' id='word_1_171' title='bbox 778 2283 806 2311; x_wconf 90' lang='lat' dir='ltr'>et</span> <span class='ocrx_word' id='word_1_172' title='bbox 825 2277 1002 2310; x_wconf 57' lang='lat' dir='ltr'>‹let‘tlaratio</span> <span class='ocrx_word' id='word_1_173' title='bbox 1017 2275 1215 2308; x_wconf 86' lang='lat' dir='ltr'>iurisdictio-</span> 
     </span>
     <span class='ocr_line' id='line_1_40' title="bbox 549 2329 1211 2374; baseline -0.008 -9"><span class='ocrx_word' id='word_1_174' title='bbox 549 2333 598 2365; x_wconf 86' lang='lat' dir='ltr'>nis</span> <span class='ocrx_word' id='word_1_175' title='bbox 618 2338 649 2365; x_wconf 88' lang='lat' dir='ltr'>et</span> <span class='ocrx_word' id='word_1_176' title='bbox 669 2332 869 2365; x_wconf 90' lang='lat' dir='ltr'>indultorum</span> <span class='ocrx_word' id='word_1_177' title='bbox 885 2329 1161 2374; x_wconf 70' lang='lat' dir='ltr'>archipresbyteri</span> <span class='ocrx_word' id='word_1_178' title='bbox 1183 2334 1211 2360; x_wconf 83' lang='lat' dir='ltr'>et</span> 
     </span>
     <span class='ocr_line' id='line_1_41' title="bbox 549 2383 1213 2418; baseline -0.006 -1"><span class='ocrx_word' id='word_1_179' title='bbox 549 2385 665 2418; x_wconf 88' lang='lat' dir='ltr'>iudicis</span> <span class='ocrx_word' id='word_1_180' title='bbox 675 2395 860 2417; x_wconf 60' lang='lat' dir='ltr'>‹iraussarum</span> <span class='ocrx_word' id='word_1_181' title='bbox 872 2383 1103 2416; x_wconf 59' lang='lat' dir='ltr'>canoi‘iicoruin</span> <span class='ocrx_word' id='word_1_182' title='bbox 1117 2387 1145 2414; x_wconf 90' lang='lat' dir='ltr'>et</span> <span class='ocrx_word' id='word_1_183' title='bbox 1161 2392 1213 2414; x_wconf 79' lang='lat' dir='ltr'>ca-</span> 
     </span>
     <span class='ocr_line' id='line_1_42' title="bbox 549 2430 1210 2478; baseline -0.005 -12"><span class='ocrx_word' id='word_1_184' title='bbox 549 2434 643 2478; x_wconf 87' lang='lat' dir='ltr'>pituli</span> <span class='ocrx_word' id='word_1_185' title='bbox 656 2434 689 2466; x_wconf 87' lang='lat' dir='ltr'>B.</span> <span class='ocrx_word' id='word_1_186' title='bbox 706 2434 822 2467; x_wconf 86' lang='lat' dir='ltr'>Mariae</span> <span class='ocrx_word' id='word_1_187' title='bbox 836 2432 962 2465; x_wconf 84' lang='lat' dir='ltr'>Maioris</span> <span class='ocrx_word' id='word_1_188' title='bbox 978 2433 1017 2465; x_wconf 88' lang='lat' dir='ltr'>dc</span> <span class='ocrx_word' id='word_1_189' title='bbox 1031 2431 1128 2470; x_wconf 86' lang='lat' dir='ltr'>Urbe,</span> <span class='ocrx_word' id='word_1_190' title='bbox 1157 2430 1210 2463; x_wconf 72' lang='lat'>67.</span> 
     </span>
     <span class='ocr_line' id='line_1_43' title="bbox 553 2480 1214 2517; baseline -0.006 -1"><span class='ocrx_word' id='word_1_191' title='bbox 553 2483 763 2517; x_wconf 86' lang='lat' dir='ltr'>Confirmatio</span> <span class='ocrx_word' id='word_1_192' title='bbox 802 2481 1077 2516; x_wconf 76' lang='lat' dir='ltr'>confraternitatis</span> <span class='ocrx_word' id='word_1_193' title='bbox 1107 2480 1214 2514; x_wconf 84' lang='lat' dir='ltr'>Sancti</span> 
     </span>
     <span class='ocr_line' id='line_1_44' title="bbox 550 2530 1212 2575; baseline -0.005 -11"><span class='ocrx_word' id='word_1_194' title='bbox 550 2532 691 2572; x_wconf 83' lang='lat' dir='ltr'>Roclii,a</span> <span class='ocrx_word' id='word_1_195' title='bbox 704 2533 818 2565; x_wconf 88' lang='lat' dir='ltr'>morbo</span> <span class='ocrx_word' id='word_1_196' title='bbox 835 2531 1004 2575; x_wconf 74' lang='lat' dir='ltr'>epidemia=</span> <span class='ocrx_word' id='word_1_197' title='bbox 1020 2530 1212 2569; x_wconf 78' lang='lat' dir='ltr'>liberatoris,</span> 
     </span>
     <span class='ocr_line' id='line_1_45' title="bbox 550 2579 1213 2620; baseline -0.005 -7"><span class='ocrx_word' id='word_1_198' title='bbox 550 2581 582 2614; x_wconf 91' lang='lat' dir='ltr'>in</span> <span class='ocrx_word' id='word_1_199' title='bbox 612 2581 696 2614; x_wconf 88' lang='lat' dir='ltr'>Urbe</span> <span class='ocrx_word' id='word_1_200' title='bbox 731 2582 885 2614; x_wconf 83' lang='lat' dir='ltr'>hactenus</span> <span class='ocrx_word' id='word_1_201' title='bbox 918 2580 1093 2620; x_wconf 88' lang='lat' dir='ltr'>institutae‚</span> <span class='ocrx_word' id='word_1_202' title='bbox 1119 2585 1146 2612; x_wconf 89' lang='lat' dir='ltr'>et</span> <span class='ocrx_word' id='word_1_203' title='bbox 1175 2579 1213 2611; x_wconf 88' lang='lat' dir='ltr'>ab</span> 
     </span>
     <span class='ocr_line' id='line_1_46' title="bbox 550 2629 1214 2665; baseline -0.003 -2"><span class='ocrx_word' id='word_1_204' title='bbox 550 2630 731 2664; x_wconf 85' lang='lat' dir='ltr'>Alexandro</span> <span class='ocrx_word' id='word_1_205' title='bbox 755 2631 789 2663; x_wconf 91' lang='lat' dir='ltr'>Vl</span> <span class='ocrx_word' id='word_1_206' title='bbox 814 2636 845 2664; x_wconf 85' lang='lat' dir='ltr'>et</span> <span class='ocrx_word' id='word_1_207' title='bbox 868 2631 974 2665; x_wconf 87' lang='lat' dir='ltr'>Leone</span> <span class='ocrx_word' id='word_1_208' title='bbox 999 2630 1023 2662; x_wconf 89' lang='lat' dir='ltr'>X</span> <span class='ocrx_word' id='word_1_209' title='bbox 1047 2629 1214 2662; x_wconf 85' lang='lat' dir='ltr'>nonnullis</span> 
     </span>
    </p>
   </div>
   <div class='ocr_carea' id='block_1_3' title="bbox 455 768 521 802">
    <p class='ocr_par' dir='ltr' id='par_1_3' title="bbox 455 768 521 802">
     <span class='ocr_line' id='line_1_47' title="bbox 455 768 521 802; baseline -0.015 0"><span class='ocrx_word' id='word_1_210' title='bbox 455 768 521 802; x_wconf 85' lang='lat' dir='ltr'>XII.</span> 
     </span>
    </p>
   </div>
   <div class='ocr_carea' id='block_1_4' title="bbox 454 1253 530 1286">
    <p class='ocr_par' dir='ltr' id='par_1_4' title="bbox 454 1253 530 1286">
     <span class='ocr_line' id='line_1_48' title="bbox 454 1253 530 1286; baseline 0 0"><span class='ocrx_word' id='word_1_211' title='bbox 454 1253 530 1286; x_wconf 91' lang='lat' dir='ltr'>XIV.</span> 
     </span>
    </p>
   </div>
   <div class='ocr_carea' id='block_1_5' title="bbox 456 1361 517 1394">
    <p class='ocr_par' dir='ltr' id='par_1_5' title="bbox 456 1361 517 1394">
     <span class='ocr_line' id='line_1_49' title="bbox 456 1361 517 1394; baseline 0 0"><span class='ocrx_word' id='word_1_212' title='bbox 456 1361 517 1394; x_wconf 90' lang='lat' dir='ltr'>XV.</span> 
     </span>
    </p>
   </div>
   <div class='ocr_carea' id='block_1_6' title="bbox 456 1523 531 1556">
    <p class='ocr_par' dir='ltr' id='par_1_6' title="bbox 456 1523 531 1556">
     <span class='ocr_line' id='line_1_50' title="bbox 456 1523 531 1556; baseline -0.013 0"><span class='ocrx_word' id='word_1_213' title='bbox 456 1523 531 1556; x_wconf 89' lang='lat' dir='ltr'>XVI.</span> 
     </span>
    </p>
   </div>
   <div class='ocr_carea' id='block_1_7' title="bbox 458 2279 537 2313">
    <p class='ocr_par' dir='ltr' id='par_1_7' title="bbox 458 2279 537 2313">
     <span class='ocr_line' id='line_1_51' title="bbox 458 2279 537 2313; baseline 0.013 -1"><span class='ocrx_word' id='word_1_214' title='bbox 458 2279 537 2313; x_wconf 88' lang='lat' dir='ltr'>XIX.</span> 
     </span>
    </p>
   </div>
   <div class='ocr_carea' id='block_1_8' title="bbox 460 2483 526 2517">
    <p class='ocr_par' dir='ltr' id='par_1_8' title="bbox 460 2483 526 2517">
     <span class='ocr_line' id='line_1_52' title="bbox 460 2483 526 2517; baseline 0.015 -1"><span class='ocrx_word' id='word_1_215' title='bbox 460 2483 526 2517; x_wconf 87' lang='lat' dir='ltr'>XX.</span> 
     </span>
    </p>
   </div>
   <div class='ocr_carea' id='block_1_9' title="bbox 1084 231 1376 256">
    <p class='ocr_par' dir='ltr' id='par_1_9' title="bbox 1084 231 1376 256">
     <span class='ocr_line' id='line_1_53' title="bbox 1084 231 1376 256; baseline -0.003 0"><span class='ocrx_word' id='word_1_216' title='bbox 1084 232 1232 256; x_wconf 80' lang='lat' dir='ltr'>BULLARII</span> <span class='ocrx_word' id='word_1_217' title='bbox 1257 231 1376 256; x_wconf 70' lang='lat' dir='ltr'>Romul</span> 
     </span>
    </p>
   </div>
   <div class='ocr_carea' id='block_1_10' title="bbox 1232 283 2013 2669">
    <p class='ocr_par' dir='ltr' id='par_1_10' title="bbox 1339 283 2007 488">
     <span class='ocr_line' id='line_1_54' title="bbox 1339 283 2005 327; baseline 0.006 -12"><span class='ocrx_word' id='word_1_218' title='bbox 1339 283 1515 327; x_wconf 77' lang='lat' dir='ltr'>privilegiis</span> <span class='ocrx_word' id='word_1_219' title='bbox 1540 284 1735 325; x_wconf 85' lang='lat' dir='ltr'>decoratae,</span> <span class='ocrx_word' id='word_1_220' title='bbox 1770 296 1843 319; x_wconf 90' lang='lat' dir='ltr'>cum</span> <span class='ocrx_word' id='word_1_221' title='bbox 1869 287 2005 320; x_wconf 81' lang='lat' dir='ltr'>aliarum</span> 
     </span>
     <span class='ocr_line' id='line_1_55' title="bbox 1341 337 2007 381; baseline 0.008 -12"><span class='ocrx_word' id='word_1_222' title='bbox 1341 337 1618 379; x_wconf 67' lang='lat' dir='ltr'>indulgentiarum</span> <span class='ocrx_word' id='word_1_223' title='bbox 1637 343 1665 371; x_wconf 90' lang='lat' dir='ltr'>et</span> <span class='ocrx_word' id='word_1_224' title='bbox 1683 338 1861 381; x_wconf 85' lang='lat' dir='ltr'>gratiarum</span> <span class='ocrx_word' id='word_1_225' title='bbox 1875 350 2007 374; x_wconf 89' lang='lat' dir='ltr'>conces-</span> 
     </span>
     <span class='ocr_line' id='line_1_56' title="bbox 1340 390 2006 431; baseline 0.006 -8"><span class='ocrx_word' id='word_1_226' title='bbox 1340 390 1442 431; x_wconf 89' lang='lat' dir='ltr'>sione,</span> <span class='ocrx_word' id='word_1_227' title='bbox 1455 396 1486 424; x_wconf 85' lang='lat' dir='ltr'>et</span> <span class='ocrx_word' id='word_1_228' title='bbox 1498 390 1614 424; x_wconf 91' lang='lat' dir='ltr'>iudicis</span> <span class='ocrx_word' id='word_1_229' title='bbox 1625 392 1664 425; x_wconf 90' lang='lat' dir='ltr'>ad</span> <span class='ocrx_word' id='word_1_230' title='bbox 1675 402 1806 425; x_wconf 90' lang='lat' dir='ltr'>suarum</span> <span class='ocrx_word' id='word_1_231' title='bbox 1820 402 2006 427; x_wconf 75' lang='lat' dir='ltr'>caussarum</span> 
     </span>
     <span class='ocr_line' id='line_1_57' title="bbox 1340 444 1884 488; baseline 0.007 -12"><span class='ocrx_word' id='word_1_232' title='bbox 1340 444 1560 487; x_wconf 69' lang='lat' dir='ltr'>cognitionem</span> <span class='ocrx_word' id='word_1_233' title='bbox 1582 446 1808 488; x_wconf 84' lang='lat' dir='ltr'>deputatione,</span> <span class='ocrx_word' id='word_1_234' title='bbox 1831 445 1884 480; x_wconf 80' lang='lat'>69.</span> 
     </span>
    </p>

    <p class='ocr_par' dir='ltr' id='par_1_11' title="bbox 1252 497 2010 756">
     <span class='ocr_line' id='line_1_58' title="bbox 1252 497 2009 544; baseline 0.004 -14"><span class='ocrx_word' id='word_1_235' title='bbox 1252 497 1329 530; x_wconf 89' lang='lat' dir='ltr'>XXI.</span> <span class='ocrx_word' id='word_1_236' title='bbox 1357 497 1507 531; x_wconf 87' lang='lat' dir='ltr'>Declarat</span> <span class='ocrx_word' id='word_1_237' title='bbox 1537 499 1624 542; x_wconf 89' lang='lat' dir='ltr'>quod</span> <span class='ocrx_word' id='word_1_238' title='bbox 1657 500 1742 532; x_wconf 88' lang='lat' dir='ltr'>ultra</span> <span class='ocrx_word' id='word_1_239' title='bbox 1778 500 2009 544; x_wconf 86' lang='lat' dir='ltr'>praesentandi</span> 
     </span>
     <span class='ocr_line' id='line_1_59' title="bbox 1341 551 2007 587; baseline 0.006 -4"><span class='ocrx_word' id='word_1_240' title='bbox 1341 562 1397 584; x_wconf 91' lang='lat' dir='ltr'>seu</span> <span class='ocrx_word' id='word_1_241' title='bbox 1427 551 1618 584; x_wconf 87' lang='lat' dir='ltr'>nominandi</span> <span class='ocrx_word' id='word_1_242' title='bbox 1646 552 1686 585; x_wconf 90' lang='lat' dir='ltr'>ad</span> <span class='ocrx_word' id='word_1_243' title='bbox 1717 552 1877 586; x_wconf 86' lang='lat' dir='ltr'>beneficia</span> <span class='ocrx_word' id='word_1_244' title='bbox 1906 554 2007 587; x_wconf 86' lang='lat' dir='ltr'>eccle-</span> 
     </span>
     <span class='ocr_line' id='line_1_60' title="bbox 1341 604 2007 651; baseline 0.005 -14"><span class='ocrx_word' id='word_1_245' title='bbox 1341 604 1481 645; x_wconf 81' lang='lat' dir='ltr'>siastica,</span> <span class='ocrx_word' id='word_1_246' title='bbox 1525 606 1691 650; x_wconf 85' lang='lat' dir='ltr'>quibusvis</span> <span class='ocrx_word' id='word_1_247' title='bbox 1736 606 1941 651; x_wconf 87' lang='lat' dir='ltr'>principibus</span> <span class='ocrx_word' id='word_1_248' title='bbox 1974 612 2007 641; x_wconf 83' lang='lat' dir='ltr'>et</span> 
     </span>
     <span class='ocr_line' id='line_1_61' title="bbox 1342 659 2010 702; baseline 0.006 -11"><span class='ocrx_word' id='word_1_249' title='bbox 1342 659 1489 702; x_wconf 89' lang='lat' dir='ltr'>personis</span> <span class='ocrx_word' id='word_1_250' title='bbox 1514 670 1531 692; x_wconf 89' lang='lat' dir='ltr'>a</span> <span class='ocrx_word' id='word_1_251' title='bbox 1556 671 1588 693; x_wconf 91' lang='lat' dir='ltr'>se</span> <span class='ocrx_word' id='word_1_252' title='bbox 1614 671 1818 702; x_wconf 86' lang='lat' dir='ltr'>concessum,</span> <span class='ocrx_word' id='word_1_253' title='bbox 1846 661 1886 694; x_wconf 89' lang='lat' dir='ltr'>ad</span> <span class='ocrx_word' id='word_1_254' title='bbox 1905 661 2010 696; x_wconf 81' lang='lat' dir='ltr'>foemi-</span> 
     </span>
     <span class='ocr_line' id='line_1_62' title="bbox 1342 706 1914 756; baseline 0.005 -11"><span class='ocrx_word' id='word_1_255' title='bbox 1342 723 1400 745; x_wconf 90' lang='lat' dir='ltr'>nas</span> <span class='ocrx_word' id='word_1_256' title='bbox 1420 706 1610 747; x_wconf 83' lang='lat' dir='ltr'>nullatenus</span> <span class='ocrx_word' id='word_1_257' title='bbox 1634 715 1838 756; x_wconf 82' lang='lat' dir='ltr'>extendatur,</span> <span class='ocrx_word' id='word_1_258' title='bbox 1862 715 1914 749; x_wconf 72' lang='lat'>75.</span> 
     </span>
    </p>

    <p class='ocr_par' dir='ltr' id='par_1_12' title="bbox 1254 765 2011 1130">
     <span class='ocr_line' id='line_1_63' title="bbox 1254 765 2006 813; baseline 0.007 -15"><span class='ocrx_word' id='word_1_259' title='bbox 1254 765 1344 799; x_wconf 86' lang='lat' dir='ltr'>XXII.</span> <span class='ocrx_word' id='word_1_260' title='bbox 1372 766 1519 800; x_wconf 84' lang='lat' dir='ltr'>Facultas</span> <span class='ocrx_word' id='word_1_261' title='bbox 1549 767 1716 808; x_wconf 80' lang='lat' dir='ltr'>iudicum,</span> <span class='ocrx_word' id='word_1_262' title='bbox 1744 768 1798 802; x_wconf 82' lang='lat' dir='ltr'>lite</span> <span class='ocrx_word' id='word_1_263' title='bbox 1823 770 2006 813; x_wconf 85' lang='lat' dir='ltr'>pendente,</span> 
     </span>
     <span class='ocr_line' id='line_1_64' title="bbox 1341 820 2009 866; baseline 0.004 -13"><span class='ocrx_word' id='word_1_264' title='bbox 1341 820 1539 854; x_wconf 82' lang='lat' dir='ltr'>decernendi</span> <span class='ocrx_word' id='word_1_265' title='bbox 1573 832 1670 866; x_wconf 90' lang='lat' dir='ltr'>super</span> <span class='ocrx_word' id='word_1_266' title='bbox 1702 823 1861 856; x_wconf 85' lang='lat' dir='ltr'>fructibus</span> <span class='ocrx_word' id='word_1_267' title='bbox 1885 823 2009 857; x_wconf 85' lang='lat' dir='ltr'>benefi-</span> 
     </span>
     <span class='ocr_line' id='line_1_65' title="bbox 1342 873 2009 919; baseline 0.007 -13"><span class='ocrx_word' id='word_1_268' title='bbox 1342 873 1467 907; x_wconf 89' lang='lat' dir='ltr'>ciorum</span> <span class='ocrx_word' id='word_1_269' title='bbox 1499 874 1573 908; x_wconf 90' lang='lat' dir='ltr'>Sedi</span> <span class='ocrx_word' id='word_1_270' title='bbox 1603 876 1809 919; x_wconf 83' lang='lat' dir='ltr'>Apostolicae</span> <span class='ocrx_word' id='word_1_271' title='bbox 1830 882 2009 911; x_wconf 87' lang='lat' dir='ltr'>reservato-</span> 
     </span>
     <span class='ocr_line' id='line_1_66' title="bbox 1343 927 2009 970; baseline 0.009 -11"><span class='ocrx_word' id='word_1_272' title='bbox 1343 938 1415 960; x_wconf 90' lang='lat' dir='ltr'>rum</span> <span class='ocrx_word' id='word_1_273' title='bbox 1448 927 1513 961; x_wconf 85' lang='lat' dir='ltr'>sive</span> <span class='ocrx_word' id='word_1_274' title='bbox 1534 928 1727 962; x_wconf 78' lang='lat' dir='ltr'>affectorum</span> <span class='ocrx_word' id='word_1_275' title='bbox 1744 957 1751 970; x_wconf 96' lang='lat'>,</span> <span class='ocrx_word' id='word_1_276' title='bbox 1783 936 1814 964; x_wconf 83' lang='lat' dir='ltr'>et</span> <span class='ocrx_word' id='word_1_277' title='bbox 1842 931 2009 965; x_wconf 86' lang='lat' dir='ltr'>ordinaria</span> 
     </span>
     <span class='ocr_line' id='line_1_67' title="bbox 1341 981 2011 1019; baseline 0.009 -6"><span class='ocrx_word' id='word_1_278' title='bbox 1341 981 1392 1014; x_wconf 92' lang='lat' dir='ltr'>vel</span> <span class='ocrx_word' id='word_1_279' title='bbox 1417 981 1481 1014; x_wconf 91' lang='lat' dir='ltr'>alia</span> <span class='ocrx_word' id='word_1_280' title='bbox 1505 983 1698 1017; x_wconf 85' lang='lat' dir='ltr'>auctoritate</span> <span class='ocrx_word' id='word_1_281' title='bbox 1723 984 1856 1017; x_wconf 89' lang='lat' dir='ltr'>nulliter</span> <span class='ocrx_word' id='word_1_282' title='bbox 1876 985 2011 1019; x_wconf 78' lang='lat' dir='ltr'>collato-</span> 
     </span>
     <span class='ocr_line' id='line_1_68' title="bbox 1342 1037 2010 1081; baseline 0.009 -15"><span class='ocrx_word' id='word_1_283' title='bbox 1342 1044 1428 1075; x_wconf 84' lang='lat' dir='ltr'>1·um;</span> <span class='ocrx_word' id='word_1_284' title='bbox 1447 1041 1477 1069; x_wconf 86' lang='lat' dir='ltr'>et</span> <span class='ocrx_word' id='word_1_285' title='bbox 1497 1046 1622 1080; x_wconf 90' lang='lat' dir='ltr'>poenae</span> <span class='ocrx_word' id='word_1_286' title='bbox 1642 1037 1783 1081; x_wconf 85' lang='lat' dir='ltr'>desuper</span> <span class='ocrx_word' id='word_1_287' title='bbox 1802 1043 1925 1072; x_wconf 87' lang='lat' dir='ltr'>temere</span> <span class='ocrx_word' id='word_1_288' title='bbox 1945 1038 2010 1072; x_wconf 84' lang='lat' dir='ltr'>liti-</span> 
     </span>
     <span class='ocr_line' id='line_1_69' title="bbox 1342 1089 1579 1130; baseline 0.013 -10"><span class='ocrx_word' id='word_1_289' title='bbox 1342 1089 1502 1130; x_wconf 73' lang='lat' dir='ltr'>gantium,</span> <span class='ocrx_word' id='word_1_290' title='bbox 1526 1090 1579 1123; x_wconf 88' lang='lat'>77.</span> 
     </span>
    </p>

    <p class='ocr_par' dir='ltr' id='par_1_13' title="bbox 1254 1139 2011 1348">
     <span class='ocr_line' id='line_1_70' title="bbox 1254 1139 2009 1187; baseline 0.008 -14"><span class='ocrx_word' id='word_1_291' title='bbox 1254 1139 1360 1174; x_wconf 85' lang='lat' dir='ltr'>XXIII.</span> <span class='ocrx_word' id='word_1_292' title='bbox 1387 1141 1431 1175; x_wconf 88' lang='lat' dir='ltr'>De</span> <span class='ocrx_word' id='word_1_293' title='bbox 1452 1143 1563 1187; x_wconf 86' lang='lat' dir='ltr'>spoliis</span> <span class='ocrx_word' id='word_1_294' title='bbox 1584 1145 1780 1178; x_wconf 85' lang='lat' dir='ltr'>clericorum</span> <span class='ocrx_word' id='word_1_295' title='bbox 1801 1146 1841 1178; x_wconf 82' lang='lat' dir='ltr'>ol]</span> <span class='ocrx_word' id='word_1_296' title='bbox 1863 1145 2009 1179; x_wconf 85' lang='lat' dir='ltr'>illicitam</span> 
     </span>
     <span class='ocr_line' id='line_1_71' title="bbox 1342 1196 2009 1239; baseline 0.007 -11"><span class='ocrx_word' id='word_1_297' title='bbox 1342 1196 1618 1239; x_wconf 50' lang='lat' dir='ltr'>negotiationem,</span> <span class='ocrx_word' id='word_1_298' title='bbox 1636 1204 1664 1232; x_wconf 85' lang='lat' dir='ltr'>et</span> <span class='ocrx_word' id='word_1_299' title='bbox 1687 1199 1726 1232; x_wconf 93' lang='lat' dir='ltr'>de</span> <span class='ocrx_word' id='word_1_300' title='bbox 1747 1199 1881 1232; x_wconf 90' lang='lat' dir='ltr'>indultis</span> <span class='ocrx_word' id='word_1_301' title='bbox 1903 1200 2009 1234; x_wconf 88' lang='lat' dir='ltr'>curia-</span> 
     </span>
     <span class='ocr_line' id='line_1_72' title="bbox 1342 1249 2011 1298; baseline 0.009 -17"><span class='ocrx_word' id='word_1_302' title='bbox 1342 1249 1421 1281; x_wconf 88' lang='lat' dir='ltr'>lium</span> <span class='ocrx_word' id='word_1_303' title='bbox 1439 1256 1466 1283; x_wconf 89' lang='lat' dir='ltr'>et</span> <span class='ocrx_word' id='word_1_304' title='bbox 1483 1250 1665 1285; x_wconf 89' lang='lat' dir='ltr'>incolarum</span> <span class='ocrx_word' id='word_1_305' title='bbox 1679 1252 1784 1286; x_wconf 87' lang='lat' dir='ltr'>almae</span> <span class='ocrx_word' id='word_1_306' title='bbox 1804 1253 1898 1287; x_wconf 89' lang='lat' dir='ltr'>Urbis</span> <span class='ocrx_word' id='word_1_307' title='bbox 1911 1265 2011 1298; x_wconf 88' lang='lat' dir='ltr'>super</span> 
     </span>
     <span class='ocr_line' id='line_1_73' title="bbox 1343 1303 1663 1348; baseline 0.013 -13"><span class='ocrx_word' id='word_1_308' title='bbox 1343 1303 1438 1336; x_wconf 84' lang='lat' dir='ltr'>dictis</span> <span class='ocrx_word' id='word_1_309' title='bbox 1458 1305 1582 1348; x_wconf 84' lang='lat' dir='ltr'>spoliis,</span> <span class='ocrx_word' id='word_1_310' title='bbox 1611 1306 1663 1339; x_wconf 85' lang='lat'>78.</span> 
     </span>
    </p>

    <p class='ocr_par' dir='ltr' id='par_1_14' title="bbox 1345 1356 2010 1452">
     <span class='ocr_line' id='line_1_74' title="bbox 1388 1356 2010 1400; baseline 0.006 -10"><span class='ocrx_word' id='word_1_311' title='bbox 1388 1356 1542 1400; x_wconf 82' lang='lat' dir='ltr'>Sequitur</span> <span class='ocrx_word' id='word_1_312' title='bbox 1556 1359 1732 1393; x_wconf 87' lang='lat' dir='ltr'>declaratio</span> <span class='ocrx_word' id='word_1_313' title='bbox 1743 1359 1846 1393; x_wconf 83' lang='lat' dir='ltr'>dictae</span> <span class='ocrx_word' id='word_1_314' title='bbox 1858 1360 2010 1394; x_wconf 82' lang='lat' dir='ltr'>constitu-</span> 
     </span>
     <span class='ocr_line' id='line_1_75' title="bbox 1345 1409 1535 1452; baseline 0.016 -10"><span class='ocrx_word' id='word_1_315' title='bbox 1345 1409 1452 1452; x_wconf 83' lang='lat' dir='ltr'>tionis,</span> <span class='ocrx_word' id='word_1_316' title='bbox 1481 1411 1535 1445; x_wconf 83' lang='lat'>80.</span> 
     </span>
    </p>

    <p class='ocr_par' dir='ltr' id='par_1_15' title="bbox 1232 1452 2011 1669">
     <span class='ocr_line' id='line_1_76' title="bbox 1232 1452 2009 1502; baseline 0.012 -9"><span class='ocrx_word' id='word_1_317' title='bbox 1232 1452 1234 1488; x_wconf 66' lang='grc' dir='ltr'><strong>ἶ</strong></span> <span class='ocrx_word' id='word_1_318' title='bbox 1255 1461 1357 1496; x_wconf 85' lang='lat' dir='ltr'>XXIV.</span> <span class='ocrx_word' id='word_1_319' title='bbox 1380 1463 1591 1498; x_wconf 74' lang='lat' dir='ltr'>contii-matio</span> <span class='ocrx_word' id='word_1_320' title='bbox 1611 1472 1641 1499; x_wconf 87' lang='lat' dir='ltr'>et</span> <span class='ocrx_word' id='word_1_321' title='bbox 1656 1477 1737 1500; x_wconf 89' lang='lat' dir='ltr'>nova</span> <span class='ocrx_word' id='word_1_322' title='bbox 1752 1468 1918 1502; x_wconf 82' lang='lat' dir='ltr'>concessio</span> <span class='ocrx_word' id='word_1_323' title='bbox 1938 1479 2009 1502; x_wconf 91' lang='lat' dir='ltr'>om—</span> 
     </span>
     <span class='ocr_line' id='line_1_77' title="bbox 1344 1516 2005 1564; baseline 0.009 -15"><span class='ocrx_word' id='word_1_324' title='bbox 1344 1516 1434 1550; x_wconf 88' lang='lat' dir='ltr'>nium</span> <span class='ocrx_word' id='word_1_325' title='bbox 1456 1519 1646 1552; x_wconf 85' lang='lat' dir='ltr'>facultatum</span> <span class='ocrx_word' id='word_1_326' title='bbox 1664 1526 1692 1553; x_wconf 76' lang='lat' dir='ltr'>et</span> <span class='ocrx_word' id='word_1_327' title='bbox 1710 1521 1953 1564; x_wconf 67' lang='lat' dir='ltr'>privilegiorum</span> <span class='ocrx_word' id='word_1_328' title='bbox 1974 1522 2005 1555; x_wconf 84' lang='lat' dir='ltr'>S.</span> 
     </span>
     <span class='ocr_line' id='line_1_78' title="bbox 1343 1570 2011 1608; baseline 0.009 -6"><span class='ocrx_word' id='word_1_329' title='bbox 1343 1570 1379 1602; x_wconf 88' lang='lat' dir='ltr'>R.</span> <span class='ocrx_word' id='word_1_330' title='bbox 1394 1571 1428 1603; x_wconf 90' lang='lat' dir='ltr'>E.</span> <span class='ocrx_word' id='word_1_331' title='bbox 1454 1572 1634 1606; x_wconf 87' lang='lat' dir='ltr'>camerario</span> <span class='ocrx_word' id='word_1_332' title='bbox 1653 1573 1811 1607; x_wconf 87' lang='lat' dir='ltr'>hactenus</span> <span class='ocrx_word' id='word_1_333' title='bbox 1831 1586 1849 1607; x_wconf 88' lang='lat' dir='ltr'>a</span> <span class='ocrx_word' id='word_1_334' title='bbox 1869 1575 2011 1608; x_wconf 88' lang='lat' dir='ltr'>Summis</span> 
     </span>
     <span class='ocr_line' id='line_1_79' title="bbox 1344 1623 1897 1669; baseline 0.011 -13"><span class='ocrx_word' id='word_1_335' title='bbox 1344 1623 1558 1659; x_wconf 84' lang='lat' dir='ltr'>Pontificibus</span> <span class='ocrx_word' id='word_1_336' title='bbox 1578 1627 1821 1669; x_wconf 87' lang='lat' dir='ltr'>concessorum,</span> <span class='ocrx_word' id='word_1_337' title='bbox 1843 1628 1897 1662; x_wconf 66' lang='lat'>82.</span> 
     </span>
    </p>

    <p class='ocr_par' dir='ltr' id='par_1_16' title="bbox 1255 1676 2010 1833">
     <span class='ocr_line' id='line_1_80' title="bbox 1255 1676 2010 1723; baseline 0.009 -14"><span class='ocrx_word' id='word_1_338' title='bbox 1255 1676 1343 1709; x_wconf 87' lang='lat' dir='ltr'>XXV.</span> <span class='ocrx_word' id='word_1_339' title='bbox 1371 1677 1489 1711; x_wconf 89' lang='lat' dir='ltr'>Contra</span> <span class='ocrx_word' id='word_1_340' title='bbox 1520 1686 1702 1723; x_wconf 75' lang='lat' dir='ltr'>pugnantes</span> <span class='ocrx_word' id='word_1_341' title='bbox 1726 1681 1759 1714; x_wconf 89' lang='lat' dir='ltr'>in</span> <span class='ocrx_word' id='word_1_342' title='bbox 1784 1682 1893 1716; x_wconf 92' lang='lat' dir='ltr'>duello</span> <span class='ocrx_word' id='word_1_343' title='bbox 1918 1689 1950 1716; x_wconf 84' lang='lat' dir='ltr'>et</span> <span class='ocrx_word' id='word_1_344' title='bbox 1973 1683 2010 1716; x_wconf 93' lang='lat' dir='ltr'>il-</span> 
     </span>
     <span class='ocr_line' id='line_1_81' title="bbox 1343 1732 2007 1780; baseline 0.009 -16"><span class='ocrx_word' id='word_1_345' title='bbox 1343 1732 1398 1765; x_wconf 91' lang='lat' dir='ltr'>lud</span> <span class='ocrx_word' id='word_1_346' title='bbox 1434 1733 1554 1777; x_wconf 89' lang='lat' dir='ltr'>ubique</span> <span class='ocrx_word' id='word_1_347' title='bbox 1588 1735 1736 1777; x_wconf 76' lang='lat' dir='ltr'>gentium</span> <span class='ocrx_word' id='word_1_348' title='bbox 1762 1737 2007 1780; x_wconf 82' lang='lat' dir='ltr'>permittentes,</span> 
     </span>
     <span class='ocr_line' id='line_1_82' title="bbox 1344 1789 1878 1833; baseline 0.011 -15"><span class='ocrx_word' id='word_1_349' title='bbox 1344 1792 1542 1830; x_wconf 74' lang='lat' dir='ltr'>spectantes,</span> <span class='ocrx_word' id='word_1_350' title='bbox 1557 1789 1810 1833; x_wconf 80' lang='lat' dir='ltr'>complicesque,</span> <span class='ocrx_word' id='word_1_351' title='bbox 1823 1789 1878 1824; x_wconf 80' lang='lat'>83.</span> 
     </span>
    </p>

    <p class='ocr_par' dir='ltr' id='par_1_17' title="bbox 1255 1838 2013 2258">
     <span class='ocr_line' id='line_1_83' title="bbox 1255 1838 2013 1885; baseline 0.009 -14"><span class='ocrx_word' id='word_1_352' title='bbox 1255 1838 1358 1872; x_wconf 75' lang='lat' dir='ltr'>XXVI.</span> <span class='ocrx_word' id='word_1_353' title='bbox 1393 1840 1594 1885; x_wconf 82' lang='lat' dir='ltr'>Approbatio</span> <span class='ocrx_word' id='word_1_354' title='bbox 1643 1844 2013 1878; x_wconf 88' lang='lat' dir='ltr'>arcliiconsraternitatis</span> 
     </span>
     <span class='ocr_line' id='line_1_84' title="bbox 1345 1893 2011 1942; baseline 0.008 -15"><span class='ocrx_word' id='word_1_355' title='bbox 1345 1893 1507 1928; x_wconf 81' lang='lat' dir='ltr'>Orationis</span> <span class='ocrx_word' id='word_1_356' title='bbox 1533 1902 1561 1929; x_wconf 88' lang='lat' dir='ltr'>et</span> <span class='ocrx_word' id='word_1_357' title='bbox 1588 1897 1711 1939; x_wconf 87' lang='lat' dir='ltr'>Mortis,</span> <span class='ocrx_word' id='word_1_358' title='bbox 1739 1909 1844 1942; x_wconf 90' lang='lat' dir='ltr'>nuper</span> <span class='ocrx_word' id='word_1_359' title='bbox 1868 1898 1900 1931; x_wconf 90' lang='lat' dir='ltr'>in</span> <span class='ocrx_word' id='word_1_360' title='bbox 1926 1899 2011 1932; x_wconf 86' lang='lat' dir='ltr'>Urbe</span> 
     </span>
     <span class='ocr_line' id='line_1_85' title="bbox 1344 1947 2013 1996; baseline 0.007 -16"><span class='ocrx_word' id='word_1_361' title='bbox 1344 1947 1510 1990; x_wconf 65' lang='lat' dir='ltr'>institutae,</span> <span class='ocrx_word' id='word_1_362' title='bbox 1531 1950 1571 1983; x_wconf 87' lang='lat' dir='ltr'>ad</span> <span class='ocrx_word' id='word_1_363' title='bbox 1597 1951 1780 1985; x_wconf 88' lang='lat' dir='ltr'>orationem</span> <span class='ocrx_word' id='word_1_364' title='bbox 1797 1952 2013 1996; x_wconf 64' lang='lat' dir='ltr'>quadraginta</span> 
     </span>
     <span class='ocr_line' id='line_1_86' title="bbox 1345 2002 2012 2050; baseline 0.007 -16"><span class='ocrx_word' id='word_1_365' title='bbox 1345 2002 1500 2036; x_wconf 89' lang='lat' dir='ltr'>boraruin</span> <span class='ocrx_word' id='word_1_366' title='bbox 1527 2004 1662 2048; x_wconf 77' lang='lat' dir='ltr'>singulis</span> <span class='ocrx_word' id='word_1_367' title='bbox 1687 2006 1853 2040; x_wconf 88' lang='lat' dir='ltr'>mensibus</span> <span class='ocrx_word' id='word_1_368' title='bbox 1882 2007 2012 2050; x_wconf 85' lang='lat' dir='ltr'>publice</span> 
     </span>
     <span class='ocr_line' id='line_1_87' title="bbox 1347 2057 2013 2102; baseline 0.006 -14"><span class='ocrx_word' id='word_1_369' title='bbox 1347 2057 1579 2099; x_wconf 54' lang='lat' dir='ltr'>peragendam,</span> <span class='ocrx_word' id='word_1_370' title='bbox 1602 2064 1630 2092; x_wconf 90' lang='lat' dir='ltr'>et</span> <span class='ocrx_word' id='word_1_371' title='bbox 1644 2070 1825 2102; x_wconf 85' lang='lat' dir='ltr'>pauperum</span> <span class='ocrx_word' id='word_1_372' title='bbox 1845 2059 2013 2093; x_wconf 83' lang='lat' dir='ltr'>detuncto-</span> 
     </span>
     <span class='ocr_line' id='line_1_88' title="bbox 1346 2111 2011 2155; baseline 0.008 -14"><span class='ocrx_word' id='word_1_373' title='bbox 1346 2120 1418 2141; x_wconf 90' lang='lat' dir='ltr'>rum</span> <span class='ocrx_word' id='word_1_374' title='bbox 1440 2111 1596 2144; x_wconf 84' lang='lat' dir='ltr'>cadavera</span> <span class='ocrx_word' id='word_1_375' title='bbox 1616 2113 1715 2155; x_wconf 76' lang='lat' dir='ltr'>gratis</span> <span class='ocrx_word' id='word_1_376' title='bbox 1735 2118 1766 2145; x_wconf 87' lang='lat' dir='ltr'>et</span> <span class='ocrx_word' id='word_1_377' title='bbox 1787 2113 1941 2146; x_wconf 85' lang='lat' dir='ltr'>decenter</span> <span class='ocrx_word' id='word_1_378' title='bbox 1960 2123 2011 2146; x_wconf 87' lang='lat' dir='ltr'>se-</span> 
     </span>
     <span class='ocr_line' id='line_1_89' title="bbox 1345 2163 2011 2209; baseline 0.008 -14"><span class='ocrx_word' id='word_1_379' title='bbox 1345 2163 1510 2206; x_wconf 80' lang='lat' dir='ltr'>pelienda,</span> <span class='ocrx_word' id='word_1_380' title='bbox 1534 2176 1608 2198; x_wconf 92' lang='lat' dir='ltr'>cum</span> <span class='ocrx_word' id='word_1_381' title='bbox 1634 2165 1912 2209; x_wconf 78' lang='lat' dir='ltr'>indulgentiarum</span> <span class='ocrx_word' id='word_1_382' title='bbox 1934 2177 2011 2200; x_wconf 88' lang='lat' dir='ltr'>con-</span> 
     </span>
     <span class='ocr_line' id='line_1_90' title="bbox 1346 2217 1582 2258; baseline 0.013 -9"><span class='ocrx_word' id='word_1_383' title='bbox 1346 2217 1505 2258; x_wconf 82' lang='lat' dir='ltr'>cessione,</span> <span class='ocrx_word' id='word_1_384' title='bbox 1529 2218 1582 2252; x_wconf 81' lang='lat'>86.</span> 
     </span>
    </p>

    <p class='ocr_par' dir='ltr' id='par_1_18' title="bbox 1257 2269 2009 2367">
     <span class='ocr_line' id='line_1_91' title="bbox 1257 2269 2009 2315; baseline 0.005 -13"><span class='ocrx_word' id='word_1_385' title='bbox 1257 2269 1372 2303; x_wconf 88' lang='lat' dir='ltr'>XXVII.</span> <span class='ocrx_word' id='word_1_386' title='bbox 1399 2272 1537 2305; x_wconf 85' lang='lat' dir='ltr'>Indictio</span> <span class='ocrx_word' id='word_1_387' title='bbox 1579 2272 1816 2315; x_wconf 81' lang='lat' dir='ltr'>prosecutionis</span> <span class='ocrx_word' id='word_1_388' title='bbox 1856 2273 1945 2307; x_wconf 84' lang='lat' dir='ltr'>Sacri</span> <span class='ocrx_word' id='word_1_389' title='bbox 1981 2279 2009 2307; x_wconf 89' lang='lat' dir='ltr'>et</span> 
     </span>
     <span class='ocr_line' id='line_1_92' title="bbox 1345 2324 2008 2367; baseline 0.006 -11"><span class='ocrx_word' id='word_1_390' title='bbox 1345 2324 1546 2358; x_wconf 86' lang='lat' dir='ltr'>OEcumenici</span> <span class='ocrx_word' id='word_1_391' title='bbox 1572 2325 1706 2359; x_wconf 88' lang='lat' dir='ltr'>Concilii</span> <span class='ocrx_word' id='word_1_392' title='bbox 1733 2326 1927 2367; x_wconf 86' lang='lat' dir='ltr'>Tridentini,</span> <span class='ocrx_word' id='word_1_393' title='bbox 1955 2326 2008 2360; x_wconf 84' lang='lat'>90.</span> 
     </span>
    </p>

    <p class='ocr_par' dir='ltr' id='par_1_19' title="bbox 1256 2377 2012 2521">
     <span class='ocr_line' id='line_1_93' title="bbox 1256 2377 2012 2423; baseline 0.003 -13"><span class='ocrx_word' id='word_1_394' title='bbox 1256 2377 1386 2411; x_wconf 90' lang='lat' dir='ltr'>XXVIII.</span> <span class='ocrx_word' id='word_1_395' title='bbox 1414 2378 1514 2419; x_wconf 87' lang='lat' dir='ltr'>Ordo,</span> <span class='ocrx_word' id='word_1_396' title='bbox 1530 2390 1594 2422; x_wconf 83' lang='lat' dir='ltr'>quo</span> <span class='ocrx_word' id='word_1_397' title='bbox 1613 2380 1748 2423; x_wconf 87' lang='lat' dir='ltr'>praelati</span> <span class='ocrx_word' id='word_1_398' title='bbox 1765 2380 1797 2412; x_wconf 89' lang='lat' dir='ltr'>in</span> <span class='ocrx_word' id='word_1_399' title='bbox 1819 2381 1918 2414; x_wconf 88' lang='lat' dir='ltr'>Sacro</span> <span class='ocrx_word' id='word_1_400' title='bbox 1931 2380 2012 2414; x_wconf 89' lang='lat' dir='ltr'>Con-</span> 
     </span>
     <span class='ocr_line' id='line_1_94' title="bbox 1345 2428 2011 2463; baseline 0.005 -4"><span class='ocrx_word' id='word_1_401' title='bbox 1345 2428 1421 2461; x_wconf 74' lang='lat' dir='ltr'>cilio</span> <span class='ocrx_word' id='word_1_402' title='bbox 1433 2428 1624 2462; x_wconf 87' lang='lat' dir='ltr'>Tridentino</span> <span class='ocrx_word' id='word_1_403' title='bbox 1636 2429 1745 2462; x_wconf 88' lang='lat' dir='ltr'>locuni</span> <span class='ocrx_word' id='word_1_404' title='bbox 1758 2430 1878 2463; x_wconf 86' lang='lat' dir='ltr'>babere</span> <span class='ocrx_word' id='word_1_405' title='bbox 1891 2430 2011 2463; x_wconf 84' lang='lat' dir='ltr'>debent</span> 
     </span>
     <span class='ocr_line' id='line_1_95' title="bbox 1346 2477 1770 2521; baseline 0.009 -12"><span class='ocrx_word' id='word_1_406' title='bbox 1346 2477 1377 2509; x_wconf 92' lang='lat' dir='ltr'>in</span> <span class='ocrx_word' id='word_1_407' title='bbox 1395 2478 1519 2510; x_wconf 76' lang='lat' dir='ltr'>actibus</span> <span class='ocrx_word' id='word_1_408' title='bbox 1540 2478 1693 2521; x_wconf 87' lang='lat' dir='ltr'>publicis,</span> <span class='ocrx_word' id='word_1_409' title='bbox 1714 2479 1770 2514; x_wconf 68' lang='lat'>92.</span> 
     </span>
    </p>

    <p class='ocr_par' dir='ltr' id='par_1_20' title="bbox 1256 2526 2009 2669">
     <span class='ocr_line' id='line_1_96' title="bbox 1256 2526 2009 2572; baseline 0.004 -14"><span class='ocrx_word' id='word_1_410' title='bbox 1256 2526 1361 2559; x_wconf 89' lang='lat' dir='ltr'>XXIX.</span> <span class='ocrx_word' id='word_1_411' title='bbox 1388 2527 1576 2560; x_wconf 88' lang='lat' dir='ltr'>Annullatio</span> <span class='ocrx_word' id='word_1_412' title='bbox 1601 2539 1883 2572; x_wconf 79' lang='lat' dir='ltr'>quarumcumque</span> <span class='ocrx_word' id='word_1_413' title='bbox 1905 2528 2009 2570; x_wconf 71' lang='lat' dir='ltr'>teg-iti-</span> 
     </span>
     <span class='ocr_line' id='line_1_97' title="bbox 1345 2576 2008 2620; baseline 0.003 -13"><span class='ocrx_word' id='word_1_414' title='bbox 1345 2576 1526 2608; x_wconf 87' lang='lat' dir='ltr'>mationum</span> <span class='ocrx_word' id='word_1_415' title='bbox 1548 2577 1586 2610; x_wconf 87' lang='lat' dir='ltr'>de</span> <span class='ocrx_word' id='word_1_416' title='bbox 1608 2577 1810 2610; x_wconf 88' lang='lat' dir='ltr'>naturalibus</span> <span class='ocrx_word' id='word_1_417' title='bbox 1829 2576 1947 2620; x_wconf 87' lang='lat' dir='ltr'>spuriis</span> <span class='ocrx_word' id='word_1_418' title='bbox 1962 2577 2008 2609; x_wconf 79' lang='lat' dir='ltr'>sa-</span> 
     </span>
     <span class='ocr_line' id='line_1_98' title="bbox 1345 2625 2007 2669; baseline 0.002 -12"><span class='ocrx_word' id='word_1_419' title='bbox 1345 2630 1482 2666; x_wconf 85' lang='lat' dir='ltr'>etarum,</span> <span class='ocrx_word' id='word_1_420' title='bbox 1510 2625 1542 2658; x_wconf 88' lang='lat' dir='ltr'>in</span> <span class='ocrx_word' id='word_1_421' title='bbox 1568 2626 1796 2669; x_wconf 62' lang='lat' dir='ltr'>praeiudicium</span> <span class='ocrx_word' id='word_1_422' title='bbox 1821 2631 2007 2659; x_wconf 85' lang='lat' dir='ltr'>vocatorum</span> 
     </span>
    </p>
   </div>
   <div class='ocr_carea' id='block_1_11' title="bbox 1230 311 1237 2408">
    <p class='ocr_par' dir='ltr' id='par_1_21' title="bbox 1230 311 1237 2408">
     <span class='ocr_line' id='line_1_99' title="bbox 1230 311 1237 2408; baseline 0 0"><span class='ocrx_word' id='word_1_423' title='bbox 1230 311 1237 2408; x_wconf 95' lang='lat' dir='ltr'> </span> 
     </span>
    </p>
   </div>
  </div>
 </body>
</html>
