2237 3100
24 263 72 290 An.
90 262 119 289 C.
141 263 206 289 ¹56&

222 314 347 346 ciorum
376 313 563 346 huiusmodi
599 314 841 358 dispositionem
857 309 859 311 ¹
878 326 975 358 quam

221 366 282 399 alia
302 366 333 399 in
354 366 455 399 literis
475 366 551 410 ipsis
573 372 722 400 contenta
747 378 975 411 quaecumque

220 420 325 453 debite
359 421 568 463 exequenda,
596 421 655 453 sibi
685 421 907 454 concessimus
928 422 974 454 sa-

220 473 366 511 cultates,
389 473 485 506 etiam
503 473 611 506 omnia
631 479 661 506 et
681 474 825 517 singula,
847 479 912 506 tam
929 474 974 507 ci-

219 525 329 558 vilium
350 531 381 558 et
401 525 619 559 criminalium
645 538 743 569 quam
768 527 874 569 quoad
895 527 974 559 scri-

220 583 331 621 pturas
346 577 510 611 dumtaxat
526 578 721 611 damnorum
738 579 900 619 datorum,
918 590 975 612 no-

220 631 394 664 tariatuum
416 631 521 664 ossicia
542 632 749 672 huiusmodi,
774 632 805 664 in
834 637 900 665 toto
926 633 973 664 vel

221 685 251 717 in
286 691 376 728 parte
397 695 433 717 ac
454 684 550 724 alias,
574 691 668 728 prout
691 685 750 718 sibi
771 686 975 718 commodius

219 738 390 781 eidemque
413 738 566 771 Gamerae
592 739 702 771 utilius
727 739 837 772 facere*
854 739 973 773 videbi-

218 797 283 831 tur,
307 803 381 825 cum
403 792 554 825 omnibus
580 792 711 825 illorum
737 792 923 835 scripturis,
941 793 975 825 li-

217 845 295 885 bris,
319 846 507 889 protocollis
532 851 560 879 et
582 846 819 885 instrumentis,
846 847 870 879 si
891 858 973 889 quae

218 899 368 939 habeant,
392 910 451 932 nec
472 910 536 933 non
558 900 753 940 honoribus,
775 901 929 933 oneribus
944 906 973 933 et

217 954 458 993 emolumentis,
482 954 537 986 uni
563 964 619 987 seu
644 953 793 997 pluribus
814 954 970 997 personis,

217 1007 406 1046 civitatibus,
429 1013 588 1040 terrarum
615 1013 645 1040 et
669 1008 816 1040 locorum
844 1007 972 1050 praedi-

217 1065 344 1094 ctorum
393 1061 576 1103 originariis
613 1061 660 1093 vel
699 1061 902 1101 forensibus,
934 1061 972 1093 ad

217 1120 344 1156 tempus
364 1124 422 1156 per
447 1124 522 1146 eum
544 1113 788 1157 praefigendum
820 1119 849 1146 et
873 1114 974 1146 deter-

217 1166 421 1206 minandum,
445 1177 502 1209 pro
525 1166 628 1210 pretio
650 1177 706 1199 seu
724 1166 834 1209 pretiis
855 1166 974 1209 reperi-

217 1219 337 1252 bilibus
356 1230 394 1252 ac
414 1230 488 1252 cum
505 1219 607 1263 pactis
622 1225 653 1252 et
673 1219 913 1252 conditionibus
938 1230 974 1252 ac

216 1273 293 1306 alias
324 1273 428 1305 modis
462 1279 492 1306 et
521 1273 650 1311 formis,
673 1279 771 1316 prout
792 1273 895 1305 eidem
912 1273 973 1305 Do-

217 1331 291 1360 nato
308 1327 477 1368 Matthaeo,
504 1327 671 1367 moderno,
694 1338 731 1359 ac
746 1338 805 1371 pro
826 1332 972 1370 tempore

215 1380 361 1414 existenti
394 1381 596 1413 thesaurario
629 1380 830 1421 huiusmodi,
858 1381 975 1414 melius

215 1434 386 1475 videbitur,
409 1435 561 1468 Gamerae
578 1435 760 1478 praedictae
781 1435 923 1475 nomine,
938 1446 973 1468 ac

217 1490 249 1522 in
270 1489 357 1522 illius
382 1489 552 1522 utilitatem
574 1494 605 1522 et
630 1489 839 1522 commodum
861 1500 973 1522 arren-

216 1543 311 1582 dare,
335 1543 441 1575 locare
476 1553 531 1574 scu
567 1542 606 1574 ad
641 1542 767 1575 firmam
805 1543 852 1575 vel
878 1543 995 1575 aliam*

217 1596 462 1639 responsionem
501 1606 643 1628 annuam
678 1607 735 1629 seu
775 1601 996 1629 menstruam?

216 1650 406 1683 concedere.
444 1650 487 1682 Ac
522 1648 661 1693 pretium
687 1661 743 1683 seu
779 1650 905 1682 firmam
927 1651 996 1692 vel,

216 1703 311 1735 aliam
346 1703 590 1746 responsionem
630 1703 840 1740 huiusmodi,
878 1693 996 1737 etiaim

218 1756 313 1789 unico
348 1761 497 1789 contextu
534 1761 564 1788 et
594 1756 767 1800 anticipata
793 1758 971 1797 solutione,

217 2084 286 2112 ctae
298 2079 460 2114 Gamerae,
482 2079 644 2111 bonorum
667 2089 971 2121 quorumcumque,

216 2144 253 2165 ac
287 2132 538 2176 promissiones,
575 2137 665 2165 actus
699 2137 726 2164 et
761 2132 996 2165 instrumenta*

217 2186 357 2229 desuper
377 2185 570 2225 necessaria,
593 2196 629 2218 ac
656 2186 687 2217 in
710 2185 900 2218 eorumdem
922 2196 974 2217 ar-

219 2240 479 2273 rendatariorum
509 2239 649 2271 savorem
671 2245 698 2271 et
722 2239 880 2271 cautelam
907 2244 974 2272 ten-

217 2293 334 2332 dentia,
356 2294 472 2331 facere,
491 2292 618 2334 aliaque
644 2292 828 2335 opportuna
840 2292 926 2325 circa
938 2304 975 2326 ea

217 2346 344 2389 exequi.
369 2346 501 2378 Necnon
531 2356 689 2389 personae
720 2355 775 2378 seu
806 2346 973 2389 personis,

219 2394 271 2427 cui
304 2395 351 2427 vel
381 2394 501 2437 quibus
531 2393 634 2426 officia
656 2393 746 2437 ipsa,
769 2394 800 2426 in
830 2400 896 2428 toto
926 2396 975 2428 vel

219 2448 328 2488 parte,
356 2449 390 2476 ut
424 2444 618 2487 praefertur,
641 2443 811 2476 arrendata
836 2444 973 2484 suerint,

220 2498 254 2525 ut
266 2492 451 2536 officiaipsa
467 2503 525 2535 per
545 2502 787 2535 quemcumque
809 2503 864 2525 seu
883 2503 977 2536 quos·
996 2502 997 2505 ’

220 2551 360 2584 cumque
391 2541 581 2573 substitutos
612 2540 745 2573 idoncos
780 2546 810 2573 et
839 2541 974 2582 habiles,

219 2589 309 2623 acin
336 2595 404 2622 arte
438 2589 617 2622 notariatus
646 2589 833 2622 huiusmodi
857 2591 998 2634 peritos*

220 2644 251 2672 et
274 2638 431 2678 notarios,
456 2638 607 2681 praestita
633 2643 741 2671 tamen
766 2638 804 2671 de
826 2639 977 2672 substitu-

301 2692 373 2722 Ball.
398 2691 476 2722 Rom.
506 2692 559 2721 Vol.
587 2691 643 2722 ΠΙ.
821 2692 858 2722 38

902 262 970 285 Plrs
990 263 1019 285 lV
1041 262 1086 285 PP.

1666 249 1729 282 297
1777 258 1843 304 pin.
1861 258 1890 285 c.
1911 259 1975 285 ¹56ls

1018 320 1126 347 torum
1147 313 1336 346 eorumdem
1368 312 1429 345 fide
1464 317 1495 344 et
1523 311 1682 354 legalitate
1708 305 1789 358 idos¹⁴

1018 379 1077 401 nea
1099 373 1129 400 et
1154 366 1325 400 sufficienti
1347 366 1518 403 cautione,
1544 366 1678 398 arbitrio
1699 364 1789 416 ᾱίυῑίμἸ

1017 420 1223 461 thesaurarii,
1247 430 1396 453 exercere
1434 430 1489 452 seu
1525 419 1578 451 illa
1604 412 1789 461 subtocare}

1018 474 1117 507 libere
1138 479 1168 507 et
1188 473 1274 506 licite
1293 473 1430 511 valeant,
1453 471 1598 510 scientia,
1618 462 1789 528 potestate]

1017 538 1053 559 ac
1074 527 1263 560 auctoritate
1285 526 1444 558 similibus
1459 524 1668 558 concedimus
1684 530 1714 557 et
1730 524 1787 564 in-]

1018 580 1208 623 dulgemus,
1246 580 1356 623 eisque
1387 579 1540 618 liberam,
1568 578 1708 621 amplam
1744 584 1786 611 et.

1017 634 1236 666 omnimodam
1258 634 1398 677 desuper
1418 634 1614 673 facultatem,
1639 617 1786 684 potesta-⁴i

1018 694 1080 720 tem
1106 693 1134 719 et
1165 687 1389 720 auctoritatem
1414 687 1540 726 damus,
1564 685 1786 719 concedimus'

1017 746 1044 773 ct
1064 740 1281 783 impartimur.
1683 775 1690 781 ,

1060 794 1075 837 ξ
1094 793 1126 826 3.
1154 794 1335 826 Districtius
1356 794 1558 834 inhibentes,
1582 800 1645 826 tam
1667 794 1771 826 officia
1788 805 1976 840 ⁶5¹¹¹5⁹¹¹³ffi¹¹¹³³1

1017 850 1168 890 praelata,
1190 847 1363 891 emptionis
1388 854 1414 880 et
1441 848 1633 881 xentlitionis
1653 859 1689 881 ac
1724 859 1773 880 ar-
1788 837 1978 893 {21}ssJ'li,>,s¹'u',',',“,‘g¹‚

1017 901 1216 934 rendamcnti
1239 912 1294 933 seu
1317 901 1485 933 locationis
1503 901 1608 937 titulo,
1623 906 1771 944 protem-
1788 900 1912 956 ffjffinff'n
1935 899 1976 918 *¹¹¹*

1016 966 1094 998 pore
1112 954 1331 987 obtinentibus
1359 961 1387 987 ct
1423 954 1646 987 exercentibus
1674 966 1786 1000 quanr

1017 1007 1182 1040 curiarum
1211 1007 1439 1050 episcoporum
1474 1007 1608 1039 notariis
1637 1004 1787 1054 quibus-,²

1017 1072 1174 1104 cumque,
1198 1072 1237 1093 ne
1252 1087 1259 1097 ,
1282 1061 1341 1093 sub
1362 1060 1707 1093 excommunicationis
1727 1062 1787 1107 la-J

1016 1120 1065 1146 tae
1086 1115 1261 1147 sententiae
1282 1125 1319 1146 ac
1340 1114 1556 1146 ducentorum
1580 1113 1773 1146 ducatorum

1016 1179 1074 1211 per
1093 1168 1270 1211 quemlibet
1293 1167 1617 1205 contravenientium,
1631 1158 1787 1210 qualibct³

1016 1222 1096 1257 vice,
1120 1221 1326 1254 incurrendis
1347 1227 1374 1253 et
1398 1221 1501 1254 eidem
1523 1220 1676 1253 Gamerae
1693 1221 1787 1264 Apo-j

1016 1275 1148 1307 stolicae
1169 1274 1371 1317 applicandis
1391 1274 1515 1318 poenis,
1539 1275 1599 1317 ipsi
1621 1275 1653 1306 in
1675 1268 1788 1320 civilis

1016 1328 1077 1360 bus
1112 1333 1140 1360 et
1176 1327 1340 1370 profanis,
1371 1332 1434 1360 tam
1470 1327 1643 1360 ordinariis
1677 1325 1788 1370 quam‘

1017 1380 1260 1419 commissurus,
1279 1381 1325 1413 uti
1338 1381 1385 1412 -ad
1406 1381 1558 1420 curiales,
1579 1381 1625 1413 illi
1646 1392 1721 1414 vcro
1742 1379 1789 1414 in'

1017 1435 1241 1479 spi1·itualil.›us
1262 1435 1377 1474 causis,
1399 1434 1445 1466 uti
1462 1435 1500 1467 ad
1523 1434 1688 1467 curiarum
1706 1435 1774 1479 epi-

1017 1489 1197 1533 scopalium
1223 1489 1366 1521 notarios
1398 1488 1586 1521 huiusmodi
1612 1484 1789 1521 dumtaxat

1017 1543 1259 1587 spectantibus,
1296 1543 1458 1583 scribere,
1487 1543 1618 1575 actitare
1653 1553 1708 1575 seu
1743 1539 1790 1588 se]

1017 1598 1095 1630 alias
1115 1598 1153 1629 de
1185 1598 1247 1629 illis
1273 1597 1448 1640 respective
1471 1597 1503 1628 in
1524 1596 1659 1629 alterius
1680 1591 1790 1643 prae-¹³

1018 1651 1175 1683 iudicium
1204 1650 1439 1687 intromittere,
1462 1650 1574 1693 quovis
1608 1645 1791 1694 praetextu'

1017 1715 1072 1737 seu
1094 1704 1240 1746 quaesito
1265 1704 1373 1736 colore
1402 1709 1455 1736 aut
1484 1703 1631 1746 ingenio,
1654 1704 1791 1749 directe]

1778 561 1787 606 4ss

994 1763 996 1798 j
1017 1758 1063 1789 vel
1085 1758 1253 1796 indirecte,
1276 1757 1414 1790 audeant
1436 1768 1491 1789 seu
1519 1763 1738 1801 praesumant.
1787 1753 1791 1760 ἴ

216 1810 362 1854 recipere
392 1816 419 1843 et
456 1811 575 1843 habere
596 1816 651 1843 aut,
672 1811 772 1854 recipi
795 1816 823 1843 et
842 1811 970 1848 haberi,

216 1876 252 1898 ac
273 1865 311 1897 de
332 1864 469 1907 receptis
489 1870 517 1897 et
539 1864 656 1897 habitis
681 1864 919 1897 arrendatarios
945 1871 972 1897 et
994 1855 996 1907 ζ

217 1919 373 1951 solventes
402 1928 628 1960 quoscumque
653 1917 798 1960 quietare
833 1923 861 1949 ct
893 1908 996 1950 libe-³

218 1983 288 2005 rare
314 1983 369 2005 seu
396 1971 533 2015 quietari
556 1977 586 2004 et
606 1971 735 2004 liberari
758 1972 875 2008 facere;
898 1982 973 2004 nec-
995 2002 996 2007 ,

217 2036 282 2058 non
303 2036 531 2068 quaecumque
553 2025 786 2068 obligationes,
810 2025 905 2057 etiam
928 2025 974 2057 di-
994 2058 996 2068 χ

1061 1811 1121 1855 {sn
1152 1812 1192 1843 Ac
1224 1811 1424 1851 mandantes,
1448 1811 1481 1843 in
1501 1811 1618 1844 virtute
1644 1802 1786 1844 sanctae
1801 1819 1933 1855 Gamo-ailus
1951 1822 1972 1839 οι

1016 1865 1218 1897 obedientiae
1247 1876 1283 1897 ac
1314 1865 1372 1896 suli
1394 1870 1520 1896 nostrae
1543 1852 1977 1905 indignationisssif,¹g¹⁰ssunf⁰2ss,‘1'-s2

1018 1929 1133 1961 poena,
1147 1918 1270 1950 dilectis
1287 1918 1361 1950 tiliis
1383 1924 1491 1949 nostro
1508 1917 1679 1952 Vitelloth,
1699 1917 1774 1950 San-
1788 1913 1974 1969 ffisf{¹e¹¹s³ffigglf'g{‡

1017 1979 1085 2005 ctae
1120 1973 1236 2004 Mariae
1269 1972 1299 2004 in
1334 1972 1483 2004 Via-Lata
1509 1972 1646 2003 diacono
1668 1971 1773 2003 cardi-
1790 1977 1806 1996 ri
1825 1977 1907 1996 curent

1018 2026 1080 2058 nali
1096 2025 1223 2058 Vitellio
1239 2030 1440 2068 nuncupato,
1465 2025 1633 2064 moderno,
1658 2035 1695 2057 ac
1716 2036 1774 2068 pro

1017 2085 1163 2123 tempore
1181 2079 1326 2111 existenti
1340 2085 1467 2111 sanctae
1489 2079 1651 2111 Romanae
1664 2078 1774 2111 Eccle-

1017 2133 1081 2165 siae
1116 2132 1295 2164 camerario
1330 2142 1456 2164 necnon
1490 2131 1593 2164 dictae,
1623 2131 1775 2164 Gamerae

1018 2186 1241 2225 thesaurario,
1284 2185 1410 2218 clericis
1448 2184 1708 2228 praesidentibus
1746 2191 1773 2218 et

1017 2240 1167 2283 personis
1197 2250 1233 2272 ac
1264 2237 1428 2281 quibusvis
1449 2237 1540 2277 aliis,
1563 2238 1601 2269 ad
1632 2249 1714 2280 quos
1743 2238 1773 2270 id

1017 2293 1264 2337 quomodolibet
1284 2296 1405 2335 spectat
1430 2297 1460 2324 et
1496 2292 1651 2335 spectabit
1672 2292 1704 2324 in
1725 2292 1775 2324 su-

1018 2352 1141 2386 turum,
1155 2351 1315 2388 quatenus
1331 2350 1534 2388 praesentem
1555 2350 1698 2377 nostram
1710 2355 1777 2377 mo-

1017 2404 1069 2432 tus
1103 2399 1227 2443 proprii
1258 2399 1424 2436 cedulam,
1461 2409 1587 2431 necnon
1622 2398 1775 2431 arrenda-

1018 2454 1141 2484 menta,
1165 2448 1342 2481 locationes
1368 2452 1395 2479 et
1422 2448 1648 2480 concessiones
1668 2447 1706 2480 de
1727 2447 1775 2480 di-

1019 2497 1077 2531 ctis
1103 2497 1218 2530 officiis
1252 2507 1434 2538 eorumque
1464 2497 1635 2540 scripturis
1665 2507 1775 2540 respe-

1019 2546 1111 2585 ctive,
1135 2557 1170 2578 ac
1192 2546 1331 2588 desuper
1360 2546 1444 2578 inter
1473 2545 1624 2578 eumdem
1645 2545 1775 2577 thesau-

1019 2595 1141 2627 rarium
1171 2606 1208 2628 ac
1238 2605 1463 2638 quoscumque
1484 2594 1674 2627 eorumdem
1705 2594 1775 2626 osti-

1020 2644 1146 2677 ciorum
1163 2649 1193 2676 et
1214 2644 1450 2687 scripturarum
1471 2642 1646 2688 respective
1667 2652 1777 2676 arren—
