2237 3100
250 225 298 252 An.
317 225 346 252 C.
366 225 433 253 ¹562

491 215 557 250 0234

449 280 546 314 clavis
564 291 601 313 ac
617 292 634 314 a
650 281 735 314 dicto
755 281 972 323 gubernatore
987 279 1114 323 saepius
1127 279 1200 312 visi-

448 334 507 367 tari
523 334 669 367 debeant.
689 335 725 367 Et
742 334 840 378 siqua
852 334 939 366 fraus
954 333 1124 366 commissa
1136 334 1202 366 fue-

448 389 501 428 rit,
524 393 672 421 teneatur
687 388 754 432 ipse
771 388 979 430 gubernator,
992 387 1051 419 sub
1067 386 1201 430 periurii

448 452 552 485 poena
574 452 612 474 eo
633 441 702 485 ipso
724 441 918 474 incurrenda
938 445 966 473 et
987 440 1050 472 alia
1069 440 1201 473 arbitrio

448 494 549 527 futuri
578 494 743 527 Pontificis
762 493 947 535 infligenda,
979 493 1202 537 delinquentes

449 547 636 580 huiusmodi
657 547 876 579 cardinalibus
896 557 955 590 pro
979 552 1124 591 tempore
1145 548 1200 580 de-

448 601 565 644 putatis
581 601 731 637 revelare,
767 611 946 643 curareque
963 606 998 633 ut
1014 600 1202 644 delinquen-

408 658 410 660 “
449 658 495 686 tes
515 654 574 696 ipsi
596 658 805 686 carcerentur
825 659 855 686 et
874 653 991 687 acriter
1011 654 1198 697 puniantur.

289 763 393 784 Cunctas-e
422 770 434 784 a

249 796 435 816 cardinalibusde-

248 827 326 852 putatis
358 827 433 847 visite-

249 861 290 882 tur,
306 860 342 878 etc.

305 1730 428 1752 cardinales

243 1767 285 1782 non
300 1763 354 1783 infir.
368 1764 426 1788 duos,

243 1793 319 1813 infirmi
331 1797 375 1814 tres
386 1800 429 1814 ser-

243 1826 308 1846 vient.
326 1825 425 1846 habeant.

281 2052 426 2074 Conclavtstxm

242 2090 254 2104 a
284 2085 426 2106 cardinalibus

242 2115 393 2143 approbemur.

492 707 506 748 ,Ε
526 707 578 740 15.
604 707 787 740 Teneantur
802 718 932 750 quoque
949 707 1128 741 cardinales
1144 720 1201 752 pro

449 766 593 803 ternpore
629 761 771 804 deputati
805 761 901 794 cellas
935 761 1146 795 cardinalium
1173 768 1202 796 et

448 813 509 846 alia
530 814 689 847 conclavis
709 815 779 847 loca
800 814 928 859 saepius
946 814 1072 848 visitare
1089 816 1201 848 etdili-

448 872 560 910 genter
579 868 782 912 perquirere,
805 879 844 902 ne
865 869 897 901 in
914 868 1015 912 ipsius
1035 870 1203 903 *conclavis

449 921 552 954 muris
584 927 640 954 aut
678 922 886 965 laquearibus
922 934 978 955 seu
1013 922 1202 967 pavimentis

449 970 541 1008 vetita
570 974 727 1008 foramina
748 975 837 1008 fiant.
860 976 896 1008 Et
917 976 940 1008 si
962 976 1039 1020 quid
1065 977 1126 1010 tale
1146 977 1201 1010 de-

448 1029 646 1071 prehensum
659 1028 768 1068 fuerit,
791 1034 939 1062 auctores
955 1029 1142 1074 privationis
1158 1031 1203 1063 of-

448 1081 598 1115 ficiorum
619 1087 649 1114 et
677 1077 929 1122 beneficiorum}
952 1094 987 1116 ac
1017 1083 1087 1116 aliis
1106 1083 1201 1116 etiam

448 1135 672 1179 corporalibus
686 1141 714 1168 et
726 1135 932 1169 severissimis
944 1136 1067 1180 poenis,
1081 1137 1201 1179 guber-

445 1189 567 1221 natoris
587 1200 624 1222 ac
644 1188 739 1221 etiam
761 1189 861 1222 futuri
878 1190 1042 1223 Pontificis
1053 1190 1199 1231 arbitrio,

445 1241 640 1281 afficiantur;
651 1247 681 1274 et
698 1241 819 1275 conscii
831 1242 869 1275 de
887 1243 1072 1286 praemissis
1080 1244 1200 1277 eisdem

446 1295 559 1339 poeuis
569 1300 753 1334 teneantur,
772 1295 832 1328 nisi
844 1295 962 1336 statim,
980 1296 1004 1328 si
1026 1296 1110 1330 intra
1122 1309 1200 1331 con—

445 1349 532 1381 clave
552 1348 685 1388 fuerint,
709 1348 829 1381 eisdem
860 1349 1078 1383 cardinalibus
1098 1351 1200 1395 depu-

445 1401 535 1441 tatis,
558 1401 583 1434 si
602 1412 677 1434 vero
698 1407 786 1434 extra
806 1403 969 1443 conclave,
991 1404 1200 1446 gubernatori

444 1461 475 1488 et
494 1454 646 1498 praelatis
675 1455 867 1499 praepositis
892 1456 1113 1491 revelaverint.
1140 1458 1199 1497 Qui

444 1508 576 1552 quidem
596 1508 795 1551 gubernator
815 1514 846 1542 et
857 1510 1004 1553 praelati,
1020 1511 1078 1543 sub
1090 1511 1199 1554 periu-

443 1561 483 1595 rii
503 1572 620 1606 poena,
643 1562 676 1595 in
696 1562 759 1595 hoc
776 1562 941 1605 invigilare
962 1569 989 1596 et
1017 1570 1199 1608 opportune

442 1615 610 1659 providere
631 1615 779 1649 debeant.

487 1669 502 1712 ξ
526 1669 578 1703 16.
602 1669 739 1708 Quilibet
754 1676 861 1703 autem
879 1670 1051 1704 cardinalis
1071 1671 1103 1704 in
1124 1682 1200 1705 con-

443 1723 522 1756 clavi
543 1724 670 1756 (luobus
690 1724 913 1765 servientibus,
937 1725 1063 1758 clericis
1080 1726 1127 1758 vel
1140 1725 1198 1758 lai-

443 1777 499 1818 cis,
513 1782 682 1810 contentus
694 1776 743 1811 sit:
756 1777 891 1810 infirmis
901 1784 1007 1811 autem
1021 1785 1049 1811 et
1062 1780 1200 1822 graviter

442 1831 565 1864 affectis
582 1842 600 1864 a
621 1831 735 1865 maiori
756 1838 846 1876 parte
863 1833 990 1875 collegii
1002 1844 1060 1877 per
1076 1841 1198 1868 secreta

443 1885 594 1929 suffragia
627 1885 738 1919 tertius
769 1887 808 1919 ad
842 1897 1006 1920 summum
1037 1888 1197 1932 indulgeri

440 1938 551 1982 possit.

485 1995 500 2038 ἓ
525 1994 577 2028 17.
605 1994 664 2034 Qui
685 1995 858 2029 servientes
885 1995 1059 2028 familiares
1084 1997 1196 2030 dome-

441 2049 511 2082 stici
535 2054 566 2082 et
590 2049 735 2082 continui
757 2050 980 2083 conmensales
1000 2050 1101 2093 ipsius
1125 2062 1194 2084 car-

441 2103 556 2137 dinalis
567 2108 597 2136 et
617 2103 657 2136 ab
677 2114 761 2137 anno
777 2109 850 2136 ante
870 2103 967 2136 fuisse
980 2108 1007 2136 et
1026 2109 1101 2137 tunc
1127 2116 1194 2138 esse

441 2157 589 2197 debeant,
604 2164 634 2191 et
644 2169 710 2191 non
731 2163 939 2197 mercatores,
955 2157 1091 2190 ministri
1109 2159 1195 2202 prin-

441 2212 562 2255 cipum,
585 2212 708 2245 domini
729 2212 923 2255 temporales
948 2216 976 2243 et
998 2210 1194 2246 iurisdictio-

440 2276 514 2298 nem
535 2266 703 2305 habentes,
726 2276 831 2308 neque
848 2265 961 2298 fratres
985 2270 1037 2297 aut
1060 2272 1195 2309 nepotes

440 2319 666 2359 cardinalium,
689 2319 783 2352 etiam
805 2319 829 2351 si
851 2319 997 2362 expensis
1017 2330 1129 2352 eorum
1151 2321 1194 2352 vi-

441 2378 559 2406 verent.
578 2373 616 2405 Et
639 2373 677 2405 de
698 2372 907 2416 qualitatibus
925 2373 1191 2407 conclavistarum

440 2422 618 2455 cardinales
633 2422 775 2465 deputati
797 2427 869 2455 ante
890 2422 1049 2455 conclavis
1070 2423 1191 2465 ingres-

440 2482 511 2504 sum
526 2471 696 2513 diligenter
706 2471 947 2514 inquisitionem
964 2471 1083 2504 habere
1097 2477 1125 2504 et
1139 2483 1193 2505 eos

439 2520 630 2564 approbare,
646 2531 681 2552 ac
703 2526 771 2563 post
794 2520 972 2562 ingressum
994 2520 1101 2554 denuo
1122 2521 1192 2553 dili-

440 2574 552 2613 genter
572 2569 740 2613 providere
761 2569 909 2603 debeant.

483 2619 498 2663 g
519 2617 571 2653 118.
596 2618 735 2653 Sacrista
756 2630 885 2667 quoque
898 2630 972 2654 cum
990 2630 1054 2654 uno
1075 2619 1192 2655 clerico

1043 226 1221 249 sst'LLamt'M
1246 225 1395 249 ROMANUM

2008 227 2059 253 An.
2075 227 2105 254 C.
2125 227 2194 254 ¹562

1244 279 1429 313 coadiutore
1449 279 1482 312 in
1503 280 1610 313 officio
1632 281 1805 321 sacristiae;
1827 282 1891 314 duo
1912 291 1993 325 quo·
2035 287 2194 309 Sanina-mus

1242 343 1305 376 que
1326 333 1469 376 magistri
1485 334 1762 367 caeremoniarum
1780 335 1930 368 conclave
1948 334 1996 367 in·
2009 320 2194 379 3¹15*ss'3352‘1351'33

1243 386 1430 429 grediantur
1438 386 1542 419 missis
1551 387 1761 429 celebrandis,
1775 394 1804 421 et
1816 388 1898 429 aliis,
1911 399 1995 432 quae
2010 387 2195 439 ζζξῑθῗξξξζζξξ

1243 439 1282 472 ad
1303 440 1389 484 ipsos
1404 440 1740 484 pertinent,vacaturi.
1763 441 1852 474 Adsit
1871 447 1995 485 praete·
2010 453 2076 474 unus,
2113 449 2195 484 *medici

1244 504 1297 526 rea
1331 504 1416 526 unus
1448 493 1617 537 religiosus
1652 505 1712 538 pro
1741 495 1997 528 confessionibus
2010 479 2072 535 2:23,
2085 479 2197 531 caiirr‘i'ai'iff

1244 546 1424 587 audiendis,
1437 558 1454 579 a
1469 546 1582 579 maiori
1600 553 1689 591 parte
1710 547 1922 581 cardinalium
1939 559 1998 592 per
2011 544 2196 601 {33¹¹ssan

1244 605 1366 633 secreta
1387 600 1539 643 suffragia
1559 600 1746 644 eligendus3
1768 612 1854 634 unus
1869 601 1997 645 collegii
2011 609 2104 658 genle-:¹¹-
2128 613 2194 658 ⁰¹:¹⁰⁵,

1244 654 1437 687 secretarius
1449 660 1587 694 tantum;
1605 655 1670 688 duo
1682 655 1812 695 mediei3
1830 666 1915 688 unus
1926 655 1996 688 chi·
2012 643 2133 689 §Sivie‘i'iss's
2159 644 2197 690 3ξέ

1245 718 1362 750 rurgus
1374 719 1382 748 3
1409 719 1494 741 unus
1513 709 1739 753 arpmatarius,
1762 720 1836 742 cum
1857 720 1923 742 uno
1943 714 1999 742 aut
2013 705 2067 730 σω

1244 761 1371 794 duobus
1392 761 1614 802 servientibus;
1632 773 1716 794 unus
1726 762 1816 795 faber
1827 762 1997 805 lignarius;

1245 825 1329 847 unus
1337 815 1563 855 cementarius;
1577 815 1641 847 duo
1657 815 1909 862 barbitonsores,
1923 827 1998 849 curn

1245 879 1309 900 uno
1344 874 1399 901 aut
1423 869 1551 902 duobus
1576 869 1797 903 servientibus.
1820 870 1898 902 Item
1925 875 1998 903 octo

1244 926 1296 954 aut
1319 921 1431 954 decem
1457 922 1630 955 servientes
1649 922 1799 966 publicae
1820 922 1948 956 utilitati
1967 928 1999 957 et

1245 974 1463 1008 commoditati
1494 976 1660 1013 omnium,
1689 975 1786 1008 veluti
1817 987 1876 1020 pro
1903 976 1998 1020 lignis

1244 1028 1422 1071 portandis,
1445 1039 1504 1072 pro
1524 1029 1682 1062 verrendo
1698 1029 1842 1062 conclavi
1864 1034 1895 1063 et
1913 1030 1999 1063 simi-

1244 1081 1329 1114 libus
1349 1081 1539 1115 necessariis
1558 1081 1789 1123 ministrandis,
1810 1082 1866 1126 qui
1886 1093 1999 1118 omnes

1244 1146 1260 1167 a
1282 1135 1418 1178 collegio
1439 1135 1665 1176 cardinalium,
1688 1146 1754 1168 non
1775 1141 1883 1169 tamen
1898 1146 1936 1169 ex
1955 1137 1998 1170 fa-

1244 1187 1332 1220 milia
1352 1187 1490 1222 alicuius
1511 1187 1695 1229 cardinalis,
1709 1199 1767 1233 per
1787 1189 1876 1222 fabas
1895 1200 1999 1223 sec-re-

1244 1247 1290 1274 tas
1324 1241 1504 1285 eligantur,
1536 1241 1578 1274 ita
1598 1247 1705 1274 tamen
1736 1247 1772 1275 ut
1792 1241 1818 1275 is
1837 1242 1996 1285 obtineat,

1243 1294 1299 1338 qui
1320 1296 1416 1338 plura
1435 1300 1506 1328 vota
1524 1295 1644 1336 tulerit,
1658 1301 1687 1328 et
1700 1295 1745 1328 eis
1765 1296 1881 1329 salaria
1891 1296 1930 1330 de
1941 1307 1999 1341 pu-

1244 1348 1328 1381 blico
1349 1349 1583 1392 persolvantur.
1602 1348 1693 1387 Quod
1707 1348 1827 1382 siultra
1841 1350 1999 1393 praefatas

1244 1412 1409 1445 personas,
1422 1402 1454 1434 in
1466 1402 1609 1435 conclavi
1629 1402 1746 1445 aliquis
1766 1402 1915 1436 inventus
1931 1403 1999 1438 fue-

1242 1455 1296 1496 rit,
1315 1455 1429 1499 expelli
1441 1455 1547 1488 statim
1559 1455 1684 1488 debeat.
1702 1455 1741 1488 Et
1755 1455 1781 1489 si
1792 1456 1998 1501 quisuspiam

1242 1519 1275 1541 se
1295 1510 1474 1542 occultasse
1489 1509 1763 1552 deprehendatur,
1783 1510 1998 1553 ignominiose

1242 1563 1432 1606 expellatur,
1453 1569 1481 1596 et
1503 1563 1634 1596 iufamia
1661 1568 1802 1605 notetur,
1833 1569 1863 1598 et
1883 1565 1999 1599 officiis

1241 1621 1337 1659 atque
1363 1616 1529 1649 beneficiis
1557 1617 1723 1660 privetur,
1750 1618 1871 1651 conscii
1898 1629 1995 1660 vero,

1241 1669 1300 1702 sub
1328 1669 1440 1703 eadem
1468 1681 1572 1713 poena
1599 1670 1671 1703 illos
1697 1670 1833 1714 collegio
1854 1673 1996 1707 revelare

1240 1728 1424 1764 teneantur,
1444 1724 1626 1767 praemium
1647 1724 1854 1768 reportaturi,
1877 1726 1902 1758 si
1918 1725 1998 1760 indi-

1241 1776 1393 1810 caverint.

1285 1832 1300 1874 g
1327 1831 1380 1864 19.
1411 1831 1526 1864 Clauso
1546 1831 1702 1871 conclavi,
1724 1831 1805 1864 nulli
1830 1832 1870 1865 ad
1894 1834 1995 1868 collo·
2009 1848 2039 1870 Bo
2055 1849 2134 1875 muso,
2151 1851 2194 1871 001-
2235 1843 2237 1847 ’

1240 1885 1353 1928 quium
1367 1913 1374 1925 ‚
1412 1885 1507 1917 etiam
1537 1891 1625 1917 extra
1655 1891 1782 1929 portam
1813 1888 1993 1932 conclavis,
2009 1880 2102 1933 {ffiffl'fm
2118 1882 2192 1908 prom-

1240 1940 1335 1973 etiam
1358 1939 1542 1984 principum
1560 1945 1716 1980 oratores,
1738 1940 1799 1973 nisi
1820 1952 1856 1974 ex
1879 1952 1996 1986 magna

1240 2000 1268 2027 et
1290 1994 1418 2037 urgenti
1444 2005 1539 2027 causa
1564 2005 1582 2026 a
1608 1994 1723 2028 maiori
1751 2001 1842 2039 parte
1867 1997 1994 2041 collegii

1238 2049 1460 2093 approbanda,
1483 2048 1702 2081 admittantur.
1721 2049 1760 2082 Et
1774 2049 1799 2082 si
1814 2050 1887 2094 quis
1897 2051 1991 2094 sorte,

1238 2103 1326 2146 quod
1338 2103 1429 2143 absit,
1443 2104 1525 2136 clam
1537 2102 1643 2146 ipsum
1655 2104 1806 2137 conclave
1815 2110 1848 2137 et
1863 2105 1993 2139 aliunde

1237 2168 1334 2200 quam
1347 2168 1405 2201 per
1416 2157 1533 2190 ostium
1555 2156 1766 2200 ingrediatur,
1790 2158 1879 2191 omni
1893 2159 1994 2193 hono-

1237 2221 1281 2249 re,
1302 2211 1404 2253 gradu
1425 2222 1461 2244 ac
1482 2210 1588 2243 officio
1622 2215 1652 2244 et
1671 2211 1830 2245 beneficio
1851 2211 1920 2256 ipso
1945 2213 1990 2246 fa-

1237 2270 1288 2297 cto
1305 2265 1446 2308 privatus
1466 2265 1577 2298 existat
1598 2271 1626 2297 et
1644 2265 1789 2299 tradatur
1799 2265 1907 2300 curiae
1925 2277 1991 2301 sae-

1237 2319 1339 2352 culari
1359 2319 1528 2352 acerrimis
1547 2319 1660 2363 poenis
1680 2320 1876 2364 puniendus.

1280 2374 1294 2417 ξ
1314 2373 1367 2406 20.
1391 2373 1513 2406 Literas
1537 2384 1611 2406 vero
1630 2379 1682 2406 aut
1704 2373 1844 2407 cuiusvis
1863 2375 1991 2417 generis

1235 2423 1354 2467 scripta
1370 2423 1409 2455 ad
1430 2433 1496 2462 eos,
1519 2422 1623 2466 quiin
1644 2422 1786 2456 conclavi
1806 2429 1912 2464 erunt,
1932 2435 1989 2458 seu

1234 2471 1392 2504 nuncium
1413 2473 1460 2504 vel
1481 2478 1589 2505 notam
1624 2477 1676 2504 aut
1706 2471 1833 2515 signum
1863 2472 1989 2507 mittere

1235 2532 1292 2553 seu
1320 2521 1481 2565 recipere,
1515 2527 1567 2554 aut
1599 2526 1710 2554 contra
1736 2532 1752 2553 c
1778 2521 1921 2555 conclavi
1949 2523 1988 2556 ad

1235 2580 1289 2603 eos
1309 2570 1364 2613 qui
1380 2571 1457 2604 foris
1478 2576 1584 2611 erunt,
1608 2571 1673 2603 ullo
1690 2570 1786 2604 modo
1803 2570 1897 2604 liceat
1907 2583 1916 2612 ;
1933 2572 1989 2616 qui

1236 2620 1495 2663 contratecerint,
1505 2630 1710 2666 quacumque
1722 2619 1885 2665 dignitate,
1893 2621 1990 2659 etiam

2046 2383 2125 2406 Lirem
2151 2388 2186 2409 vol

2005 2416 2065 2441 sigua
2076 2417 2190 2439 transmitti

2005 2446 2136 2474 prohibetur.
