2237 3100
221 277 271 303 An.
289 275 318 303 C.
339 274 404 302 1560

259 1297 365 1322 App-*llari

221 1327 253 1347 tue
267 1330 323 1347 νῆ’-ηπ
335 1327 407 1353 tir-spi-

244 1358 248 1364 *
301 1359 308 1377 ³1
326 1357 350 1377 it.
368 1364 408 1378 ma-

222 1393 308 1414 gistrum
325 1391 345 1408 et
357 1394 406 1408 cnu-

222 1424 323 1444 v‹:.ium,
340 1422 361 1439 et
382 1418 406 1438 alt

221 1452 264 1471 1¹¹1*
279 1452 304 1471 ad
325 1450 407 1476 eapitu-

222 1482 264 1502 lum
307 1482 407 1507 generale

222 1513 323 1539 permitiit
335 1516 356 1533 et
365 1518 406 1534 non

223 1545 292 1568 amon

247 1881 369 1904 Senio-mma
385 1887 406 1903 et

220 1915 317 1934 mandata
328 1913 354 1934 Μ.
365 1920 407 1934 ma-

222 1945 407 1972 'istrinulloprn-

221 1978 279 1997 tutu
309 1977 406 2003 impediri

220 2012 283 2032 tonse
300 2007 404 2028 der-vrntt:

465 265 506 299 50

422 327 533 360 biliuni
566 326 836 360 consuetudinum
863 326 1121 369 praedictorum,
1143 326 1174 357 in

421 386 503 415 statu
529 380 635 414 debito
655 379 900 413 reassumendas
920 384 947 411 et
970 378 1173 416 decidendas,

422 434 664 473 committimus,
687 443 806 476 cosque
820 459 827 469 ,
849 442 990 475 quornm
1012 432 1173 471 intererit,

422 488 539 521 citandi
560 493 602 527 et,
624 487 773 530 quotiens
784 485 985 530 opnsl'uerit,
999 485 1175 525 inhibendi,

423 541 517 574 etiam
538 540 597 574 sub
614 539 759 573 censuris
770 545 797 571 et
816 538 927 581 poenis
936 537 1173 577 ecclesiasticis,

424 599 487 626 tain
507 593 539 626 in
566 593 655 626 curia
676 591 839 636 praedicta
864 601 960 633 quam
987 595 1072 622 extra
1094 601 1175 631 cam,

422 646 605 679 facultatem
637 645 855 678 concedimus.
884 642 1015 675 Necnon
1044 643 1175 676 illorum

423 699 595 732 sententias
615 704 644 730 et
666 708 731 730 rem
754 696 926 729 iudicatam
952 706 1009 739 per
1034 697 1174 740 priorem

424 752 576 786 ccclesiae
597 751 672 783 dicti
694 756 880 789 conventus,
905 750 998 782 etiam
1021 750 1079 783 sub
1100 761 1175 784 cen-

424 806 507 837 suris
526 810 553 837 ct
577 803 689 847 poenis
706 802 943 844 ecclesiasticis,
966 809 1077 836 contra
1098 815 1175 837 con-

423 858 606 896 demnatos,
629 856 724 889 ctiam
746 856 777 888 in
793 855 888 889 Curia
914 856 1088 899 praedicta,
1112 862 1174 889 tam

424 910 551 944 realiter
574 921 671 954 quam
704 909 932 953 personaliter,
954 909 1067 953 exequi
1090 921 1177 943 man-

423 965 549 1004 damus,
571 964 613 997 ita
633 964 718 1008 quod
740 963 814 996 alibi
850 974 947 1007 quani
969 964 1001 996 in
1021 963 1105 997 dicto
1122 964 1177 996 ho-

423 1017 525 1061 >pituli
546 1024 598 1051 aut
620 1023 706 1050 extra
729 1017 819 1057 illud,
844 1028 881 1049 ex
900 1016 1043 1060 magistri
1056 1023 1084 1049 et
1103 1028 1177 1051 con-

423 1078 533 1104 xentus
554 1070 792 1110 commissione,
810 1070 895 1103 iuxta
916 1070 1131 1104 stabilimenta
1147 1077 1177 1105 et

424 1135 500 1157 usus
529 1124 733 1160 huiusmodi,
766 1125 915 1166 cognosci
951 1130 976 1156 et
1011 1124 1177 1158 terminari

423 1183 596 1220 nequeant.

466 1232 481 1271 ,ξ
502 1230 554 1264 57.
578 1231 640 1264 Nee
662 1243 678 1263 a
700 1231 864 1264 sententiis
885 1242 943 1275 per
963 1231 1086 1264 iudices
1101 1231 1176 1265 dieti

397 1303 407 1315 Α
422 1284 589 1327 hospitalis
603 1295 660 1327 pro
672 1291 817 1328 tempore
830 1284 900 1316 latis
916 1284 955 1317 ad
966 1284 1066 1317 alium
1079 1295 1174 1328 quam

423 1338 610 1381 magistrum
646 1345 677 1371 et
702 1344 894 1372 conventum
920 1338 1100 1381 praedictos
1120 1350 1176 1372 seu

423 1391 544 1424 iudices
563 1391 602 1424 ab
623 1392 668 1424 eis
688 1392 867 1436 deputatos,
886 1392 917 1424 in
935 1391 1044 1435 quavis
1058 1393 1177 1425 instan-

422 1444 482 1482 tia,
505 1454 609 1488 neque
629 1455 646 1477 a
668 1444 832 1478 sententiis
861 1456 919 1488 per
944 1445 1049 1488 ipsum
1077 1445 1175 1489 tnagi-

422 1502 524 1530 strum
556 1504 587 1531 et
616 1503 808 1531 conventum
829 1497 912 1538 latis,
935 1498 998 1530 alio
1018 1508 1115 1541 quam
1137 1498 1175 1530 ad

421 1551 528 1593 ipsum
545 1552 694 1594 generale
711 1552 902 1595 capitulum,
917 1552 981 1585 sive
998 1562 1056 1595 per
1076 1552 1177 1596 ipsius

421 1604 589 1648 hospitalis
610 1606 724 1638 fratres
758 1605 820 1637 sive
845 1615 904 1649 per
927 1604 1013 1648 ipsos
1033 1605 1177 1638 subditos

421 1664 449 1690 ct
472 1659 621 1692 vassallos
641 1658 872 1702 quoquomodo
889 1658 1046 1702 appellari
1062 1659 1173 1703 possit,

423 1713 520 1745 immo
536 1723 639 1756 usque
659 1712 697 1745 ad
720 1712 844 1745 tertiam
867 1711 1056 1744 senteutiam
1078 1712 1109 1744 in
1126 1722 1176 1745 eo-

421 1765 493 1798 dom
515 1770 673 1798 conventu
694 1766 869 1808 procedere
890 1770 1071 1798 teneantur.

465 1819 479 1861 ,Ε
500 1818 552 1853 58.
580 1819 614 1851 Et
642 1819 790 1852 similiter
810 1818 896 1862 quod
917 1828 1030 1851 omnes
1050 1824 1176 1852 senten-

421 1873 482 1904 tiae
504 1883 561 1915 per
578 1873 707 1905 eosdem
730 1872 919 1915 magistrum
935 1876 965 1905 et
983 1877 1175 1905 conventum

421 1925 515 1965 latae,
539 1935 650 1958 omncs
676 1926 750 1958 item
777 1925 1030 1962 commissiones,
1055 1925 1176 1958 citatio-

421 1989 488 2019 nes,
512 1979 711 2015 collationes,
734 1980 841 2012 bullae
862 1985 889 2012 et
908 1980 1015 2012 omnia
1036 1979 1175 2022 deniqne

422 2033 610 2065 corumdem
624 2033 789 2076 rescripta,
806 2032 845 2066 ad
862 2043 975 2065 omnes
990 2043 1065 2065 suae
1082 2032 1175 2065 iuris-

421 2085 571 2119 dictionis
591 2086 735 2120 suhditos
757 2096 793 2119 ac
810 2086 965 2129 reliquos,
984 2085 1078 2119 etiam
1098 2096 1176 2129 quo-

421 2150 493 2171 rum
516 2139 658 2172 intererit
693 2149 824 2175 causas,
857 2140 927 2172 lites
948 2150 1004 2172 seu
1026 2140 1176 2182 querelas

421 2203 531 2225 coram
552 2192 628 2236 ipsis
648 2193 847 2237 pertractari,
860 2193 991 2230 directa,
1005 2192 1130 2235 exequi,
1145 2198 1173 2225 et

420 2258 438 2278 :t
470 2246 567 2278 nullis
601 2247 748 2280 locorum
783 2251 814 2279 ct
844 2252 1002 2279 terrarum
1023 2246 1172 2282 dominis,

420 2299 516 2332 etiam
538 2299 644 2333 ducali
666 2307 719 2333 ant
740 2300 841 2343 regali
858 2300 1011 2341 dignitate
1028 2299 1175 2343 fulgenti-

421 2353 492 2389 bus,
510 2352 615 2395 aliqua
634 2353 758 2386 ratione
775 2353 963 2397 expectandi
986 2363 1173 2391 consensus,

421 2417 476 2438 scu
498 2406 560 2439 alio
572 2406 684 2450 quovis
695 2407 841 2449 quaesito
860 2407 981 2447 colore,
1000 2407 1029 2438 in
1048 2416 1176 2439 eorum-

422 2454 492 2486 dum
516 2455 704 2488 executione
724 2455 873 2498 impediri
895 2454 1029 2498 possint,
1052 2459 1175 2487 servato

420 2508 527 2536 tamen
548 2503 579 2535 in
601 2503 645 2536 eis
661 2504 854 2547 exequendis
870 2504 1018 2536 datarum
1039 2503 1172 2543 ordine,

420 2553 460 2584 ita
492 2553 579 2595 quod
615 2563 726 2585 eorum
752 2553 865 2585 ultima
893 2552 1003 2595 primis
1023 2551 1174 2585 anteferri

423 2606 595 2645 nequeant.

465 2650 480 2692 ἓ
499 2649 554 2683 59.
578 2649 622 2682 Ao
640 2649 727 2694 quod
745 2655 855 2683 contra
877 2649 1013 2684 clericos
1033 2648 1175 2683 saecula-

1017 272 1199 296 BULLARIUM
1219 271 1370 296 ROMANUM

1985 272 2033 298 An.
2050 272 2080 299 C.
2098 271 2167 300 ¹560

1219 335 1268 357 res
1288 335 1344 357 sen
1365 324 1476 365 laicos,
1494 325 1668 368 prioratus,
1686 325 1864 365 baiulivias,
1888 336 1970 369 prae-
2018 332 2166 371 *Fafusswm-

1219 376 1389 420 ceptorias,
1411 377 1524 410 domos
1557 383 1587 409 et
1606 377 1667 410 alia
1687 378 1844 411 beneficia
1864 378 1971 422 hospi·
1985 366 2171 415 ἓῖεηῗῖῗειῖζεῑᾞζῖ

1218 429 1291 462 talis
1318 429 1503 463 huiusmodi
1528 436 1743 473 occupantes,
1766 443 1822 464 seu
1852 431 1895 464 illi
1916 426 2172 486 autgss31223u¹1251

1219 482 1288 515 eius
1308 483 1472 515 communi
1494 484 1644 516 thesauro
1665 494 1721 517 seu
1742 484 1904 524 fratribus,
1919 494 1972 518 oc—
1985 487 2172 545 {ssss'ss'Jfflssssgf

1219 536 1346 569 rasione
1364 535 1616 580 ,responsionum
1642 547 1837 577 annuarum,
1860 548 1972 571 vacan-
1987 550 2049 571 ιιι-μαι
2065 551 2172 572 comem

1219 590 1318 625 tium,
1343 590 1616 629 mortuariorum,
1638 595 1848 630 ammarum,
1869 601 1973 634 passa-

1196 646 1199 658 '
1217 643 1358 685 giorunn
1381 643 1619 684 arreragiorum
1631 653 1686 675 seu
1700 643 1777 676 alias
1798 644 1974 686 quomodo—

1193 2433 1199 2469 l

1193 2684 1199 2700 ι’

1218 696 1293 729 libet
1329 696 1499 732 debentes,
1542 696 1604 728 sive
1638 703 1729 738 agant
1765 697 1828 729 sive
1863 707 1975 730 conve·

1219 750 1360 787 niantur,
1380 750 1474 782 ctiam
1497 750 1528 782 in
1550 749 1659 792 quavis
1674 749 1824 783 instantia
1844 750 1882 783 ad
1898 761 1974 784 cau-

1219 814 1285 835 satu
1307 803 1446 839 veniant,
1465 803 1616 845 magister
1636 808 1667 836 et
1687 808 1863 836 conventus
1883 814 1974 848 prae-

1218 857 1285 895 fati,
1308 856 1405 889 inodo
1431 862 1460 889 et
1486 856 1587 888 forma
1608 856 1724 898 quibus
1745 862 1856 890 contra
1872 856 1975 900 ipsius

1219 910 1385 953 hospitalis
1405 910 1518 942 fratres
1535 908 1666 953 procedi
1683 909 1972 951 consuevit‚libere

1220 963 1408 1008 procedere,
1427 970 1457 996 et
1482 973 1536 996 eos
1560 962 1755 1007 prioratibus
1769 989 1776 1003 ‚
1798 963 1971 1004 baiuliviis,

1219 1016 1461 1061 praeceptoriis,
1483 1016 1632 1049 domibus
1665 1022 1696 1049 et
1720 1016 1790 1050 aliis
1808 1016 1975 1050 beneficiis

1218 1070 1419 1111 huiusmodi,
1438 1071 1524 1103 iuxta
1539 1071 1618 1103 alias
1638 1071 1773 1103 formam
1795 1069 1975 1114 privilegio·

1218 1133 1291 1157 rum
1318 1124 1570 1167 praedictorum,
1595 1123 1720 1167 privare
1740 1124 1873 1163 valeant,
1895 1134 1973 1157 con-

1219 1177 1365 1210 cedimus
1384 1182 1414 1210 et
1435 1176 1653 1220 indulgemus.

1262 1230 1277 1273 ἓ
1297 1229 1350 1263 60.
1373 1230 1504 1263 Necnon
1527 1240 1680 1274 personas
1701 1231 1733 1263 in
1752 1229 1906 1273 dignitate
1921 1241 1974 1264 ec-

1219 1283 1395 1316 clesiastica
1430 1283 1564 1316 ubilibet
1592 1283 1800 1323 constitutas,
1826 1288 1857 1316 et
1880 1294 1975 1327 quos·
1989 1277 2174 1336 ssssinjsussssff'gss]

1219 1346 1360 1379 cumque
1395 1336 1541 1369 locorum
1575 1336 1758 1369 ordinarios
1788 1347 1826 1369 ac
1859 1347 1973 1370 eorum
1989 1341 2174 1391 {¹¹2¹'„‘⁰,‡'³²⁰{⁹·

1218 1388 1354 1422 vicarios
1387 1395 1417 1422 et
1450 1389 1621 1428 officiales,
1642 1399 1768 1422 necnon
1803 1390 1975 1423 canonicos
1990 1376 2076 1421 §22¹⁴
2094 1375 2130 1391 Μ
2148 1376 2175 1392 ““

1219 1442 1543 1486 metropolitanarum
1579 1447 1606 1475 et
1632 1442 1867 1476 cathedralium
1896 1442 1974 1476 alia·

1218 1506 1357 1539 rumque
1372 1495 1583 1529 ecclesiarum
1605 1496 1764 1539 praelatos
1776 1501 1807 1530 et
1818 1502 1972 1537 rectores,

1218 1559 1276 1591 per
1295 1549 1425 1583 eosdem
1447 1549 1614 1590 baiulivos‚
1634 1549 1772 1594 priores,
1786 1555 1974 1594 praecepto-

1220 1612 1269 1635 res
1289 1607 1317 1635 et
1339 1602 1453 1635 fratres
1472 1613 1508 1634 ac
1529 1612 1644 1635 eorum
1664 1602 1808 1645 singulos
1822 1613 1882 1647 pro
1897 1607 1976 1637 tem-

1220 1665 1297 1699 pore
1335 1656 1499 1698 eligendos
1542 1656 1573 1688 in
1604 1662 1865 1697 conservatores,
1895 1657 1972 1700 qui,

1218 1709 1371 1752 quamdiu
1403 1709 1607 1743 exercuerint
1631 1709 1752 1743 dictum
1774 1709 1936 1750 officium,
1957 1720 1975 1742 a

1220 1762 1348 1795 nemine
1377 1772 1442 1805 quo
1477 1762 1584 1795 minus
1604 1762 1683 1795 illud
1705 1767 1894 1803 exerceant,
1915 1762 1975 1796 sub

1218 1814 1327 1858 aliquo
1348 1820 1526 1857 praetextu,
1564 1815 1713 1858 impediri
1739 1816 1787 1848 vel
1815 1815 1978 1849 molestari

1218 1867 1350 1910 possint,
1367 1868 1570 1912 deputamus.
1595 1869 1640 1902 lta
1659 1870 1746 1912 quod
1769 1869 1829 1913 ipsi
1849 1869 1894 1902 sie
1915 1869 1978 1903 ele-

1219 1917 1272 1957 cti,
1285 1918 1344 1950 sub
1356 1917 1366 1945 l
1383 1916 1726 1950 excommunicationis
1746 1918 1827 1951 latae
1848 1922 1976 1951 senten-

1217 1966 1280 2001 tife.
1304 1976 1362 2010 per
1377 1966 1506 1999 eosdem
1528 1965 1665 2009 priores,
1688 1966 1858 2007 baiulivos,
1881 1977 1976 2011 prae-

1219 2021 1366 2058 ceptores
1381 2021 1411 2048 et
1427 2016 1541 2048 fratres
1556 2026 1593 2048 ac
1613 2026 1727 2049 eorum
1748 2015 1904 2058 singulos,
1922 2015 1978 2048 ad-

1218 2075 1328 2098 versus
1348 2065 1522 2098 inserentes
1542 2064 1587 2097 eis
1607 2070 1661 2096 aut
1680 2074 1793 2097 eorum
1816 2063 1978 2097 servitori-

1217 2113 1278 2146 bus
1302 2120 1330 2147 ct
1358 2113 1571 2147 san‘iiliarihus
1606 2112 1740 2146 iniurias
1774 2124 1830 2147 seu
1863 2124 1976 2157 grava-

1218 2162 1306 2195 mina
1334 2164 1379 2195 vel
1411 2163 1528 2195 damna
1563 2162 1594 2195 in
1627 2162 1793 2205 personis,
1818 2162 1915 2195 rebus
1944 2168 1975 2196 et

1218 2211 1326 2252 bonis,
1355 2222 1410 2244 sen
1446 2211 1608 2255 exigentes
1638 2211 1677 2244 ab
1712 2211 1757 2245 eis
1789 2211 1974 2254 vectigalia,

1217 2260 1312 2300 datia,
1334 2260 1478 2304 pedagia,
1499 2261 1650 2303 gabelum,
1672 2260 1822 2293 collectas
1842 2263 1897 2292 aut
1912 2259 1974 2293 alia

1218 2319 1327 2348 onera,
1341 2309 1513 2341 defendere
1534 2314 1564 2341 et
1584 2319 1790 2353 praeservare
1804 2335 1811 2348 ,
1834 2318 1871 2341 ac
1901 2318 1974 2340 om-

1218 2367 1291 2390 nem
1314 2368 1428 2390 eorum
1446 2357 1702 2391 iurisdictionem
1714 2367 1876 2390 exercere.
1895 2356 1975 2391 Nec-

1218 2417 1282 2438 non
1303 2406 1488 2447 sententias,
1507 2417 1659 2439 censuras
1679 2412 1710 2438 et
1729 2416 1850 2450 poenas
1867 2406 1972 2439 eccle-

1218 2454 1359 2487 siasticas
1388 2460 1500 2488 contra
1529 2456 1666 2488 rebelles
1693 2459 1723 2487 et
1752 2454 1973 2488 inobedientes

1217 2513 1292 2537 cum
1322 2504 1439 2537 effectu
1454 2503 1674 2548 promulgare,
1697 2513 1734 2536 ac
1755 2502 1906 2536 omnibus
1926 2503 1971 2536 sa-

1218 2552 1401 2591 cultatibus,
1426 2551 1704 2586 conservatoribus
1716 2551 1792 2585 dicti
1804 2551 1974 2594 hospitalis

1217 2607 1244 2634 et
1272 2601 1358 2635 illius
1378 2612 1607 2646 personarum,
1620 2611 1678 2645 per
1689 2611 1913 2645 quascumque
1933 2600 1974 2634 li-

1256 2660 1265 2686 1
1289 2660 1340 2684 Sub
1358 2668 1452 2693 poena,
1474 2659 1591 2687 Cherub.
1612 2658 1650 2692 (n.
1672 2658 1723 2692 τ.>.

2006 1246 2173 1267 Comei-more·
