2237 3100
220 233 272 272 tin.
288 244 318 272 c.
337 244 405 272 1570

280 1155 400 1182 Diplnniatis

217 1192 288 1208 nausa.

463 234 527 269 802

420 296 629 329 meditatione
650 300 788 328 mentem
811 301 952 328 nostram
975 300 1113 333 exercet,
1137 298 1170 326 ut

419 349 504 382 eirca
520 349 725 391 Religionum
739 346 1170 391 qnarrnnlfflet„praesertim

418 402 547 435 Ordinis
567 402 702 434 fratrum
714 400 992 441 Praedicatorum,
1006 400 1045 432 ad
1058 410 1168 442 quem,

418 455 522 499 patrio
542 455 682 497 quodam
704 453 786 493 iure,
809 453 1007 496 peculiarem
1028 453 1171 495 gerimus

418 513 570 551 paternae
591 506 731 539 caritatis
753 506 915 546 affectum,
947 511 1064 538 statum
1094 516 1170 549 pro-

418 571 510 604 spere
522 560 740 602 dirigemlum,
753 559 950 602 illarumque
963 559 1169 602 superiorum

418 613 606 655 dignitatem
636 611 757 655 pariter
769 618 796 644 et
811 612 1055 645 indemnitatem
1078 623 1171 655 prae-

417 666 611 699 servandum
636 666 750 698 studiis
778 666 981 708 invigilantes
1011 666 1168 706 assiduis,

417 730 481 752 non
502 720 605 752 solnm
620 730 669 759 ea,
687 730 771 762 quae
787 719 943 752 sollicitus
964 720 1002 752 ad
1025 719 1084 752 boc
1105 719 1173 751 ani-

418 784 489 805 mus
514 777 623 805 noster
643 773 813 816 excogitat,
838 773 869 805 in
887 773 1031 805 medium
1057 773 1171 805 affera-

418 837 501 865 mus,
525 825 580 858 sed
599 825 695 858 etiam
717 837 801 869 quae
822 837 882 870 per
900 826 1063 859 Romanos
1091 826 1173 858 Pon-

418 879 518 912 tiliees
538 879 803 922 praedecessores
830 886 956 913 nostros
986 880 1044 912 liae
1077 880 1108 911 in
1138 890 1171 911 re

418 932 596 975 prudenter
617 933 765 965 ordinata
784 932 880 965 fuisse
911 932 1094 975 reperimus
1108 959 1115 972 ,
1138 937 1172 964 ut

417 985 471 1018 illa
496 985 634 1019 firmiori
659 987 762 1029 gradu
788 986 982 1029 persistant,
1014 986 1172 1029 approba-

416 1038 514 1071 tionis
526 1045 653 1072 nostrae
666 1039 810 1072 subsidio
823 1039 962 1072 libenter
977 1039 1169 1071 stabilimus.

460 1093 475 1135 ξ
495 1093 526 1125 ‘li
549 1093 632 1126 Sane
652 1104 725 1126 eum
741 1119 748 1133 ‚
772 1093 855 1125 sieut
885 1093 1069 1136 accepimus
1083 1119 1090 1132 ,
1122 1092 1171 1124 di—

415 1145 497 1178 versi
514 1150 579 1178 tam
600 1146 736 1179 Romani
758 1147 940 1186 Pontifices,
963 1147 1059 1180 etiam
1081 1157 1173 1189 prae-

415 1199 602 1232 decessores
622 1200 735 1240 nostri,
757 1205 785 1232 et
807 1201 914 1233 forsan
935 1200 1027 1233 Sedis
1039 1200 1172 1243 Aposto-

415 1253 495 1285 licae
530 1253 625 1295 legati
656 1258 685 1285 et
707 1253 817 1286 nuncii
846 1264 882 1285 ae
908 1253 1003 1286 etiam
1030 1253 1090 1286 loci
1121 1264 1173 1285 or-

415 1305 532 1338 dinarii
566 1316 603 1338 ac
633 1306 844 1339 ecelesiarum
882 1306 1038 1350 praelati,
1074 1317 1170 1349 quam

415 1359 628 1402 imperatores
642 1386 649 1399 ,
673 1370 777 1403 reges,
802 1361 900 1393 duces
914 1386 921 1400 ‚
945 1359 1149 1392 marchiones
1162 1387 1169 1397 ,

414 1412 561 1452 comites,
585 1413 768 1445 saeculares
780 1412 954 1456 principes,
968 1413 1171 1456 respublicae

415 1470 445 1497 et
466 1465 518 1497 alii
537 1465 661 1497 domini
683 1466 898 1510 temporales,
920 1466 1078 1498 nonnulla
1104 1466 1171 1509 pri-

414 1517 541 1560 vilegia,
561 1518 801 1560 immunitates,
829 1519 1069 1562 exemptiones,
1093 1530 1171 1551 eon-

415 1571 588 1612 cessiones,
603 1571 782 1611 facultates,
798 1572 1048 1616 praerogativas,
1072 1583 1171 1616 praee-

416 1624 600 1665 minentias,
624 1625 853 1668 indulgentias,
877 1625 972 1658 etiam
995 1626 1168 1668 plenarias,

416 1683 624 1721 peccatorum
660 1678 884 1718 remissiones,
912 1679 1094 1715 libertates,
1122 1679 1170 1711 in-

416 1731 541 1764 dultaet
554 1731 631 1764 alias
642 1731 759 1774 gratias
769 1732 881 1765 Ordini
892 1731 998 1764 Sancti
1012 1732 1170 1765 Doniinici

416 1784 551 1816 fratrum
572 1784 837 1817 Praedicatornm
859 1811 865 1825 ‚
897 1785 984 1817 illius
1017 1786 1170 1827 magistro

415 1837 571 1879 generali,
594 1837 860 1880 provincialibus,
872 1838 1050 1880 prioribus,
1065 1844 1169 1871 recto-

416 1890 518 1930 ribus,
542 1890 716 1931 fratribus,
755 1891 918 1923 conversis·
938 1891 1076 1934 aliisque
1098 1902 1171 1934 per-

416 1943 504 1976 sonis
522 1969 529 1983 ,
567 1953 695 1976 necnon
733 1943 927 1976 monialibus
949 1950 975 1976 et
1004 1945 1171 1977 s1‡›r‹;›ribus

416 1996 520 2028 Beatis
549 1996 743 2039 nuncupatis
757 2023 764 2036 ,
801 1997 860 2029 sub
896 2008 973 2029 ‹1·nra
1008 1998 1168 2031 dictorum

416 2049 551 2081 fratrum
573 2050 775 2093 degentibus,
797 2061 832 2083 ac
855 2050 951 2083 etiam
980 2062 1093 2084 eorum
1116 2053 1171 2085 do-

417 2102 536 2142 mibus,
564 2102 778 2143 monasteriis,
793 2103 1014 2143 eom-entibus,
1027 2105 1171 2147 collegiis

416 2165 543 2188 necnon
564 2155 720 2197 ecclesiis,
745 2156 925 2199 cappellis,
953 2157 1048 2189 etiam
1087 2158 1169 2190 intra

416 2208 604 2241 huiusmodi
626 2209 778 2242 eeclesias
798 2210 1010 2249 constructis,
1034 2210 1170 2253 aliisque

416 2262 495 2294 locis
516 2263 622 2295 eidem
643 2262 755 2295 Ordini
775 2274 830 2295 seu
852 2263 938 2295 illius
951 2263 1101 2296 domibus
1118 2275 1171 2297 an-

417 2314 518 2355 nexis,
531 2316 579 2349 xel
596 2316 636 2348 ab
649 2316 694 2347 eis
712 2306 983 2359 dependentiluis',
998 2322 1060 2348 tam
1088 2318 1170 2350 ultra

417 2378 513 2409 quam
536 2368 615 2401 eitra
636 2374 760 2402 montes
782 2369 1042 2407 consistentibus,
1066 2370 1097 2402 in
1119 2382 1171 2411 ge-

419 2425 494 2447 nere
515 2417 562 2447 vel
584 2416 616 2448 in
637 2418 756 2460 speeie,
780 2418 875 2450 etiam
897 2429 955 2461 per
975 2418 1057 2450 riam
1080 2429 1169 2451 eom-

419 2462 647 2497 munieationis
667 2466 715 2497 rel
737 2466 943 2507 extensionis,
966 2467 1141 2509 apostoliea
1160 2495 1167 2507 ,

418 2509 577 2552 imperiali
600 2524 653 2544 seu
677 2514 763 2554 regia
783 2525 819 2546 ae
842 2514 948 2548 forsan
969 2515 1031 2547 alia
1062 2521 1170 2548 aueto-

418 2558 568 2591 ritatibus
587 2561 713 2603 elargiti
739 2563 857 2595 fuerint
873 2590 880 2603 ,
903 2574 1042 2606 quorum
1074 2563 1169 2597 etiam

417 2606 526 2651 vigore
560 2609 607 2642 vel
628 2610 705 2644 alias
723 2611 875 2654 magister
895 2613 1074 2655 generalis,
1097 2624 1170 2657 pro-

1016 242 1194 266 nL'LLAnIUM
1218 241 1368 266 ROMANUM

1213 293 1379 334 vineiales,
1404 294 1542 338 priores,
1565 296 1679 328 fratres
1697 322 1704 335 ,
1727 296 1895 337 moniales,
1919 307 1968 330 so-

1214 357 1303 379 rores
1315 347 1452 390 alnoque
1465 358 1611 391 persona}
1623 348 1822 390 huiusmodi,
1844 350 1969 383 diversa

1213 400 1308 440 bona,
1330 400 1414 441 iura,
1437 411 1499 441 res,
1522 401 1677 442 actiones,
1696 402 1850 444 decimas,
1863 403 1968 447 pisca-

1213 453 1317 487 tiones
1329 454 1557 487 aedecimandi
1568 454 1783 498 piscandique
1792 456 1968 497 facultates

1214 507 1416 549 praebendas
1437 518 1581 551 quoque,
1604 508 1782 551 portiones,
1803 509 1968 550 ecclesias,

1214 561 1376 603 cappellas
1397 566 1427 593 et
1447 561 1526 593 alias
1544 560 1704 594 beneficia
1725 561 1941 595 ecclesiastica
1959 589 1967 602 ,

1215 606 1289 645 euni
1310 624 1387 646 eura
1408 619 1436 646 et
1458 614 1526 647 sine
1552 625 1642 653 eura,
1665 614 1842 648 saecularia
1859 621 1889 648 et
1904 615 1969 648 sor-

1214 677 1270 699 san
1291 667 1430 700 aliorum
1451 666 1609 700 Ordinum
1631 678 1758 700 necnon
1778 667 1969 702 militiarum

1214 720 1389 762 regularia,
1413 731 1450 753 ac
1471 720 1567 753 etiam
1588 721 1773 764 hospitalia,
1787 722 1929 754 oratoria
1940 727 1970 755 et

1215 773 1276 806 alia
1308 773 1360 817 pia
1381 774 1472 814 loca,
1497 773 1593 806 etiam
1613 774 1646 806 in
1675 774 1747 807 aliis
1776 779 1807 807 et
1836 775 1971 808 diversis

1215 827 1431 867 dioet‘esibus,
1444 838 1542 870 quam
1555 828 1663 860 forsan
1675 827 1707 859 in
1720 827 1881 868 domibus,
1899 839 1970 862 mo-

1215 881 1374 920 nasteriis,
1387 881 1543 923 collegiis,
1567 881 1780 914 conventibus
1797 881 1910 915 etaliis
1921 881 1970 915 di-

1216 932 1257 966 cti
1278 932 1406 965 Ordinis
1427 934 1507 967 loeis
1528 934 1717 967 huiusmodi
1740 934 1947 967 consistentia
1961 961 1968 975 ,

1215 992 1380 1029 tamquam
1402 986 1514 1019 Ordini
1535 998 1592 1019 seu
1613 987 1779 1027 domibus,
1802 987 1947 1031 collegiis
1961 1014 1968 1028 ,

1216 1039 1439 1080 conventibus,
1454 1040 1657 1072 monasteriis
1669 1045 1699 1073 et
1710 1040 1782 1073 aliis
1793 1040 1872 1073 locis
1880 1050 1972 1084 prae-

1215 1093 1309 1126 dietis
1330 1093 1432 1133 unita,
1457 1104 1581 1126 annexa
1602 1098 1632 1126 et
1663 1093 1868 1137 incorporata
1898 1104 1972 1138 pos-

1215 1147 1367 1179 sederunt
1390 1152 1419 1179 et
1441 1147 1479 1179 ad
1496 1157 1650 1190 praesens
1660 1147 1858 1190 possideant,
1872 1153 1970 1192 prout

1216 1200 1247 1232 in
1269 1200 1403 1233 dirersis
1424 1201 1614 1233 eorumdem
1645 1200 1935 1243 praedecessorum
1959 1225 1967 1241 ‚

1215 1254 1408 1296 legatorum,
1431 1255 1579 1286 locorum
1600 1254 1855 1295 ordinariorum,
1878 1265 1970 1298 prae-

1215 1307 1366 1345 latorum,
1388 1307 1637 1350 imperatorum,
1657 1318 1785 1349 regum,
1803 1307 1924 1341 ducum
1940 1313 1971 1341 et

1214 1359 1352 1392 aliorum
1368 1359 1551 1404 principum
1574 1359 1688 1393 litteris
1706 1360 1845 1405 desuper
1862 1361 1971 1394 confes-

1214 1412 1272 1445 etis
1292 1413 1421 1455 plenius
1441 1413 1562 1446 dieitur
1582 1413 1752 1446 contineri.

1258 1466 1272 1507 ξ
1293 1466 1323 1498 2.
1347 1466 1409 1499 Nos
1430 1466 1539 1509 igitur,
1562 1467 1616 1510 qui
1638 1467 1775 1507 dudum,
1793 1467 1878 1501 inter
1894 1467 1968 1509 alia,

1214 1519 1374 1552 voluimus
1394 1520 1482 1563 quod
1495 1530 1624 1563 semper
1637 1520 1669 1552 in
1687 1520 1865 1554 unionibus
1883 1532 1971 1555 com-

1214 1572 1324 1605 missio
1346 1572 1435 1605 tieret
1457 1574 1494 1606 ad
1517 1578 1623 1616 partes
1643 1600 1650 1614 ,
1674 1574 1792 1608 vocatis
1828 1585 1969 1618 quorum

1214 1624 1394 1666 interesset,
1416 1637 1452 1659 ac
1475 1626 1559 1660 idem
1573 1627 1605 1660 in
1617 1628 1776 1661 unionum
1797 1627 1969 1661 confirma—

1213 1678 1356 1711 tionibus
1377 1680 1614 1721 observaretur;
1637 1681 1770 1724 quique,
1792 1682 1832 1715 ob
1852 1682 1970 1715 uberes

1214 1732 1349 1772 fructus,
1373 1743 1455 1775 quos
1475 1733 1578 1765 dietus
1593 1733 1679 1767 Ordo
1701 1739 1731 1767 et
1744 1734 1831 1768 illius
1849 1735 1970 1779 profes-

1213 1796 1313 1825 sores,
1336 1786 1424 1818 verbi
1446 1786 1765 1830 Deipraedieatorcs,
1780 1788 1860 1821 illud
1877 1799 1969 1832 prae-

1214 1838 1371 1879 dicando,
1395 1839 1425 1871 in
1447 1850 1524 1881 agro
1544 1839 1673 1873 Domini
1705 1841 1861 1874 hactenus
1895 1853 1969 1886 pro·

1214 1891 1387 1931 duxerunt,
1411 1898 1441 1924 et
1460 1893 1600 1932 labores,
1615 1894 1740 1936 quosin
1753 1894 1865 1928 diesin
1876 1895 1969 1929 vinea

1213 1944 1338 1977 Domini
1352 1945 1509 1978 indefesse
1520 1946 1688 1987 sustinent,
1700 1946 1853 1981 Ordinem
1862 1948 1968 1992 ipsum

1213 2008 1248 2030 ac
1270 1998 1356 2031 illius
1377 1999 1550 2032 modernos
1566 2006 1663 2044 etpro
1675 2006 1821 2045 tempore
1833 2002 1969 2035 existen-

1213 2055 1259 2083 tes
1288 2051 1477 2093 magistrum
1508 2054 1709 2095 generalem,
1738 2054 1964 2098 provinciales,

1213 2103 1350 2146 priores,
1373 2104 1519 2144 vini-arios,
1541 2110 1696 2147 rectores,
1720 2106 1834 2140 fratres
1845 2107 1968 2141 etalios

1213 2155 1383 2199 utriusque
1418 2167 1511 2189 sexus
1544 2157 1710 2201 religiosos
1730 2164 1761 2192 et
1788 2170 1964 2202 personas,

1213 2219 1340 2242 necnon
1357 2221 1471 2242 eorum
1492 2211 1617 2251 domos,
1641 2212 1834 2245 monasteria
1852 2239 1860 2254 ,
1892 2224 1968 2247 con—

1212 2269 1337 2303 ventus,
1361 2264 1494 2306 collegia
1515 2271 1545 2297 et
1557 2265 1618 2298 alia
1630 2266 1699 2298 loca
1710 2266 1888 2309 praedicta,
1901 2278 1966 2301 non

1213 2316 1316 2348 solum
1339 2315 1368 2348 in
1391 2316 1457 2348 suis
1474 2317 1658 2361 privilegiis,
1678 2318 1816 2359 statutis,
1838 2319 1966 2353 ordina-

1213 2369 1364 2409 tionibus,
1386 2370 1512 2411 ritibus,
1536 2370 1964 2414 exemptionibus,indultis,

1214 2418 1340 2450 iuribus
1365 2418 1502 2461 aliisque
1523 2419 1632 2461 gratiis
1652 2419 1826 2462 praedictis
1837 2430 1965 2453 conser-

1212 2477 1297 2507 vare,
1320 2468 1374 2500 sed
1396 2467 1491 2500 etiam
1513 2468 1566 2500 illa
1578 2479 1696 2511 augere
1713 2479 1749 2501 ae
1772 2468 1965 2511 specialibus

1213 2515 1376 2549 favoribus
1396 2522 1423 2549 et
1450 2516 1560 2557 gratiis
1580 2516 1734 2559 prosequi
1754 2517 1907 2557 volentes,
1928 2529 1966 2551 ac

1213 2575 1267 2597 eos
1287 2570 1315 2598 et
1337 2575 1449 2598 eorum
1471 2565 1614 2608 singulos
1634 2565 1829 2609 aquibusvis
1839 2577 1965 2599 excom-

1213 2614 1439 2648 municationis
1458 2641 1466 2656 ,
1504 2615 1724 2659 suspensionis
1743 2621 1774 2649 et
1802 2615 1964 2650 interdicti

1984 243 2031 269 An.
2051 238 2168 269 (211570

2021 1473 2043 1496 Ei
2058 1475 2167 1496 contii-mat

1985 1506 2077 1527 uniones
2097 1511 2171 1527 omnes

1985 1537 2137 1558 beneficiorum
2161 1554 2167 1563 ,

1987 1568 2084 1589 detectus
2119 1575 2171 1595 sup-

1985 1600 2072 1627 plendo,
2087 1600 2171 1621 caduci-

1985 1633 2040 1651 ιιῑθι
2073 1630 2170 1652 vandem-

1986 1663 2012 1683 do
2027 1664 2081 1687 etc.;
