2237 3100
869 234 967 258 INDEX
979 233 1183 258 RUBRICARUM

363 287 583 321 cardinalibus
612 286 651 320 de
685 292 792 319 cetero
824 286 1029 326 conferendi,

363 352 438 374 cum
458 340 674 380 indultorum,
696 338 874 381 gratiarum
891 344 922 371 et
938 338 1033 371 iuris-

363 393 515 427 dictionis
544 394 578 426 in
608 403 684 426 suos
718 391 871 425 officiales
898 401 1032 425 conces-

363 447 464 487 sione,
485 445 561 479 8029.

273 499 399 533 CLXIII.
422 500 466 532 De
486 498 619 532 decimis
639 497 778 541 aliisque
795 496 947 529 subsidiis
965 506 1032 530 non

362 553 522 586 solvendis
543 564 560 585 a
581 551 733 585 fratribus
753 550 881 584 Ordinis
898 550 1031 584 Praedi-

363 611 523 646 catorum,
547 605 624 639 833.

273 658 397 692 CLXIV.
420 659 537 692 Forma
557 657 749 703 expediendi
763 657 884 690 litteras
905 661 1032 700 aposto-

361 712 440 745 licas
480 712 704 745 monitoriales
737 711 776 744 de
807 710 1031 744 excommuni-

363 765 473 799 candis
504 766 555 798 his
579 765 636 808 qui
666 765 753 798 bona
786 763 953 807 deperdita
982 763 1031 796 vel

361 819 526 852 subtracta
551 819 722 852 restituere
742 823 798 851 aut
821 816 963 850 revelare
984 826 1032 849 re-

362 877 489 911 cusant,
512 871 589 905 836.
693 865 695 867 ’

272 922 382 957 CLXV.
404 924 552 957 Declarat
566 918 743 968 privilegia*
758 930 788 957 et
810 923 1032 967 exemptiones

362 976 519 1010 Ordinum
540 978 803 1018 Mendicantium,
816 977 885 1009 aliis
905 976 1032 1009 Ordini-

361 1030 423 1063 bus
455 1031 695 1064 communicata
711 1058 718 1072 ‚
745 1030 796 1063 liis
820 1040 885 1063 non
913 1029 1031 1062 suffra-

362 1094 439 1127 gare
453 1084 536 1117 iniis
547 1095 631 1128 quae
646 1083 919 1129 temporalitatem
931 1082 1033 1126 respi-

363 1137 463 1176 ciunt,
484 1137 560 1171 837.

273 1189 396 1223 CLXVI.
425 1191 560 1223 Missalis
589 1191 728 1224 Romani
759 1191 799 1223 ad
828 1191 888 1223 rite
918 1190 1032 1223 missas

365 1245 593 1285 celebrandas,
618 1244 748 1277 concilii
775 1244 954 1277 Tridentini
975 1244 1031 1277 de-

367 1303 455 1330 creto
476 1298 643 1331 reformati
660 1325 668 1339 ,
686 1298 878 1342 approbatio
899 1302 930 1330 et
954 1297 1033 1330 alio-

361 1361 435 1383 rum
455 1351 603 1393 abolitio,
625 1350 702 1384 839.

271 1402 408 1437 CLXVII.
445 1405 594 1447 Magister
629 1404 712 1437 sacri
746 1403 859 1436 Palatii
901 1410 1032 1437 creatur

361 1457 539 1490 canonicus
555 1457 746 1500 theologalis
759 1457 913 1490 basilicae
925 1457 1034 1491 Sancti

359 1510 445 1543 Petri
462 1511 501 1543 de
521 1510 619 1551 Urbe,
642 1516 679 1543 ut
698 1510 729 1544 S.
748 1511 892 1543 Thomae
913 1511 1034 1544 doctri-

358 1574 448 1603 nam,
465 1575 564 1607 quam
584 1564 624 1597 ab
645 1563 789 1597 Ecclesia
806 1564 965 1597 catholiea
981 1575 1034 1598 re-

362 1623 490 1661 ceptam
520 1623 550 1650 et
576 1617 647 1650 aliis
673 1618 775 1661 magis
801 1623 904 1650 tutam
930 1623 961 1651 et
984 1629 1034 1651 se-

361 1681 474 1704 curam
495 1671 583 1712 dicit,
604 1671 732 1711 doceat,
755 1671 831 1705 841.

272 1722 423 1756 CLXVIII.
442 1724 560 1757 Contra
573 1724 774 1768 disputantes
784 1735 840 1757 seu
849 1724 926 1758 alias
935 1736 1036 1768 quae-

361 1777 483 1810 stiones
518 1777 671 1811 faeientes
698 1783 755 1811 aut
781 1779 866 1811 male
891 1779 1034 1812 sentien-

360 1836 406 1864 tes
434 1831 473 1863 (10
503 1831 735 1864 constitutione
765 1831 843 1864 Sixti
873 1832 910 1864 IV
936 1843 1035 1875 super

361 1884 574 1927 conceptione
608 1885 724 1918 Beatae
754 1885 871 1918 Mariae
895 1886 1034 1928 Virginis

361 1936 459 1977 edita,
483 1937 559 1970 8245.

271 1988 397 2023 CLXIX.
431 1989 523 2028 Quod
552 1989 762 2032 gubernatori
791 1990 894 2023 almae
924 1991 1031 2033 Urbis,

361 2042 539 2086 quiequam
561 2043 600 2075 (10
620 2043 772 2076 mandato
799 2043 904 2088 Papae
924 2044 1032 2078 dicere

357 2096 406 2129 vel
428 2096 535 2129 faeere
566 2097 734 2137 asserenti,
751 2097 846 2140 plene
867 2097 1029 2139 credatur,

267 2201 379 2235 CLXX.
404 2201 586 2235 Prohibitio
608 2213 626 2235 a
651 2202 707 2235 Pio
739 2203 775 2235 lv
802 2203 886 2236 edita
918 2209 1032 2237 contra

358 2256 523 2288 frumenta
548 2256 587 2288 de
613 2255 704 2289 Statu
728 2256 955 2290 Ecclesiastico
977 2268 1031 2291 ex—

359 2310 523 2342 trahentes
549 2309 732 2342 extenditur
758 2311 798 2343 ad
826 2312 1030 2345 extrahentes

359 2362 593 2405 quodcumque
627 2373 729 2405 genus
763 2364 920 2405 grasciae,
951 2363 1027 2398 848.

270 2411 395 2444 CLXXI.
420 2411 573 2444 Moniales
603 2411 731 2445 Ordinis
757 2412 788 2445 S.
812 2413 971 2445 Doniiniei
998 2414 1031 2446 in

359 2459 496 2493 articulo
531 2460 643 2493 mortis
677 2462 870 2495 constitutae
904 2463 1030 2506 profes-

360 2509 485 2542 sionem
504 2509 653 2543 emittere
669 2517 803 2554 possunt
820 2518 894 2544 ante
907 2523 1029 2545 annum

360 2558 561 2601 probationis
576 2559 751 2602 expletum,
775 2561 953 2594 dummodo
970 2561 1033 2594 sint

362 2607 523 2649 legitimae
540 2608 663 2647 aetatis,
686 2608 762 2642 849.

354 2655 428 2685 Bult.
451 2656 528 2685 110111.
557 2656 611 2686 1ὀΙ.
638 2656 695 2687 VII.
894 2658 950 2688 132

1699 224 1785 259 1049

1075 285 1216 318 CLXXII.
1239 285 1388 318 Facultas
1409 284 1546 328 collegio
1563 285 1703 320 fabricae
1723 288 1832 322 Sancti

1163 338 1250 371 Petri
1266 338 1482 381 cognoscendi
1504 349 1633 371 caussas
1653 340 1831 383 pendentes

1162 402 1263 435 super
1277 391 1527 425 alienationibus
1546 392 1709 425 bonorum
1731 396 1833 428 eecle-

1162 443 1388 485 siasticorum,
1425 445 1517 477 sactis
1552 445 1675 489 absque
1704 447 1833 481 licentia

1163 496 1254 530 Sedis
1274 497 1490 541 Apostolieae‚
1513 497 1589 531 851.

1207 550 1361 594 Sequitur
1376 551 1511 583 facultas
1528 552 1670 586 fabricae
1684 553 1769 587 circa
1780 565 1836 598 ap-

1163 603 1371 645 plicationem
1392 604 1572 646 fruetuum,
1600 606 1675 639 857.

1073 653 1227 688 CLXXIII.
1241 656 1451 691 Confirmatio
1462 658 1706 702 privilegiorum
1721 666 1751 693 ct
1762 671 1836 704 gra—

1162 709 1282 742 tiarum
1305 711 1466 744 societatis
1487 712 1589 745 Cruce
1610 713 1831 756 Signatorum,

1162 773 1222 806 pro
1242 769 1370 796 sanctae
1387 764 1609 807 Inquisitionis
1626 773 1739 800 contra
1755 767 1835 801 hae-

1163 815 1282 848 reticos
1308 817 1471 860 praesidio
1498 819 1676 862 antiquitus
1705 820 1835 854 institu-

1163 874 1226 908 tae,
1250 868 1326 902 860.

1074 920 1227 954 CLXXIV.
1269 922 1430 956 Tonsores
1466 930 1615 958 monetae
1635 931 1700 958 tam
1726 938 1832 961 aureae

1164 985 1261 1017 quam
1275 982 1448 1018 argentefe,
1460 977 1493 1009 in
1507 979 1590 1011 Urbe
1604 979 1740 1023 aliisque
1752 981 1832 1014 locis

1164 1027 1195 1060 S.
1219 1027 1255 1060 R.
1278 1029 1313 1060 E.
1338 1029 1475 1063 mediate
1497 1036 1527 1063 ct
1546 1032 1733 1066 immediate
1753 1034 1833 1066 sub-

1164 1080 1267 1122 iectis,
1290 1082 1405 1116 ultimo
1428 1084 1590 1127 supplicio
1623 1086 1832 1129 plectuntur,

1075 1185 1213 1219 CLXXV.
1246 1187 1365 1221 Contra
1385 1190 1609 1223 fraudulentos
1643 1198 1671 1224 et
1707 1193 1836 1226 dolosos

1164 1240 1374 1283 decoctores,
1404 1243 1533 1287 capitali
1560 1254 1665 1288 poena
1690 1247 1836 1289 plecten-

1165 1294 1232 1334 dos,
1254 1294 1331 1328 8622.

1076 1345 1227 1380 CLXXVI.
1263 1348 1463 1383 Reformatio
1498 1351 1681 1384 Tribunalis
1720 1352 1837 1386 Curiae

1166 1411 1355 1434 caussarum
1365 1402 1516 1437 Camerae
1527 1405 1729 1448 Apostolieae
1745 1405 1837 1439 audi-

1165 1454 1256 1495 toris,
1286 1466 1351 1488 una
1383 1467 1457 1489 cum
1487 1462 1558 1490 taxa
1578 1458 1835 1502 expeditionum,

1166 1507 1242 1541 865.
1758 1504 1763 1509 ”

1076 1560 1243 1594 CLXXVII.
1257 1562 1437 1595 Prohibitio
1447 1562 1632 1606 disputandi
1650 1564 1681 1596 in
1695 1565 1833 1608 publicis

1166 1615 1466 1659 praedicationibus
1484 1617 1522 1649 de
1543 1618 1756 1660 conceptione
1780 1619 1838 1652 Be-

1166 1672 1236 1701 atae
1256 1668 1373 1701 Mariae
1398 1669 1549 1712 Virginis,
1572 1676 1626 1703 aut
1647 1671 1686 1704 de
1707 1682 1743 1704 ea
1767 1672 1836 1705 vul-

1165 1722 1233 1764 gari
1261 1732 1410 1755 sermone
1432 1723 1594 1756 scribendi
1610 1724 1657 1756 vel
1676 1724 1833 1766 dictandi,

1165 1774 1242 1808 87⁹2,

1077 1828 1255 1862 CLXXVIII.
1278 1829 1426 1862 Facultas
1447 1830 1679 1863 canonicorum
1708 1832 1836 1875 regula-

1165 1882 1250 1914 rium
1290 1883 1549 1925 congregationis
1582 1884 1831 1923 Ltit12¹1‘aiieiisis,

1143 1934 1293 1967 -Ordinis
1323 1935 1354 1968 S.
1385 1936 1579 1978 Augustini,
1609 1938 1724 1969 festum
1750 1937 1836 1970 illius

1165 1988 1350 2021 celebrandi
1382 1988 1477 2021 etiam
1509 1989 1560 2021 die
1594 1990 1775 2031 dominica,
1809 1991 1834 2023 si

1164 2042 1198 2075 in
1219 2053 1255 2075 ea
1275 2042 1356 2075 illud
1376 2043 1424 2075 vel
1446 2043 1532 2075 illius
1553 2049 1663 2076 octava
1684 2055 1835 2077 oecurre-

1164 2096 1224 2135 rit,
1248 2101 1279 2128 et
1305 2096 1490 2129 celebrandi
1521 2097 1616 2129 etiam
1649 2097 1727 2129 festa
1755 2108 1835 2130 non·

1162 2150 1330 2182 nullorum
1342 2155 1529 2182 samftorum
1547 2150 1596 2182 sui
1606 2149 1732 2182 Ordinis
1747 2150 1834 2183 iuxta

1163 2203 1334 2246 antiquum
1357 2202 1468 2244 ritum,
1487 2202 1562 2236 875.

1074 2256 1228 2290 CLXXIX.
1252 2256 1458 2298 Privilegium
1476 2256 1723 2299 prae‹‘·edentiae
1741 2267 1836 2290 eano-

1162 2309 1313 2342 nicorum
1345 2309 1543 2351 regularium
1575 2310 1834 2351 congregationis

1162 2362 1404 2401 Lateranensis,
1427 2362 1555 2395 Ordinis
1585 2362 1615 2394 S.
1646 2363 1831 2405 Augustini„

1163 2417 1237 2444 ante
1271 2411 1351 2443 alios
1388 2421 1613 2454 quoscumque
1648 2412 1834 2452 regulares,

1165 2466 1234 2503 post
1258 2460 1382 2491 elerum
1399 2460 1612 2499 saecularem,
1633 2460 1710 2492 877.

1074 2509 1216 2544 CLXXX.
1240 2509 1410 2541 llerocatio
1432 2509 1621 2541 facultatum
1644 2510 1780 2542 testandi
1805 2516 1834 2543 et

1163 2559 1275 2602 quovis
1288 2559 1351 2591 alio
1365 2558 1461 2591 modo
1471 2559 1664 2602 disponendi
1675 2560 1714 2592 de
1727 2560 1834 2603 acqui-

1164 2608 1230 2641 sitis
1262 2618 1298 2641 ex
1332 2609 1425 2641 bonis
1455 2608 1682 2641 ecclesiasticis
1700 2636 1707 2649 ,
1730 2620 1767 2642 ac
1795 2608 1834 2641 110
