2237 3100
41 289 89 318 An.
110 288 138 316 C.
156 287 223 316 1565

68 981 105 1003 Hic
116 982 163 1003 ideo
172 981 225 1002 Pou-

43 1013 92 1033 tilex
108 1013 226 1039 exemptio-

42 1050 80 1065 ποι
104 1049 176 1064 omnes
200 1043 225 1063 ab

42 1075 124 1099 abbate,
133 1074 224 1101 capitulo

43 1109 64 1128 et
78 1106 124 1126 aliis
135 1110 225 1126 ronces-

43 1143 114 1158 eessss
124 1137 225 1157 adversus

42 1167 126 1189 Ordinis
147 1169 226 1195 statuta

42 1202 137 1224 :evectu

915 280 982 304 PIUS
1006 280 1037 304 IV
1056 280 1104 304 PP-

1676 273 1734 308 261

242 337 314 370 dem
346 335 473 369 Ordinis
505 333 602 369 rebus
622 338 861 374 succurrentes,
884 344 991 366 exem·
1038 332 1240 372 eorumdem,
1263 337 1325 365 tam
1355 333 1388 366 in
1410 332 1523 374 Gallia,
1549 334 1650 374 Italia,
1676 335 1786 380 Hispa-

239 390 366 435 ptiones
399 389 438 423 ab
472 389 572 433 ipsius
599 388 725 422 Ordinis
746 387 990 433 superioribus,

239 454 298 488 per
309 443 377 477 eius
394 454 559 488 personas,
581 443 708 486 aliaque
728 442 893 487 privilegia
913 452 991 473 con-

239 504 288 531 tra
308 497 400 530 illum
427 508 485 541 per
513 497 641 541 quosvis
656 497 695 529 ab
713 496 895 539 Apostolica
911 494 992 528 Sede

239 550 386 591 obtenta,
409 551 586 588 moderari,
610 561 645 583 ac
677 550 828 594 praefatis
848 548 989 588 statutis,

240 604 540 645 consuetudinibus,
555 603 669 637 ritibus
684 609 715 637 et
730 603 915 647 privilegiiS,
935 612 992 646 pro

239 657 372 691 illorum
393 658 531 692 firmiori
552 657 774 697 subsistentia,
794 657 895 690 robur
914 666 992 699 apo-

241 710 372 745 stolicae
401 711 656 745 confirmationis
684 711 842 751 adiicere,
874 710 993 752 illaque

240 764 394 799 innovare
414 776 451 799 ac
471 765 548 798 alias
564 766 595 798 in
611 764 794 809 praemissis
810 769 993 809 opportune

240 818 409 863 providere
442 819 480 852 de
513 818 709 861 benignitate
743 817 919 862 apostolica
944 817 993 849 di-

239 882 427 916 gnaremur.

284 927 299 970 §
319 925 349 959 3.
377 926 440 960 Nos
469 926 578 970 igitur,
602 926 657 969 qui
677 926 803 959 Ordinis
823 925 991 970 praedicti,

240 978 333 1012 nobis
348 984 379 1012 et
398 979 500 1013 dictae
513 980 585 1013 Sedi
598 979 629 1012 in
642 979 754 1023 primis
766 979 881 1019 devoti,
896 979 995 1012 decus

240 1038 271 1066 et
303 1033 518 1077 integritatem
553 1033 668 1076 suique
693 1033 819 1077 pristini
846 1032 995 1066 candoris

241 1086 478 1120 restitutionem
491 1087 617 1120 sincero
630 1087 851 1120 desideramus
862 1086 993 1126 affectu,

241 1139 347 1184 ipsum
372 1140 569 1174 Ludovicum
603 1141 749 1173 abbatem
781 1151 798 1173 a
831 1140 995 1183 quibusvis

241 1193 604 1234 excommunicationis,
627 1194 849 1238 suspensionis
882 1199 913 1227 et
945 1193 994 1225 in-

241 1247 378 1288 terdicti,
400 1247 536 1291 aliisque
557 1248 782 1281 ecclesiasticis
803 1247 968 1281 sententiis
985 1274 993 1286 ,

241 1301 387 1335 censuris
407 1306 437 1334 et
457 1301 582 1345 poenis,
604 1312 621 1334 a
641 1301 712 1335 iure
728 1302 776 1334 vel
794 1302 833 1334 ab
849 1301 992 1342 homine,

240 1354 352 1400 quavis
367 1355 536 1388 occasione
552 1356 600 1388 vel
616 1366 713 1389 causa
732 1355 815 1395 latis,
835 1354 860 1387 si
877 1354 997 1398 quibus

241 1408 487 1452 quomodolibet
512 1408 685 1442 innodatus
705 1408 830 1449 existit,
861 1408 900 1441 ad
922 1408 996 1441 effe-

243 1467 330 1495 ctum
354 1462 574 1506 praesentium
604 1463 768 1496 dumtaxat
798 1472 997 1506 consequen-

242 1515 332 1556 dum,
355 1515 472 1549 harum
493 1517 575 1550 serie
596 1517 796 1550 absolventes
816 1522 846 1549 et
866 1516 996 1549 absolu-

242 1574 312 1601 tum
332 1569 400 1602 sore
421 1576 610 1610 censentes,
632 1580 760 1604 necnon
791 1570 938 1603 omnium
968 1576 998 1603 et

244 1622 448 1665 singulorum
486 1623 769 1668 infrascriptorum
808 1624 996 1657 immunita-

245 1681 325 1716 tum,
339 1675 538 1717 libertatum,
557 1678 811 1721 exemptionum,
829 1678 999 1720 indulgen—

245 1729 382 1771 tiarum,
405 1730 501 1763 etiam
528 1731 767 1775 plcnariarum,
796 1737 998 1765 conservato-

244 1783 385 1825 riarum,
408 1783 616 1825 facultatum,
648 1785 910 1825 ordinationum,
938 1791 998 1818 sta-

245 1841 411 1877 tutorum,
443 1837 706 1882 privilegiorum,
732 1839 933 1871 indultorum
968 1844 999 1871 et

245 1890 383 1923 aliarum
403 1891 580 1934 gratiarum
602 1902 637 1925 ac
662 1892 829 1925 literarum
859 1893 999 1936 desuper

247 1944 469 1988 expeditarum
515 1950 645 1978 tenores
682 1946 906 1990 praesentibus
939 1957 998 1990 pro

247 1998 444 2031 sufficienter
459 2000 617 2042 expressis
632 1999 798 2039 habentes,
811 2000 998 2033 huiusmodi

247 2052 539 2095 supplicationibus
559 2052 726 2093 inclinati,
749 2064 862 2086 omnes
882 2059 912 2086 ct
932 2054 998 2086 sin-

247 2105 339 2148 gulas
358 2105 398 2138 ab
414 2105 527 2139 abbate
542 2107 729 2139 monasterii
751 2107 895 2139 Cistercii
917 2107 1000 2140 aliis-

248 2169 312 2202 que
332 2159 556 2202 superioribus
576 2165 605 2192 et
624 2160 766 2204 capitulo
782 2161 923 2203 generali
945 2161 1000 2194 Or-

249 2212 333 2245 dinis
347 2212 534 2245 huiusmodi
556 2213 691 2256 eiusque
708 2213 868 2257 deputatis
886 2214 1001 2247 immu-

250 2266 376 2306 nitates,
394 2265 557 2299 libertates
568 2272 597 2299 et
614 2267 845 2310 exemptiones,
869 2268 1000 2311 quibus-

249 2319 307 2360 vis,
325 2325 389 2353 tam
406 2319 549 2352 virorum
570 2331 667 2363 quam
679 2321 812 2353 Sanctae
821 2320 1000 2354 Catharinae

250 2372 467 2407 Caietanensis
487 2379 516 2407 et
536 2374 669 2407 Sanctae
695 2374 810 2407 Mariae
836 2375 874 2407 de
894 2375 1002 2408 Coele-

251 2427 310 2460 stia
329 2433 535 2471 nuncupatae
554 2428 772 2468 Venetiarum,
789 2428 924 2472 aliisque
937 2440 1003 2461 mo—

252 2477 387 2509 nialium
404 2477 607 2510 monasteriis
627 2488 662 2510 ac
679 2477 872 2520 prioratibus
888 2483 917 2510 et
932 2478 1002 2511 aliis

251 2526 455 2569 regularibus
475 2526 554 2558 locis
574 2526 650 2559 dicti
675 2526 815 2566 OrdInis,
829 2537 866 2559 ac
877 2526 1004 2560 dilectis

253 2574 328 2607 filiis
356 2575 524 2608 abbatibus
544 2581 574 2608 ct
598 2575 777 2618 prioribus,
814 2574 1002 2618 dilectisque

254 2623 287 2656 in
306 2623 431 2657 Christo
451 2624 580 2657 filiabus
595 2624 762 2657 abbatissis
778 2629 807 2657 et
827 2624 1000 2667 priorissis,

254 2682 380 2706 necnon
402 2674 623 2714 conventibus,
643 2673 791 2717 capitulis
812 2679 842 2706 et
858 2675 1005 2716 personis

1034 387 1108 425 nia,
1136 387 1331 429 Portugallia
1349 414 1356 427 ,
1388 387 1577 428 Germania,
1610 389 1724 432 Anglia
1756 396 1785 423 et

1035 440 1141 473 Scotia
1157 452 1254 484 quam
1274 441 1350 474 alibi
1370 441 1506 475 ubilibet
1522 442 1782 480 consistentibus.

1078 496 1092 537 ᾖ
1112 494 1144 527 4.
1168 495 1211 527 lta
1231 495 1317 538 quod
1338 496 1609 537 immunitatibus,
1632 497 1788 531 libertati-

1035 547 1094 579 bus
1110 553 1139 580 et
1165 549 1423 592 exemptionibus
1443 550 1630 583 huiusmodi
1652 561 1716 583 non
1734 552 1788 585 ob-

1035 601 1210 643 stantibus,
1234 613 1292 647 pro
1320 608 1465 647 tempore
1495 604 1666 638 existentes
1690 605 1788 638 abbas

1034 656 1193 697 generalis
1223 663 1429 701 nuncupatus
1453 663 1483 691 et
1515 658 1569 691 alii
1604 659 1789 703 superiores

1035 708 1111 741 dicti
1132 708 1261 742 Ordinis
1282 721 1461 754 eorumque
1484 712 1615 753 vicarii,
1639 713 1726 746 iuxta
1741 714 1789 758 ip-

1036 762 1102 794 sius
1121 761 1250 795 Ordinis
1270 764 1427 805 instituta,
1442 766 1646 807 monasteria,
1666 766 1789 810 priora-

1035 820 1086 848 tus
1103 821 1133 849 et
1153 816 1224 849 loca
1240 817 1404 860 praedicta
1419 829 1456 851 ac
1472 819 1602 852 illorum
1621 831 1787 864 personas,

1036 875 1100 901 tam
1126 870 1158 902 in
1186 871 1344 914 capitibus
1371 883 1469 915 quam
1497 873 1530 905 in
1556 874 1722 915 membris,
1746 874 1789 907 vi-

1037 923 1132 956 sitare
1152 923 1252 957 libere
1273 930 1303 957 et
1323 925 1410 958 licite.
1430 926 1566 960 valeant.

1081 977 1096 1020 g
1121 977 1150 1010 5.
1180 978 1223 1010 Ac
1251 988 1478 1022 quaecumque
1503 979 1670 1023 privilegia
1690 987 1719 1014 et
1741 981 1790 1014 in-

1037 1030 1125 1063 dulta
1146 1031 1321 1075 apostolica
1337 1032 1482 1065 visitandi
1499 1035 1703 1075 monasteria,
1726 1041 1789 1068 tam

1037 1084 1180 1117 virorum
1202 1097 1299 1129 quam
1337 1086 1511 1119 mulierum
1532 1087 1659 1121 Ordinis
1678 1089 1790 1122 huius-

1038 1138 1136 1177 modi,
1152 1138 1317 1181 quibusvis
1326 1140 1563 1174 venerabilibus
1575 1141 1725 1175 fratribus
1737 1153 1792 1175 no-

1037 1191 1120 1232 stris,
1132 1192 1336 1235 patriarchis,
1354 1194 1608 1238 archiepiscopis
1623 1201 1653 1228 et
1674 1195 1794 1240 episco-

1039 1244 1086 1288 pis
1106 1256 1142 1278 ac
1171 1245 1294 1279 dilectis
1315 1246 1389 1280 filiis
1409 1247 1479 1281 aliis
1499 1248 1646 1282 locorum
1664 1249 1793 1283 ordina-

1038 1299 1104 1340 riis,
1134 1299 1305 1333 abbatibus
1324 1307 1355 1334 et
1374 1301 1444 1334 aliis
1464 1313 1561 1345 quam
1579 1304 1722 1345 generali
1742 1303 1793 1337 Ci-

1038 1352 1203 1386 sterciensi
1245 1354 1409 1396 praedicto
1430 1381 1437 1394 ,
1483 1366 1519 1388 ac
1548 1356 1618 1389 aliis
1656 1362 1795 1400 quatuor

1039 1406 1152 1449 primis
1172 1407 1390 1451 nuncupatis,
1413 1414 1554 1451 quatuor
1582 1411 1794 1444 monasterio-

1039 1470 1112 1492 rum
1121 1459 1262 1493 filiarum
1271 1460 1416 1494 Cistercii
1427 1468 1690 1506 nuncupatorum
1701 1474 1794 1507 prae-

1039 1512 1199 1546 dictorum
1220 1514 1390 1548 abbatibus
1408 1542 1415 1555 ,
1447 1516 1627 1560 ceterisque
1647 1517 1795 1562 superio-

1040 1566 1130 1599 ribus
1150 1567 1295 1600 eiusdem
1325 1567 1452 1602 Ordinis
1477 1569 1516 1602 ad
1545 1569 1576 1602 id
1596 1569 1635 1603 ab
1656 1570 1725 1614 ipso
1745 1581 1797 1615 ge-

1041 1621 1141 1654 nerali
1162 1621 1302 1666 capitulo
1323 1622 1483 1666 deputatis
1503 1624 1667 1667 personis,
1691 1625 1798 1658 cuius-

1801 287 1850 314 ΑῐιΑ
1873 287 1900 315 C.
1919 288 1985 316 1563

1843 509 1987 537 abbatemque

1804 544 1823 561 et
1846 541 1898 561 alios
1923 547 1987 567 supe-

1803 573 1871 592 riores
1918 574 1988 592 omnia

1803 603 1851 623 loca
1873 606 1894 623 et
1914 608 1989 629 perso-

1805 641 1841 654 nas
1864 635 1949 654 visitare
1967 637 1988 654 et

1804 666 1911 692 corrigere
1924 671 1986 692 posse

1805 697 1861 718 iubet
1872 705 1876 722 ;

1834 995 1915 1017 indulta
1944 997 1991 1022 eph

1808 1029 1877 1054 scopis
1901 1032 1921 1048 et.
1945 1028 1991 1046 :uu-

1808 1065 1911 1080 ruucessa
1939 1059 1991 1078 visi-

1808 1090 1864 1110 tandi
1894 1090 1941 1110 loca
1970 1092 1990 1109 et

1808 1127 1910 1148 personas
1920 1120 1993 1140 annul>

1808 1152 1844 1175 lat,
1889 1154 1992 1178 quatenus

1809 1182 1993 1209 impedianiabba-

1810 1218 1850 1234 tem
1867 1217 1887 1233 ot
1899 1214 1992 1240 supeiiu-

1810 1252 1844 1267 res
1863 1246 1947 1267 ordurs
1978 1252 1991 1265 u

1809 1278 1922 1299 visitando.

1040 1686 1180 1719 cumque
1197 1680 1297 1709 status
1315 1703 1321 1716 ,
1344 1677 1474 1720 gradus,
1502 1678 1623 1711 ordinis
1642 1684 1672 1712 et
1693 1690 1796 1723 praee-
1812 1704 1815 1705 ν

1042 1728 1213 1762 minentiae
1234 1730 1442 1764 existentibus
1460 1758 1466 1773 ,
1496 1742 1554 1775 per
1573 1743 1796 1777 quoscumque

1041 1781 1202 1815 Romanos
1210 1783 1380 1817 Pontifices
1397 1785 1662 1828 praedecessores
1671 1792 1797 1820 nostros

1040 1847 1077 1868 ac
1098 1847 1156 1869 nos
1185 1842 1215 1869 et
1236 1837 1351 1871 Sedem
1382 1839 1580 1883 praedictam
1599 1867 1607 1882 ,
1644 1841 1738 1874 etiam
1760 1842 1799 1875 ad

1042 1890 1242 1932 quorumvis,
1265 1891 1360 1924 etiam
1382 1892 1615 1936 imperatorum
1633 1921 1640 1935 ,
1665 1906 1798 1937 regum,

1042 1937 1238 1981 reginarum,
1258 1940 1377 1973 ducum
1395 1946 1425 1974 et
1445 1942 1583 1975 aliorum
1596 1943 1795 1987 principum,

1042 1987 1235 2029 instantiam,
1258 1989 1305 2022 vel
1331 1990 1425 2023 etiam
1448 1997 1536 2024 motu
1559 1992 1692 2037 proprio
1713 1998 1743 2026 et
1763 2005 1800 2026 ex

1042 2042 1128 2069 certa
1139 2037 1283 2075 scientia,
1299 2039 1396 2072 etiam
1409 2040 1713 2075 consistorialiteret
1724 2053 1798 2076 cum

1042 2097 1157 2119 causae
1179 2088 1374 2130 cognitione,
1397 2089 1457 2121 sub
1469 2091 1730 2135 quibuscumque
1751 2098 1798 2126 te-

1042 2135 1175 2168 noribus
1196 2142 1226 2169 et
1242 2137 1353 2171 formis
1369 2149 1404 2170 ac
1422 2150 1495 2171 cum
1513 2140 1688 2182 quibusvis,
1703 2141 1798 2174 etiam

1042 2184 1319 2228 derogatoriarum
1335 2188 1558 2231 derogatoriss,
1577 2190 1741 2231 clausulis,
1760 2190 1800 2223 ir-

1043 2233 1212 2268 ritantibus
1232 2247 1268 2268 ac
1288 2236 1357 2269 aliis
1377 2237 1513 2271 decretis
1537 2239 1692 2272 hactenus
1721 2251 1798 2285 quo-

1044 2284 1218 2317 modolibet
1243 2296 1414 2327 concessa,
1437 2298 1473 2320 ac
1498 2288 1592 2321 etiam
1614 2288 1734 2322 iteratis
1757 2289 1799 2322 vi—

1043 2332 1133 2366 cibus
1166 2335 1359 2378 approbata,
1382 2341 1413 2369 et
1433 2337 1624 2381 apostolicas
1656 2349 1693 2371 ac
1721 2338 1799 2372 alias

1044 2382 1151 2416 literas
1183 2384 1322 2428 desuper
1347 2386 1508 2419 consectas
1540 2392 1570 2424 et
1596 2386 1669 2420 inde
1690 2394 1799 2421 secuta

1044 2442 1289 2476 quaecumque,
1311 2435 1349 2467 ad
1365 2435 1427 2467 hoc
1453 2435 1618 2468 dumtaxat
1639 2441 1673 2469 ut
1693 2437 1798 2470 abbati

1044 2481 1186 2522 generali
1207 2487 1237 2514 et
1257 2483 1327 2515 aliis
1347 2484 1570 2527 superioribus
1589 2484 1728 2527 Ordinis,
1743 2496 1796 2519 eo-

1047 2540 1183 2573 rumque
1196 2531 1329 2566 vicariis.
1344 2533 1538 2566 monasteria
1554 2533 1752 2575 huiusmodi,
1765 2540 1799 2567 ut

1046 2590 1142 2622 supra
1163 2579 1282 2613 dictum
1304 2587 1369 2622 est,
1397 2581 1521 2616 visitare
1542 2583 1635 2616 liceat
1653 2610 1659 2624 ,
1687 2589 1797 2617 aucto-

1047 2627 1137 2660 ritate
1149 2628 1334 2671 apostolica,
1356 2635 1467 2664 tenore
1479 2632 1710 2676 praesentium,
1733 2643 1799 2665 mo-

1046 2676 1199 2710 deramur
1218 2682 1248 2711 et
1267 2678 1456 2712 limitamus.
