2237 3100
272 237 322 266 An.
341 238 368 265 C<
388 236 454 264 {568

296 738 425 760 Prooemtum.

302 1545 345 1566 {lex
355 1545 446 1567 catholi-

263 1584 300 1599 ους
315 1578 354 1598 hoc
376 1577 447 1598 colle-

263 1611 319 1636 mum
335 1616 371 1637 pro
396 1615 446 1631 oru-

263 1642 446 1663 ‹itendisnoocow

261 1675 330 1695 versis
347 1677 447 1695 erexerat

262 1708 284 1728 et
302 1707 419 1734 alcinoum

513 229 578 264 714

794 292 894 326 CXIII.

470 366 683 411 Confirmatio
728 372 925 401 statutorum
953 368 1076 413 colleqii
1102 370 1217 404 Dertzt-

511 422 612 453 sensis
633 419 766 454 ordinet<
784 421 1051 456 Praedicator-mn
1081 423 1117 456 in
1141 424 1218 458 IIis-

511 475 613 517 pania
634 474 660 506 ¹.

555 554 616 583 Pius
635 554 894 590 episcopus-servus
919 563 1059 586 servorum
1075 558 1136 592 Dei,

602 607 635 636 ad
666 609 828 644 perpetuam
853 609 893 638 rei
914 612 1082 641 memoriam.

511 678 545 712 In
574 679 769 723 apostolieae
798 680 959 725 dignitatis
988 686 1129 727 specula,
1154 697 1219 720 me-

467 731 536 765 ritis
555 732 629 765 licet
657 733 847 778 imparibus,
877 735 982 770 divina
1011 737 1217 782 dispositione

466 786 580 827 vocati,
602 787 642 819 ad
662 797 699 821 ea
718 787 819 821 aciem
849 795 976 824 nostrae
1002 792 1218 827 meditationis

466 840 660 874 reflectimus
672 852 731 885 per
748 853 830 886 quae
848 843 1039 878 christianae
1054 847 1217 890 religionis

464 892 610 926 doctrina
622 894 663 927 ita
674 895 828 930 radicitus
838 898 1012 941 plantetur,
1025 900 1216 945 debitosque

465 946 636 980 christiane
655 947 778 983 vivendi
802 950 917 984 modus
945 952 987 985 ita
1016 953 1213 995 observetur,

465 1005 499 1032 ut
521 1000 611 1034 nulla
631 1012 764 1045 prorsus
787 1005 995 1038 tenebrarum
1016 1006 1215 1050 ignorantiae

464 1053 567 1097 caligo
586 1060 659 1089 ante
679 1056 937 1091 christifidelium
963 1060 1155 1094 novitiorum
1175 1064 1215 1096 ad

464 1107 560 1141 sidem
577 1109 767 1143 catholicam
788 1122 1017 1147 conversorum
1034 1116 1136 1149 oeulis
1156 1117 1214 1150 oh-

463 1167 619 1203 versetur,
641 1168 672 1197 et
695 1164 851 1208 his,quae
874 1177 932 1210 pro
946 1167 1077 1201 illorum
1094 1170 1213 1203 salubri

462 1214 638 1249 directione.
659 1218 805 1252 ordinata
826 1219 923 1253 fuisse
947 1221 1117 1263 dicuntur,
1149 1236 1213 1267 quo

464 1268 598 1303 tirmiori
614 1271 716 1312 gradu
734 1271 918 1314 subsistant,
930 1276 1119 1318 praesertim
1138 1289 1212 1311 cum

463 1322 494 1355 id
514 1323 639 1357 anobis
658 1336 717 1368 per
732 1327 908 1361 catholicos
929 1339 1019 1371 reges
1040 1331 1210 1374 expetitur,

461 1377 629 1419 apostolici
665 1380 854 1414 muniminis
892 1382 1088 1425 praesidium
1131 1385 1212 1430 adii-

462 1439 576 1463 cimus.

504 1483 519 1527 ἓ
531 1483 562 1518 1.
577 1484 658 1519 Sane
670 1487 809 1521 exhibita
818 1489 911 1523 nobis
922 1500 1036 1535 nuper,
1053 1502 1112 1536 pro
1123 1499 1212 1536 parte

461 1537 616 1572 carissimi
638 1540 670 1573 in
695 1540 821 1575 Christo
846 1543 904 1576 filii
929 1545 1028 1578 nostri
1058 1546 1209 1591 Philippi,

460 1591 687 1636 llispanarium
707 1596 791 1639 regis
815 1598 980 1639 catholici,
1002 1599 1112 1643 petitio
1134 1611 1211 1634 eon-

460 1645 581 1679 tinebat
600 1649 687 1691 quod
715 1650 804 1691 alias,
827 1657 996 1696 postquam
1018 1654 1123 1687 clarae
1144 1666 1211 1688 uie-

461 1700 583 1734 moriae
598 1701 732 1736 Carolus
743 1704 775 1744 V,
794 1705 1014 1739 Romanorum
1036 1708 1213 1752 imperator

460 1758 491 1786 et
510 1754 669 1789 dictarum
703 1756 930 1802 Hispaniarum
960 1771 1015 1794 rex
1041 1772 1076 1794 ac
1111 1761 1212 1806 ipsius

460 1807 599 1853 Philippi
617 1810 711 1854 Regis
730 1812 867 1855 genitor,
891 1814 1058 1857 negotium
1070 1816 1211 1859 perfido-

460 1871 532 1894 rum
546 1863 779 1907 Agarenorum,
799 1872 895 1910 atque
913 1869 1146 1903 nonnullorum
1163 1870 1211 1904 in-

460 1916 605 1950 colarum
620 1917 652 1950 in
667 1918 773 1962 regnis
796 1920 980 1964 Aragonum
1002 1928 1032 1956 et
1052 1923 1211 1959 Valentiae

460 1981 497 2003 ac
518 1971 702 2015 principatu
723 1972 916 2016 Cataloniae,
939 1976 998 2009 suh
1026 1987 1081 2021 spe
1107 1978 1210 2012 caele-

460 2023 515 2057 stis
535 2025 826 2067 auxilii,serventer
842 2029 934 2072 etpie
947 2041 1157 2075 prosequens,
1177 2038 1212 2066 ut

460 2078 515 2120 qui
536 2077 575 2111 ad
599 2089 722 2113 sacram
745 2081 863 2114 undam
884 2082 1081 2127 baptismatis
1101 2096 1210 2119 acees-

460 2137 576 2173 serant,
585 2138 722 2167 veterem
732 2135 895 2169 hominem
906 2137 1036 2171 omnino
1044 2145 1208 2181 exuerent,

461 2185 642 2230 priorisque
662 2187 793 2222 illorum
812 2189 914 2223 rictus
934 2191 1086 2235 reliquias
1105 2195 1211 2228 nullas

461 2239 647 2281 retinerent,
666 2251 705 2275 ne
716 2247 848 2287 propter
863 2244 1026 2278 raritatem
1041 2247 1208 2290 magistro-

460 2304 533 2326 rum
554 2294 687 2328 minime
706 2306 739 2328 se
750 2302 880 2340 possent
895 2308 1060 2340 excusare,
1074 2301 1210 2345 aliisque

460 2347 566 2379 l'orsan
586 2347 624 2380 de
637 2348 753 2391 causis,
776 2351 936 2393 quoddam
962 2353 1133 2396 collegium
1154 2366 1210 2389 no-

459 2409 572 2433 vorum
593 2412 820 2437 conversorum
845 2403 877 2437 in
898 2405 1021 2439 civitate
1042 2407 1206 2450 Dertusae,

459 2452 546 2486 iuxta
555 2455 642 2488 aliud
658 2457 829 2500 collegium
846 2458 1069 2502 religiosorum
1082 2461 1208 2496 Ordinis

460 2506 721 2543 Praedicatorum
746 2510 852 2544 Sancti
877 2512 1035 2546 Dominici
1056 2525 1074 2546 a
1094 2515 1208 2549 sunda-

459 2560 574 2593 mentis
593 2562 728 2605 erigere,
750 2565 837 2608 quod
857 2565 952 2599 ctiam
974 2568 1128 2611 reparari,
1150 2580 1208 2602 au-

498 2633 504 2658 t
526 2632 564 2658 Ex
585 2633 648 2660 Bull.
668 2634 734 2662 Ord.
753 2635 930 2672 Praedjtom.
951 2645 977 2670 ν,
999 2646 1056 2673 pag.
1078 2639 1137 2666 201.

1061 237 1239 263 BULLARIUM
1262 237 1412 262 ROMANUM

1259 289 1326 332 geri
1339 300 1376 322 ac
1389 290 1511 334 perfici,
1525 296 1556 324 et,
1563 296 1598 324 ut
1608 302 1764 326 novorum
1780 303 2008 327 conversorum

1260 341 1454 386 quingentos
1485 343 1618 377 ducatos
1651 345 1721 378 auri
1736 373 1743 383 ,
1780 346 2008 390 religiosorum

1259 406 1334 428 vcro
1352 396 1486 439 collegia
1514 397 1700 431 huiusmodi
1727 399 1822 432 etiam
1849 406 2009 434 trecentos

1260 449 1392 482 ducatos
1413 450 1533 484 similes
1544 451 1722 493 annuatim,
1736 463 1773 485 ex
1784 453 1879 487 certis
1893 453 2009 487 annuis

1260 502 1437 537 redditibus
1457 504 1669 548 perciperent,
1691 515 1709 540 a
1728 506 1808 540 Sede
1827 507 2009 551 Apostolica

1259 555 1407 600 deputari
1437 557 1628 592 instituerat.
1651 559 1688 592 Et
1703 559 1818 594 deinde
1844 560 1911 604 ipse
1933 561 2008 594 Phi-

1259 609 1367 653 lippus
1378 621 1444 652 rex,
1462 611 1538 644 dieti
1554 611 1658 645 Caroli
1680 613 1883 657 imperatoris
1902 619 1933 648 et
1956 625 2009 648 re—

1258 663 1440 707 gisvestigia
1458 676 1607 709 sequens,
1621 666 1744 700 dictum
1761 667 1933 711 collegium
1952 679 2009 702 no-

1258 727 1371 749 vorum
1406 729 1656 761 conversorum,
1685 721 1725 753 ad
1753 721 1882 755 laudem
1913 727 2009 767 atque

1257 769 1413 804 honorem
1439 772 1506 814 Dei,
1529 773 1588 806 sub
1608 774 1738 807 nomine
1759 780 1787 808 et
1808 774 2009 810 invocatione

1257 824 1425 859 beatorum
1441 827 1668 870 Apostolorum
1688 828 1795 862 Iacobi
1811 830 2007 872 etMatthiae‚

1257 884 1285 912 et
1302 879 1493 914 Sanctorum
1502 881 1627 925 Georgii
1637 887 1667 915 ct
1681 882 1850 925 Dominici,
1863 884 1901 917 ad
1915 896 2010 929 prae-

1256 933 1358 966 dictos
1378 944 1534 968 novorum
1560 946 1788 970 conversorum
1814 948 1934 981 pucros
1958 939 2008 972 in-

1257 987 1438 1028 struendos,
1457 988 1642 1023 educandos
1657 995 1688 1023 et
1699 990 1873 1033 docendos,
1895 997 1959 1025 tam
1976 993 2008 1026 in

1255 1040 1403 1073 doctrina
1439 1041 1614 1076 christiana
1627 1070 1635 1084 ,
1669 1054 1767 1088 quam
1801 1044 1834 1078 in
1871 1045 2008 1089 legendo

1255 1095 1509 1136 grammaticam,
1532 1096 1668 1139 logicam
1686 1102 1717 1130 et
1738 1108 1860 1131 sacram
1882 1099 2007 1133 theolo-

1254 1147 1349 1189 giam,
1371 1147 1457 1181 iuxta
1476 1149 1597 1182 dictum
1623 1150 1795 1194 collegium
1815 1152 1922 1186 Sancti
1946 1154 2007 1187 Do-

1255 1200 1379 1239 minici,
1407 1202 1535 1236 fundari
1568 1209 1598 1236 et
1629 1204 1728 1247 erigi,
1763 1216 1800 1238 ac
1829 1207 1935 1249 quoad
1960 1207 2007 1240 fa-

1253 1254 1374 1288 bricam
1412 1256 1497 1290 uniri
1528 1257 1734 1300 decreverat,
1764 1270 1801 1293 ac
1831 1260 1939 1304 quoad
1967 1261 2006 1295 il—

1256 1308 1311 1341 lud
1342 1311 1509 1344 fundatum
1556 1318 1586 1346 et
1624 1318 1786 1355 erectum,
1821 1325 1858 1348 ac
1893 1316 2005 1349 aedifi-

1254 1361 1340 1395 cium
1359 1364 1549 1406 uniendum,
1572 1371 1602 1399 et
1621 1367 1758 1400 alterum
1775 1368 1909 1412 collegia
1926 1369 2005 1403 San-

1254 1415 1296 1448 cti
1337 1416 1496 1452 Dominiei
1538 1419 1724 1454 huiusmodi
1765 1423 2003 1466 reparandum,

1253 1471 1436 1512 augendum
1459 1477 1489 1505 et
1512 1473 1758 1516 perficiendum,
1778 1480 1903 1509 tantum
1936 1488 2004 1510 am-

1252 1522 1338 1557 bitus
1358 1530 1473 1565 terrae‚
1499 1533 1655 1570 quantum
1680 1528 1763 1562 soret
1786 1531 2005 1564 necessarium

1253 1577 1339 1611 intus
1358 1578 1390 1611 in
1411 1579 1534 1613 civitate
1542 1582 1705 1624 praedicta
1717 1594 1775 1627 per
1788 1584 2004 1619 venerabilem

1252 1631 1383 1665 fratrem
1403 1638 1549 1667 nostrum
1571 1635 1802 1681 Hieronymum
1815 1638 2003 1683 episcopum

1252 1685 1496 1728 Dertusensem,
1519 1693 1596 1722 tunc
1631 1690 1663 1723 in
1686 1691 1867 1725 minorihus
1885 1693 2003 1727 consti-

1252 1743 1369 1780 tutum,
1389 1751 1426 1774 ac
1442 1747 1544 1776 certas
1556 1743 1633 1777 alias
1646 1745 1684 1778 ad
1700 1745 1731 1778 id
1740 1750 1817 1779 tunc
1833 1747 1950 1781 electas
1973 1753 2002 1781 et

1252 1794 1432 1828 nominatas
1457 1806 1622 1839 personaS,
1645 1799 1817 1843 collegium
1844 1811 2002 1835 novorum

1253 1858 1482 1883 conversorum
1503 1851 1668 1894 fundandi,
1689 1853 1834 1897 erigendi
1846 1859 1877 1888 et
1895 1855 2004 1889 aedifi-

1253 1902 1345 1935 candi
1357 1914 1503 1948 opusque
1516 1906 1715 1949 praedictum
1726 1907 1863 1942 faciendi
1875 1914 1905 1942 et
1917 1920 2004 1943 com-

1252 1956 1361 1998 plendi
1382 1957 1563 1992 facultatem
1585 1967 1800 2003 concesserat,
1816 1967 1847 1996 et
1866 1963 2004 2007 collegio

1251 2020 1348 2053 quam
1369 2011 1511 2054 primum
1541 2019 1648 2047 erecto
1669 2020 1699 2047 et
1719 2015 1852 2049 fundato
1876 2017 2002 2060 episco-

1252 2073 1330 2106 pum
1344 2063 1568 2099 Dertusensem
1580 2078 1617 2100 ae
1633 2068 1766 2111 praefati
1778 2070 1905 2114 collegii
1923 2070 2002 2105 San-

1252 2117 1294 2150 cti
1323 2118 1481 2152 Dominici
1503 2126 1674 2163 rectorem,
1702 2124 1756 2165 qui
1790 2128 1868 2157 tunc-
1898 2129 2004 2158 essent

1251 2175 1281 2204 et
1302 2181 1361 2214 pro
1381 2177 1526 2217 tempore
1547 2174 1662 2221 forent,
1685 2176 1718 2208 in
1729 2176 2004 2212 administratores

1250 2225 1325 2258 dicti
1342 2225 1468 2270 collegii
1483 2220 1645 2261 ‘novorum
1658 2240 1888 2265 conversorum
1903 2232 2003 2276 depu-

1250 2283 1369 2312 taverat
1387 2285 1416 2313 et
1428 2281 1659 2324 nominaverat,
1680 2284 2002 2330 quamplurimasque

1250 2332 1416 2367 facultates
1427 2344 1525 2379 super
1545 2335 1750 2380 recipiendis,
1769 2339 1955 2373 erudiendis
1971 2344 2002 2374 et

1249 2386 1372 2420 alendis
1382 2389 1503 2431 pueris,
1521 2400 1699 2435 eorumque
1711 2401 1859 2434 numero,
1867 2398 1898 2426 et
1909 2405 2002 2438 prae-

1250 2436 1389 2480 ceptoris
1408 2448 1465 2471 seu
1498 2438 1765 2473 administratoris
1787 2441 1836 2474 vel
1869 2441 2002 2476 maioris

1250 2485 1364 2519 domus
1380 2487 1583 2531 aliorumque
1600 2488 2000 2533 ininistroi·11m;electione

1250 2539 1280 2567 et
1299 2536 1518 2579 assumptione
1538 2543 1750 2579 concesserat,
1773 2543 1803 2572 et
1822 2539 1907 2573 dieto
1932 2541 2000 2574 col-

1249 2583 1331 2626 legio
1352 2595 1508 2618 novorum
1534 2596 1762 2620 conversorum
1783 2587 1884 2621 dictos
1905 2589 2000 2633 quin-

1248 2638 1358 2675 gentos
1378 2635 1512 2669 ducatos
1526 2646 1663 2679 annuoS,
1680 2637 1787 2681 primo
1798 2648 1857 2683 pro
1877 2639 1998 2678 fabrica

2022 239 2072 269 An.
2087 239 2118 268 C.
2137 239 2205 269 1868
