2237 3100
30 289 75 317 Αιι.
93 289 122 317 C.
143 288 210 317 ¹568

37 941 149 966 Dei-nentia
159 944 208 960 con-

25 972 145 992 uariorum.

61 1158 134 1179 Forma
149 1160 171 1178 ct
180 1157 209 1179 ot-

25 1190 93 1211 tectus
117 1189 209 1216 publica-

26 1222 101 1243 tionis.

86 1587 208 1608 Publicatio.

905 288 972 311 PIUS
996 288 1013 311 V
1038 288 1084 311 1‘1‘.

223 343 270 375 vel
290 346 407 375 statuto
428 341 580 382 inflictas,
607 351 744 386 poenam
770 341 973 384 relegationis

222 395 255 428 in
275 400 482 439 perpetuum,
506 396 552 428 vel
565 395 604 428 ad
621 396 800 439 tempusad
813 396 970 436 triremes;

222 455 253 483 et
272 449 297 482 si
317 449 453 492 qualitas
487 449 559 482 sacti
581 449 612 481 id
645 449 797 492 exegerit,
820 454 850 482 et
875 448 972 482 iudici

222 502 392 543 videbitur,
415 502 510 535 etiffln
525 503 630 535 ultimi
643 502 793 547 supplicii
808 503 973 536 incurrere

223 561 254 590 et
273 556 381 600 puniri
401 556 518 589 debere
539 556 757 600 praecipimus
777 562 808 590 et
841 558 972 590 manda-

223 621 306 643 mus.
330 610 447 654 Sicque
482 621 540 654 per
572 621 796 653 quoscumrpie
831 611 970 651 iudices,

222 663 337 708 quavis
370 663 560 697 auctoritate
585 663 774 706 fungentes,
814 665 922 708 puniri
944 671 974 698 et

223 717 452 758 condemnari,
488 723 518 751 et
537 728 602 751 non
623 718 733 758 aliter,
756 718 969 752 declaramus.

223 772 352 805 Irritum
386 782 518 816 quoquc
538 778 569 805 et
589 772 703 812 inane,
726 777 782 806 etc.

223 836 308 859 mus.

267 879 333 924 §⁰2
369 880 438 913 Non
458 879 658 914 obstantibus
682 880 865 924 praemissis
898 892 974 914 con-

222 933 443 968 stitutionibus
462 941 493 968 et
513 933 770 968 ordifflitionilnis
779 934 972 978 apostolicis,

222 989 301 1033 stylo
323 993 353 1021 et
374 989 610 1022 consuetudine
630 989 809 1032 ceterisque
844 994 972 1023 contra-

199 1040 203 1044 ’
221 1041 277 1076 riis
297 1041 568 1087 quilmseumquo.

266 1096 281 1140 ᾗ
301 1096 332 1129 3.
355 1096 510 1130 Volumus
545 1097 633 1141 quod
658 1096 834 1140 praesentis
854 1098 972 1138 statuti,

222 1150 343 1184 decreti
381 1157 412 1184 et
439 1150 676 1184 constitutionis
706 1151 820 1183 cedula
853 1150 885 1183 in
906 1152 973 1185 acie

222 1203 333 1248 Campi
344 1204 456 1238 Florae
468 1205 541 1238 etin
551 1204 748 1238 Cancellaria
762 1210 871 1238 nostra
893 1205 974 1247 Apo-

222 1257 336 1291 stolica
352 1259 390 1291 (le
411 1269 500 1292 mole
521 1259 717 1302 publicetur,
738 1263 768 1292 et
788 1259 831 1291 ita
847 1269 971 1299 onmes,

223 1321 305 1354 quos
321 1312 440 1356 tangit,
463 1312 581 1345 alliciat
596 1323 602 1352 3
624 1312 777 1355 quodque
793 1312 974 1345 illisnostra

223 1365 536 1409 signatuiasustlciat
563 1373 594 1399 et
617 1366 738 1410 ubique
754 1366 973 1407 fidemsaciat,

224 1420 336 1463 regula
356 1421 518 1454 contraria
537 1431 603 1454 non
627 1420 772 1454 obstante
785 1447 792 1460 ,
819 1425 875 1454 etc.

374 1475 493 1508 Placet.
517 1475 603 1508 Motu
617 1474 763 1518 proprio,
783 1474 821 1507 M.

268 1530 359 1563 Anno
387 1541 405 1563 a
438 1529 599 1563 nativitate
636 1528 763 1562 Domini
804 1529 975 1562 millesimo

224 1584 482 1629 quingentesimo
510 1583 707 1627 sexagesimo
733 1588 865 1623 octavo,
894 1583 976 1615 indi-

225 1638 330 1673 ctione
351 1638 523 1672 undecima
536 1666 543 1680 ,
567 1637 617 1671 [lie
628 1648 702 1671 vero
717 1638 869 1680 vigesima
886 1637 977 1670 tertia

225 1693 345 1727 mensis
357 1693 439 1733 iulii,
453 1692 660 1737 pontificatus
677 1692 822 1725 sanctiss.
837 1691 871 1724 D.
885 1691 920 1724 N.
939 1692 974 1724 l).

224 1747 271 1780 Pii
296 1747 401 1781 divina
425 1746 625 1791 providentia
646 1747 750 1790 Papae
770 1746 793 1778 V
821 1756 904 1778 anno
929 1756 974 1785 111,

225 1801 428 1847 supradictae
440 1801 562 1834 litterae
578 1799 760 1844 publicatae
781 1800 913 1833 sueruntv
932 1799 978 1830 lo-

228 1858 273 1892 cis
293 1856 497 1903 supradictis,
517 1867 575 1900 per
586 1867 637 1889 me
653 1856 805 1888 Ioannem
817 1854 975 1886 Andrean}

227 1911 414 1955 Rogerium,
454 1908 622 1954 praelibati
654 1909 708 1942 SS.
742 1908 777 1941 D.
809 1908 845 1941 N.
874 1908 977 1951 Papae

228 1975 406 2006 cursorem.

307 2018 461 2052 Camillus
474 2017 691 2059 Cherubinus,
710 2029 793 2061 mag.
808 2028 893 2050 curs.

322 2077 394 2107 Pub.
411 2078 458 2107 die
473 2077 511 2107 23
530 2077 605 2114 iulii,
622 2077 723 2117 pontis.
742 2087 818 2106 anuo
838 2085 880 2106 ιιι.

824 773 972 806 decerni-

556 2250 642 2283 CVII.

228 2331 352 2363 Contra
367 2339 433 2361 non
452 2328 628 2361 revelantes
644 2332 673 2360 ei
691 2338 755 2359 non
776 2327 977 2359 restituentes

269 2383 448 2426 scripturas
488 2382 530 2415 ud
565 2382 773 2414 reverendam
807 2379 977 2413 caniet-«ni

270 2437 487 2481 Apostoliccun
512 2436 741 2481 quomodolibet
764 2438 951 2478 spectantes.

344 2519 407 2548 Pius
426 2519 496 2555 Papa
515 2514 555 2557 v‚‡
566 2519 644 2547 motu
662 2517 783 2553 proprio,
802 2517 857 2545 etc.

271 2592 351 2626 Cum
363 2591 507 2626 delittei'
492 2603 536 2631 is,
553 2589 797 2624 auctotitatibus
814 2593 844 2621 et
860 2588 977 2621 instin-

29 2641 210 2697 ωξξζζζῗζῖἰὲζζζως
229 2647 345 2681 mentis
364 2647 526 2687 omnibus,
546 2645 609 2679 sive
630 2643 848 2678 custodiendis
865 2654 880 2676 e
886 2648 895 2675 t
911 2652 977 2674 me-

226 2701 349 2736 moriae
368 2701 452 2735 dem
446 2701 504 2734 ind
509 2699 609 2741 mdis,
631 2698 694 2733 sive
710 2697 850 2732 abversis
870 2696 977 2741 requi-

305 2759 380 2791 Ball.
403 2759 480 2790 Rom.
508 2757 562 2787 Vol.
585 2755 642 2786 VII.
841 2752 878 2781 88

1657 274 1720 309 607

1015 341 1130 381 rendis,
1156 340 1302 374 sedulam
1328 350 1386 384 pro
1406 349 1439 372 so
1463 348 1627 383 quemque
1651 349 1764 372 curam

1015 406 1129 438 capere
1145 400 1303 438 oporteat,
1317 395 1377 426 hoc
1394 391 1571 437 impensius
1588 393 1688 425 multo
1705 403 1764 436 pro

1014 450 1046 481 S.
1064 449 1098 481 ll.
1116 449 1150 481 E.
1169 453 1351 481 ceterarum
1368 446 1514 480 omnium
1532 450 1633 479 matre
1650 451 1680 479 et
1696 456 1765 479 ma-

1015 502 1112 543 gistra
1128 499 1566 545 exp‹=‹litprocui·ai·eutipsa
1586 510 1651 533 non
1671 500 1767 533 modo

1015 555 1092 595 suis,
1119 561 1153 588 ut,
1175 567 1232 599 par
1253 560 1309 595 est,
1334 553 1459 587 iuribus
1484 558 1683 597 protegatur,
1710 553 1764 585 sed

1016 614 1042 641 et
1059 609 1198 652 propriis
1209 608 1428 641 nmnumentis
1441 607 1586 648 subnixa,
1599 607 1695 640 etiam
1709 618 1766 640 ne-

1016 662 1111 696 farios
1136 662 1371 705 insurgentium
1397 661 1540 705 quotidie
1561 661 1593 694 in
1613 671 1683 693 eam
1704 660 1766 693 im-

1016 716 1144 760 piorum
1170 722 1305 748 conatus
1330 715 1562 760 compriu'iere,
1590 715 1768 758 eademque

1016 780 1114 813 opera
1139 770 1265 813 reliquo
1290 770 1378 803 omni
1403 769 1511 803 ordini
1536 768 1767 809 ecclesiastico,

1015 824 1288 867 quandoctunque
1304 824 1425 857 venerit
1438 833 1526 863 usus,
1543 822 1660 856 auxilio
1672 827 1768 865 atque

1016 877 1175 921 praesidio
1196 878 1378 921 promptior
1399 888 1466 910 esse
1486 876 1597 921 possit.

1060 933 1074 973 ξ
1093 932 1118 964 l.
1134 932 1256 975 ltaque,
1276 936 1310 964 ut
1330 931 1368 964 de
1385 930 1566 974 scripturis,
1584 928 1769 969 lit,teris,1n-

1015 986 1214 1026 strumentis,
1230 985 1381 1028 regestris
1393 990 1423 1018 et
1435 983 1654 1017 monumentis
1664 983 1769 1016 omni-

1017 1036 1087 1076 bus,
1100 1037 1139 1069 ad
1162 1036 1262 1079 ipsam
1272 1027 1449 1068 Romanam
1458 1034 1633 1067 Ecclesiam
1643 1039 1673 1066 et
1685 1033 1769 1066 hanc

1016 1091 1157 1118 sanctam
1174 1086 1288 1118 Sedem
1301 1084 1534 1127 Cameramque
1551 1082 1768 1127 Apostolicam

1017 1191 1079 1225 tur,
1103 1189 1133 1217 et
1153 1195 1235 1228 quae
1256 1184 1402 1226 neglecta
1423 1182 1540 1222 iacent,
1554 1182 1585 1214 in
1607 1183 1770 1225 integrum

1017 1235 1236 1273 restituantur,
1248 1245 1284 1266 ac
1297 1237 1510 1276 transportata
1530 1232 1577 1265 vel
1589 1232 1695 1265 ablata
1715 1238 1771 1266 aut

1017 1285 1187 1318 interversa
1215 1288 1425 1321 revocentur,
1461 1292 1574 1314 eorum
1607 1282 1767 1323 omnium,

1016 1345 1098 1377 quae
1119 1333 1151 1365 in
1168 1333 1286 1376 palatio
1303 1337 1333 1364 et
1347 1331 1494 1364 vestiario
1511 1336 1633 1371 nostro,
1651 1331 1768 1365 biblio-

1018 1384 1110 1416 theca
1129 1382 1204 1415 item
1216 1381 1366 1414 Vaticana
1377 1387 1407 1413 et
1418 1391 1492 1413 arce
1503 1379 1653 1423 SAngeli
1664 1391 1768 1413 asser-

1016 1438 1148 1471 vantur,
1179 1441 1327 1475 quaeque
1368 1430 1401 1462 in
1435 1429 1584 1462 archiviis
1617 1430 1769 1462 chartho-

1018 1481 1176 1526 philaciis,
1212 1479 1371 1521 armariis,
1395 1478 1549 1518 ecclesiis,
1569 1478 1772 1511 monasteriis

1018 1531 1227 1564 ct,›nv‹‚=ntil›us
1251 1535 1281 1563 et
1306 1529 1384 1562 locis
1418 1527 1556 1572 publicis
1588 1533 1619 1560 et
1642 1527 1772 1571 privatis

1021 1581 1111 1614 Urbis
1141 1581 1278 1620 Romae,
1319 1577 1489 1611 Avenionis
1523 1581 1772 1619 ceterarumque

1019 1631 1163 1664 omnium
1186 1629 1362 1668 civitatum,
1385 1625 1627 1671 provinciarum
1644 1625 1773 1658 etloco-

1020 1692 1104 1721 rum,
1123 1679 1215 1713 nobis
1231 1684 1261 1711 et
1276 1678 1380 1711 (lictae
1396 1677 1432 1709 R.
1446 1675 1479 1708 E.
1499 1674 1683 1708 immediate
1708 1686 1773 1709 me-

1019 1729 1140 1762 ‹liateve
1165 1728 1385 1761 subiectorum
1410 1724 1636 1758 reconduntur
1660 1729 1691 1757 et
1714 1724 1773 1758 ha-

1019 1780 1147 1818 bentur,
1165 1777 1361 1811 breviarium
1375 1776 1438 1809 sive
1454 1773 1686 1818 compendium
1698 1784 1772 1807 cum

1020 1828 1104 1861 indi«
1109 1840 1125 1861 e
1143 1827 1260 1860 idoneo
1281 1825 1439 1860 conticien
1430 1825 1534 1857 dum.

1063 1881 1077 1918 ,ξ
1102 1878 1133 1910 33.
1160 1877 1309 1920 Dispelsa
1341 1886 1416 1908 wito
1451 1874 1499 1907 iel
1533 1883 1706 1917 suppiessa
1735 1883 1773 1906 ac

1019 1928 1133 1965 «;<·,ις,1ιίι
1152 1926 1315 1958 subtiacta
1335 1929 1366 1957 et
1386 1924 1520 1963 evolata,
1542 1923 1581 1955 ad
1607 1933 1653 1966 pi
1646 1922 1772 1955 ιιιΓιιιιιιι

1019 1971 1771 2015 Ss=⁷3de1n‹tCameiam1cxocandaettepetenda,

1018 2036 1088 2069 pari
1108 2035 1239 2069 quoque
1260 2024 1384 2057 ratione
1408 2023 1493 2055 dicto
1518 2020 1677 2054 breviario
1698 2020 1771 2054 ads-

1019 2075 1173 2109 cribenda
1188 2085 1257 2108 esse
1274 2073 1457 2106 statuimus,

1063 2127 1077 2167 ᾗ
1110 2126 1139 2159 3.
1168 2125 1311 2167 Eamque
1341 2133 1452 2156 euram
1484 2130 1554 2154 ven.
1596 2119 1686 2153 fratri
1711 2130 1770 2153 no-

1018 2180 1083 2208 stro
1100 2176 1225 2212 Carolo,
1245 2173 1397 2218 episcopo
1415 2171 1528 2204 Montis
1540 2170 1760 2203 Flasconensis

1019 2236 1120 2257 unum
1137 2236 1173 2258 ex
1193 2224 1308 2257 officiis
1333 2222 1503 2256 clericatus
1527 2220 1688 2264 praefatae
1711 2219 1771 2253 Ca-

1019 2286 1126 2307 merae
1150 2286 1187 2308 ex
1211 2274 1336 2306 indulto
1361 2270 1539 2324 apostolico
1553 2268 1721 2309 obtinenti,
1741 2274 1772 2302 et

1018 2324 1099 2357 dilei:
1105 2330 1134 2358 to
1154 2325 1221 2358 tilio
1241 2321 1409 2365 Onuplirio
1433 2318 1770 2360 Ca111aia110‚ctorico

1019 2375 1161 2414 tretino,
1180 2374 1280 2418 ipsius
1304 2373 1446 2406 (iainera
1463 2368 1669 2414 praesidenti,
1687 2379 1769 2412 quo-

1019 2435 1090 2457 ιιιιιι
1111 2424 1359 2464 fidem,1e1um
1384 2430 1491 2459 usum,
1519 2417 1593 2461 ditio
1586 2417 1715 2451 ·entiam
1739 2424 1771 2451 et

1018 2474 1116 2507 animi
1130 2474 1213 2516 integ
1206 2473 1343 2505 ritatem
1356 2469 1549 2513 iimpiidem
1566 2472 1768 2512 perspectam

1018 2529 1048 2556 et
1068 2524 1266 2567 exploratam
1287 2521 1455 2560 babemus,
1477 2518 1667 2552 auctoritate
1687 2528 1769 2562 pra}-

1019 2574 1168 2614 sentium,
1191 2572 1341 2605 ducimus
1361 2568 1585 2612 delegandam
1603 2567 1710 2611 quain
1722 2577 1767 2608 re,

1053 2665 1093 2700 (t)
1113 2664 1196 2692 llodio
1221 2664 1270 2690 hoc
1298 2664 1400 2698 spectat
1416 2660 1448 2688 ad
1476 2658 1687 2688 commissarium
1714 2658 1766 2685 Ca-

1018 2718 1114 2739 meruc-

1782 284 1830 311 An.
1848 283 1876 312 C.
1898 283 1965 312 ¹568

1818 942 1887 964 {ussto
1904 949 1969 963 anuo-

1893 979 1969 994 onmes

1783 1010 1899 1035 seruiturus
1943 1015 1953 1027 a

1783 1040 1923 1061 fevi-tendam
1933 1039 1968 1059 ca<

1784 1078 1861 1092 meram
1878 1071 1969 1097 Aposto-

1784 975 1841 995 tandi

1783 1104 1844 1124 ticam
1869 1105 1967 1123 sicet-nn-

1016 1134 1262 1179 pertinij=ntil⁷ius,
1276 1131 1770 1176 certiordeincepsratiohabea-
1798 1140 1825 1159 ἰι
1881 1110 1887 1130 ¹

1802 1887 1924 1909 subtractas
1940 1893 1975 1907 au-

1790 1921 1834 1939 tem
1853 1922 1874 1939 ot
1891 1918 1973 1938 delatas

1788 1950 1936 1977 iccuperandt.

1831 2126 1972 2148 Exeeutorum

1787 2158 1896 2185 deputatio
1946 2158 1971 2178 ad

1763 2197 1770 2211 7
1786 2190 1895 2217 praedicta
1913 2189 1931 2210 1.
