2237 3100
14 2385 19 2389 ·
4 2266 29 2375 ἔ-μζξτιὶ-’,ἳ
4 2231 23 2252 ‘If
4 2127 30 2218 'fjjrjfss‘gs

915 270 1011 297 inmzx
1033 271 1139 298 aarum
1696 266 1760 302 979

333 326 499 358 facultates
514 325 705 369 disponendi
728 326 875 358 debonis
896 325 1135 366 ecclesiasticis,
1159 327 1205 359 vel
1220 327 1293 360 inde
1314 327 1476 371 prosectis,
1493 328 1599 361 favore
1619 328 1803 371 illegitimo-

338 390 422 419 rum,
438 379 529 413 88011
542 385 665 423 etseq:
686 379 761 410 item
777 380 958 421 legatorum
973 384 1002 412 et
1016 380 1210 413 nunciorum
1227 385 1284 414 cte.
1302 382 1466 414 facultates
1485 382 1669 415 huiusmodi
1687 383 1806 425 gratias

336 432 549 472 concedendi,
571 432 628 465 88]
656 435 683 465 b.
708 433 922 465 Successores
942 431 973 465 in
995 433 1162 466 beneficiis
1182 435 1278 474 bona,
1300 435 1340 467 de
1360 435 1479 478 quilius
1498 441 1609 468 contra
1629 436 1805 479 praemissa

334 485 525 529 dispositum
546 485 597 525 sit,
620 490 828 529 recuperent,
853 484 917 518 882
937 496 968 518 a.
994 485 1237 519 Praedictorum
1267 487 1482 530 negligentiae
1502 488 1535 520 in
1562 488 1592 521 id
1614 490 1804 532 exequendo

334 540 505 583 suppleant
525 538 669 582 episcopi
691 549 749 582 pro
772 538 854 571 Sede
875 538 1072 583 Apostolica,
1105 540 1184 573 ibid.
1208 540 1292 573 Bona
1315 541 1531 575 ecclesiastiea
1551 542 1703 582 feudalia,
1726 543 1804 576 defi-

335 592 494 625 cientibus
523 592 716 625 haeredibus
751 592 912 635 legitimis,
949 593 988 625 ad
1009 593 1180 626 ecelesiam
1215 594 1351 627 redeunt
1371 605 1388 627 a
1408 606 1471 637 qua
1505 595 1600 628 feuda
1631 597 1803 640 dcpcdent,

335 647 413 678 ibid.
436 646 464 678 b.
487 646 668 679 Declaratio
689 646 776 679 circa
796 645 1067 679 beneficiatorum
1088 647 1171 679 bona
1192 647 1449 690 patrimonialia,
1473 648 1537 682 883
1557 649 1586 682 b.
1608 649 1683 683 Pius
1703 651 1726 683 V
1746 652 1802 684 be-

335 700 451 733 neficia
476 711 533 744 per
552 700 675 733 crimen
696 700 839 733 haeresis
859 700 1005 733 vacantia
1022 700 1112 733 Sedis
1128 701 1330 744 Apostolicae
1346 702 1509 735 collationi
1526 709 1676 744 reservat,
1693 704 1758 738 933
1768 717 1803 746 a‚·

334 754 522 788 collationes
542 755 637 788 aliter
656 755 754 788 saetas
775 754 890 795 irritat,
915 754 994 786 ibid.
1009 755 1038 787 b.
1054 754 1227 787 Revocatio
1248 766 1454 798 regressuum
1475 762 1506 789 et
1526 758 1801 792 coadiutoriarum

335 808 374 840 ad
394 808 565 849 beneficia,
602 819 700 853 super
719 808 839 853 quibus
860 808 986 840 litterae
1020 808 1215 852 apostolicae
1243 808 1442 852 integraliter
1462 811 1627 854 expeditae
1647 822 1711 845 non
1732 814 1801 846 sue-

334 866 422 902 runt,
445 860 509 895 939
530 863 547 895 b
568 867 598 895 et
617 873 679 907 seq.
703 863 765 895 Leo
786 863 811 895 X
832 861 975 895 decrevit
999 862 1208 895 beneficiatos
1228 873 1293 895 non
1320 863 1491 897 recitantes
1512 865 1607 898 boras
1629 866 1804 900 canonicas

333 915 458 948 fructus
477 915 713 949 beneficiorum
734 916 880 949 amittere
902 925 960 959 pro
982 919 1062 956 rata,
1085 915 1149 948 942
1170 927 1209 955 a;
1230 927 1327 959 quam
1348 917 1490 950 declarat
1521 918 1595 952 Pius
1626 919 1660 960 V,
1683 919 1747 953 943
1767 932 1798 953 α.

340 969 373 1001 V.
398 970 530 1012 insuper
548 969 601 1001 Ius
621 969 860 1013 praesentandi,
883 968 1018 1002 Camera
1037 969 1235 1013 Apostolica,
1258 970 1367 1014 Spolia
1388 971 1595 1006 clericorum.

247 1022 442 1067 Blasphemi.
472 1022 506 1055 V.
530 1022 730 1056 Homicidae.

245 1076 446 1109 Boloniensis
466 1075 661 1109 cathedralis
680 1076 784 1119 origo,
808 1075 872 1110 550
893 1076 921 1108 b.
945 1075 1021 1109 Eius
1041 1075 1207 1116 dioecesis,
1236 1076 1405 1119 dignitates
1425 1089 1461 1110 ac
1482 1079 1551 1120 dos,
1579 1079 1638 1113 551
1663 1081 1691 1113 b.
1728 1081 1800 1114 Col-

335 1129 470 1162 lationes
489 1129 683 1171 dignitatum
705 1134 735 1161 et
755 1129 990 1162 beneficiorum
1011 1140 1028 1161 a
1049 1140 1113 1172 quo
1134 1129 1197 1161 sint
1216 1129 1392 1171 faciendae,
1412 1131 1477 1165 552
1497 1143 1529 1165 a.

247 1183 334 1216 Bona
353 1181 569 1215 ecclesiastica
601 1182 763 1215 alienandi
784 1188 814 1215 ct
840 1182 967 1215 locandi
998 1182 1115 1215 modus
1142 1183 1292 1216 decretus
1312 1195 1328 1216 a
1348 1184 1447 1217 Paulo
1468 1185 1516 1225 IV,
1549 1196 1622 1218 cum
1657 1186 1801 1230 gigneret

334 1236 452 1269 multas
472 1235 544 1268 lites
564 1240 594 1268 et
613 1236 776 1278 querelas,
799 1235 874 1268 Pius
894 1236 931 1268 lV
951 1235 1188 1269 ordinationem
1209 1237 1248 1269 ad
1268 1238 1422 1271 terminos
1448 1238 1526 1271 iuris
1547 1240 1728 1273 communis
1749 1251 1799 1274 re-

333 1289 422 1322 ducit
441 1289 548 1332 quoad
570 1299 700 1321 caussas
720 1289 898 1333 pendentes
918 1294 949 1322 et
969 1290 1106 1329 suturaS,
1129 1289 1170 1322 59
1191 1301 1210 1322 α
1228 1295 1259 1323 et
1276 1290 1342 1324 419
1363 1303 1397 1331 a,
1417 1302 1481 1334 quo
1503 1303 1576 1325 vero
1596 1293 1635 1325 ad
1652 1293 1802 1327 definitas

333 1343 564 1375 condemnatos
584 1342 719 1375 absolvit
738 1354 755 1375 a
776 1343 944 1383 censuris,
977 1348 1007 1376 ct
1032 1354 1161 1376 caussas
1182 1344 1318 1377 revideri
1349 1345 1479 1377 mandat
1499 1346 1586 1378 iuxta
1607 1346 1686 1379 iuris
1710 1358 1799 1380 eom-

332 1396 439 1428 munis
459 1395 717 1439 dispositionem,
740 1396 782 1429 59
803 1397 830 1429 b.
855 1395 1074 1429 Alienationes
1094 1397 1255 1429 bonorum
1275 1397 1436 1431 Ecclesiae
1458 1399 1632 1440 Romanae,
1656 1399 1746 1433 Sedis
1770 1407 1800 1433 et

333 1449 486 1482 Gamerae
505 1449 730 1493 Apostolicae,
766 1450 835 1481 sinc
868 1449 1008 1482 evidenti
1042 1461 1154 1482 earum
1188 1449 1322 1483 utilitate
1357 1452 1467 1491 tactas,
1495 1452 1643 1495 abrogat,
1669 1453 1733 1486 419
1759 1465 1800 1494 a,-

334 1514 451 1547 easque
471 1503 593 1536 nullius
612 1503 729 1536 valoris
761 1503 861 1535 fuisse
882 1503 1035 1543 (lectarat,
1066 1503 1132 1536 420
1152 1515 1186 1544 a;
1216 1505 1387 1547 vectigales
1420 1505 1547 1537 nullum
1570 1505 1620 1538 ius
1640 1506 1799 1540 servitutis

335 1556 453 1589 debere
473 1557 724 1600 occupatoriltius
744 1556 905 1589 dictorum
928 1557 1101 1597 bonorum,
1135 1557 1211 1589 ibid.
1245 1557 1277 1597 b‚·
1310 1556 1393 1590 bon'a
1423 1563 1453 1591 et
1472 1558 1596 1592 fructus
1630 1559 1799 1593 restituere

333 1615 495 1651 tenentur,
527 1611 606 1643 ibid.

244 1664 331 1697 Bona
350 1665 613 1707 naufragantium
633 1665 673 1697 ab
696 1664 808 1697 incolis
824 1670 854 1697 et
867 1663 1060 1697 officialibus
1082 1665 1239 1704 locorum,
1260 1665 1292 1697 in
1312 1665 1431 1708 quibus
1452 1666 1618 1709 naufragia
1634 1667 1796 1707 eveniunt,

330 1728 426 1761 saepe
446 1718 658 1762 diripiuntur,
681 1718 745 1751 440
766 1730 796 1750 a.
823 1718 897 1750 Pius
919 1718 939 1749 V
960 1728 1080 1761 poenas
1102 1717 1243 1750 minatur
1262 1719 1449 1752 vexantibus
1470 1721 1651 1763 naufragos,
1669 1732 1797 1765 unaque

330 1772 591 1805 commissarium
613 1777 643 1805 et
677 1773 844 1805 ‹eonsulem
880 1772 1012 1815 deputat
1045 1783 1103 1815 pro
1136 1771 1298 1805 dictorum
1332 1774 1493 1806 bonorum
1529 1775 1794 1819 recuperatione,

330 1825 389 1858 441
416 1837 450 1863 α,·
471 1826 585 1858 eadem
606 1825 806 1859 servantibus
827 1832 881 1858 aut
904 1825 1171 1869 reruperantiltus
1190 1837 1231 1858 ne
1246 1827 1284 1859 de
1302 1826 1364 1859 illis
1379 1827 1564 1871 disponant,
1588 1828 1689 1861 inscio
1710 1840 1797 1861 com-

329 1879 477 1912 missario
499 1884 527 1911 et
550 1880 694 1919 consule,
715 1879 884 1923 praecipit,
907 1878 971 1911 442
992 1889 1026 1917 a,'
1048 1879 1123 1911 item
1145 1879 1296 1923 dynastis,
1316 1881 1589 1923 gubernatoribus
1609 1887 1639 1914 et
1659 1882 1741 1921 aliis,
1765 1889 1799 1916 ut

329 1932 361 1964 in
384 1932 567 1976 praemissis
587 1932 713 1965 consuli
734 1932 891 1971 assistant,
914 1931 979 1964 443
996 1943 1029 1972 a;
1050 1932 1205 1965 auxilium
1226 1933 1378 1966 (lantibus
1393 1933 1609 1977 indulgentias
1630 1935 1794 1976 concedit,

332 1986 409 2018 ibid.
424 1986 452 2018 b.
473 1985 715 2019 Commorantes
734 1997 834 2030 prope
855 1986 925 2018 lo‹:a
946 1985 1201 2028 naufragiorum,
1219 1986 1337 2019 auxilio
1352 1987 1465 2026 vocati,
1480 1993 1606 2031 praesto
1623 1988 1700 2028 sint,
1717 1989 1794 2022 ibid.

331 2039 525 2072 Communia
545 2039 735 2082 dominique
760 2040 908 2071 lot-orum
930 2038 1105 2078 dictorum,
1129 2039 1160 2071 in
1186 2040 1374 2073 huiusmodi
1398 2040 1559 2074 bonorum
1588 2042 1796 2085 praedatores

332 2093 620 2132 manusiniiciant,
643 2093 709 2125 444
728 2105 759 2125 α.
783 2093 901 2125 (1οηευὶ
923 2093 1058 2135 eiusque
1079 2093 1221 2137 deputati
1243 2104 1332 2127 arma
1352 2100 1476 2137 gestare
1497 2101 1632 2138 queunt,
1656 2096 1735 2129 ibid.

242 2147 443 2180 Bononiense
465 2147 613 2179 Studium
629 2147 886 2186 commendatur,
898 2146 964 2179 ⁹25er
983 2157 1013 2179 ιι.
1037 2146 1183 2179 Hectoris
1202 2146 1303 2179 Stadii
1323 2146 1504 2180 iurisdictio
1525 2153 1555 2180 et
1576 2148 1791 2192 privilegium,

330 2199 395 2232 255
414 2212 446 2232 a.
470 2200 715 2242 privilegiorum
737 2205 768 2232 et
787 2199 1141 2232 ordinationumStudii
1163 2200 1378 2240 confirmatio,
1401 2201 1479 2234 ibid.
1503 2202 1530 2233 b.

241 2253 478 2286 Borrhornaeus
506 2253 639 2287 Carolus
668 2253 843 2286 cardinalis
873 2254 1031 2297 synodum
1062 2254 1333 2287 Mediolanensem
1366 2254 1516 2295 celebrat,
1540 2254 1604 2289 459
1625 2267 1656 2288 a.
1694 2255 1792 2289 Cuius

329 2312 448 2339 statuta
477 2308 648 2340 confirmat
676 2307 751 2339 Pius
770 2308 793 2339 V
814 2312 844 2339 et
863 2308 902 2339 ab
931 2307 1094 2349 omnibus,
1125 2309 1163 2340 ad
1184 2319 1266 2352 quos
1285 2313 1418 2352 spectat,
1443 2308 1625 2341 executioni
1646 2309 1790 2343 mandari

330 2360 496 2405 praecipit,
519 2361 593 2394 ibid.
620 2366 651 2394 et
669 2372 732 2405 ειη.
761 2361 795 2393 V.
819 2360 1071 2394 I‘lumiliatorum
1091 2361 1188 2402 Ordo,
1211 2362 1349 2395 Minores
1369 2362 1612 2396 Conreirtuales.

240 2413 425 2448 Breviarum
446 2414 640 2448 Romanum.
671 2415 703 2447 V.
726 2414 827 2448 Divini
849 2413 945 2448 ossicii
966 2415 1080 2448 forma.

997 2540 1031 2579 G

241 2628 375 2662 Camera
396 2627 592 2672 Apostolica,
614 2632 760 2671 tempore
782 2627 977 2661 infirmitatis
996 2627 1217 2661 Romanorum
1238 2628 1430 2661 Pontificum
1456 2629 1503 2662 vol
1525 2629 1615 2663 Sedis
1635 2629 1788 2667 vacantis,

330 2688 432 2721 multa
456 2687 576 2720 darnna
603 2687 724 2731 patitur
753 2686 786 2721 in
810 2687 876 2721 suis
904 2687 999 2722 bonis
1033 2688 1074 2722 ob
1106 2688 1282 2734 impiorum
1312 2687 1441 2732 rapinas
1459 2716 1466 2730 ,
1502 2688 1541 2722 19
1579 2700 1611 2722 α.
1645 2688 1721 2722 Pius
1753 2688 1789 2722 lv
