2237 3100
31 271 80 301 An.
97 272 127 302 C.
147 267 216 300 ¹570

28 985 157 1006 Menas-oria
171 990 214 1005 non

29 1020 74 1038 tuta
92 1017 117 1037 ad
142 1016 216 1037 civita-

30 1051 62 1069 tes
78 1046 200 1072 transsati-k

75 1678 214 1701 visitationes

29 1712 146 1740 prudenter
160 1713 213 1738 [ἰωὴ

90 2274 219 2296 Necessaria

33 2308 65 2327 eis
75 2306 219 2327 subministra-

33 2344 59 2363 τη

915 273 983 297 PIUS
1003 272 1021 295 V
1041 272 1088 295 PP.

230 325 473 366 auctoritatum,
503 325 752 369 exemplarium,
775 326 988 368 omniumque

229 379 506 412 monimentorum
540 379 778 420 conscribatur,
811 384 842 412 et
866 379 898 411 in
924 379 988 412 sor-

228 491 336 519 cetera
356 486 466 519 omnia
488 487 653 530 praedicta
669 486 809 519 fideliter
824 495 987 518 asserven-

228 545 291 573 tur.
315 539 425 573 Sicubi
446 551 519 573 vero
540 541 657 573 horum
672 540 846 583 quicquam
867 539 988 582 produ-

228 593 367 627 cendum
405 594 467 627 erit
501 595 703 638 exemplum,
731 594 770 626 ab
813 593 987 636 archetypo

228 648 460 681 desumaturet
480 648 726 688 transmittatur,
747 646 891 680 nisitalis
912 656 988 678 con-

229 700 336 743 tigerit
356 701 531 734 necessitas
551 709 586 735 ut
605 702 711 745 ipsum
728 700 893 744 exemplar
913 710 988 743 pro-

228 754 415 788 ducendum
444 755 504 794 sit;
532 755 619 798 quod
645 761 722 788 tunc
747 755 780 787 in
813 754 910 786 sidem
931 753 989 785 ali-

227 807 321 841 cuius
342 808 466 851 probati
479 809 670 851 deponatur,
683 807 739 851 qui
751 807 867 840 idonee
880 811 987 840 caveat

226 861 307 894 illud
336 861 443 905 ipsum
463 861 707 905 quamprimum
728 867 984 905 reportaturum.

272 915 361 959 §sl-3.
384 915 441 948 Illa
469 916 666 949 monasteria
695 916 775 949 locis
803 915 988 960 patentibus

228 968 412 1010 constituta,
436 981 531 1012 quae,
552 975 685 1014 propter
706 970 910 1003 Turcharum
931 980 988 1003 seu

228 1022 433 1067 praedonum
452 1023 500 1056 vel
520 1023 759 1056 haereticorum
774 1023 987 1063 incursiones,

228 1081 295 1109 tute
315 1076 435 1109 servari
454 1087 520 1109 non
538 1082 703 1120 poterunt,
727 1077 810 1109 sacto
839 1076 879 1109 de
903 1076 988 1119 ipso-

228 1140 302 1163 rurn
322 1129 595 1170 iuribus,litteris,
613 1129 874 1169 auctoritatibus,
897 1130 989 1163 tabu-

227 1183 278 1223 lis,
302 1183 521 1216 monumentis
555 1189 652 1227 atque
673 1183 762 1216 omni
783 1194 917 1226 prorsus
937 1194 989 1216 su-

227 1236 390 1281 pellectile
416 1236 658 1280 mobilibusque
690 1236 802 1277 bonis,
830 1237 989 1269 iocalibus

228 1295 259 1324 et
278 1289 375 1323 rebus
394 1289 482 1323 fideli
500 1289 693 1329 inventario,
715 1295 757 1330 et,
776 1290 801 1323 si
815 1301 898 1333 opus
914 1290 986 1331 erit,

227 1354 340 1377 earum
356 1343 502 1377 omnium
523 1344 671 1388 deposito
696 1344 783 1387 apud
815 1354 987 1388 personam

227 1398 292 1431 fide
316 1403 347 1431 et
366 1397 573 1431 facultatibus
594 1397 755 1437 idoneam,
781 1397 824 1431 ita
853 1403 888 1431 ut
909 1397 989 1430 nihil

227 1451 362 1485 omnino
393 1451 480 1492 inde,
503 1451 571 1484 sine
593 1462 752 1484 consensu
787 1462 938 1494 expresso
959 1457 988 1485 et

227 1504 359 1549 speciali
373 1505 524 1538 mandato
539 1511 725 1545 conventus,
736 1505 859 1538 moveri
874 1505 987 1545 valeat,

227 1557 260 1592 in
280 1556 422 1592 civitates
441 1558 598 1603 oppidave
620 1558 724 1592 vicina
740 1558 987 1591 transferantur.

272 1613 287 1656 ξ
307 1612 360 1646 14.
384 1612 546 1654 Ceterum,
565 1613 604 1646 ad
628 1613 861 1646 restituendam
879 1623 991 1646 mona-

228 1665 342 1699 sticam
372 1666 588 1710 disciplinam,
611 1672 642 1700 et
660 1666 842 1699 restitutam
860 1676 991 1699 conser-

227 1720 377 1760 vandam,
398 1719 540 1753 Cistercii
560 1725 589 1753 et
611 1719 709 1753 ceteri
734 1726 841 1763 patres
860 1719 991 1752 abbates

228 1773 262 1806 in
282 1773 424 1817 capitulo
443 1774 587 1816 generali
609 1773 797 1817 provideant
819 1772 992 1815 diligenter

228 1833 265 1861 ut
284 1838 396 1861 omnes
416 1827 613 1861 visitationes
634 1827 770 1861 sollicite
791 1832 819 1860 et
849 1826 991 1870 pruden-

229 1886 278 1914 ter
293 1891 330 1914 ac
355 1892 429 1914 cum
451 1881 568 1925 pictate
589 1881 680 1921 fiant,
703 1881 839 1913 salutem
866 1879 989 1912 anima-

229 1945 315 1974 rum,
333 1935 500 1979 religionis
517 1936 634 1975 zelum,
651 1940 848 1979 perpetuum
866 1934 989 1966 cultum

229 1987 384 2029 divinum,
405 1989 604 2030 clausuram,
636 1987 854 2021 obedientiam
884 1991 914 2019 et
940 1997 991 2018 ce-

230 2047 298 2074 tera
318 2042 438 2082 omnia,
457 2053 541 2085 quae
553 2042 592 2074 ad
613 2052 732 2081 mores,
752 2039 989 2073 correctionem

230 2100 261 2127 ct
285 2095 513 2138 religiosorum
529 2094 790 2128 aedificationem
811 2092 988 2137 pertinent,

231 2149 454 2192 procurando.

276 2203 290 2246 ἓ
316 2203 365 2236 15.
387 2202 509 2241 Quibus
522 2201 554 2235 in
574 2203 683 2242 rebus,
706 2201 905 2243 ubicumque
926 2210 991 2232 non

231 2262 305 2289 sunt
318 2267 437 2290 mensa}
450 2256 655 2289 conventuali
672 2254 823 2297 assignati
833 2254 989 2293 redditus,

233 2310 289 2353 qui
314 2310 375 2343 hoc
403 2321 486 2343 onus
516 2311 599 2344 serre
628 2310 768 2354 possint,
797 2308 928 2341 abbates
961 2312 992 2340 et

233 2364 501 2398 commendatarii
522 2375 557 2397 ac
578 2363 633 2396 alii
653 2363 865 2406 quicumque,
888 2360 991 2393 admi-

232 2413 457 2447 nistrationem
478 2413 696 2457 spiritualium
717 2417 745 2445 et
762 2409 989 2454 temporalium

233 2462 466 2495 visitandorum
502 2461 773 2495 monasteriorum
817 2459 991 2499 habentes,

233 2512 415 2544 necessaria
436 2512 545 2545 omnia
566 2511 762 2549 ministrare,
776 2520 811 2542 ac
828 2508 991 2541 contribu-

227 2559 337 2594 tiones
354 2567 382 2594 et
405 2566 554 2605 sumptus
574 2572 633 2605 pro
648 2558 798 2603 gerendis
814 2557 884 2590 aliis
900 2568 989 2590 com-

234 2610 387 2644 munibus
412 2610 553 2655 negociis
579 2609 781 2654 Apostolicae
813 2607 904 2641 Sedis
933 2618 992 2640 au-

233 2659 382 2695 ctoritate
401 2659 587 2705 impositas,
614 2670 650 2693 ac
676 2658 772 2693 ctiam
799 2657 837 2701 ad
868 2655 992 2690 brachii

1008 812 1009 819 ¹
1029 805 1127 846 gaudi
1147 805 1293 838 libertate
1315 806 1377 838 illis
1397 817 1415 838 a
1430 805 1715 839 commendatariis
1732 806 1787 840 ob-

1675 259 1740 294 815

1031 323 1206 357 saecularis
1235 323 1467 357 adhibitionem
1501 329 1676 367 praestare,
1709 324 1784 357 visi-

1030 382 1148 410 tatores
1168 388 1205 411 ac
1224 377 1335 410 solitos
1359 383 1389 410 et
1413 377 1613 410 necessarios
1640 378 1784 421 ipsorum

1800 272 1852 299 An.
1868 273 1898 300 C.
1916 272 1984 300 ¹570

229 442 315 465 mam
344 432 564 465 authenticam
586 433 762 476 redigatur,
786 432 932 474 illudque
957 437 985 464 et
1007 444 1009 454 <
1030 430 1168 464 famulos
1197 437 1227 464 et
1255 431 1400 464 iumenta
1430 430 1536 464 debita
1568 430 1786 475 hospitalitate

1030 484 1188 528 recipcre,
1211 491 1241 518 et
1262 485 1383 518 eisdem
1404 485 1438 517 in
1462 484 1614 517 omnihus
1638 485 1785 518 auxiliari

1030 537 1162 571 omnino
1183 538 1332 579 debeant,
1352 544 1383 571 et
1403 538 1442 571 ad
1462 538 1494 571 id
1519 538 1614 571 etiam
1641 539 1786 572 censuris

1030 596 1059 623 ct
1080 591 1194 634 poenis
1214 591 1440 625 ecclesiasticis
1461 603 1520 636 per
1539 591 1717 636 capitulum
1750 603 1787 625 ac

1030 643 1124 676 etiam
1146 656 1204 688 per
1224 645 1309 689 ipsos
1333 645 1511 678 visitatores
1535 645 1783 689 compellantur.

1074 697 1162 739 (5⁴16.
1191 699 1234 731 Ne
1270 710 1368 742 porro
1398 699 1567 732 deserendi
1601 699 1786 732 monasterii

1030 751 1156 784 occasio
1175 752 1342 785 monachis
1356 753 1561 795 praebeatur,
1574 752 1661 796 quod
1682 763 1718 786 ex
1733 763 1787 786 va-

1828 706 1987 727 commendata-

1801 740 1845 759 rim
1878 738 1930 758 nihil
1961 738 1985 757 de

1802 770 1934 790 necessuiizi
1945 775 1987 789 nmv

1802 801 1876 822 nachis
1892 800 1988 821 detrahe-

1802 838 1825 853 ΥΕ
1835 835 1986 852 autnumerum

1803 869 1875 884 eorum
1883 864 1987 888 minuere,

1802 900 1873 922 neque
1892 900 1930 915 eos
1946 895 1987 914 eii-

1803 932 1852 947 cere
1868 930 1940 953 posse;

1030 858 1105 898 lata,
1129 864 1163 891 ut
1183 859 1330 902 expensis
1348 865 1492 902 parcant,
1506 860 1701 903 plerumque
1718 871 1788 893 eve-

1030 911 1088 952 nit,
1116 913 1336 956 praecipimus
1356 918 1387 945 et
1415 913 1641 946 interdicimus
1664 924 1705 947 ne
1730 913 1788 946 ulli

1031 965 1164 998 omnino
1186 966 1453 999 commendatarii
1474 966 1709 1010 quicquamrel
1726 967 1787 1000 mi-

1030 1018 1156 1051 nimum
1177 1019 1217 1052 de
1238 1031 1350 1053 mensa
1374 1025 1403 1053 et
1429 1020 1491 1053 illis
1512 1020 1701 1054 necessariis
1732 1020 1788 1054 de-

1031 1072 1285 1116 trahant‘neque
1306 1073 1373 1106 ullo
1396 1073 1491 1106 modo
1506 1084 1679 1107 numerum
1693 1074 1789 1107 dimi-

1030 1132 1154 1166 nuant,
1183 1133 1237 1160 aut
1271 1127 1458 1171 quempiam
1476 1154 1483 1167 ,
1518 1127 1613 1160 ctiam
1656 1133 1790 1172 propter

1031 1179 1198 1220 delictum,
1211 1179 1350 1214 eiiciant.
1364 1180 1425 1214 Sed
1440 1180 1709 1224 quotiescumque
1719 1192 1789 1214 mo-

1032 1234 1127 1267 nachi
1147 1234 1226 1278 quid
1238 1234 1437 1275 admiserint,
1461 1235 1547 1278 quod
1573 1235 1705 1278 quidem
1719 1236 1788 1269 ani-

1032 1288 1254 1322 madversione
1274 1288 1409 1331 dignum
1427 1288 1477 1329 sit,
1497 1288 1527 1320 id
1544 1288 1789 1332 quamprimum

1032 1341 1134 1385 priori
1159 1341 1335 1382 claustrali,
1358 1342 1418 1382 vel,
1442 1341 1467 1375 si
1494 1341 1622 1385 gravius
1650 1342 1690 1375 sit
1709 1342 1789 1375 deli-

1033 1400 1133 1436 ctum,
1151 1395 1306 1429 visitatori
1328 1395 1522 1438 significent,
1542 1395 1598 1438 qui
1614 1395 1790 1428 correctio-

1032 1460 1106 1483 nem
1133 1449 1219 1482 iuxta
1244 1448 1399 1482 ecclesiae
1429 1454 1457 1482 et
1479 1448 1606 1482 Ordinis
1635 1448 1791 1492 praedicti

1032 1508 1148 1536 statuta
1169 1502 1274 1536 saciat.
1302 1502 1393 1541 Quod
1414 1502 1439 1535 si
1460 1501 1597 1535 ulterius
1625 1502 1710 1535 ultra
1738 1513 1790 1536 sex

1033 1567 1159 1590 menses
1179 1556 1352 1597 distulerit,
1375 1566 1412 1589 eo
1433 1555 1503 1599 ipso
1520 1555 1559 1588 sit
1579 1555 1618 1588 ab
1635 1566 1673 1589 eo
1684 1555 1790 1589 officio

1033 1610 1211 1654 depositus,
1235 1616 1264 1644 et
1294 1610 1334 1643 ad
1362 1609 1443 1642 illud
1476 1615 1649 1653 ceteraque
1682 1610 1792 1643 omnia

1033 1663 1161 1698 Ordinis
1181 1663 1325 1697 eiusdem
1347 1662 1452 1696 officia
1473 1662 1613 1696 triennio
1639 1662 1792 1696 inhabilis

1033 1718 1214 1753 censeatur,
1242 1712 1416 1755 statimque
1440 1711 1660 1755 praesidentes
1685 1721 1793 1745 corre-

1033 1761 1172 1795 ctionem
1200 1761 1388 1795 huiusmodi
1415 1761 1486 1794 aliis
1511 1761 1714 1794 committere
1746 1766 1792 1794 te-

1033 1821 1183 1849 neantur.

1077 1870 1092 1912 j<
1112 1869 1166 1902 117.
1190 1868 1357 1902 Praedicta
1376 1873 1484 1902 autem
1506 1868 1599 1901 tertia
1613 1869 1661 1902 vel
1679 1874 1793 1912 quarta
1846 1888 1937 1908 Tarm,
1956 1889 1989 1908 w.

1035 1934 1107 1966 pars
1123 1922 1309 1955 reddituum
1330 1922 1437 1955 omnis
1452 1922 1640 1955 monasterii
1657 1924 1687 1955 in
1703 1933 1792 1956 com-
1806 1921 1993 1970 ξζῗὲζῗέζηξξῐέᾒζῖ

1035 1976 1185 2009 mendam
1207 1975 1353 2009 concessi
1375 1981 1403 2008 et
1418 1975 1634 2016 concedendi,
1653 1986 1689 2008 ex
1707 1976 1793 2020 ipsa·
1807 1981 1838 2016 pi*
1851 2013 1854 2016 ⁴
1868 1981 1992 2016 ¹==0ua⁵¹9rii

1035 2035 1097 2063 met
1106 2030 1317 2074 proprietate,
1332 2029 1574 2073 praedictorum
1586 2029 1793 2073 superiorum
1807 2012 1992 2064 ineiiusoieiiiiii'e'

1034 2095 1112 2118 cura
1132 2089 1163 2116 et
1178 2083 1408 2124 sollicitudine,
1435 2083 1600 2126 exigatur,
1630 2089 1657 2115 et
1680 2093 1717 2116 ex
1749 2082 1795 2116 eis
1807 2074 1993 2127 ξῖἶὲζηῖῗζζῗξζῗῖ

1034 2138 1198 2183 praedicta
1211 2138 1350 2181 pecunia
1363 2137 1567 2177 conficiatur,
1582 2147 1697 2181 eaque,
1715 2147 1796 2180 quo«
1809 2139 1868 2165 ⁹⁰¹¹*

1034 2193 1073 2226 ad
1085 2192 1221 2226 aedificia
1234 2192 1343 2225 omnia
1356 2193 1474 2226 resecta
1492 2196 1598 2231 erunt,
1612 2190 1645 2223 in
1663 2189 1695 2223 id
1711 2200 1796 2234 opus

1034 2246 1253 2290 impendatur.
1276 2247 1321 2280 Eo
1342 2256 1417 2280 vero
1438 2246 1595 2290 perfecto,
1618 2244 1687 2288 ipsa
1702 2243 1796 2277 tertia

1033 2300 1080 2333 vel
1102 2306 1216 2344 quarta
1237 2311 1323 2344 pars,
1351 2299 1437 2333 iuxta
1458 2297 1588 2332 concilii
1613 2296 1796 2341 dispositio-

1035 2364 1108 2386 nem
1129 2360 1161 2388 et.
1180 2354 1362 2387 litterarum
1384 2352 1613 2397 prmdictarum
1634 2356 1793 2390 tenorem,

1034 2407 1127 2440 annis
1146 2407 1281 2450 singulis
1302 2407 1414 2440 eadem
1436 2416 1515 2439 cura
1535 2409 1756 2438 convertatur.

1078 2457 1093 2500 ἓ
1114 2456 1167 2490 18.
1190 2457 1356 2489 Postremo
1373 2455 1522 2488 volumus
1547 2459 1578 2487 et
1602 2453 1795 2486 mandamus
1835 2468 1956 2488 ,in-ianam
1971 2468 1992 2487 in

1035 2512 1068 2538 ut
1108 2505 1343 2539 monasterium
1377 2503 1520 2538 Cistercii
1555 2503 1772 2536 constituatur
1808 2503 1915 2521 ⁶⁰¹¹v⁹¹¹¹¹¹
1963 2499 1994 2519 ω’

1762 2551 1768 2556 ,
1784 2529 1792 2543 '
1808 2533 1881 2553 steron
1909 2532 1993 2552 consti*

1036 2555 1299 2594 constitutumve,
1332 2554 1523 2587 restituatur
1543 2551 1739 2592 archivium,
1761 2561 1794 2584 m
1807 2563 1910 2586 tutoni-1
1930 2562 1991 2583 imm

1035 2616 1099 2649 quo
1112 2604 1206 2637 index
1217 2603 1330 2637 ordine
1344 2602 1542 2647 compositus
1554 2600 1700 2635 omnium
1713 2600 1793 2633 alio·
1807 2596 1931 2653 ξ’,ξζξᾘζζω
1943 2600 1993 2646 εζιῗζ

1035 2664 1107 2688 rum
1131 2652 1415 2693 monasteriorum,
1446 2651 1664 2696 prioratuum,
1692 2649 1794 2683 eccle·
1808 2661 1884 2679 ventus
1901 2657 1959 2683 ponc
