2237 3100
228 275 276 303 Au.
293 277 322 305 C.
341 277 407 306 1565
465 270 529 304 400
905 288 910 297 .
1016 280 1191 305 intematum
1212 279 1361 304 nouauuu

421 333 556 366 Domino
579 333 795 374 militantium,
809 334 1109 378 personarumvotis
1128 333 1167 366 li-
1206 332 1410 373 huiusmodi,
1445 333 1484 366 de
1516 333 1634 376 quibus
1658 339 1777 368 certam
1810 334 1956 368 notitiam

421 386 534 419 benter
558 386 682 427 annuit,
709 393 739 419 et.
767 386 839 426 illis,
861 397 943 430 quae
971 397 1029 430 pro
1055 398 1167 420 earum

422 439 505 473 felici
535 445 616 473 statu
649 447 679 473 et
716 439 942 473 reformatione
976 441 1168 484 processisse

422 493 588 537 comperit,
615 498 649 525 ut.
678 493 799 526 illibata
826 492 1007 536 persistant,
1033 494 1170 529 libenter

421 546 588 590 apostolici
608 546 712 579 adiicit
734 546 921 580 muniminis
940 547 1136 583 firmitatem.

464 600 529 643 gl.
553 600 633 633 Sane
655 611 728 633 cum
753 611 812 634 nos
836 611 941 645 nuper
967 603 1171 637 consideran-

297 656 405 681 υνιυιι-Ίιῑο
422 659 466 686 tes
495 664 591 698 quam
611 654 728 687 uberes
754 654 877 688 fructus
897 654 929 687 in
949 655 1002 689 Dei
1027 656 1170 691 Ecclesia

225 687 317 706 cnr-tmal
369 694 405 714 pro

225 716 328 738 ferorum.
347 719 408 740 imm.
421 718 511 740 sacer
530 708 663 740 fratrum
684 707 843 741 Minorum
863 708 947 742 Ordo
967 709 1006 742 ab
1031 710 1101 743 eius
1120 711 1169 743 in-

223 748 407 801 Ῐζζῗῖξζζχξξηξζζξζ
419 760 581 793 stitutione
607 761 809 804 produxerit,
832 767 858 794 ct
886 768 1023 805 quantos
1047 763 1079 796 in
1103 764 1170 798 dies

223 814 313 865 ‘Jsjffl'm'
339 812 403 833 “m-¹*
419 814 637 857 producturus
657 814 706 855 sit,
725 815 749 848 si
769 815 808 848 ad
824 815 992 858 pristinam
1009 817 1168 851 maiorum

418 878 551 900 suorum
577 878 722 901 normam
753 879 810 912 per
834 869 1003 902 novitatem
1033 881 1088 903 seu
1117 882 1168 905 re-

418 921 643 955 formationem
668 922 748 956 vitae
781 923 946 957 restitutus
979 924 1074 963 foret,
1101 925 1170 968 qui-

418 975 553 1008 busdam
573 986 609 1008 ex
629 975 753 1009 dilectis
773 976 847 1009 filiis
872 977 992 1010 nostris
1012 978 1043 1011 S.
1072 979 1107 1011 R.
1131 979 1166 1012 E.

418 1029 645 1069 cardinalibus,
662 1036 692 1063 et
724 1031 912 1074 praesertim
939 1031 1062 1065 dilectis
1095 1032 1169 1065 filiis

418 1083 534 1117 nostris
560 1083 674 1117 Carolo
702 1084 785 1117 tituli
812 1084 842 1118 S.
872 1084 1021 1118 Praxedis
1052 1086 1168 1119 Berro-

419 1147 512 1177 mreo,
527 1138 715 1181 protectori,
734 1143 762 1171 ct
783 1138 942 1171 Ludovico
963 1139 1045 1171 tituli
1062 1139 1167 1173 Sancti

417 1190 538 1235 Cvriaci
559 1191 590 1224 in
602 1191 748 1224 Thermis
767 1192 1011 1236 viceprotectori
1024 1187 1178 1227 eiusdem*

417 1244 755 1290 Ordinis,p1‘esbyteris
767 1246 970 1287 cardinalib.,
988 1246 1167 1291 &moneta

418 1299 621 1342 nuncupatis,
638 1299 738 1342 ipsius
757 1298 884 1332 Ordinis
908 1300 1168 1334 reformationem

418 1352 594 1385 curandam
622 1353 893 1392 commiserimus,
928 1353 1047 1397 quibus
1074 1365 1169 1399 nego-

417 1405 498 1439 tium
518 1407 623 1451 ipsum
644 1412 749 1440 tantae
769 1416 867 1440 curae
883 1406 943 1440 fuit
963 1413 997 1440 ut
1017 1407 1168 1441 dilectum

418 1459 520 1492 tilium
532 1460 705 1494 Antonium
726 1461 764 1493 de
785 1461 989 1505 Sapientibus
1010 1461 1048 1495 de
1063 1462 1170 1505 Augu-

418 1519 475 1554 sta,
495 1514 637 1548 eiusdem
658 1514 784 1548 Ordinis
808 1515 1002 1558 generalem,
1018 1521 1049 1549 et
1072 1516 1169 1549 mini-

418 1573 499 1601 stros
519 1569 757 1611 nonnullosque
783 1569 895 1601 fratres
912 1569 1056 1602 eiusdem
1077 1570 1169 1603 Ordi-

418 1622 478 1662 nis,
500 1627 578 1655 tune
598 1628 808 1666 congregatos
836 1623 867 1655 in
893 1632 931 1655 eo
952 1623 1094 1667 capitulo
1114 1634 1169 1667 ge-

417 1675 518 1708 nerali
540 1676 718 1709 Florentiae
738 1687 842 1720 nuper
857 1676 1031 1717 celebrato,
1054 1677 1085 1710 in
1106 1688 1170 1721 quo

418 1729 503 1761 idem
523 1729 680 1763 Antonius
707 1730 739 1763 in
765 1730 866 1775 ipsius
889 1730 1016 1764 Ordinis
1036 1741 1170 1774 genera—

418 1783 481 1816 lem
489 1783 527 1815 ad
538 1782 712 1817 triennium
722 1785 853 1823 electus,
872 1789 901 1817 et
917 1783 1030 1818 deinde
1046 1795 1063 1817 a
1080 1785 1172 1818 nobis

419 1837 457 1870 ad
478 1836 566 1870 aliud
585 1836 777 1878 triennium,
800 1837 1089 1882 supplicationibus
1114 1839 1171 1872 mi-

420 1891 595 1924 nistrorum
615 1891 860 1935 provincialium
874 1892 948 1924 dicti
965 1892 1096 1936 capituli
1113 1903 1171 1926 no-

419 1945 468 1978 bis
486 1945 653 1978 humiliter
678 1946 845 1990 porrectis,
862 1946 1072 1979 confirmatus
1092 1946 1149 1979 fuit
1161 1973 1168 1987 ‚

420 1999 458 2032 ad
479 1999 635 2032 nonnulla
655 2004 772 2032 statuta
792 2005 823 2033 et
838 1999 1057 2033 ordinationes
1072 2010 1171 2043 nego—

421 2053 501 2086 tium
521 2053 709 2086 huiusmodi
730 2053 958 2086 concernentia
978 2054 1100 2087 edenda
1116 2055 1172 2087 ad-

421 2107 578 2148 duxerint,
599 2118 636 2140 ae
661 2107 761 2140 multa
781 2106 881 2150 priori
908 2107 1099 2150 professioni
1120 2108 1173 2140 ad-

422 2161 602 2201 iunxerint,
625 2172 662 2194 ac
690 2167 829 2194 veterem
857 2160 1058 2204 disciplinam
1081 2172 1174 2194 reno-

420 2215 570 2256 vaverint,
581 2215 726 2259 nihilque
742 2214 1017 2259 praetermiserint
1032 2215 1117 2258 quod
1134 2215 1172 2248 ad

422 2275 565 2303 exactam
594 2280 670 2302 suae
697 2268 902 2312 professionis
923 2269 1173 2312 completionem

422 2323 524 2356 visum
550 2322 646 2355 suerit
675 2327 908 2366 opportunum,
936 2327 1033 2366 prout
1060 2322 1092 2355 in
1113 2334 1173 2367 pu-

423 2376 514 2410 blicis
523 2376 726 2409 documentis
735 2376 874 2420 desuper
884 2375 1036 2408 confectis
1047 2376 1174 2419 plenius

424 2430 542 2463 dicitur
562 2429 732 2463 contineri.

469 2480 484 2522 ξ
500 2480 529 2512 2.
545 2479 683 2523 Nos,qui
694 2480 799 2523 ipsum
812 2479 998 2515 Antonium,
1012 2479 1174 2522 petitione,

276 2531 409 2552 Gonflfnfflfiss
427 2527 660 2571 supplicatione
690 2534 720 2561 et
749 2538 908 2561 consensu
942 2527 1017 2560 dicti
1044 2527 1175 2571 capituli

228 2563 289 2583 huius
304 2562 411 2582 l'ontiticis

227 2596 319 2620 ipsarum
330 2594 412 2614 ‹onm-
427 2577 585 2620 generalis
611 2583 722 2620 sponte
748 2576 996 2616 accedentibus,
1026 2576 1064 2609 ad
1090 2577 1175 2610 aliud

229 2627 338 2648 ¹⁰²³⁰¹²¹¹¹¹¹·
428 2625 602 2659 triennium
628 2626 660 2658 in
685 2626 827 2659 eiusdem
849 2625 975 2659 Ordinis
995 2627 1176 2668 generalem

428 2675 661 2720 deputavimus,
684 2680 874 2709 statutorum
892 2681 920 2708 et
938 2675 1177 2709 ordinationum

1208 386 1375 426 babemus,
1409 386 1549 419 veriores
1577 392 1705 421 tenores
1733 388 1957 432 praesentibus

1209 450 1267 482 pro
1301 439 1458 482 expressis
1481 439 1647 482 habentes,
1671 441 1901 486 cupientesque
1921 449 1956 476 ut

1209 491 1312 525 dictus
1331 492 1428 533 Ordo,
1454 503 1550 536 quem
1571 493 1603 526 in
1623 493 1797 528 visceribus
1813 496 1956 538 gerimus

1209 545 1360 587 caritatis,
1392 545 1431 578 ad
1454 556 1548 578 suum
1565 546 1735 590 pristinum
1757 553 1874 581 statum
1901 559 1957 582 seu

1207 599 1331 632 vivendi
1354 610 1502 633 normam
1519 600 1706 641 reducatur,
1728 611 1867 645 suosque
1884 613 1958 646 spe--

1209 659 1294 685 ratos
1314 653 1408 696 longe
1435 652 1603 686 uberiores
1630 653 1787 697 producat
1812 654 1956 695 fructus,

1210 711 1299 739 motu
1324 705 1467 750 proprio,
1488 717 1552 739 non
1573 707 1612 739 ad
1638 707 1774 741 alicuius
1793 707 1885 741 nobis
1902 708 1958 741 de-

1211 770 1309 803 super
1324 760 1387 793 hoe
1413 760 1537 793 oblatae
1564 760 1727 805 petitionis
1754 762 1956 803 instantiam,

1212 814 1265 846 sed
1291 814 1328 847 de
1354 820 1463 847 nostra
1482 825 1570 847 mera
1596 814 1838 857 deliberatione,
1864 826 1902 849 ac
1922 826 1959 849 ex

1212 873 1298 900 certa
1318 867 1449 900 scicntia
1469 873 1500 900 et
1523 868 1561 901 de
1582 868 1775 912 apostolicae
1795 869 1960 913 potestatis

1211 921 1423 964 plenitudine,
1446 932 1670 966 quaecumque
1687 927 1815 965 statuta,
1828 922 1958 956 ordina-

1211 975 1323 1015 tiones,
1341 975 1583 1017 declarationes,
1604 976 1776 1010 electiones
1792 976 1960 1011 etelectio-

1211 1028 1260 1061 nis
1279 1029 1467 1062 huiusmodi
1490 1030 1614 1070 modos,
1639 1029 1858 1071 validationes,
1881 1030 1960 1074 peti-

1211 1082 1326 1124 tiones,
1343 1083 1610 1128 supplicationes,
1638 1083 1874 1125 concessiones,
1903 1084 1959 1118 de-

1210 1136 1401 1180 putationes,
1417 1136 1662 1181 prohibitiones,
1677 1137 1960 1179 inhabilitationes‚

1210 1190 1400 1231 amotiones,
1437 1190 1691 1235 dispensationes
1724 1191 1897 1236 omniaque
1930 1197 1961 1225 et

1211 1244 1337 1287 singula
1356 1244 1388 1277 in
1417 1244 1503 1278 dicto
1532 1244 1674 1289 capitulo
1699 1245 1842 1288 generali
1873 1244 1961 1279 circa

1211 1297 1285 1330 dicti
1296 1297 1423 1331 Ordinis
1434 1299 1695 1332 reformationem
1713 1298 1796 1332 facta
1815 1304 1846 1332 et
1862 1304 1960 1342 gesta,

1210 1352 1399 1385 auctoritate
1411 1352 1596 1396 apostolica,
1608 1357 1719 1386 tenore
1728 1352 1958 1396 praesentium,

1210 1411 1367 1448 perpetuo
1399 1406 1617 1449 approbamus
1646 1411 1676 1440 et
1709 1406 1959 1448 confirmamus,

1210 1458 1337 1502 illisque
1353 1465 1527 1503 perpetuae
1542 1465 1573 1493 et
1588 1460 1780 1494 inviolabilis
1799 1460 1966 1496 firmitatis⁴

1211 1512 1310 1545 robur
1329 1512 1510 1554 adiieimuS,
1539 1525 1576 1548 ae
1603 1525 1640 1548 ea
1660 1514 1825 1558 perpetuis
1844 1514 1961 1548 futuris

1211 1566 1410 1610 temporibus
1419 1578 1476 1611 per
1489 1578 1713 1613 quoscumque
1723 1568 1824 1612 ipsius
1835 1567 1962 1602 Ordinis

1212 1620 1393 1664 superiores
1413 1627 1443 1654 et
1460 1621 1538 1655 alias
1549 1632 1713 1666 personas,
1725 1623 1784 1655 sub
1799 1621 1912 1666 poenis
1927 1621 1961 1655 in

1212 1674 1275 1706 illis
1294 1674 1437 1715 adiectis,
1459 1675 1685 1709 inviolabiliter
1698 1675 1860 1709 observari
1871 1685 1962 1709 man-

1212 1729 1343 1768 damus3
1370 1738 1407 1761 ae
1429 1738 1541 1761 omncs
1563 1735 1594 1763 et
1626 1729 1769 1772 singulos
1792 1735 1857 1762 tam
1882 1729 1962 1762 iuris

1212 1792 1309 1827 quam
1329 1781 1403 1815 facti
1423 1782 1578 1824 defectus,
1606 1783 1631 1817 si
1660 1783 1716 1827 qui
1733 1783 1841 1816 forsan
1860 1783 1960 1817 inter-

1212 1835 1355 1870 venerint
1366 1836 1397 1868 in
1408 1835 1539 1876 eisdem,
1554 1837 1752 1881 supplemus.
1772 1837 1888 1881 Sicque
1903 1847 1962 1881 per

1214 1890 1343 1924 eosdem
1365 1889 1549 1933 superiores
1578 1896 1607 1923 et
1627 1901 1851 1935 quoscumque
1876 1890 1961 1924 eius-

1214 1946 1286 1978 dem
1311 1943 1437 1977 Ordinis
1457 1943 1620 1977 ministros
1644 1955 1732 1978 nunc
1757 1950 1787 1978 et
1804 1955 1863 1988 pro
1880 1949 1962 1978 tem-

1214 2008 1292 2043 pore
1313 1997 1480 2030 existentes
1509 1997 1670 2031 observari
1697 2005 1727 2032 et
1751 1997 1886 2031 iudicari
1910 1998 1964 2031 de-

1214 2053 1302 2092 bere,
1328 2061 1454 2084 necnon
1473 2051 1627 2095 quicquid
1649 2063 1742 2085 secus
1761 2062 1859 2096 super
1877 2051 1927 2085 his
1945 2062 1964 2084 a

1215 2115 1391 2150 quoquam,
1405 2104 1514 2148 quavis
1534 2106 1736 2147 auctoritate,
1759 2105 1896 2139 scienter
1914 2105 1963 2138 vel

1215 2161 1414 2203 ignoranter,
1440 2159 1608 2202 contigerit
1637 2159 1804 2201 attentari,
1835 2159 1963 2192 irritum

1215 2220 1245 2247 et
1262 2214 1356 2246 inane
1376 2211 1592 2246 decernimus.
1810 2239 1816 2241 Δ

1259 2268 1274 2310 ξ
1293 2266 1324 2300 3.
1349 2266 1418 2299 Non
1438 2266 1638 2300 obstantibus
1654 2267 1819 2311 quibusvis
1834 2271 1963 2311 aposto-

1216 2321 1304 2361 licis,
1326 2331 1362 2353 ac
1387 2320 1419 2352 in
1441 2320 1690 2364 provincialibus
1710 2326 1741 2354 et
1760 2320 1965 2365 synodalibus

1217 2374 1362 2409 conciliis
1387 2374 1490 2415 editis,
1524 2375 1728 2417 generalibus
1751 2375 1799 2408 vel
1818 2373 1965 2418 speciali-

1216 2429 1288 2469 bus,
1323 2428 1605 2462 constitutionibus
1636 2434 1667 2462 et
1685 2427 1962 2469 ordinationibus,

1218 2477 1408 2520 statutisque
1429 2483 1460 2510 et
1479 2477 1766 2511 consuetudinibus
1789 2476 1890 2521 ipsius
1908 2476 1965 2511 Or-

1218 2526 1301 2560 dinis
1314 2553 1321 2567 ,
1353 2527 1447 2560 etiam
1482 2526 1664 2560 iuramento
1677 2553 1685 2567 ,
1721 2526 1964 2559 confirmatione

1218 2576 1393 2619 apostolica
1412 2577 1459 2609 vel
1480 2576 1590 2619 quavis
1610 2575 1758 2608 firmitate
1782 2575 1844 2608 alia
1868 2575 1964 2609 robo-

1218 2625 1306 2666 ratis;
1328 2625 1500 2670 privilegiis
1513 2636 1654 2669 quoque,
1670 2624 1802 2658 indultis
1817 2630 1848 2658 et
1867 2624 1967 2659 literis

1218 2675 1401 2719 apostolicis
1417 2675 1501 2709 dicto
1521 2674 1643 2716 Ordini‚
1666 2684 1792 2708 necnon
1809 2674 1895 2709 illius
1911 2685 1966 2709 su-

1971 279 2023 308 An.
2039 278 2069 306 C.
2087 278 2160 306 ¹⁸65

2004 2275 2162 2297 Contrariorum

1979 2305 2094 2332 derogatio.
