2237 3100
247 234 297 259 An.
315 233 343 260 C.
363 233 429 261 1567

488 223 552 258 606
1040 228 1219 254 BULLARIUM
1240 228 1390 252 ROMANUM

444 287 530 327 illae,
544 286 654 320 srdeles
664 296 739 319 suae
751 295 848 319 curae
859 283 1007 323 creditos,
1017 284 1117 316 sciant
1133 293 1196 315 non
1240 281 1375 313 clericos
1395 282 1433 314 ad
1463 281 1639 324 regendum
1670 281 1852 321 ecclesiam,
1881 289 1989 313 coram

444 340 549 373 solum
570 339 714 372 doctrina
737 339 821 370 imi-ti?
891 343 906 364 tt
931 337 1023 368 etiam
1049 337 1197 380 exemplo
1239 334 1431 377 deputandis
1452 334 1724 367 examinatoribus
1739 335 1896 374 nominetg
1914 333 1992 366 libe-

442 391 518 425 boni
537 392 644 435 operis
665 391 1117 432 {nrm-nm„2÷›1÷2v,=i-s.1.<‹1=w
1139 390 1196 422 sibi
1240 398 1310 419 rum
1333 387 1371 419 sit.
1392 393 1499 420 tamen
1520 382 1615 419 etiam
1632 386 1713 426 aliis,
1736 386 1790 430 qui
1812 387 1937 430 aliquos
1953 387 1992 419 ad

430 444 645 487 'parochiales
670 444 821 475 rvi-lesia<
844 443 1028 473 liubenstat}
1056 443 1145 474 »vlint
1169 449 1195 476 et
1241 441 1268 472 id
1291 447 1382 484 aptos
1403 441 1558 480 noverint,
1577 450 1690 473 eorum
1708 440 1840 472 nomina
1856 441 1991 480 deferre,

268 978 362 1000 Vacante
389 985 426 1004 pa-

242 1009 330 1031 rochiali
350 1010 423 1030 ecclc-

242 1042 280 1065 εἰει,
310 1041 424 1067 episcopus

240 1071 304 1092 debet
320 1072 340 1091 in
357 1076 382 1091 ea
397 1071 427 1090 vi-

240 1104 319 1123 carium
340 1104 424 1122 eonsti-

240 1136 308 1153 tuere.

273 2415 291 2435 Α
318 2414 421 2435 collatore

240 2445 361 2466 nominandi
376 2445 422 2466 cle-

240 2477 278 2496 rici
301 2476 371 2496 idonei
399 2475 423 2495 nd

240 2511 336 2527 examen⁴

442 497 575 541 possint,
608 503 739 529 atu-tori·
775 497 919 529 lica-iim„

442 561 527 592 gere,
550 561 586 582 ac
607 550 744 582 feliciter
774 550 968 590 gubernat-12.
1003 550 1092 588 Quod
1126 560 1197 593 pro-

441 603 510 636 vide
543 613 579 636 ac
611 602 784 645 diligenter
812 602 1032 635 considerasse
1062 603 1196 636 Alexan-

441 656 535 688 drum
562 657 713 695 tertium,
745 656 936 699 Gregorium
968 656 1129 689 decimum
1161 668 1197 690 :ic

440 709 664 742 Innocentium
695 710 789 743 etiam
812 709 941 742 tertium
969 716 997 743 et
1024 710 1104 743 alios
1134 711 1196 743 Ro-

441 773 554 795 manos
574 762 747 795 Pontifices
768 763 1034 805 praedecessores
1059 769 1196 800 nostros,

440 826 554 849 eorum
590 827 688 859 super
720 816 781 849 hoc
817 815 920 848 editae
952 817 1198 850 constitutiones

440 874 609 902 testantur,

485 922 500 965 ξ
516 922 546 954 1.
561 921 800 964 Nosigitur,qui
814 924 1197 957 sacrosanctaeRomanae

440 975 615 1015 Ecclesiae,
645 987 728 1018 quae
760 976 906 1009 omnium
929 977 1073 1009 fidelium
1097 983 1198 1009 mater

440 1033 486 1060 est
503 1034 532 1061 et
549 1029 711 1071 magistra,
731 1028 836 1062 divina
852 1029 1043 1071 disponente
1060 1031 1197 1063 clemen-

440 1081 492 1121 tia,
511 1082 607 1115 modo
632 1082 864 1124 praesidemus;
887 1083 1076 1115 eorumdem
1103 1094 1196 1126 prae-

439 1135 646 1168 decessorum
669 1140 855 1168 nostrorum
872 1136 1011 1179 vestigiis
1027 1137 1197 1169 inhaeren-

439 1192 495 1227 tes,
529 1188 738 1231 volentesque
769 1199 867 1231 super
898 1189 1100 1232 praemissis,
1138 1201 1196 1233 pro

438 1246 548 1274 nostro
570 1241 761 1274 universalis
782 1242 919 1284 pastoris
937 1242 1055 1282 officio,
1075 1253 1195 1286 oppor-

438 1300 516 1327 tune
537 1294 719 1337 providere,
740 1300 828 1327 motu
846 1296 991 1338 proprio,
1011 1300 1039 1327 et
1057 1306 1092 1328 ex
1110 1302 1195 1329 certa

439 1347 585 1387 scientia,
609 1353 800 1391 maturaque
821 1347 1052 1381 deliberatione
1074 1355 1193 1389 nostra,

438 1411 474 1433 ac
504 1401 542 1433 de
563 1400 758 1444 apostolicae
788 1401 954 1443 potestatis
984 1402 1195 1445 plenitudino,

438 1454 498 1487 hac
516 1459 625 1487 nostra
642 1459 799 1497 perpetuo
815 1455 950 1486 valitura
968 1455 1195 1488 constitutione.

439 1507 621 1542 statuimus,
653 1507 828 1543 sancimus,
852 1507 1059 1540 decernimus
1084 1514 1114 1540 et
1143 1520 1195 1541 or-

438 1560 587 1593 dinamus
605 1566 650 1599 ut,
670 1566 862 1593 o‹t·‹·urrente
880 1562 1043 1593 vacatione
1059 1562 1196 1594 alicuius

438 1614 634 1657 parochialis
666 1614 842 1653 ecclcsiae,
875 1614 969 1647 etiam
1001 1616 1197 1657 generaliter

438 1667 485 1700 vel
506 1667 700 1710 specialiter,
723 1669 817 1701 etiam
831 1667 939 1710 vigore
958 1668 1085 1708 indulti,
1103 1669 1133 1701 in
1155 1670 1196 1702 sa-

437 1731 546 1754 vorem
577 1721 608 1754 S.
646 1721 681 1754 R.
714 1721 747 1753 E.
785 1721 998 1754 cardinalium
1035 1728 1089 1754 aut
1118 1723 1196 1755 alias

437 1774 682 1816 quomodolibet
711 1780 889 1806 reservatae
915 1775 961 1806 vel
987 1774 1131 1812 affectae,
1162 1787 1194 1808 e-

436 1827 542 1860 tiamsi
572 1827 674 1867 illius,
707 1827 785 1859 dum
820 1838 878 1870 pro
913 1833 1058 1870 tempore
1093 1836 1192 1868 vacat,

438 1880 567 1913 collatio
588 1886 618 1913 et
638 1880 778 1924 provisio
793 1880 830 1912 ad
852 1881 980 1923 quosvis
996 1881 1127 1915 abbates
1149 1884 1194 1915 vel

438 1933 578 1977 capitula
612 1939 668 1966 aut
706 1933 786 1966 alios
823 1933 992 1966 inferiores
1024 1935 1196 1968 collatores

438 1987 621 2020 saeculares
638 1988 684 2020 vel
702 1987 867 2029 regulares
878 1987 1048 2029 pertineat,
1082 1988 1195 2021 debeat

439 2039 624 2083 episcopus,
647 2040 754 2072 habita
770 2039 882 2072 notitia
902 2040 1077 2072 vacationis
1093 2043 1194 2074 eccle-

439 2092 515 2132 siae,
538 2093 562 2125 si
584 2103 667 2137 opus
687 2092 800 2133 suerit,
825 2093 978 2125 idoneum
1005 2093 1036 2125 in
1058 2105 1093 2126 ea
1114 2095 1194 2128 vica-

438 2145 535 2186 rium,
554 2156 697 2188 congrua
716 2146 784 2178 eius
802 2145 935 2178 arbitrio
952 2147 1110 2189 portionis
1125 2149 1194 2180 fru-

438 2204 549 2231 ctuum
570 2200 784 2242 assignatione
805 2199 1011 2239 constituere,
1026 2200 1080 2243 qui
1095 2212 1194 2234 onera

439 2251 540 2294 ipsius
570 2252 724 2285 ecclesiae
755 2252 942 2292 substineat,
974 2253 1076 2286 donec
1101 2255 1128 2286 ei
1155 2254 1193 2287 de

439 2309 564 2338 rectore
585 2306 801 2349 provideatur.

483 2358 498 2400 ἓ
517 2357 549 2391 ⁶2.
573 2358 609 2391 Et
624 2358 749 2398 deinde,
764 2358 936 2402 episcopus
952 2364 982 2391 et
999 2360 1080 2392 alius
1090 2361 1193 2402 quivis

439 2405 599 2439 inferioris
619 2407 741 2440 ordinis
752 2407 854 2440 dictae
871 2407 1064 2450 parochialis
1080 2408 1124 2441 sic
1140 2420 1192 2441 ra-

439 2455 540 2488 cantis
560 2456 707 2496 collator,
725 2467 782 2489 seu
803 2456 858 2499 qui
884 2455 971 2488 illius
992 2456 1193 2499 iuspatrona-

438 2510 507 2537 tum
541 2504 797 2537 ecclesiasticum
826 2505 875 2537 vel
902 2504 1036 2536 mixtum
1062 2506 1190 2547 habeat,

439 2553 522 2586 intra
543 2554 655 2587 decem
672 2554 739 2587 dies
750 2555 797 2587 vel
813 2555 901 2587 aliud
917 2560 1045 2597 tempus
1067 2555 1105 2587 ab
1127 2555 1193 2598 cpi-

439 2612 537 2646 scopo
567 2603 874 2646 praescribendum,
907 2603 1040 2636 idoneos
1070 2602 1191 2647 aliquot

957 516 965 520 -—
981 498 1126 528 nutu-iter
1152 508 1198 529 re-
1241 500 1271 526 ut
1295 494 1391 537 possit
1413 499 1535 536 postca,
1554 495 1592 526 de
1603 493 1771 525 cuiuslibet
1794 499 1907 532 aetate,
1927 505 1994 527 uio-

1241 548 1330 580 ribus
1340 553 1366 579 ct
1380 547 1572 580 sufficientia
1586 547 1654 579 ficri
1669 548 1804 589 diligens·
1818 548 1992 590 inquisitio,

1240 607 1269 634 et
1294 602 1318 634 si
1346 601 1498 644 episcopo
1533 606 1587 633 aut
1616 602 1735 644 synodo
1770 601 1990 642 dioecesanae,

1241 665 1298 698 pro
1320 654 1459 697 regionis
1484 665 1586 695 more,
1608 654 1769 687 videbitur
1790 656 1890 697 magis
1901 666 1993 699 expc-

1239 709 1320 747 dire,
1346 720 1403 752 per
1419 709 1559 741 edictum
1578 708 1672 740 etiam
1694 708 1861 751 publicum
1880 720 1994 742 vocen-

1241 768 1303 801 tur,
1326 761 1380 804 qui
1404 762 1507 793 volent
1530 761 1716 794 examinari.

1284 816 1298 857 ξ
1314 814 1345 847 3.
1369 815 1541 847 Transacto
1563 815 1736 848 constituto
1754 820 1913 859 tempore,
1929 826 1994 849 om-

1240 880 1295 901 nes
1316 868 1370 910 qui
1391 868 1542 911 descripti
1569 868 1689 901 fuerint
1715 869 1941 902 examinentur
1955 869 1995 902 ab

1240 921 1406 964 episcopo,
1429 922 1505 961 sive,
1529 932 1566 954 eo
1589 922 1755 964 impedito,
1773 922 1812 955 ab
1829 923 1898 955 eius
1909 923 1994 956 vica-

1240 975 1287 1007 rio
1314 975 1466 1017 generali,
1495 980 1590 1018 atque
1615 975 1654 1007 ab
1675 975 1745 1008 aliis
1765 976 1994 1010 examinatori-

1239 1028 1310 1066 bus7
1338 1039 1402 1061 non
1424 1028 1631 1071 paucioribus
1655 1039 1751 1071 quam
1775 1029 1889 1069 tribus,
1912 1039 1994 1072 quo-

1240 1093 1311 1114 rum
1333 1082 1424 1121 votis,
1448 1082 1472 1113 si
1493 1092 1586 1124 pares
1602 1086 1656 1114 aut
1668 1081 1847 1124 singulares
1861 1082 1992 1123 suerint,

1239 1134 1393 1167 accedere
1423 1134 1521 1178 possit.
1553 1134 1725 1178 episcopus
1758 1135 1805 1168 vel
1841 1135 1992 1176 vicarius

1239 1189 1358 1231 quibus
1383 1188 1483 1230 magis
1498 1188 1669 1221 videbitur.

1283 1242 1297 1284 ἓ
1318 1242 1349 1274 4.
1363 1242 1732 1281 Examinatoresautem,
1746 1241 1992 1284 singulisannis,

1239 1295 1269 1326 in
1307 1295 1496 1327 dioecesana
1523 1295 1658 1339 synodo,
1689 1300 1743 1327 aut
1774 1295 1812 1327 ab
1841 1295 1993 1339 episcopo

1238 1349 1284 1380 vel
1309 1347 1378 1380 eius
1397 1348 1516 1381 vicario
1533 1354 1562 1381 et
1584 1348 1726 1392 capitulo
1745 1348 1875 1382 maioris
1888 1349 1993 1382 eccle-

1238 1401 1301 1434 siae
1323 1402 1360 1433 ad
1383 1402 1490 1434 minus
1515 1412 1568 1434 sex
1593 1407 1830 1445 proponantur,
1855 1402 1910 1445 qui
1932 1402 1996 1435 illis

1238 1455 1446 1493 satisfaciant,
1463 1461 1490 1487 et
1506 1456 1545 1487 ab
1561 1455 1606 1487 eis
1620 1456 1810 1498 probentur,
1822 1455 1994 1489 advenien-

1239 1513 1332 1550 teque
1352 1508 1517 1541 vacatione
1539 1508 1710 1541 cuiuslibet
1732 1509 1900 1549 ecclcsiae,
1930 1513 1995 1542 tres

1238 1573 1273 1593 ex
1296 1562 1357 1593 iliis
1375 1563 1467 1603 eligat
1486 1562 1671 1605 episcopus,
1690 1563 1745 1605 qui
1768 1573 1840 1595 cum
1863 1572 1901 1596 eo
1920 1573 1993 1595 exa-

1239 1626 1311 1647 men
1336 1615 1516 1658 perficiant,
1540 1615 1692 1658 indeque,
1715 1615 1910 1648 succedente
1930 1615 1993 1649 alia

2007 225 2057 251 An.
2074 224 2102 250 C.
2124 223 2190 251 1567

2036 823 2069 844 Sic
2094 825 2194 844 nominati

2010 856 2035 877 ab
2092 857 2194 884 episcopo

2011 886 2166 908 examinentur.

2035 1247 2077 1269 Sex
2088 1249 2195 1269 examina-

2010 1281 2068 1300 tores
2089 1279 2110 1300 in
2126 1279 2195 1305 quatt-

2008 1309 2146 1332 betdioecesi
2161 1312 2194 1333 de-

2010 1343 2105 1369 putandi.

1239 1668 1414 1707 vacatione,
1435 1674 1490 1701 aut
1511 1671 1638 1701 eosdem
1660 1674 1724 1701 tres
1744 1674 1799 1701 aut
1819 1669 1899 1703 alios
1915 1675 1991 1711 tres,
2023 1693 2026 1696 -

1238 1732 1320 1764 quos
1336 1721 1404 1765 ipse
1425 1722 1598 1765 episcopus
1614 1722 1777 1763 maluerit,
1797 1733 1833 1755 ex
1849 1723 1993 1766 praefatis

1238 1774 1300 1807 illis
1321 1786 1374 1807 sex
1394 1776 1500 1817 eligat.

1281 1828 1341 1868 {⁵5-
1366 1828 1432 1861 Sint
1454 1840 1528 1861 vero
1555 1830 1575 1861 ii
1596 1829 1831 1862 examinatores
1848 1829 1991 1872 magistri

1237 1892 1291 1913 seu
1326 1882 1473 1914 doctores
1503 1888 1557 1914 aut
1582 1882 1736 1915 licentiati
1770 1882 1802 1915 in
1827 1882 1988 1926 theologia

1237 1940 1291 1966 aut
1310 1935 1378 1967 iure
1400 1935 1568 1975 canonico,
1592 1936 1639 1968 rel
1660 1935 1713 1968 alii
1735 1935 1845 1968 clerici
1868 1947 1923 1969 seu
1945 1947 1992 1970 re-

1236 1989 1376 2030 gulares,
1409 1989 1505 2021 etiam
1527 2000 1563 2021 ex
1583 1988 1701 2021 Ordine
1723 1989 1989 2029 Mendicantium,

1236 2047 1291 2073 aut
1307 2042 1402 2074 etiam
1418 2043 1611 2081 saeculares,
1628 2042 1683 2085 qui
1697 2042 1736 2074 ad
1752 2041 1782 2074 id
1796 2041 1992 2075 videbuntur

1237 2095 1337 2137 magis
1359 2095 1478 2135 idonei3
1499 2096 1672 2138 iurentque
1693 2106 1805 2128 omnes
1822 2095 1862 2128 ad
1878 2100 1988 2129 sancta

1236 2147 1289 2180 Dei
1305 2148 1474 2191 Evangelia
1494 2160 1537 2188 se,
1556 2159 1763 2192 quacumque
1783 2149 1926 2182 humana
1943 2149 1990 2181 af-

1236 2200 1373 2234 fectione
1403 2202 1592 2246 postposita,
1615 2202 1753 2235 fideliter
1773 2195 1892 2236 munus
1916 2213 1989 2235 exe-

1236 2260 1380 2295 cuturos3
1394 2262 1590 2300 caveantque
1602 2267 1641 2290 ne
1653 2256 1829 2300 quidquam
1842 2267 1986 2301 prorsus,

1235 2309 1403 2341 occasione
1430 2310 1526 2342 liuius
1555 2310 1721 2351 examinis,
1751 2320 1810 2344 nec
1836 2316 1909 2344 ante
1929 2321 1989 2345 nec

1236 2367 1315 2404 post,
1336 2362 1514 2405 accipiant:
1534 2363 1678 2407 alioquin
1690 2364 1845 2397 simoniae
1861 2364 1985 2406 vitium,

1236 2414 1297 2441 tam
1312 2410 1370 2452 ipsi
1387 2422 1483 2453 quam
1499 2411 1552 2443 alii
1564 2411 1676 2445 dantes
1692 2412 1871 2452 incurrant,
1887 2423 1905 2445 a
1923 2424 1987 2457 qua

1234 2458 1353 2491 absolvi
1384 2466 1546 2502 nequeant
1566 2460 1627 2492 nisi
1647 2460 1786 2493 dimissis
1806 2460 1984 2502 beneficiis,

1234 2517 1316 2548 quae
1337 2508 1655 2552 quomodocumque,
1676 2509 1770 2541 etiam
1792 2514 1896 2549 antea,
1929 2509 1986 2542 ob-

1235 2553 1396 2593 tinebant3
1426 2561 1455 2588 et
1485 2556 1524 2589 de
1545 2557 1593 2590 liis
1614 2557 1763 2590 omnibus
1790 2567 1855 2590 non
1881 2557 1986 2590 solum

1234 2613 1341 2635 coram
1355 2604 1431 2641 Deo,
1445 2605 1499 2638 sed
1512 2606 1606 2639 etiam
1624 2605 1655 2638 in
1670 2605 1791 2649 synodo
1808 2605 1983 2649 praedicta,

2032 1839 2150 1865 Quatttates
2169 1839 2190 1859 iu

2006 1869 2184 1890 examinatoribus

2006 1901 2158 1927 requirendae.
