<?xml version="1.0" encoding="UTF-8"?>
<!DOCTYPE html PUBLIC "-//W3C//DTD XHTML 1.0 Transitional//EN"
    "http://www.w3.org/TR/xhtml1/DTD/xhtml1-transitional.dtd">
<html xmlns="http://www.w3.org/1999/xhtml" xml:lang="en" lang="en">
 <head>
  <title>
</title>
<meta http-equiv="Content-Type" content="text/html;charset=utf-8" />
  <meta name='ocr-system' content='tesseract 3.04.00' />
  <meta name='ocr-capabilities' content='ocr_page ocr_carea ocr_par ocr_line ocrx_word'/>
</head>
<body>
  <div class='ocr_page' id='page_1' title='image "./bullarumdiplomat07cath_0184.png"; bbox 0 0 2237 3100; ppageno 0'>
   <div class='ocr_carea' id='block_1_1' title="bbox 1018 250 2222 301">
    <p class='ocr_par' dir='ltr' id='par_1_1' title="bbox 1018 250 2222 301">
     <span class='ocr_line' id='line_1_1' title="bbox 1018 250 2222 301; baseline -0.004 0"><span class='ocrx_word' id='word_1_1' title='bbox 1018 274 1200 301; x_wconf 77' lang='lat' dir='ltr'>BULLARIUM</span> <span class='ocrx_word' id='word_1_2' title='bbox 1222 273 1375 298; x_wconf 76' lang='lat' dir='ltr'>ROMANUM</span> <span class='ocrx_word' id='word_1_3' title='bbox 1974 266 2026 294; x_wconf 78' lang='lat' dir='ltr'>An.</span> <span class='ocrx_word' id='word_1_4' title='bbox 2043 267 2072 295; x_wconf 85' lang='lat' dir='ltr'>C.</span> <span class='ocrx_word' id='word_1_5' title='bbox 2092 266 2158 296; x_wconf 58' lang='lat'><strong>{2361</strong></span> <span class='ocrx_word' id='word_1_6' title='bbox 2191 250 2222 288; x_wconf 32' lang='lat' dir='ltr'>vi·</span> 
     </span>
    </p>
   </div>
   <div class='ocr_carea' id='block_1_2' title="bbox 1200 324 2161 383">
    <p class='ocr_par' dir='ltr' id='par_1_2' title="bbox 1200 324 2161 383">
     <span class='ocr_line' id='line_1_2' title="bbox 1200 324 2161 376; baseline -0.007 -16"><span class='ocrx_word' id='word_1_7' title='bbox 1200 327 1337 371; x_wconf 86' lang='lat' dir='ltr'>hospitis</span> <span class='ocrx_word' id='word_1_8' title='bbox 1366 330 1397 359; x_wconf 88' lang='lat' dir='ltr'>et</span> <span class='ocrx_word' id='word_1_9' title='bbox 1420 324 1594 359; x_wconf 76' lang='lat' dir='ltr'>tabernarii</span> <span class='ocrx_word' id='word_1_10' title='bbox 1619 324 1659 358; x_wconf 85' lang='lat' dir='ltr'>ad</span> <span class='ocrx_word' id='word_1_11' title='bbox 1692 332 1844 369; x_wconf 82' lang='lat' dir='ltr'>praesens</span> <span class='ocrx_word' id='word_1_12' title='bbox 1872 331 1961 356; x_wconf 86' lang='lat' dir='ltr'>exer·</span> <span class='ocrx_word' id='word_1_13' title='bbox 1975 324 2079 376; x_wconf 54' lang='lat' dir='ltr'>{fficirit</span> <span class='ocrx_word' id='word_1_14' title='bbox 2094 329 2161 352; x_wconf 69' lang='lat'>‹1⁰⁰¹-</span> 
     </span>
     <span class='ocr_line' id='line_1_3' title="bbox 2025 361 2160 383; baseline 0.015 -7"><span class='ocrx_word' id='word_1_15' title='bbox 2025 361 2064 383; x_wconf 78' lang='lat' dir='ltr'>que</span> <span class='ocrx_word' id='word_1_16' title='bbox 2080 361 2160 383; x_wconf 76' lang='lat' dir='ltr'>caupo-</span> 
     </span>
    </p>
   </div>
   <div class='ocr_carea' id='block_1_3' title="bbox 1202 376 2162 424">
    <p class='ocr_par' dir='ltr' id='par_1_3' title="bbox 1202 376 2162 424">
     <span class='ocr_line' id='line_1_4' title="bbox 1202 376 2162 424; baseline -0.006 -10"><span class='ocrx_word' id='word_1_17' title='bbox 1202 386 1321 421; x_wconf 85' lang='lat' dir='ltr'>centes,</span> <span class='ocrx_word' id='word_1_18' title='bbox 1352 379 1434 413; x_wconf 80' lang='lat' dir='ltr'>infra</span> <span class='ocrx_word' id='word_1_19' title='bbox 1463 379 1649 424; x_wconf 88' lang='lat' dir='ltr'>quindecim</span> <span class='ocrx_word' id='word_1_20' title='bbox 1674 379 1762 419; x_wconf 88' lang='lat' dir='ltr'>dies;</span> <span class='ocrx_word' id='word_1_21' title='bbox 1792 376 1845 411; x_wconf 91' lang='lat' dir='ltr'>alii</span> <span class='ocrx_word' id='word_1_22' title='bbox 1884 386 1960 410; x_wconf 87' lang='lat' dir='ltr'>vero</span> <span class='ocrx_word' id='word_1_23' title='bbox 1976 393 2014 408; x_wconf 74' lang='lat' dir='ltr'>ne·</span> <span class='ocrx_word' id='word_1_24' title='bbox 2030 390 2051 408; x_wconf 62' lang='grc' dir='ltr'>ει</span> <span class='ocrx_word' id='word_1_25' title='bbox 2064 387 2162 409; x_wconf 65' lang='lat' dir='ltr'>imm·-</span> 
     </span>
    </p>
   </div>
   <div class='ocr_carea' id='block_1_4' title="bbox 447 271 512 306">
    <p class='ocr_par' dir='ltr' id='par_1_4' title="bbox 447 271 512 306">
     <span class='ocr_line' id='line_1_5' title="bbox 447 271 512 306; baseline 0.015 -1"><span class='ocrx_word' id='word_1_26' title='bbox 447 271 512 306; x_wconf 79' lang='lat'>150</span> 
     </span>
    </p>
   </div>
   <div class='ocr_carea' id='block_1_5' title="bbox 403 335 1159 431">
    <p class='ocr_par' dir='ltr' id='par_1_5' title="bbox 403 335 1159 431">
     <span class='ocr_line' id='line_1_6' title="bbox 405 335 1159 378; baseline -0.009 -9"><span class='ocrx_word' id='word_1_27' title='bbox 405 338 605 378; x_wconf 82' lang='lat' dir='ltr'>cognoscunt</span> <span class='ocrx_word' id='word_1_28' title='bbox 642 338 673 367; x_wconf 89' lang='lat' dir='ltr'>et</span> <span class='ocrx_word' id='word_1_29' title='bbox 701 341 896 376; x_wconf 76' lang='lat' dir='ltr'>cognoscere</span> <span class='ocrx_word' id='word_1_30' title='bbox 920 335 1072 375; x_wconf 70' lang='lat' dir='ltr'>possuntg</span> <span class='ocrx_word' id='word_1_31' title='bbox 1103 339 1159 363; x_wconf 91' lang='lat' dir='ltr'>seu</span> 
     </span>
     <span class='ocr_line' id='line_1_7' title="bbox 403 384 1159 431; baseline -0.008 -10"><span class='ocrx_word' id='word_1_32' title='bbox 403 388 496 422; x_wconf 88' lang='lat' dir='ltr'>facile</span> <span class='ocrx_word' id='word_1_33' title='bbox 525 389 563 422; x_wconf 92' lang='lat' dir='ltr'>de</span> <span class='ocrx_word' id='word_1_34' title='bbox 593 388 638 422; x_wconf 86' lang='lat' dir='ltr'>eis</span> <span class='ocrx_word' id='word_1_35' title='bbox 677 396 855 431; x_wconf 81' lang='lat' dir='ltr'>eorumque</span> <span class='ocrx_word' id='word_1_36' title='bbox 885 384 1090 419; x_wconf 88' lang='lat' dir='ltr'>facultatibus</span> <span class='ocrx_word' id='word_1_37' title='bbox 1127 393 1159 415; x_wconf 85' lang='lat' dir='ltr'>se</span> 
     </span>
    </p>
   </div>
   <div class='ocr_carea' id='block_1_6' title="bbox 203 281 386 311">
    <p class='ocr_par' dir='ltr' id='par_1_6' title="bbox 203 281 386 311">
     <span class='ocr_line' id='line_1_8' title="bbox 203 281 386 311; baseline 0.005 -3"><span class='ocrx_word' id='word_1_38' title='bbox 203 281 256 308; x_wconf 77' lang='lat' dir='ltr'>An.</span> <span class='ocrx_word' id='word_1_39' title='bbox 273 281 301 309; x_wconf 87' lang='lat' dir='ltr'>C.</span> <span class='ocrx_word' id='word_1_40' title='bbox 321 281 386 311; x_wconf 77' lang='lat'>¹56¹</span> 
     </span>
    </p>
   </div>
   <div class='ocr_carea' id='block_1_7' title="bbox 1976 418 2161 439">
    <p class='ocr_par' dir='ltr' id='par_1_7' title="bbox 1976 418 2161 439">
     <span class='ocr_line' id='line_1_9' title="bbox 1976 418 2161 439; baseline 0 0"><span class='ocrx_word' id='word_1_41' title='bbox 1976 420 2019 439; x_wconf 85' lang='lat' dir='ltr'>rios</span> <span class='ocrx_word' id='word_1_42' title='bbox 2035 423 2112 439; x_wconf 76' lang='lat' dir='ltr'>cavei-u</span> <span class='ocrx_word' id='word_1_43' title='bbox 2122 418 2161 439; x_wconf 79' lang='lat' dir='ltr'>de-</span> 
     </span>
    </p>
   </div>
   <div class='ocr_carea' id='block_1_8' title="bbox 199 2109 386 2348">
    <p class='ocr_par' dir='ltr' id='par_1_8' title="bbox 199 2109 386 2348">
     <span class='ocr_line' id='line_1_10' title="bbox 251 2109 383 2131; baseline 0.008 -1"><span class='ocrx_word' id='word_1_44' title='bbox 251 2109 383 2131; x_wconf 74' lang='lat' dir='ltr'>Proxenetas</span> 
     </span>
     <span class='ocr_line' id='line_1_11' title="bbox 199 2141 384 2162; baseline 0.005 -1"><span class='ocrx_word' id='word_1_45' title='bbox 199 2142 228 2162; x_wconf 85' lang='lat' dir='ltr'>ita</span> <span class='ocrx_word' id='word_1_46' title='bbox 275 2141 384 2162; x_wconf 75' lang='lat' dir='ltr'>solventes</span> 
     </span>
     <span class='ocr_line' id='line_1_12' title="bbox 201 2174 386 2199; baseline 0.011 -7"><span class='ocrx_word' id='word_1_47' title='bbox 201 2178 264 2198; x_wconf 71' lang='lat' dir='ltr'>agere</span> <span class='ocrx_word' id='word_1_48' title='bbox 275 2179 337 2199; x_wconf 74' lang='lat' dir='ltr'>posse</span> <span class='ocrx_word' id='word_1_49' title='bbox 347 2174 386 2194; x_wconf 85' lang='lat' dir='ltr'>de-</span> 
     </span>
     <span class='ocr_line' id='line_1_13' title="bbox 202 2203 385 2225; baseline 0.011 -2"><span class='ocrx_word' id='word_1_50' title='bbox 202 2203 268 2224; x_wconf 77' lang='lat' dir='ltr'>clarat</span> <span class='ocrx_word' id='word_1_51' title='bbox 310 2207 385 2225; x_wconf 67' lang='lat' dir='ltr'>contra</span> 
     </span>
     <span class='ocr_line' id='line_1_14' title="bbox 200 2236 383 2262; baseline 0.005 -7"><span class='ocrx_word' id='word_1_52' title='bbox 200 2238 309 2262; x_wconf 78' lang='lat' dir='ltr'>omptores</span> <span class='ocrx_word' id='word_1_53' title='bbox 334 2236 383 2261; x_wconf 68' lang='lat' dir='ltr'>viniy</span> 
     </span>
     <span class='ocr_line' id='line_1_15' title="bbox 199 2267 384 2293; baseline 0.005 -7"><span class='ocrx_word' id='word_1_54' title='bbox 199 2270 261 2292; x_wconf 86' lang='lat' dir='ltr'>prout</span> <span class='ocrx_word' id='word_1_55' title='bbox 273 2267 289 2287; x_wconf 77' lang='lat' dir='ltr'>si</span> <span class='ocrx_word' id='word_1_56' title='bbox 301 2267 384 2293; x_wconf 75' lang='lat' dir='ltr'>ipsimet</span> 
     </span>
     <span class='ocr_line' id='line_1_16' title="bbox 199 2298 385 2318; baseline 0.005 -2"><span class='ocrx_word' id='word_1_57' title='bbox 199 2298 269 2316; x_wconf 82' lang='lat' dir='ltr'>vinum</span> <span class='ocrx_word' id='word_1_58' title='bbox 286 2298 317 2317; x_wconf 82' lang='lat' dir='ltr'>eis</span> <span class='ocrx_word' id='word_1_59' title='bbox 331 2303 385 2318; x_wconf 79' lang='lat' dir='ltr'>ven-</span> 
     </span>
     <span class='ocr_line' id='line_1_17' title="bbox 200 2327 312 2348; baseline 0.009 -1"><span class='ocrx_word' id='word_1_60' title='bbox 200 2327 312 2348; x_wconf 73' lang='lat' dir='ltr'>didissent:</span> 
     </span>
    </p>
   </div>
   <div class='ocr_carea' id='block_1_9' title="bbox 199 2570 384 2692">
    <p class='ocr_par' dir='ltr' id='par_1_9' title="bbox 199 2570 384 2692">
     <span class='ocr_line' id='line_1_18' title="bbox 213 2570 384 2599; baseline 0.006 -7"><span class='ocrx_word' id='word_1_61' title='bbox 213 2570 237 2592; x_wconf 85' lang='lat' dir='ltr'>Et</span> <span class='ocrx_word' id='word_1_62' title='bbox 252 2578 290 2599; x_wconf 81' lang='lat' dir='ltr'>pio</span> <span class='ocrx_word' id='word_1_63' title='bbox 311 2573 384 2593; x_wconf 73' lang='lat' dir='ltr'>maiori</span> 
     </span>
     <span class='ocr_line' id='line_1_19' title="bbox 199 2604 384 2625; baseline 0.011 -2"><span class='ocrx_word' id='word_1_64' title='bbox 199 2604 283 2623; x_wconf 77' lang='lat' dir='ltr'>cautela</span> <span class='ocrx_word' id='word_1_65' title='bbox 306 2609 384 2625; x_wconf 72' lang='lat' dir='ltr'>merca-</span> 
     </span>
     <span class='ocr_line' id='line_1_20' title="bbox 199 2635 384 2656; baseline 0.011 -2"><span class='ocrx_word' id='word_1_66' title='bbox 199 2638 266 2654; x_wconf 74' lang='lat' dir='ltr'>torum</span> <span class='ocrx_word' id='word_1_67' title='bbox 283 2635 325 2654; x_wconf 76' lang='lat' dir='ltr'>vini</span> <span class='ocrx_word' id='word_1_68' title='bbox 360 2641 384 2656; x_wconf 77' lang='lat' dir='ltr'>ae</span> 
     </span>
     <span class='ocr_line' id='line_1_21' title="bbox 199 2668 383 2692; baseline 0.005 -7"><span class='ocrx_word' id='word_1_69' title='bbox 199 2668 363 2691; x_wconf 68' lang='lat' dir='ltr'>proxenetnrum</span> <span class='ocrx_word' id='word_1_70' title='bbox 379 2682 383 2692; x_wconf 68' lang='lat'>,</span> 
     </span>
    </p>
   </div>
   <div class='ocr_carea' id='block_1_10' title="bbox 399 439 1163 2618">
    <p class='ocr_par' dir='ltr' id='par_1_10' title="bbox 399 439 1163 2036">
     <span class='ocr_line' id='line_1_22' title="bbox 403 439 1159 480; baseline -0.009 -4"><span class='ocrx_word' id='word_1_71' title='bbox 403 442 578 476; x_wconf 87' lang='lat' dir='ltr'>informare</span> <span class='ocrx_word' id='word_1_72' title='bbox 603 453 639 475; x_wconf 92' lang='lat' dir='ltr'>ac</span> <span class='ocrx_word' id='word_1_73' title='bbox 651 439 906 476; x_wconf 85' lang='lat' dir='ltr'>certioresreddi</span> <span class='ocrx_word' id='word_1_74' title='bbox 920 439 1056 474; x_wconf 78' lang='lat' dir='ltr'>valeant,</span> <span class='ocrx_word' id='word_1_75' title='bbox 1077 447 1159 480; x_wconf 86' lang='lat' dir='ltr'>quo-</span> 
     </span>
     <span class='ocr_line' id='line_1_23' title="bbox 401 491 1160 541; baseline -0.004 -12"><span class='ocrx_word' id='word_1_76' title='bbox 401 506 540 541; x_wconf 84' lang='lat' dir='ltr'>rumque</span> <span class='ocrx_word' id='word_1_77' title='bbox 556 496 651 529; x_wconf 86' lang='lat' dir='ltr'>fidem</span> <span class='ocrx_word' id='word_1_78' title='bbox 673 496 704 528; x_wconf 89' lang='lat' dir='ltr'>in</span> <span class='ocrx_word' id='word_1_79' title='bbox 733 494 918 528; x_wconf 85' lang='lat' dir='ltr'>nominibus</span> <span class='ocrx_word' id='word_1_80' title='bbox 946 498 975 525; x_wconf 90' lang='lat' dir='ltr'>et</span> <span class='ocrx_word' id='word_1_81' title='bbox 1004 491 1160 526; x_wconf 86' lang='lat' dir='ltr'>venditio-</span> 
     </span>
     <span class='ocr_line' id='line_1_24' title="bbox 402 546 1160 589; baseline -0.005 -7"><span class='ocrx_word' id='word_1_82' title='bbox 402 550 498 584; x_wconf 89' lang='lat' dir='ltr'>nibus</span> <span class='ocrx_word' id='word_1_83' title='bbox 518 550 672 584; x_wconf 78' lang='lat' dir='ltr'>faciendis</span> <span class='ocrx_word' id='word_1_84' title='bbox 692 549 724 582; x_wconf 92' lang='lat' dir='ltr'>in</span> <span class='ocrx_word' id='word_1_85' title='bbox 744 548 805 580; x_wconf 89' lang='lat' dir='ltr'>hoc</span> <span class='ocrx_word' id='word_1_86' title='bbox 822 546 956 589; x_wconf 73' lang='lat' dir='ltr'>negocio</span> <span class='ocrx_word' id='word_1_87' title='bbox 974 546 1160 581; x_wconf 86' lang='lat' dir='ltr'>huiusmodi</span> 
     </span>
     <span class='ocr_line' id='line_1_25' title="bbox 402 600 1160 646; baseline -0.003 -11"><span class='ocrx_word' id='word_1_88' title='bbox 402 603 551 637; x_wconf 90' lang='lat' dir='ltr'>vinorum</span> <span class='ocrx_word' id='word_1_89' title='bbox 579 602 760 636; x_wconf 74' lang='lat' dir='ltr'>venditores</span> <span class='ocrx_word' id='word_1_90' title='bbox 797 600 1036 643; x_wconf 87' lang='lat' dir='ltr'>quodammodo</span> <span class='ocrx_word' id='word_1_91' title='bbox 1071 601 1160 646; x_wconf 88' lang='lat' dir='ltr'>sequi</span> 
     </span>
     <span class='ocr_line' id='line_1_26' title="bbox 400 654 1162 697; baseline 0 -8"><span class='ocrx_word' id='word_1_92' title='bbox 400 656 560 697; x_wconf 89' lang='lat' dir='ltr'>videntur,</span> <span class='ocrx_word' id='word_1_93' title='bbox 588 657 627 689; x_wconf 89' lang='lat' dir='ltr'>ad</span> <span class='ocrx_word' id='word_1_94' title='bbox 651 655 845 688; x_wconf 85' lang='lat' dir='ltr'>solutionem</span> <span class='ocrx_word' id='word_1_95' title='bbox 866 654 960 697; x_wconf 87' lang='lat' dir='ltr'>pretii</span> <span class='ocrx_word' id='word_1_96' title='bbox 977 654 1162 689; x_wconf 84' lang='lat' dir='ltr'>cuiuscum-</span> 
     </span>
     <span class='ocr_line' id='line_1_27' title="bbox 402 706 1161 755; baseline 0 -12"><span class='ocrx_word' id='word_1_97' title='bbox 402 720 465 753; x_wconf 88' lang='lat' dir='ltr'>que</span> <span class='ocrx_word' id='word_1_98' title='bbox 484 709 670 755; x_wconf 70' lang='lat' dir='ltr'>quantitatis</span> <span class='ocrx_word' id='word_1_99' title='bbox 689 708 764 747; x_wconf 76' lang='lat' dir='ltr'>vini,</span> <span class='ocrx_word' id='word_1_100' title='bbox 784 706 828 740; x_wconf 88' lang='lat' dir='ltr'>cis</span> <span class='ocrx_word' id='word_1_101' title='bbox 854 707 1070 742; x_wconf 76' lang='lat' dir='ltr'>mediantibus</span> <span class='ocrx_word' id='word_1_102' title='bbox 1085 721 1161 743; x_wconf 90' lang='lat' dir='ltr'>ven-</span> 
     </span>
     <span class='ocr_line' id='line_1_28' title="bbox 402 761 1161 802; baseline 0 -5"><span class='ocrx_word' id='word_1_103' title='bbox 402 763 467 801; x_wconf 83' lang='lat' dir='ltr'>diti,</span> <span class='ocrx_word' id='word_1_104' title='bbox 489 770 519 797; x_wconf 93' lang='lat' dir='ltr'>et</span> <span class='ocrx_word' id='word_1_105' title='bbox 538 761 757 797; x_wconf 73' lang='lat' dir='ltr'>venditoribus</span> <span class='ocrx_word' id='word_1_106' title='bbox 781 771 846 793; x_wconf 90' lang='lat' dir='ltr'>non</span> <span class='ocrx_word' id='word_1_107' title='bbox 867 761 979 802; x_wconf 83' lang='lat' dir='ltr'>soluti,</span> <span class='ocrx_word' id='word_1_108' title='bbox 1003 762 1035 795; x_wconf 89' lang='lat' dir='ltr'>in</span> <span class='ocrx_word' id='word_1_109' title='bbox 1056 764 1161 797; x_wconf 91' lang='lat' dir='ltr'>omni-</span> 
     </span>
     <span class='ocr_line' id='line_1_29' title="bbox 401 814 1161 862; baseline 0.004 -14"><span class='ocrx_word' id='word_1_110' title='bbox 401 816 461 849; x_wconf 87' lang='lat' dir='ltr'>bus</span> <span class='ocrx_word' id='word_1_111' title='bbox 482 822 512 850; x_wconf 87' lang='lat' dir='ltr'>et</span> <span class='ocrx_word' id='word_1_112' title='bbox 532 828 590 862; x_wconf 89' lang='lat' dir='ltr'>per</span> <span class='ocrx_word' id='word_1_113' title='bbox 618 815 738 856; x_wconf 87' lang='lat' dir='ltr'>omnia,</span> <span class='ocrx_word' id='word_1_114' title='bbox 771 825 807 848; x_wconf 85' lang='lat' dir='ltr'>ac</span> <span class='ocrx_word' id='word_1_115' title='bbox 837 814 862 847; x_wconf 82' lang='lat' dir='ltr'>si</span> <span class='ocrx_word' id='word_1_116' title='bbox 892 814 968 862; x_wconf 83' lang='lat' dir='ltr'>ipsis</span> <span class='ocrx_word' id='word_1_117' title='bbox 997 817 1161 851; x_wconf 89' lang='lat' dir='ltr'>venditum</span> 
     </span>
     <span class='ocr_line' id='line_1_30' title="bbox 401 868 1162 916; baseline 0.005 -15"><span class='ocrx_word' id='word_1_118' title='bbox 401 869 523 910; x_wconf 83' lang='lat' dir='ltr'>fuisset,</span> <span class='ocrx_word' id='word_1_119' title='bbox 544 875 728 908; x_wconf 86' lang='lat' dir='ltr'>teneantur,</span> <span class='ocrx_word' id='word_1_120' title='bbox 751 868 831 901; x_wconf 89' lang='lat' dir='ltr'>adeo</span> <span class='ocrx_word' id='word_1_121' title='bbox 858 873 909 909; x_wconf 80' lang='lat' dir='ltr'>ut,</span> <span class='ocrx_word' id='word_1_122' title='bbox 937 869 1020 903; x_wconf 87' lang='lat' dir='ltr'>facta</span> <span class='ocrx_word' id='word_1_123' title='bbox 1040 878 1162 916; x_wconf 91' lang='lat' dir='ltr'>empto-</span> 
     </span>
     <span class='ocr_line' id='line_1_31' title="bbox 401 922 1161 969; baseline 0.007 -15"><span class='ocrx_word' id='word_1_124' title='bbox 401 922 503 965; x_wconf 80' lang='lat' dir='ltr'>ribus,</span> <span class='ocrx_word' id='word_1_125' title='bbox 526 935 583 968; x_wconf 90' lang='lat' dir='ltr'>per</span> <span class='ocrx_word' id='word_1_126' title='bbox 604 923 733 957; x_wconf 89' lang='lat' dir='ltr'>eosdem</span> <span class='ocrx_word' id='word_1_127' title='bbox 745 922 938 962; x_wconf 81' lang='lat' dir='ltr'>venditores,</span> <span class='ocrx_word' id='word_1_128' title='bbox 951 923 1036 957; x_wconf 89' lang='lat' dir='ltr'>trina</span> <span class='ocrx_word' id='word_1_129' title='bbox 1052 925 1161 969; x_wconf 90' lang='lat' dir='ltr'>requi-</span> 
     </span>
     <span class='ocr_line' id='line_1_32' title="bbox 401 976 1161 1019; baseline 0.007 -11"><span class='ocrx_word' id='word_1_130' title='bbox 401 976 515 1011; x_wconf 86' lang='lat' dir='ltr'>sitione</span> <span class='ocrx_word' id='word_1_131' title='bbox 536 977 678 1011; x_wconf 79' lang='lat' dir='ltr'>iudiciali</span> <span class='ocrx_word' id='word_1_132' title='bbox 706 987 761 1009; x_wconf 87' lang='lat' dir='ltr'>seu</span> <span class='ocrx_word' id='word_1_133' title='bbox 789 976 1035 1019; x_wconf 76' lang='lat' dir='ltr'>eximiudiciali,</span> <span class='ocrx_word' id='word_1_134' title='bbox 1066 980 1161 1013; x_wconf 89' lang='lat' dir='ltr'>etiam</span> 
     </span>
     <span class='ocr_line' id='line_1_33' title="bbox 401 1030 1162 1076; baseline 0.007 -13"><span class='ocrx_word' id='word_1_135' title='bbox 401 1030 498 1064; x_wconf 88' lang='lat' dir='ltr'>unico</span> <span class='ocrx_word' id='word_1_136' title='bbox 518 1036 680 1071; x_wconf 84' lang='lat' dir='ltr'>contextu,</span> <span class='ocrx_word' id='word_1_137' title='bbox 708 1031 791 1063; x_wconf 83' lang='lat' dir='ltr'>etde</span> <span class='ocrx_word' id='word_1_138' title='bbox 815 1031 925 1064; x_wconf 86' lang='lat' dir='ltr'>eadem</span> <span class='ocrx_word' id='word_1_139' title='bbox 951 1033 1162 1076; x_wconf 81' lang='lat' dir='ltr'>requisitione</span> 
     </span>
     <span class='ocr_line' id='line_1_34' title="bbox 401 1084 1162 1128; baseline 0.007 -12"><span class='ocrx_word' id='word_1_140' title='bbox 401 1094 511 1117; x_wconf 87' lang='lat' dir='ltr'>coram</span> <span class='ocrx_word' id='word_1_141' title='bbox 540 1085 646 1118; x_wconf 87' lang='lat' dir='ltr'>iudice</span> <span class='ocrx_word' id='word_1_142' title='bbox 674 1084 869 1128; x_wconf 80' lang='lat' dir='ltr'>competenti</span> <span class='ocrx_word' id='word_1_143' title='bbox 899 1084 995 1119; x_wconf 86' lang='lat' dir='ltr'>etiam</span> <span class='ocrx_word' id='word_1_144' title='bbox 1021 1087 1083 1121; x_wconf 90' lang='lat' dir='ltr'>fide</span> <span class='ocrx_word' id='word_1_145' title='bbox 1115 1088 1162 1120; x_wconf 84' lang='lat' dir='ltr'>sa-</span> 
     </span>
     <span class='ocr_line' id='line_1_35' title="bbox 401 1138 1161 1182; baseline 0.008 -13"><span class='ocrx_word' id='word_1_146' title='bbox 401 1143 463 1178; x_wconf 85' lang='lat' dir='ltr'>cta,</span> <span class='ocrx_word' id='word_1_147' title='bbox 486 1138 555 1182; x_wconf 85' lang='lat' dir='ltr'>ipso</span> <span class='ocrx_word' id='word_1_148' title='bbox 575 1139 658 1172; x_wconf 82' lang='lat' dir='ltr'>sacto</span> <span class='ocrx_word' id='word_1_149' title='bbox 679 1138 833 1182; x_wconf 87' lang='lat' dir='ltr'>nullaque</span> <span class='ocrx_word' id='word_1_150' title='bbox 861 1138 999 1173; x_wconf 86' lang='lat' dir='ltr'>admissa</span> <span class='ocrx_word' id='word_1_151' title='bbox 1029 1151 1161 1174; x_wconf 88' lang='lat' dir='ltr'>excusa-</span> 
     </span>
     <span class='ocr_line' id='line_1_36' title="bbox 402 1184 1162 1231; baseline 0.007 -8"><span class='ocrx_word' id='word_1_152' title='bbox 402 1191 498 1231; x_wconf 86' lang='lat' dir='ltr'>tione,</span> <span class='ocrx_word' id='word_1_153' title='bbox 513 1192 551 1225; x_wconf 91' lang='lat' dir='ltr'>ad</span> <span class='ocrx_word' id='word_1_154' title='bbox 569 1184 682 1225; x_wconf 82' lang='lat' dir='ltr'>eorum</span> <span class='ocrx_word' id='word_1_155' title='bbox 699 1191 893 1225; x_wconf 88' lang='lat' dir='ltr'>solutionem</span> <span class='ocrx_word' id='word_1_156' title='bbox 915 1193 1066 1228; x_wconf 88' lang='lat' dir='ltr'>omnibus</span> <span class='ocrx_word' id='word_1_157' title='bbox 1083 1195 1162 1228; x_wconf 84' lang='lat' dir='ltr'>iuris</span> 
     </span>
     <span class='ocr_line' id='line_1_37' title="bbox 400 1244 1161 1285; baseline 0.007 -9"><span class='ocrx_word' id='word_1_158' title='bbox 400 1249 430 1276; x_wconf 88' lang='lat' dir='ltr'>ct</span> <span class='ocrx_word' id='word_1_159' title='bbox 450 1245 523 1278; x_wconf 83' lang='lat' dir='ltr'>facti</span> <span class='ocrx_word' id='word_1_160' title='bbox 550 1244 711 1285; x_wconf 79' lang='lat' dir='ltr'>remediis,</span> <span class='ocrx_word' id='word_1_161' title='bbox 730 1246 848 1285; x_wconf 85' lang='lat' dir='ltr'>statim,</span> <span class='ocrx_word' id='word_1_162' title='bbox 862 1246 958 1279; x_wconf 86' lang='lat' dir='ltr'>unica</span> <span class='ocrx_word' id='word_1_163' title='bbox 974 1252 1098 1281; x_wconf 86' lang='lat' dir='ltr'>tantum</span> <span class='ocrx_word' id='word_1_164' title='bbox 1119 1249 1161 1281; x_wconf 89' lang='lat' dir='ltr'>ci-</span> 
     </span>
     <span class='ocr_line' id='line_1_38' title="bbox 400 1297 1160 1343; baseline 0.007 -13"><span class='ocrx_word' id='word_1_165' title='bbox 400 1297 520 1331; x_wconf 78' lang='lat' dir='ltr'>tatione</span> <span class='ocrx_word' id='word_1_166' title='bbox 541 1298 768 1342; x_wconf 76' lang='lat' dir='ltr'>praecedentc,</span> <span class='ocrx_word' id='word_1_167' title='bbox 792 1298 898 1335; x_wconf 77' lang='lat' dir='ltr'>etiam,</span> <span class='ocrx_word' id='word_1_168' title='bbox 916 1300 940 1332; x_wconf 89' lang='lat' dir='ltr'>si</span> <span class='ocrx_word' id='word_1_169' title='bbox 952 1310 1034 1343; x_wconf 89' lang='lat' dir='ltr'>opus</span> <span class='ocrx_word' id='word_1_170' title='bbox 1054 1302 1160 1341; x_wconf 82' lang='lat' dir='ltr'>fucrit,</span> 
     </span>
     <span class='ocr_line' id='line_1_39' title="bbox 402 1352 1160 1394; baseline 0.004 -10"><span class='ocrx_word' id='word_1_171' title='bbox 402 1361 460 1394; x_wconf 89' lang='lat' dir='ltr'>per</span> <span class='ocrx_word' id='word_1_172' title='bbox 481 1352 756 1385; x_wconf 77' lang='lat' dir='ltr'>subliastationem</span> <span class='ocrx_word' id='word_1_173' title='bbox 777 1358 807 1385; x_wconf 87' lang='lat' dir='ltr'>et</span> <span class='ocrx_word' id='word_1_174' title='bbox 826 1353 1042 1386; x_wconf 86' lang='lat' dir='ltr'>venditionem</span> <span class='ocrx_word' id='word_1_175' title='bbox 1064 1355 1160 1387; x_wconf 83' lang='lat' dir='ltr'>officii</span> 
     </span>
     <span class='ocr_line' id='line_1_40' title="bbox 402 1405 1158 1449; baseline 0.005 -12"><span class='ocrx_word' id='word_1_176' title='bbox 402 1411 610 1446; x_wconf 76' lang='lat' dir='ltr'>proxenetae,</span> <span class='ocrx_word' id='word_1_177' title='bbox 623 1405 710 1448; x_wconf 90' lang='lat' dir='ltr'>quod</span> <span class='ocrx_word' id='word_1_178' title='bbox 728 1416 785 1449; x_wconf 92' lang='lat' dir='ltr'>pro</span> <span class='ocrx_word' id='word_1_179' title='bbox 797 1411 944 1449; x_wconf 88' lang='lat' dir='ltr'>tempore</span> <span class='ocrx_word' id='word_1_180' title='bbox 956 1407 1158 1445; x_wconf 75' lang='lat' dir='ltr'>obtinebunt.</span> 
     </span>
     <span class='ocr_line' id='line_1_41' title="bbox 400 1458 1160 1505; baseline 0.005 -15"><span class='ocrx_word' id='word_1_181' title='bbox 400 1468 608 1502; x_wconf 85' lang='lat' dir='ltr'>quacumque</span> <span class='ocrx_word' id='word_1_182' title='bbox 628 1458 844 1502; x_wconf 80' lang='lat' dir='ltr'>appellatione</span> <span class='ocrx_word' id='word_1_183' title='bbox 858 1465 992 1501; x_wconf 88' lang='lat' dir='ltr'>remota,</span> <span class='ocrx_word' id='word_1_184' title='bbox 1017 1462 1160 1505; x_wconf 88' lang='lat' dir='ltr'>compel-</span> 
     </span>
     <span class='ocr_line' id='line_1_42' title="bbox 400 1502 1162 1558; baseline 0.005 -14"><span class='ocrx_word' id='word_1_185' title='bbox 400 1510 520 1552; x_wconf 89' lang='lat' dir='ltr'>lantur,</span> <span class='ocrx_word' id='word_1_186' title='bbox 539 1502 599 1545; x_wconf 81' lang='lat' dir='ltr'>nisi</span> <span class='ocrx_word' id='word_1_187' title='bbox 619 1512 801 1545; x_wconf 72' lang='lat' dir='ltr'>venditores</span> <span class='ocrx_word' id='word_1_188' title='bbox 812 1513 945 1556; x_wconf 85' lang='lat' dir='ltr'>praefati</span> <span class='ocrx_word' id='word_1_189' title='bbox 962 1514 1162 1558; x_wconf 81' lang='lat' dir='ltr'>emptoribus</span> 
     </span>
     <span class='ocr_line' id='line_1_43' title="bbox 400 1563 1161 1610; baseline 0.005 -13"><span class='ocrx_word' id='word_1_190' title='bbox 400 1563 476 1608; x_wconf 91' lang='lat' dir='ltr'>ipsis</span> <span class='ocrx_word' id='word_1_191' title='bbox 505 1565 544 1598; x_wconf 87' lang='lat' dir='ltr'>ad</span> <span class='ocrx_word' id='word_1_192' title='bbox 574 1565 761 1599; x_wconf 85' lang='lat' dir='ltr'>solvendum</span> <span class='ocrx_word' id='word_1_193' title='bbox 786 1565 926 1610; x_wconf 88' lang='lat' dir='ltr'>pretium</span> <span class='ocrx_word' id='word_1_194' title='bbox 952 1566 1016 1600; x_wconf 88' lang='lat' dir='ltr'>vini</span> <span class='ocrx_word' id='word_1_195' title='bbox 1045 1568 1161 1601; x_wconf 79' lang='lat' dir='ltr'>venditi</span> 
     </span>
     <span class='ocr_line' id='line_1_44' title="bbox 400 1617 1161 1665; baseline 0.005 -14"><span class='ocrx_word' id='word_1_196' title='bbox 400 1617 587 1652; x_wconf 85' lang='lat' dir='ltr'>dilationem</span> <span class='ocrx_word' id='word_1_197' title='bbox 599 1620 683 1652; x_wconf 88' lang='lat' dir='ltr'>ultra</span> <span class='ocrx_word' id='word_1_198' title='bbox 701 1619 811 1662; x_wconf 82' lang='lat' dir='ltr'>viginti</span> <span class='ocrx_word' id='word_1_199' title='bbox 832 1619 899 1653; x_wconf 90' lang='lat' dir='ltr'>dies</span> <span class='ocrx_word' id='word_1_200' title='bbox 915 1621 1049 1654; x_wconf 81' lang='lat' dir='ltr'>fecerint</span> <span class='ocrx_word' id='word_1_201' title='bbox 1065 1627 1161 1665; x_wconf 87' lang='lat' dir='ltr'>atque</span> 
     </span>
     <span class='ocr_line' id='line_1_45' title="bbox 401 1672 1163 1717; baseline 0.004 -11"><span class='ocrx_word' id='word_1_202' title='bbox 401 1673 631 1706; x_wconf 78' lang='lat' dir='ltr'>concesserint.</span> <span class='ocrx_word' id='word_1_203' title='bbox 663 1672 731 1712; x_wconf 87' lang='lat' dir='ltr'>Quo</span> <span class='ocrx_word' id='word_1_204' title='bbox 773 1684 849 1706; x_wconf 84' lang='lat' dir='ltr'>casu</span> <span class='ocrx_word' id='word_1_205' title='bbox 881 1681 1075 1717; x_wconf 74' lang='lat' dir='ltr'>proxenetae</span> <span class='ocrx_word' id='word_1_206' title='bbox 1103 1676 1163 1709; x_wconf 86' lang='lat' dir='ltr'>hu-</span> 
     </span>
     <span class='ocr_line' id='line_1_46' title="bbox 400 1724 1162 1765; baseline 0.005 -6"><span class='ocrx_word' id='word_1_207' title='bbox 400 1724 539 1760; x_wconf 87' lang='lat' dir='ltr'>iusmodi</span> <span class='ocrx_word' id='word_1_208' title='bbox 556 1727 741 1760; x_wconf 89' lang='lat' dir='ltr'>nullatenus</span> <span class='ocrx_word' id='word_1_209' title='bbox 757 1732 940 1765; x_wconf 82' lang='lat' dir='ltr'>teneantur,</span> <span class='ocrx_word' id='word_1_210' title='bbox 958 1728 1019 1761; x_wconf 88' lang='lat' dir='ltr'>nisi</span> <span class='ocrx_word' id='word_1_211' title='bbox 1040 1740 1162 1763; x_wconf 88' lang='lat' dir='ltr'>merca-</span> 
     </span>
     <span class='ocr_line' id='line_1_47' title="bbox 399 1780 1161 1826; baseline 0.005 -14"><span class='ocrx_word' id='word_1_212' title='bbox 399 1784 485 1813; x_wconf 84' lang='lat' dir='ltr'>tores</span> <span class='ocrx_word' id='word_1_213' title='bbox 510 1780 570 1824; x_wconf 91' lang='lat' dir='ltr'>ipsi</span> <span class='ocrx_word' id='word_1_214' title='bbox 599 1791 697 1825; x_wconf 82' lang='lat' dir='ltr'>opera</span> <span class='ocrx_word' id='word_1_215' title='bbox 736 1785 763 1814; x_wconf 85' lang='lat' dir='ltr'>et</span> <span class='ocrx_word' id='word_1_216' title='bbox 795 1781 976 1815; x_wconf 89' lang='lat' dir='ltr'>interventu</span> <span class='ocrx_word' id='word_1_217' title='bbox 1015 1783 1161 1826; x_wconf 89' lang='lat' dir='ltr'>ipsorum</span> 
     </span>
     <span class='ocr_line' id='line_1_48' title="bbox 400 1834 1161 1877; baseline 0.004 -10"><span class='ocrx_word' id='word_1_218' title='bbox 400 1839 664 1877; x_wconf 82' lang='lat' dir='ltr'>proxenetarum,</span> <span class='ocrx_word' id='word_1_219' title='bbox 691 1834 878 1868; x_wconf 87' lang='lat' dir='ltr'>dilationem</span> <span class='ocrx_word' id='word_1_220' title='bbox 904 1836 1091 1870; x_wconf 89' lang='lat' dir='ltr'>huiusmodi</span> <span class='ocrx_word' id='word_1_221' title='bbox 1116 1838 1161 1870; x_wconf 79' lang='lat' dir='ltr'>se-</span> 
     </span>
     <span class='ocr_line' id='line_1_49' title="bbox 399 1887 1161 1935; baseline 0.005 -15"><span class='ocrx_word' id='word_1_222' title='bbox 399 1887 478 1922; x_wconf 85' lang='lat' dir='ltr'>cisse</span> <span class='ocrx_word' id='word_1_223' title='bbox 500 1888 717 1932; x_wconf 66' lang='lat' dir='ltr'>probaverint:</span> <span class='ocrx_word' id='word_1_224' title='bbox 735 1900 800 1932; x_wconf 90' lang='lat' dir='ltr'>quo</span> <span class='ocrx_word' id='word_1_225' title='bbox 812 1890 959 1933; x_wconf 80' lang='lat' dir='ltr'>probato,</span> <span class='ocrx_word' id='word_1_226' title='bbox 977 1897 1161 1935; x_wconf 59' lang='lat' dir='ltr'>proxeneta}</span> 
     </span>
     <span class='ocr_line' id='line_1_50' title="bbox 399 1941 1160 1988; baseline 0.005 -14"><span class='ocrx_word' id='word_1_227' title='bbox 399 1941 544 1986; x_wconf 84' lang='lat' dir='ltr'>praedicti</span> <span class='ocrx_word' id='word_1_228' title='bbox 560 1942 599 1974; x_wconf 87' lang='lat' dir='ltr'>ad</span> <span class='ocrx_word' id='word_1_229' title='bbox 611 1942 798 1976; x_wconf 85' lang='lat' dir='ltr'>huiusmodi</span> <span class='ocrx_word' id='word_1_230' title='bbox 809 1944 1017 1985; x_wconf 88' lang='lat' dir='ltr'>solutionem,</span> <span class='ocrx_word' id='word_1_231' title='bbox 1030 1950 1063 1977; x_wconf 88' lang='lat' dir='ltr'>ut</span> <span class='ocrx_word' id='word_1_232' title='bbox 1077 1956 1160 1988; x_wconf 60' lang='lat' dir='ltr'>prze-</span> 
     </span>
     <span class='ocr_line' id='line_1_51' title="bbox 399 1995 712 2036; baseline 0.003 -8"><span class='ocrx_word' id='word_1_233' title='bbox 399 1995 512 2036; x_wconf 87' lang='lat' dir='ltr'>fertur,</span> <span class='ocrx_word' id='word_1_234' title='bbox 531 2000 712 2029; x_wconf 87' lang='lat' dir='ltr'>teneantur.</span> 
     </span>
    </p>

    <p class='ocr_par' dir='ltr' id='par_1_11' title="bbox 399 2047 1161 2509">
     <span class='ocr_line' id='line_1_52' title="bbox 443 2047 1161 2095; baseline 0.007 -15"><span class='ocrx_word' id='word_1_235' title='bbox 443 2049 458 2092; x_wconf 62' lang='lat' dir='ltr'>g</span> <span class='ocrx_word' id='word_1_236' title='bbox 478 2047 508 2081; x_wconf 81' lang='lat'>3.</span> <span class='ocrx_word' id='word_1_237' title='bbox 534 2048 623 2082; x_wconf 85' lang='lat' dir='ltr'>Salva</span> <span class='ocrx_word' id='word_1_238' title='bbox 645 2056 752 2084; x_wconf 86' lang='lat' dir='ltr'>tamen</span> <span class='ocrx_word' id='word_1_239' title='bbox 773 2051 1161 2095; x_wconf 86' lang='lat' dir='ltr'>remanente,praesentis</span> 
     </span>
     <span class='ocr_line' id='line_1_53' title="bbox 399 2101 1157 2149; baseline 0.005 -15"><span class='ocrx_word' id='word_1_240' title='bbox 399 2101 507 2135; x_wconf 87' lang='lat' dir='ltr'>statuti</span> <span class='ocrx_word' id='word_1_241' title='bbox 541 2107 570 2135; x_wconf 92' lang='lat' dir='ltr'>et</span> <span class='ocrx_word' id='word_1_242' title='bbox 596 2103 809 2138; x_wconf 85' lang='lat' dir='ltr'>ordinationis</span> <span class='ocrx_word' id='word_1_243' title='bbox 825 2104 945 2148; x_wconf 77' lang='lat' dir='ltr'>vigore,</span> <span class='ocrx_word' id='word_1_244' title='bbox 964 2105 1157 2149; x_wconf 87' lang='lat' dir='ltr'>proxenctis‚</span> 
     </span>
     <span class='ocr_line' id='line_1_54' title="bbox 400 2154 1160 2201; baseline 0.005 -14"><span class='ocrx_word' id='word_1_245' title='bbox 400 2155 432 2188; x_wconf 88' lang='lat' dir='ltr'>in</span> <span class='ocrx_word' id='word_1_246' title='bbox 461 2154 589 2189; x_wconf 85' lang='lat' dir='ltr'>casibus</span> <span class='ocrx_word' id='word_1_247' title='bbox 612 2156 645 2189; x_wconf 90' lang='lat' dir='ltr'>in</span> <span class='ocrx_word' id='word_1_248' title='bbox 674 2158 792 2201; x_wconf 87' lang='lat' dir='ltr'>quibus</span> <span class='ocrx_word' id='word_1_249' title='bbox 816 2163 1016 2199; x_wconf 88' lang='lat' dir='ltr'>tenerentur,</span> <span class='ocrx_word' id='word_1_250' title='bbox 1049 2163 1160 2192; x_wconf 88' lang='lat' dir='ltr'>contra</span> 
     </span>
     <span class='ocr_line' id='line_1_55' title="bbox 400 2208 1161 2254; baseline 0.004 -13"><span class='ocrx_word' id='word_1_251' title='bbox 400 2208 501 2242; x_wconf 88' lang='lat' dir='ltr'>dictos</span> <span class='ocrx_word' id='word_1_252' title='bbox 530 2214 694 2254; x_wconf 82' lang='lat' dir='ltr'>emptores</span> <span class='ocrx_word' id='word_1_253' title='bbox 714 2211 861 2253; x_wconf 87' lang='lat' dir='ltr'>actione,</span> <span class='ocrx_word' id='word_1_254' title='bbox 893 2212 926 2245; x_wconf 92' lang='lat' dir='ltr'>in</span> <span class='ocrx_word' id='word_1_255' title='bbox 951 2212 1102 2245; x_wconf 89' lang='lat' dir='ltr'>omnibus</span> <span class='ocrx_word' id='word_1_256' title='bbox 1131 2217 1161 2245; x_wconf 90' lang='lat' dir='ltr'>et</span> 
     </span>
     <span class='ocr_line' id='line_1_56' title="bbox 400 2263 1161 2309; baseline 0.005 -14"><span class='ocrx_word' id='word_1_257' title='bbox 400 2272 458 2305; x_wconf 89' lang='lat' dir='ltr'>per</span> <span class='ocrx_word' id='word_1_258' title='bbox 483 2263 603 2304; x_wconf 84' lang='lat' dir='ltr'>onmia,</span> <span class='ocrx_word' id='word_1_259' title='bbox 635 2275 671 2297; x_wconf 89' lang='lat' dir='ltr'>ac</span> <span class='ocrx_word' id='word_1_260' title='bbox 698 2264 722 2297; x_wconf 88' lang='lat' dir='ltr'>si</span> <span class='ocrx_word' id='word_1_261' title='bbox 748 2265 858 2298; x_wconf 90' lang='lat' dir='ltr'>vinum</span> <span class='ocrx_word' id='word_1_262' title='bbox 879 2266 1081 2309; x_wconf 88' lang='lat' dir='ltr'>praedictum</span> <span class='ocrx_word' id='word_1_263' title='bbox 1103 2276 1161 2309; x_wconf 87' lang='lat' dir='ltr'>per</span> 
     </span>
     <span class='ocr_line' id='line_1_57' title="bbox 399 2317 1159 2363; baseline 0.005 -15"><span class='ocrx_word' id='word_1_264' title='bbox 399 2325 454 2349; x_wconf 85' lang='lat' dir='ltr'>eos</span> <span class='ocrx_word' id='word_1_265' title='bbox 465 2317 667 2360; x_wconf 88' lang='lat' dir='ltr'>emptoribus</span> <span class='ocrx_word' id='word_1_266' title='bbox 678 2318 842 2352; x_wconf 86' lang='lat' dir='ltr'>venditum</span> <span class='ocrx_word' id='word_1_267' title='bbox 855 2318 1018 2359; x_wconf 76' lang='lat' dir='ltr'>extitisset,</span> <span class='ocrx_word' id='word_1_268' title='bbox 1033 2319 1159 2363; x_wconf 78' lang='lat' dir='ltr'>ipsique</span> 
     </span>
     <span class='ocr_line' id='line_1_58' title="bbox 400 2370 1159 2415; baseline 0.005 -14"><span class='ocrx_word' id='word_1_269' title='bbox 400 2380 474 2402; x_wconf 87' lang='lat' dir='ltr'>cum</span> <span class='ocrx_word' id='word_1_270' title='bbox 495 2370 540 2403; x_wconf 86' lang='lat' dir='ltr'>eis</span> <span class='ocrx_word' id='word_1_271' title='bbox 569 2372 814 2413; x_wconf 82' lang='lat' dir='ltr'>contraxissent,</span> <span class='ocrx_word' id='word_1_272' title='bbox 838 2372 933 2412; x_wconf 86' lang='lat' dir='ltr'>etiam</span> <span class='ocrx_word' id='word_1_273' title='bbox 956 2373 1077 2415; x_wconf 83' lang='lat' dir='ltr'>absque</span> <span class='ocrx_word' id='word_1_274' title='bbox 1098 2373 1159 2406; x_wconf 91' lang='lat' dir='ltr'>alia</span> 
     </span>
     <span class='ocr_line' id='line_1_59' title="bbox 399 2422 1158 2468; baseline 0.007 -13"><span class='ocrx_word' id='word_1_275' title='bbox 399 2422 539 2467; x_wconf 87' lang='lat' dir='ltr'>desuper</span> <span class='ocrx_word' id='word_1_276' title='bbox 564 2435 622 2468; x_wconf 91' lang='lat' dir='ltr'>per</span> <span class='ocrx_word' id='word_1_277' title='bbox 651 2425 754 2459; x_wconf 83' lang='lat' dir='ltr'>dictos</span> <span class='ocrx_word' id='word_1_278' title='bbox 782 2426 965 2459; x_wconf 81' lang='lat' dir='ltr'>venditores</span> <span class='ocrx_word' id='word_1_279' title='bbox 995 2427 1158 2460; x_wconf 86' lang='lat' dir='ltr'>actionum</span> 
     </span>
     <span class='ocr_line' id='line_1_60' title="bbox 399 2473 1112 2509; baseline 0.006 -5"><span class='ocrx_word' id='word_1_280' title='bbox 399 2478 454 2505; x_wconf 86' lang='lat' dir='ltr'>aut</span> <span class='ocrx_word' id='word_1_281' title='bbox 478 2473 618 2506; x_wconf 87' lang='lat' dir='ltr'>aliorum</span> <span class='ocrx_word' id='word_1_282' title='bbox 640 2474 761 2507; x_wconf 90' lang='lat' dir='ltr'>iurium</span> <span class='ocrx_word' id='word_1_283' title='bbox 783 2476 927 2508; x_wconf 79' lang='lat' dir='ltr'>cessione</span> <span class='ocrx_word' id='word_1_284' title='bbox 955 2475 1112 2509; x_wconf 85' lang='lat' dir='ltr'>facienda.</span> 
     </span>
    </p>

    <p class='ocr_par' dir='ltr' id='par_1_12' title="bbox 399 2521 1160 2618">
     <span class='ocr_line' id='line_1_61' title="bbox 444 2521 1158 2568; baseline 0.004 -14"><span class='ocrx_word' id='word_1_285' title='bbox 444 2521 509 2564; x_wconf 52' lang='lat'>54,</span> <span class='ocrx_word' id='word_1_286' title='bbox 538 2522 574 2555; x_wconf 86' lang='lat' dir='ltr'>Et</span> <span class='ocrx_word' id='word_1_287' title='bbox 595 2534 653 2566; x_wconf 84' lang='lat' dir='ltr'>pro</span> <span class='ocrx_word' id='word_1_288' title='bbox 692 2523 806 2557; x_wconf 87' lang='lat' dir='ltr'>maiori</span> <span class='ocrx_word' id='word_1_289' title='bbox 837 2530 1087 2568; x_wconf 86' lang='lat' dir='ltr'>proxenetarum</span> <span class='ocrx_word' id='word_1_290' title='bbox 1123 2536 1158 2558; x_wconf 84' lang='lat' dir='ltr'>ac</span> 
     </span>
     <span class='ocr_line' id='line_1_62' title="bbox 399 2573 1160 2618; baseline 0.005 -16"><span class='ocrx_word' id='word_1_291' title='bbox 399 2575 618 2604; x_wconf 86' lang='lat' dir='ltr'>mercatorum</span> <span class='ocrx_word' id='word_1_292' title='bbox 639 2578 669 2605; x_wconf 89' lang='lat' dir='ltr'>et</span> <span class='ocrx_word' id='word_1_293' title='bbox 689 2578 860 2606; x_wconf 86' lang='lat' dir='ltr'>nautarum</span> <span class='ocrx_word' id='word_1_294' title='bbox 877 2584 913 2606; x_wconf 90' lang='lat' dir='ltr'>ac</span> <span class='ocrx_word' id='word_1_295' title='bbox 928 2573 1066 2607; x_wconf 85' lang='lat' dir='ltr'>aliorum</span> <span class='ocrx_word' id='word_1_296' title='bbox 1079 2585 1160 2618; x_wconf 68' lang='lat' dir='ltr'>prm-</span> 
     </span>
    </p>
   </div>
   <div class='ocr_carea' id='block_1_11' title="bbox 399 2618 1158 2717">
    <p class='ocr_par' dir='ltr' id='par_1_13' title="bbox 399 2618 1158 2717">
     <span class='ocr_line' id='line_1_63' title="bbox 399 2618 1158 2667; baseline 0.007 -16"><span class='ocrx_word' id='word_1_297' title='bbox 399 2618 560 2652; x_wconf 88' lang='lat' dir='ltr'>dictorum</span> <span class='ocrx_word' id='word_1_298' title='bbox 572 2621 708 2661; x_wconf 87' lang='lat' dir='ltr'>cautela,</span> <span class='ocrx_word' id='word_1_299' title='bbox 723 2622 810 2665; x_wconf 88' lang='lat' dir='ltr'>quod</span> <span class='ocrx_word' id='word_1_300' title='bbox 822 2623 968 2656; x_wconf 89' lang='lat' dir='ltr'>moderni</span> <span class='ocrx_word' id='word_1_301' title='bbox 985 2633 1158 2667; x_wconf 83' lang='lat' dir='ltr'>caupones,</span> 
     </span>
     <span class='ocr_line' id='line_1_64' title="bbox 400 2668 1156 2717; baseline 0.005 -15"><span class='ocrx_word' id='word_1_302' title='bbox 400 2668 543 2713; x_wconf 88' lang='lat' dir='ltr'>hospites</span> <span class='ocrx_word' id='word_1_303' title='bbox 563 2674 594 2703; x_wconf 87' lang='lat' dir='ltr'>et</span> <span class='ocrx_word' id='word_1_304' title='bbox 609 2670 801 2711; x_wconf 83' lang='lat' dir='ltr'>tabernarii,</span> <span class='ocrx_word' id='word_1_305' title='bbox 815 2682 851 2705; x_wconf 83' lang='lat' dir='ltr'>ac</span> <span class='ocrx_word' id='word_1_306' title='bbox 863 2672 967 2705; x_wconf 83' lang='lat' dir='ltr'>officia</span> <span class='ocrx_word' id='word_1_307' title='bbox 988 2672 1156 2717; x_wconf 88' lang='lat' dir='ltr'>cauponis,</span> 
     </span>
    </p>
   </div>
   <div class='ocr_carea' id='block_1_12' title="bbox 390 2760 399 2773">
    <p class='ocr_par' dir='ltr' id='par_1_14' title="bbox 390 2760 399 2773">
     <span class='ocr_line' id='line_1_65' title="bbox 390 2760 399 2773; baseline 0 0"><span class='ocrx_word' id='word_1_308' title='bbox 390 2760 399 2773; x_wconf 73' lang='grc' dir='ltr'>ἱ</span> 
     </span>
    </p>
   </div>
   <div class='ocr_carea' id='block_1_13' title="bbox 1201 432 1966 2716">
    <p class='ocr_par' dir='ltr' id='par_1_15' title="bbox 1201 432 1966 2664">
     <span class='ocr_line' id='line_1_66' title="bbox 1202 432 1960 481; baseline -0.008 -11"><span class='ocrx_word' id='word_1_309' title='bbox 1202 436 1257 481; x_wconf 91' lang='lat' dir='ltr'>qui</span> <span class='ocrx_word' id='word_1_310' title='bbox 1287 436 1319 468; x_wconf 89' lang='lat' dir='ltr'>in</span> <span class='ocrx_word' id='word_1_311' title='bbox 1349 435 1495 478; x_wconf 75' lang='lat' dir='ltr'>futurum</span> <span class='ocrx_word' id='word_1_312' title='bbox 1524 435 1579 468; x_wconf 89' lang='lat' dir='ltr'>illa</span> <span class='ocrx_word' id='word_1_313' title='bbox 1609 445 1757 469; x_wconf 87' lang='lat' dir='ltr'>exercere</span> <span class='ocrx_word' id='word_1_314' title='bbox 1785 432 1960 470; x_wconf 74' lang='lat' dir='ltr'>voluerint,</span> 
     </span>
     <span class='ocr_line' id='line_1_67' title="bbox 1203 488 1962 532; baseline -0.004 -8"><span class='ocrx_word' id='word_1_315' title='bbox 1203 497 1275 525; x_wconf 90' lang='lat' dir='ltr'>ante</span> <span class='ocrx_word' id='word_1_316' title='bbox 1292 502 1405 524; x_wconf 90' lang='lat' dir='ltr'>eorum</span> <span class='ocrx_word' id='word_1_317' title='bbox 1417 490 1618 531; x_wconf 85' lang='lat' dir='ltr'>exercitium,</span> <span class='ocrx_word' id='word_1_318' title='bbox 1632 501 1742 523; x_wconf 88' lang='lat' dir='ltr'>coram</span> <span class='ocrx_word' id='word_1_319' title='bbox 1759 489 1862 522; x_wconf 87' lang='lat' dir='ltr'>dictae</span> <span class='ocrx_word' id='word_1_320' title='bbox 1873 488 1962 532; x_wconf 79' lang='lat' dir='ltr'>Ripae</span> 
     </span>
     <span class='ocr_line' id='line_1_68' title="bbox 1203 545 1962 589; baseline -0.004 -11"><span class='ocrx_word' id='word_1_321' title='bbox 1203 545 1393 585; x_wconf 82' lang='lat' dir='ltr'>camerario,</span> <span class='ocrx_word' id='word_1_322' title='bbox 1416 545 1568 578; x_wconf 84' lang='lat' dir='ltr'>informa</span> <span class='ocrx_word' id='word_1_323' title='bbox 1587 545 1722 589; x_wconf 87' lang='lat' dir='ltr'>depositi</span> <span class='ocrx_word' id='word_1_324' title='bbox 1748 555 1807 588; x_wconf 90' lang='lat' dir='ltr'>pro</span> <span class='ocrx_word' id='word_1_325' title='bbox 1832 549 1962 577; x_wconf 89' lang='lat' dir='ltr'>centum</span> 
     </span>
     <span class='ocr_line' id='line_1_69' title="bbox 1204 598 1964 645; baseline -0.004 -11"><span class='ocrx_word' id='word_1_326' title='bbox 1204 601 1313 640; x_wconf 81' lang='lat' dir='ltr'>scutis,</span> <span class='ocrx_word' id='word_1_327' title='bbox 1336 611 1395 645; x_wconf 93' lang='lat' dir='ltr'>pro</span> <span class='ocrx_word' id='word_1_328' title='bbox 1415 598 1559 642; x_wconf 90' lang='lat' dir='ltr'>quolibet</span> <span class='ocrx_word' id='word_1_329' title='bbox 1578 598 1717 642; x_wconf 88' lang='lat' dir='ltr'>hospitio</span> <span class='ocrx_word' id='word_1_330' title='bbox 1738 609 1794 632; x_wconf 89' lang='lat' dir='ltr'>seu</span> <span class='ocrx_word' id='word_1_331' title='bbox 1820 598 1964 642; x_wconf 86' lang='lat' dir='ltr'>qualibet</span> 
     </span>
     <span class='ocr_line' id='line_1_70' title="bbox 1204 652 1963 697; baseline -0.005 -9"><span class='ocrx_word' id='word_1_332' title='bbox 1204 655 1337 689; x_wconf 88' lang='lat' dir='ltr'>taberna</span> <span class='ocrx_word' id='word_1_333' title='bbox 1369 653 1418 686; x_wconf 87' lang='lat' dir='ltr'>vel</span> <span class='ocrx_word' id='word_1_334' title='bbox 1448 663 1609 697; x_wconf 85' lang='lat' dir='ltr'>caupona,</span> <span class='ocrx_word' id='word_1_335' title='bbox 1636 652 1675 685; x_wconf 87' lang='lat' dir='ltr'>dc</span> <span class='ocrx_word' id='word_1_336' title='bbox 1703 653 1815 686; x_wconf 89' lang='lat' dir='ltr'>stando</span> <span class='ocrx_word' id='word_1_337' title='bbox 1841 652 1903 686; x_wconf 93' lang='lat' dir='ltr'>iuri</span> <span class='ocrx_word' id='word_1_338' title='bbox 1933 656 1963 685; x_wconf 88' lang='lat' dir='ltr'>et</span> 
     </span>
     <span class='ocr_line' id='line_1_71' title="bbox 1204 705 1963 746; baseline -0.003 -4"><span class='ocrx_word' id='word_1_339' title='bbox 1204 709 1380 742; x_wconf 88' lang='lat' dir='ltr'>iudicatum</span> <span class='ocrx_word' id='word_1_340' title='bbox 1392 707 1553 746; x_wconf 88' lang='lat' dir='ltr'>solvendo,</span> <span class='ocrx_word' id='word_1_341' title='bbox 1566 717 1674 739; x_wconf 88' lang='lat' dir='ltr'>coram</span> <span class='ocrx_word' id='word_1_342' title='bbox 1686 706 1771 740; x_wconf 89' lang='lat' dir='ltr'>dicto</span> <span class='ocrx_word' id='word_1_343' title='bbox 1783 705 1963 740; x_wconf 81' lang='lat' dir='ltr'>camerario</span> 
     </span>
     <span class='ocr_line' id='line_1_72' title="bbox 1204 759 1960 805; baseline -0.005 -9"><span class='ocrx_word' id='word_1_344' title='bbox 1204 762 1419 804; x_wconf 89' lang='lat' dir='ltr'>omnibusque</span> <span class='ocrx_word' id='word_1_345' title='bbox 1432 760 1502 794; x_wconf 89' lang='lat' dir='ltr'>aliis</span> <span class='ocrx_word' id='word_1_346' title='bbox 1513 759 1674 793; x_wconf 90' lang='lat' dir='ltr'>iudicibus</span> <span class='ocrx_word' id='word_1_347' title='bbox 1690 760 1960 805; x_wconf 88' lang='lat' dir='ltr'>competentibus,</span> 
     </span>
     <span class='ocr_line' id='line_1_73' title="bbox 1205 813 1963 859; baseline -0.003 -10"><span class='ocrx_word' id='word_1_348' title='bbox 1205 827 1280 850; x_wconf 86' lang='lat' dir='ltr'>cum</span> <span class='ocrx_word' id='word_1_349' title='bbox 1301 813 1453 848; x_wconf 85' lang='lat' dir='ltr'>omnibus</span> <span class='ocrx_word' id='word_1_350' title='bbox 1480 819 1509 847; x_wconf 90' lang='lat' dir='ltr'>et</span> <span class='ocrx_word' id='word_1_351' title='bbox 1539 813 1673 857; x_wconf 79' lang='lat' dir='ltr'>singulis</span> <span class='ocrx_word' id='word_1_352' title='bbox 1698 814 1846 859; x_wconf 88' lang='lat' dir='ltr'>personis</span> <span class='ocrx_word' id='word_1_353' title='bbox 1883 824 1963 858; x_wconf 92' lang='lat' dir='ltr'>quo-</span> 
     </span>
     <span class='ocr_line' id='line_1_74' title="bbox 1206 868 1963 911; baseline -0.001 -8"><span class='ocrx_word' id='word_1_354' title='bbox 1206 869 1382 903; x_wconf 88' lang='lat' dir='ltr'>modolibet</span> <span class='ocrx_word' id='word_1_355' title='bbox 1402 868 1557 901; x_wconf 87' lang='lat' dir='ltr'>interesse</span> <span class='ocrx_word' id='word_1_356' title='bbox 1572 868 1777 911; x_wconf 83' lang='lat' dir='ltr'>habentibus,</span> <span class='ocrx_word' id='word_1_357' title='bbox 1793 870 1963 904; x_wconf 83' lang='lat' dir='ltr'>occasione</span> 
     </span>
     <span class='ocr_line' id='line_1_75' title="bbox 1205 922 1963 968; baseline 0 -12"><span class='ocrx_word' id='word_1_358' title='bbox 1205 923 1443 967; x_wconf 87' lang='lat' dir='ltr'>cuiuscumque</span> <span class='ocrx_word' id='word_1_359' title='bbox 1463 922 1649 967; x_wconf 83' lang='lat' dir='ltr'>quantitatis</span> <span class='ocrx_word' id='word_1_360' title='bbox 1672 923 1757 965; x_wconf 82' lang='lat' dir='ltr'>vini,</span> <span class='ocrx_word' id='word_1_361' title='bbox 1780 935 1838 968; x_wconf 91' lang='lat' dir='ltr'>per</span> <span class='ocrx_word' id='word_1_362' title='bbox 1862 935 1917 958; x_wconf 89' lang='lat' dir='ltr'>eos</span> <span class='ocrx_word' id='word_1_363' title='bbox 1945 933 1963 956; x_wconf 86' lang='lat' dir='ltr'>a</span> 
     </span>
     <span class='ocr_line' id='line_1_76' title="bbox 1205 976 1960 1022; baseline 0.003 -12"><span class='ocrx_word' id='word_1_364' title='bbox 1205 977 1310 1011; x_wconf 88' lang='lat' dir='ltr'>nautis</span> <span class='ocrx_word' id='word_1_365' title='bbox 1331 988 1387 1011; x_wconf 90' lang='lat' dir='ltr'>seu</span> <span class='ocrx_word' id='word_1_366' title='bbox 1413 976 1647 1010; x_wconf 83' lang='lat' dir='ltr'>mercatoribus</span> <span class='ocrx_word' id='word_1_367' title='bbox 1667 977 1825 1022; x_wconf 89' lang='lat' dir='ltr'>ripalibus</span> <span class='ocrx_word' id='word_1_368' title='bbox 1849 978 1960 1022; x_wconf 86' lang='lat' dir='ltr'>empti,</span> 
     </span>
     <span class='ocr_line' id='line_1_77' title="bbox 1205 1031 1963 1071; baseline 0.004 -8"><span class='ocrx_word' id='word_1_369' title='bbox 1205 1031 1319 1065; x_wconf 89' lang='lat' dir='ltr'>idonee</span> <span class='ocrx_word' id='word_1_370' title='bbox 1339 1041 1464 1071; x_wconf 86' lang='lat' dir='ltr'>cavere,</span> <span class='ocrx_word' id='word_1_371' title='bbox 1487 1036 1517 1064; x_wconf 90' lang='lat' dir='ltr'>et</span> <span class='ocrx_word' id='word_1_372' title='bbox 1541 1031 1708 1065; x_wconf 88' lang='lat' dir='ltr'>cautiones</span> <span class='ocrx_word' id='word_1_373' title='bbox 1722 1031 1909 1066; x_wconf 85' lang='lat' dir='ltr'>huiusmodi</span> <span class='ocrx_word' id='word_1_374' title='bbox 1930 1032 1963 1066; x_wconf 92' lang='lat' dir='ltr'>in</span> 
     </span>
     <span class='ocr_line' id='line_1_78' title="bbox 1204 1084 1962 1120; baseline 0.003 -2"><span class='ocrx_word' id='word_1_375' title='bbox 1204 1085 1267 1118; x_wconf 80' lang='lat' dir='ltr'>sine</span> <span class='ocrx_word' id='word_1_376' title='bbox 1299 1085 1471 1118; x_wconf 88' lang='lat' dir='ltr'>cuiuslibet</span> <span class='ocrx_word' id='word_1_377' title='bbox 1500 1084 1577 1117; x_wconf 91' lang='lat' dir='ltr'>anni</span> <span class='ocrx_word' id='word_1_378' title='bbox 1606 1095 1762 1119; x_wconf 88' lang='lat' dir='ltr'>renovare</span> <span class='ocrx_word' id='word_1_379' title='bbox 1790 1085 1884 1119; x_wconf 87' lang='lat' dir='ltr'>etiam</span> <span class='ocrx_word' id='word_1_380' title='bbox 1917 1091 1962 1120; x_wconf 88' lang='lat' dir='ltr'>te-</span> 
     </span>
     <span class='ocr_line' id='line_1_79' title="bbox 1204 1138 1965 1183; baseline 0.003 -12"><span class='ocrx_word' id='word_1_381' title='bbox 1204 1145 1355 1179; x_wconf 88' lang='lat' dir='ltr'>neantur,</span> <span class='ocrx_word' id='word_1_382' title='bbox 1377 1150 1414 1172; x_wconf 86' lang='lat' dir='ltr'>ac</span> <span class='ocrx_word' id='word_1_383' title='bbox 1434 1138 1474 1171; x_wconf 87' lang='lat' dir='ltr'>ad</span> <span class='ocrx_word' id='word_1_384' title='bbox 1494 1138 1525 1170; x_wconf 94' lang='lat' dir='ltr'>id</span> <span class='ocrx_word' id='word_1_385' title='bbox 1549 1149 1607 1182; x_wconf 91' lang='lat' dir='ltr'>per</span> <span class='ocrx_word' id='word_1_386' title='bbox 1636 1138 1852 1172; x_wconf 87' lang='lat' dir='ltr'>camerarium</span> <span class='ocrx_word' id='word_1_387' title='bbox 1873 1150 1965 1183; x_wconf 87' lang='lat' dir='ltr'>prae-</span> 
     </span>
     <span class='ocr_line' id='line_1_80' title="bbox 1204 1192 1966 1227; baseline 0.001 -2"><span class='ocrx_word' id='word_1_388' title='bbox 1204 1192 1324 1225; x_wconf 90' lang='lat' dir='ltr'>dictum</span> <span class='ocrx_word' id='word_1_389' title='bbox 1356 1192 1507 1226; x_wconf 90' lang='lat' dir='ltr'>omnibus</span> <span class='ocrx_word' id='word_1_390' title='bbox 1537 1192 1616 1225; x_wconf 90' lang='lat' dir='ltr'>iuris</span> <span class='ocrx_word' id='word_1_391' title='bbox 1641 1198 1672 1226; x_wconf 90' lang='lat' dir='ltr'>et</span> <span class='ocrx_word' id='word_1_392' title='bbox 1706 1192 1780 1226; x_wconf 81' lang='lat' dir='ltr'>sacti</span> <span class='ocrx_word' id='word_1_393' title='bbox 1813 1192 1966 1227; x_wconf 89' lang='lat' dir='ltr'>remediis</span> 
     </span>
     <span class='ocr_line' id='line_1_81' title="bbox 1204 1245 1964 1290; baseline 0.003 -12"><span class='ocrx_word' id='word_1_394' title='bbox 1204 1245 1273 1288; x_wconf 87' lang='lat' dir='ltr'>ipso</span> <span class='ocrx_word' id='word_1_395' title='bbox 1294 1246 1376 1279; x_wconf 83' lang='lat' dir='ltr'>sacto</span> <span class='ocrx_word' id='word_1_396' title='bbox 1402 1245 1472 1288; x_wconf 79' lang='lat' dir='ltr'>cogi</span> <span class='ocrx_word' id='word_1_397' title='bbox 1492 1251 1523 1279; x_wconf 91' lang='lat' dir='ltr'>et</span> <span class='ocrx_word' id='word_1_398' title='bbox 1548 1245 1699 1289; x_wconf 90' lang='lat' dir='ltr'>compelli</span> <span class='ocrx_word' id='word_1_399' title='bbox 1728 1246 1868 1290; x_wconf 91' lang='lat' dir='ltr'>possint,</span> <span class='ocrx_word' id='word_1_400' title='bbox 1891 1245 1964 1290; x_wconf 90' lang='lat' dir='ltr'>qui-</span> 
     </span>
     <span class='ocr_line' id='line_1_82' title="bbox 1204 1299 1964 1344; baseline 0.004 -13"><span class='ocrx_word' id='word_1_401' title='bbox 1204 1299 1408 1344; x_wconf 88' lang='lat' dir='ltr'>buscumque</span> <span class='ocrx_word' id='word_1_402' title='bbox 1443 1299 1659 1343; x_wconf 89' lang='lat' dir='ltr'>appellatione</span> <span class='ocrx_word' id='word_1_403' title='bbox 1697 1305 1727 1332; x_wconf 86' lang='lat' dir='ltr'>et</span> <span class='ocrx_word' id='word_1_404' title='bbox 1765 1299 1964 1343; x_wconf 76' lang='lat' dir='ltr'>subterfugio</span> 
     </span>
     <span class='ocr_line' id='line_1_83' title="bbox 1204 1352 1964 1397; baseline 0.001 -12"><span class='ocrx_word' id='word_1_405' title='bbox 1204 1353 1348 1393; x_wconf 71' lang='lat' dir='ltr'>remotis,</span> <span class='ocrx_word' id='word_1_406' title='bbox 1363 1363 1460 1397; x_wconf 88' lang='lat' dir='ltr'>super</span> <span class='ocrx_word' id='word_1_407' title='bbox 1471 1353 1589 1396; x_wconf 90' lang='lat' dir='ltr'>quibus</span> <span class='ocrx_word' id='word_1_408' title='bbox 1600 1352 1658 1396; x_wconf 91' lang='lat' dir='ltr'>ipsi</span> <span class='ocrx_word' id='word_1_409' title='bbox 1674 1352 1774 1396; x_wconf 85' lang='lat' dir='ltr'>Ripae</span> <span class='ocrx_word' id='word_1_410' title='bbox 1785 1352 1964 1387; x_wconf 85' lang='lat' dir='ltr'>camerario</span> 
     </span>
     <span class='ocr_line' id='line_1_84' title="bbox 1204 1406 1965 1451; baseline 0.003 -13"><span class='ocrx_word' id='word_1_411' title='bbox 1204 1416 1259 1439; x_wconf 82' lang='lat' dir='ltr'>eos</span> <span class='ocrx_word' id='word_1_412' title='bbox 1279 1408 1372 1439; x_wconf 87' lang='lat' dir='ltr'>toties</span> <span class='ocrx_word' id='word_1_413' title='bbox 1393 1406 1530 1451; x_wconf 89' lang='lat' dir='ltr'>quoties,</span> <span class='ocrx_word' id='word_1_414' title='bbox 1544 1417 1648 1450; x_wconf 87' lang='lat' dir='ltr'>usque</span> <span class='ocrx_word' id='word_1_415' title='bbox 1664 1406 1703 1439; x_wconf 84' lang='lat' dir='ltr'>ad</span> <span class='ocrx_word' id='word_1_416' title='bbox 1723 1417 1965 1450; x_wconf 84' lang='lat' dir='ltr'>quamcumque</span> 
     </span>
     <span class='ocr_line' id='line_1_85' title="bbox 1205 1459 1965 1504; baseline 0.003 -13"><span class='ocrx_word' id='word_1_417' title='bbox 1205 1470 1364 1492; x_wconf 85' lang='lat' dir='ltr'>summam</span> <span class='ocrx_word' id='word_1_418' title='bbox 1395 1471 1454 1503; x_wconf 86' lang='lat' dir='ltr'>pro</span> <span class='ocrx_word' id='word_1_419' title='bbox 1492 1459 1746 1504; x_wconf 89' lang='lat' dir='ltr'>praemissorum</span> <span class='ocrx_word' id='word_1_420' title='bbox 1776 1459 1965 1493; x_wconf 88' lang='lat' dir='ltr'>executione</span> 
     </span>
     <span class='ocr_line' id='line_1_86' title="bbox 1205 1513 1965 1558; baseline 0.001 -13"><span class='ocrx_word' id='word_1_421' title='bbox 1205 1513 1400 1553; x_wconf 83' lang='lat' dir='ltr'>mulctandi,</span> <span class='ocrx_word' id='word_1_422' title='bbox 1427 1523 1463 1546; x_wconf 87' lang='lat' dir='ltr'>ac</span> <span class='ocrx_word' id='word_1_423' title='bbox 1493 1514 1649 1546; x_wconf 89' lang='lat' dir='ltr'>mulctam</span> <span class='ocrx_word' id='word_1_424' title='bbox 1684 1513 1874 1546; x_wconf 89' lang='lat' dir='ltr'>huiusmodi</span> <span class='ocrx_word' id='word_1_425' title='bbox 1905 1523 1965 1558; x_wconf 90' lang='lat' dir='ltr'>pro</span> 
     </span>
     <span class='ocr_line' id='line_1_87' title="bbox 1204 1566 1966 1611; baseline 0.001 -12"><span class='ocrx_word' id='word_1_426' title='bbox 1204 1577 1268 1599; x_wconf 89' lang='lat' dir='ltr'>una</span> <span class='ocrx_word' id='word_1_427' title='bbox 1284 1566 1436 1600; x_wconf 83' lang='lat' dir='ltr'>Gamerae</span> <span class='ocrx_word' id='word_1_428' title='bbox 1457 1566 1651 1611; x_wconf 86' lang='lat' dir='ltr'>praedictae,</span> <span class='ocrx_word' id='word_1_429' title='bbox 1667 1572 1697 1600; x_wconf 88' lang='lat' dir='ltr'>et</span> <span class='ocrx_word' id='word_1_430' title='bbox 1717 1577 1776 1611; x_wconf 86' lang='lat' dir='ltr'>pro</span> <span class='ocrx_word' id='word_1_431' title='bbox 1793 1567 1855 1601; x_wconf 86' lang='lat' dir='ltr'>alia</span> <span class='ocrx_word' id='word_1_432' title='bbox 1879 1566 1966 1600; x_wconf 90' lang='lat' dir='ltr'>illius</span> 
     </span>
     <span class='ocr_line' id='line_1_88' title="bbox 1205 1619 1965 1654; baseline 0.003 -2"><span class='ocrx_word' id='word_1_433' title='bbox 1205 1620 1429 1654; x_wconf 89' lang='lat' dir='ltr'>medietatibus</span> <span class='ocrx_word' id='word_1_434' title='bbox 1454 1620 1559 1654; x_wconf 85' lang='lat' dir='ltr'>officio</span> <span class='ocrx_word' id='word_1_435' title='bbox 1581 1620 1749 1654; x_wconf 85' lang='lat' dir='ltr'>camerarii</span> <span class='ocrx_word' id='word_1_436' title='bbox 1778 1619 1965 1654; x_wconf 85' lang='lat' dir='ltr'>huiusmodi</span> 
     </span>
     <span class='ocr_line' id='line_1_89' title="bbox 1205 1673 1962 1719; baseline 0.001 -13"><span class='ocrx_word' id='word_1_437' title='bbox 1205 1679 1234 1706; x_wconf 89' lang='lat' dir='ltr'>et</span> <span class='ocrx_word' id='word_1_438' title='bbox 1254 1675 1417 1707; x_wconf 88' lang='lat' dir='ltr'>executori</span> <span class='ocrx_word' id='word_1_439' title='bbox 1433 1675 1630 1719; x_wconf 86' lang='lat' dir='ltr'>applicandi,</span> <span class='ocrx_word' id='word_1_440' title='bbox 1653 1685 1789 1718; x_wconf 87' lang='lat' dir='ltr'>eamque</span> <span class='ocrx_word' id='word_1_441' title='bbox 1803 1673 1962 1718; x_wconf 81' lang='lat' dir='ltr'>exigendi;</span> 
     </span>
     <span class='ocr_line' id='line_1_90' title="bbox 1204 1727 1963 1773; baseline 0.001 -13"><span class='ocrx_word' id='word_1_442' title='bbox 1204 1738 1240 1760; x_wconf 88' lang='lat' dir='ltr'>ac</span> <span class='ocrx_word' id='word_1_443' title='bbox 1256 1728 1418 1769; x_wconf 86' lang='lat' dir='ltr'>tabernas,</span> <span class='ocrx_word' id='word_1_444' title='bbox 1441 1728 1580 1773; x_wconf 87' lang='lat' dir='ltr'>hospitia</span> <span class='ocrx_word' id='word_1_445' title='bbox 1601 1734 1631 1762; x_wconf 90' lang='lat' dir='ltr'>et</span> <span class='ocrx_word' id='word_1_446' title='bbox 1658 1738 1822 1773; x_wconf 85' lang='lat' dir='ltr'>cauponas</span> <span class='ocrx_word' id='word_1_447' title='bbox 1848 1727 1963 1761; x_wconf 90' lang='lat' dir='ltr'>huius-</span> 
     </span>
     <span class='ocr_line' id='line_1_91' title="bbox 1205 1781 1964 1826; baseline 0.004 -14"><span class='ocrx_word' id='word_1_448' title='bbox 1205 1781 1291 1814; x_wconf 88' lang='lat' dir='ltr'>modi</span> <span class='ocrx_word' id='word_1_449' title='bbox 1327 1781 1517 1822; x_wconf 74' lang='lat' dir='ltr'>claudendi,</span> <span class='ocrx_word' id='word_1_450' title='bbox 1540 1782 1713 1826; x_wconf 86' lang='lat' dir='ltr'>omniaque</span> <span class='ocrx_word' id='word_1_451' title='bbox 1742 1782 1805 1815; x_wconf 88' lang='lat' dir='ltr'>alia</span> <span class='ocrx_word' id='word_1_452' title='bbox 1839 1787 1870 1815; x_wconf 89' lang='lat' dir='ltr'>et</span> <span class='ocrx_word' id='word_1_453' title='bbox 1901 1783 1964 1816; x_wconf 90' lang='lat' dir='ltr'>sin-</span> 
     </span>
     <span class='ocr_line' id='line_1_92' title="bbox 1203 1835 1963 1880; baseline 0.004 -14"><span class='ocrx_word' id='word_1_454' title='bbox 1203 1835 1279 1877; x_wconf 78' lang='lat' dir='ltr'>gula</span> <span class='ocrx_word' id='word_1_455' title='bbox 1296 1835 1327 1867; x_wconf 92' lang='lat' dir='ltr'>in</span> <span class='ocrx_word' id='word_1_456' title='bbox 1344 1835 1464 1869; x_wconf 79' lang='lat' dir='ltr'>eisdem</span> <span class='ocrx_word' id='word_1_457' title='bbox 1477 1836 1661 1880; x_wconf 87' lang='lat' dir='ltr'>praemissis</span> <span class='ocrx_word' id='word_1_458' title='bbox 1681 1841 1711 1869; x_wconf 90' lang='lat' dir='ltr'>et</span> <span class='ocrx_word' id='word_1_459' title='bbox 1731 1836 1817 1869; x_wconf 86' lang='lat' dir='ltr'>circa</span> <span class='ocrx_word' id='word_1_460' title='bbox 1833 1846 1870 1869; x_wconf 85' lang='lat' dir='ltr'>ea</span> <span class='ocrx_word' id='word_1_461' title='bbox 1885 1846 1963 1880; x_wconf 91' lang='lat' dir='ltr'>quo-</span> 
     </span>
     <span class='ocr_line' id='line_1_93' title="bbox 1205 1889 1963 1934; baseline 0.004 -14"><span class='ocrx_word' id='word_1_462' title='bbox 1205 1889 1380 1922; x_wconf 87' lang='lat' dir='ltr'>modolibet</span> <span class='ocrx_word' id='word_1_463' title='bbox 1409 1890 1590 1923; x_wconf 84' lang='lat' dir='ltr'>necessaria</span> <span class='ocrx_word' id='word_1_464' title='bbox 1618 1895 1648 1923; x_wconf 86' lang='lat' dir='ltr'>et</span> <span class='ocrx_word' id='word_1_465' title='bbox 1673 1895 1878 1934; x_wconf 87' lang='lat' dir='ltr'>opportuna,</span> <span class='ocrx_word' id='word_1_466' title='bbox 1909 1890 1963 1923; x_wconf 91' lang='lat' dir='ltr'>de-</span> 
     </span>
     <span class='ocr_line' id='line_1_94' title="bbox 1205 1943 1963 1987; baseline 0.004 -13"><span class='ocrx_word' id='word_1_467' title='bbox 1205 1943 1371 1984; x_wconf 90' lang='lat' dir='ltr'>cernendi,</span> <span class='ocrx_word' id='word_1_468' title='bbox 1386 1943 1572 1984; x_wconf 88' lang='lat' dir='ltr'>mandandi,</span> <span class='ocrx_word' id='word_1_469' title='bbox 1592 1943 1730 1976; x_wconf 82' lang='lat' dir='ltr'>faciendi</span> <span class='ocrx_word' id='word_1_470' title='bbox 1741 1949 1772 1977; x_wconf 91' lang='lat' dir='ltr'>et</span> <span class='ocrx_word' id='word_1_471' title='bbox 1783 1943 1963 1987; x_wconf 86' lang='lat' dir='ltr'>exequendi</span> 
     </span>
     <span class='ocr_line' id='line_1_95' title="bbox 1204 1996 1962 2039; baseline 0.005 -12"><span class='ocrx_word' id='word_1_472' title='bbox 1204 1996 1332 2039; x_wconf 89' lang='lat' dir='ltr'>plenam</span> <span class='ocrx_word' id='word_1_473' title='bbox 1354 2003 1384 2030; x_wconf 89' lang='lat' dir='ltr'>et</span> <span class='ocrx_word' id='word_1_474' title='bbox 1399 1997 1551 2037; x_wconf 89' lang='lat' dir='ltr'>liberam,</span> <span class='ocrx_word' id='word_1_475' title='bbox 1574 1996 1764 2031; x_wconf 89' lang='lat' dir='ltr'>auctoritate</span> <span class='ocrx_word' id='word_1_476' title='bbox 1790 2002 1821 2030; x_wconf 93' lang='lat' dir='ltr'>et</span> <span class='ocrx_word' id='word_1_477' title='bbox 1849 2002 1962 2031; x_wconf 90' lang='lat' dir='ltr'>tenore</span> 
     </span>
     <span class='ocr_line' id='line_1_96' title="bbox 1204 2049 1962 2094; baseline 0.004 -13"><span class='ocrx_word' id='word_1_478' title='bbox 1204 2050 1375 2092; x_wconf 78' lang='lat' dir='ltr'>praedictis,</span> <span class='ocrx_word' id='word_1_479' title='bbox 1387 2051 1598 2085; x_wconf 85' lang='lat' dir='ltr'>concedimus</span> <span class='ocrx_word' id='word_1_480' title='bbox 1609 2051 1807 2090; x_wconf 75' lang='lat' dir='ltr'>facultatem,</span> <span class='ocrx_word' id='word_1_481' title='bbox 1817 2049 1962 2094; x_wconf 86' lang='lat' dir='ltr'>alioquin</span> 
     </span>
     <span class='ocr_line' id='line_1_97' title="bbox 1204 2104 1961 2147; baseline 0.003 -12"><span class='ocrx_word' id='word_1_482' title='bbox 1204 2104 1309 2147; x_wconf 87' lang='lat' dir='ltr'>ipsum</span> <span class='ocrx_word' id='word_1_483' title='bbox 1336 2110 1366 2138; x_wconf 87' lang='lat' dir='ltr'>et</span> <span class='ocrx_word' id='word_1_484' title='bbox 1399 2105 1615 2139; x_wconf 87' lang='lat' dir='ltr'>camerarium</span> <span class='ocrx_word' id='word_1_485' title='bbox 1641 2109 1672 2137; x_wconf 93' lang='lat' dir='ltr'>et</span> <span class='ocrx_word' id='word_1_486' title='bbox 1698 2104 1861 2138; x_wconf 88' lang='lat' dir='ltr'>notarium</span> <span class='ocrx_word' id='word_1_487' title='bbox 1886 2104 1961 2138; x_wconf 91' lang='lat' dir='ltr'>inde</span> 
     </span>
     <span class='ocr_line' id='line_1_98' title="bbox 1204 2157 1961 2202; baseline 0.004 -12"><span class='ocrx_word' id='word_1_488' title='bbox 1204 2163 1351 2200; x_wconf 76' lang='lat' dir='ltr'>rogatum</span> <span class='ocrx_word' id='word_1_489' title='bbox 1393 2159 1425 2191; x_wconf 92' lang='lat' dir='ltr'>in</span> <span class='ocrx_word' id='word_1_490' title='bbox 1454 2157 1640 2202; x_wconf 85' lang='lat' dir='ltr'>praemissis</span> <span class='ocrx_word' id='word_1_491' title='bbox 1664 2158 1863 2202; x_wconf 79' lang='lat' dir='ltr'>negligentes</span> <span class='ocrx_word' id='word_1_492' title='bbox 1901 2169 1961 2202; x_wconf 91' lang='lat' dir='ltr'>pro</span> 
     </span>
     <span class='ocr_line' id='line_1_99' title="bbox 1203 2211 1960 2256; baseline 0.001 -13"><span class='ocrx_word' id='word_1_493' title='bbox 1203 2211 1295 2245; x_wconf 88' lang='lat' dir='ltr'>dictis</span> <span class='ocrx_word' id='word_1_494' title='bbox 1322 2218 1452 2246; x_wconf 88' lang='lat' dir='ltr'>centum</span> <span class='ocrx_word' id='word_1_495' title='bbox 1487 2212 1585 2245; x_wconf 89' lang='lat' dir='ltr'>scutis</span> <span class='ocrx_word' id='word_1_496' title='bbox 1614 2212 1653 2245; x_wconf 91' lang='lat' dir='ltr'>de</span> <span class='ocrx_word' id='word_1_497' title='bbox 1683 2222 1796 2245; x_wconf 88' lang='lat' dir='ltr'>eorum</span> <span class='ocrx_word' id='word_1_498' title='bbox 1827 2211 1960 2256; x_wconf 89' lang='lat' dir='ltr'>proprio</span> 
     </span>
     <span class='ocr_line' id='line_1_100' title="bbox 1203 2265 1961 2309; baseline 0.003 -12"><span class='ocrx_word' id='word_1_499' title='bbox 1203 2266 1316 2306; x_wconf 87' lang='lat' dir='ltr'>teneri,</span> <span class='ocrx_word' id='word_1_500' title='bbox 1334 2277 1370 2299; x_wconf 88' lang='lat' dir='ltr'>ac</span> <span class='ocrx_word' id='word_1_501' title='bbox 1392 2266 1431 2299; x_wconf 91' lang='lat' dir='ltr'>ad</span> <span class='ocrx_word' id='word_1_502' title='bbox 1451 2266 1583 2299; x_wconf 89' lang='lat' dir='ltr'>illorum</span> <span class='ocrx_word' id='word_1_503' title='bbox 1613 2265 1807 2299; x_wconf 85' lang='lat' dir='ltr'>solutionem</span> <span class='ocrx_word' id='word_1_504' title='bbox 1832 2266 1903 2309; x_wconf 84' lang='lat' dir='ltr'>cogi</span> <span class='ocrx_word' id='word_1_505' title='bbox 1930 2271 1961 2300; x_wconf 89' lang='lat' dir='ltr'>et</span> 
     </span>
     <span class='ocr_line' id='line_1_101' title="bbox 1203 2319 1961 2367; baseline 0.001 -16"><span class='ocrx_word' id='word_1_506' title='bbox 1203 2320 1366 2363; x_wconf 79' lang='lat' dir='ltr'>compelli3</span> <span class='ocrx_word' id='word_1_507' title='bbox 1385 2325 1415 2353; x_wconf 87' lang='lat' dir='ltr'>et</span> <span class='ocrx_word' id='word_1_508' title='bbox 1440 2319 1481 2353; x_wconf 89' lang='lat' dir='ltr'>ita</span> <span class='ocrx_word' id='word_1_509' title='bbox 1511 2330 1569 2364; x_wconf 88' lang='lat' dir='ltr'>per</span> <span class='ocrx_word' id='word_1_510' title='bbox 1594 2329 1817 2363; x_wconf 89' lang='lat' dir='ltr'>quoscumque</span> <span class='ocrx_word' id='word_1_511' title='bbox 1837 2319 1961 2367; x_wconf 86' lang='lat' dir='ltr'>iudices</span> 
     </span>
     <span class='ocr_line' id='line_1_102' title="bbox 1203 2373 1961 2415; baseline 0.001 -10"><span class='ocrx_word' id='word_1_512' title='bbox 1203 2378 1229 2405; x_wconf 88' lang='lat' dir='ltr'>et</span> <span class='ocrx_word' id='word_1_513' title='bbox 1261 2373 1511 2415; x_wconf 87' lang='lat' dir='ltr'>commissarios,</span> <span class='ocrx_word' id='word_1_514' title='bbox 1535 2373 1631 2407; x_wconf 88' lang='lat' dir='ltr'>etiam</span> <span class='ocrx_word' id='word_1_515' title='bbox 1656 2383 1827 2406; x_wconf 87' lang='lat' dir='ltr'>causarum</span> <span class='ocrx_word' id='word_1_516' title='bbox 1848 2373 1961 2408; x_wconf 87' lang='lat' dir='ltr'>Palatii</span> 
     </span>
     <span class='ocr_line' id='line_1_103' title="bbox 1202 2427 1959 2472; baseline 0.005 -14"><span class='ocrx_word' id='word_1_517' title='bbox 1202 2427 1376 2471; x_wconf 70' lang='lat' dir='ltr'>Apostolici</span> <span class='ocrx_word' id='word_1_518' title='bbox 1409 2428 1571 2461; x_wconf 88' lang='lat' dir='ltr'>auditores</span> <span class='ocrx_word' id='word_1_519' title='bbox 1602 2439 1638 2461; x_wconf 90' lang='lat' dir='ltr'>ac</span> <span class='ocrx_word' id='word_1_520' title='bbox 1665 2428 1825 2472; x_wconf 83' lang='lat' dir='ltr'>praefatos</span> <span class='ocrx_word' id='word_1_521' title='bbox 1854 2428 1959 2462; x_wconf 83' lang='lat' dir='ltr'>cardi-</span> 
     </span>
     <span class='ocr_line' id='line_1_104' title="bbox 1203 2476 1961 2522; baseline 0.005 -14"><span class='ocrx_word' id='word_1_522' title='bbox 1203 2478 1300 2513; x_wconf 74' lang='lat' dir='ltr'>nales,</span> <span class='ocrx_word' id='word_1_523' title='bbox 1322 2478 1446 2510; x_wconf 85' lang='lat' dir='ltr'>sublata</span> <span class='ocrx_word' id='word_1_524' title='bbox 1473 2477 1518 2510; x_wconf 87' lang='lat' dir='ltr'>eis</span> <span class='ocrx_word' id='word_1_525' title='bbox 1538 2483 1567 2511; x_wconf 91' lang='lat' dir='ltr'>et</span> <span class='ocrx_word' id='word_1_526' title='bbox 1588 2488 1702 2510; x_wconf 88' lang='lat' dir='ltr'>eorum</span> <span class='ocrx_word' id='word_1_527' title='bbox 1730 2476 1863 2510; x_wconf 86' lang='lat' dir='ltr'>cuilibet</span> <span class='ocrx_word' id='word_1_528' title='bbox 1881 2489 1961 2522; x_wconf 85' lang='lat' dir='ltr'>qua-</span> 
     </span>
     <span class='ocr_line' id='line_1_105' title="bbox 1202 2526 1960 2569; baseline 0.003 -12"><span class='ocrx_word' id='word_1_529' title='bbox 1202 2526 1247 2558; x_wconf 80' lang='lat' dir='ltr'>vis</span> <span class='ocrx_word' id='word_1_530' title='bbox 1273 2526 1365 2559; x_wconf 84' lang='lat' dir='ltr'>aliter</span> <span class='ocrx_word' id='word_1_531' title='bbox 1395 2526 1558 2559; x_wconf 88' lang='lat' dir='ltr'>iudicandi</span> <span class='ocrx_word' id='word_1_532' title='bbox 1592 2532 1622 2559; x_wconf 91' lang='lat' dir='ltr'>et</span> <span class='ocrx_word' id='word_1_533' title='bbox 1651 2526 1884 2569; x_wconf 89' lang='lat' dir='ltr'>interpretandi</span> <span class='ocrx_word' id='word_1_534' title='bbox 1915 2527 1960 2560; x_wconf 86' lang='lat' dir='ltr'>fa-</span> 
     </span>
     <span class='ocr_line' id='line_1_106' title="bbox 1203 2574 1959 2614; baseline 0.003 -7"><span class='ocrx_word' id='word_1_535' title='bbox 1203 2575 1319 2607; x_wconf 85' lang='lat' dir='ltr'>cultate</span> <span class='ocrx_word' id='word_1_536' title='bbox 1341 2581 1370 2608; x_wconf 85' lang='lat' dir='ltr'>ct</span> <span class='ocrx_word' id='word_1_537' title='bbox 1386 2575 1588 2614; x_wconf 87' lang='lat' dir='ltr'>auctoritate,</span> <span class='ocrx_word' id='word_1_538' title='bbox 1615 2574 1751 2608; x_wconf 88' lang='lat' dir='ltr'>iudicari</span> <span class='ocrx_word' id='word_1_539' title='bbox 1781 2581 1811 2608; x_wconf 88' lang='lat' dir='ltr'>et</span> <span class='ocrx_word' id='word_1_540' title='bbox 1830 2575 1959 2609; x_wconf 85' lang='lat' dir='ltr'>definiri</span> 
     </span>
     <span class='ocr_line' id='line_1_107' title="bbox 1201 2623 1857 2664; baseline 0.005 -9"><span class='ocrx_word' id='word_1_541' title='bbox 1201 2623 1332 2664; x_wconf 88' lang='lat' dir='ltr'>debere,</span> <span class='ocrx_word' id='word_1_542' title='bbox 1355 2624 1559 2658; x_wconf 90' lang='lat' dir='ltr'>decernimus</span> <span class='ocrx_word' id='word_1_543' title='bbox 1587 2629 1617 2657; x_wconf 85' lang='lat' dir='ltr'>et</span> <span class='ocrx_word' id='word_1_544' title='bbox 1642 2624 1857 2658; x_wconf 88' lang='lat' dir='ltr'>declaramus.</span> 
     </span>
    </p>

    <p class='ocr_par' dir='ltr' id='par_1_16' title="bbox 1245 2672 1959 2716">
     <span class='ocr_line' id='line_1_108' title="bbox 1245 2672 1959 2716; baseline 0.001 -9"><span class='ocrx_word' id='word_1_545' title='bbox 1245 2672 1260 2716; x_wconf 65' lang='grc' dir='ltr'><strong>ἓ</strong></span> <span class='ocrx_word' id='word_1_546' title='bbox 1284 2673 1315 2707; x_wconf 83' lang='grc' dir='ltr'>ῦ.</span> <span class='ocrx_word' id='word_1_547' title='bbox 1349 2673 1384 2707; x_wconf 88' lang='lat' dir='ltr'>Et</span> <span class='ocrx_word' id='word_1_548' title='bbox 1405 2673 1626 2716; x_wconf 75' lang='lat' dir='ltr'>nihilominus,</span> <span class='ocrx_word' id='word_1_549' title='bbox 1652 2684 1691 2707; x_wconf 89' lang='lat' dir='ltr'>ne</span> <span class='ocrx_word' id='word_1_550' title='bbox 1716 2673 1800 2708; x_wconf 87' lang='lat' dir='ltr'>dicta</span> <span class='ocrx_word' id='word_1_551' title='bbox 1824 2674 1959 2708; x_wconf 83' lang='lat' dir='ltr'>Camera</span> 
     </span>
    </p>
   </div>
   <div class='ocr_carea' id='block_1_14' title="bbox 1976 449 2200 470">
    <p class='ocr_par' dir='ltr' id='par_1_17' title="bbox 1976 449 2200 470">
     <span class='ocr_line' id='line_1_109' title="bbox 1976 449 2200 470; baseline -0.004 0"><span class='ocrx_word' id='word_1_552' title='bbox 1976 449 2027 470; x_wconf 70' lang='lat' dir='ltr'>lvere</span> <span class='ocrx_word' id='word_1_553' title='bbox 2044 449 2068 470; x_wconf 83' lang='lat' dir='ltr'>de</span> <span class='ocrx_word' id='word_1_554' title='bbox 2085 449 2159 470; x_wconf 74' lang='lat' dir='ltr'>stando</span> <span class='ocrx_word' id='word_1_555' title='bbox 2198 454 2200 459; x_wconf 57' lang='lat'>&gt;</span> 
     </span>
    </p>
   </div>
   <div class='ocr_carea' id='block_1_15' title="bbox 1977 482 2162 537">
    <p class='ocr_par' dir='ltr' id='par_1_18' title="bbox 1977 482 2162 537">
     <span class='ocr_line' id='line_1_110' title="bbox 1977 482 2162 506; baseline 0 -6"><span class='ocrx_word' id='word_1_556' title='bbox 1977 482 2016 501; x_wconf 82' lang='lat' dir='ltr'>iuri</span> <span class='ocrx_word' id='word_1_557' title='bbox 2032 483 2079 506; x_wconf 56' lang='lat' dir='ltr'>eta,</span> <span class='ocrx_word' id='word_1_558' title='bbox 2097 485 2162 501; x_wconf 64' lang='lat' dir='ltr'>oecu-</span> 
     </span>
     <span class='ocr_line' id='line_1_111' title="bbox 1978 517 2162 537; baseline 0 -5"><span class='ocrx_word' id='word_1_559' title='bbox 1978 517 2038 532; x_wconf 82' lang='lat' dir='ltr'>sione</span> <span class='ocrx_word' id='word_1_560' title='bbox 2053 517 2104 537; x_wconf 81' lang='lat' dir='ltr'>vini,</span> <span class='ocrx_word' id='word_1_561' title='bbox 2115 517 2162 532; x_wconf 85' lang='lat' dir='ltr'>cum</span> 
     </span>
    </p>
   </div>
   <div class='ocr_carea' id='block_1_16' title="bbox 1978 539 2237 570">
    <p class='ocr_par' dir='ltr' id='par_1_19' title="bbox 1978 539 2237 570">
     <span class='ocr_line' id='line_1_112' title="bbox 1978 539 2237 570; baseline 0 -7"><span class='ocrx_word' id='word_1_562' title='bbox 1978 542 2077 569; x_wconf 73' lang='lat' dir='ltr'>personis</span> <span class='ocrx_word' id='word_1_563' title='bbox 2115 543 2162 570; x_wconf 85' lang='lat' dir='ltr'>qui·</span> <span class='ocrx_word' id='word_1_564' title='bbox 2204 539 2237 551; x_wconf 69' lang='grc'>’“</span> 
     </span>
    </p>
   </div>
   <div class='ocr_carea' id='block_1_17' title="bbox 1978 574 2120 601">
    <p class='ocr_par' dir='ltr' id='par_1_20' title="bbox 1978 574 2120 601">
     <span class='ocr_line' id='line_1_113' title="bbox 1978 574 2120 601; baseline 0 -7"><span class='ocrx_word' id='word_1_565' title='bbox 1978 574 2120 601; x_wconf 70' lang='lat' dir='ltr'>busrumque5</span> 
     </span>
    </p>
   </div>
   <div class='ocr_carea' id='block_1_18' title="bbox 2189 259 2237 623">
    <p class='ocr_par' dir='ltr' id='par_1_21' title="bbox 2189 259 2237 623">
     <span class='ocr_line' id='line_1_114' title="bbox 2189 259 2237 623; baseline 0 2477"><span class='ocrx_word' id='word_1_566' title='bbox 2189 259 2237 623; x_wconf 95' lang='lat' dir='ltr'> </span> 
     </span>
    </p>
   </div>
  </div>
 </body>
</html>
