2237 3100
438 347 590 391 Sequitur
600 347 774 380 declaratio
799 348 885 380 circa
910 346 1092 390 portionem
1117 354 1190 387 poe-

483 406 602 434 narum
622 401 761 434 dandam
784 401 970 444 officialibus
985 404 1014 432 et
1030 402 1191 431 accusato-

483 456 581 488 ribus.

239 296 290 323 An.
307 295 335 324 C.
356 295 420 323 ⁴⁸6¹

486 526 548 555 Pius
567 526 637 562 Papa
655 526 697 559 tv.
718 526 752 554 ad
770 525 896 553 futuram
910 525 951 553 rei
971 524 1140 553 memoriam.

484 589 665 632 Cupientes,
676 599 734 632 pro
760 587 920 620 iniunctae
942 586 1033 620 nobis
1053 587 1189 620 admini-

255 652 361 673 officiaies
377 651 425 672 sm-
441 642 602 675 strationis
617 641 735 680 ossirio,
754 640 935 674 confusioni
961 651 997 673 ac
1009 646 1190 673 controver-

242 684 371 734 ζ’ζζξᾚρζ
388 689 424 734 ”ig
441 695 504 733 siis,
532 706 613 738 quae
639 694 781 738 quotidie
807 694 889 726 inter
909 693 1061 727 officiales
1085 694 1191 727 Status

242 746 316 771 ‘³⁰⁰¹‘ss
338 745 424 767 ''mm“
439 748 540 781 nostri
565 747 778 780 Ecclesiastici
805 754 833 780 et
854 747 1020 780 Cameram
1050 753 1189 780 nostram

439 801 676 845 Apostolicam,
706 812 761 833 seu
783 811 842 844 pro
870 812 906 833 ea
934 807 1073 843 agentes,
1095 812 1191 846 super

440 855 683 899 participatione
693 865 870 898 poenarum
884 854 1119 888 maleficiorum
1132 861 1192 888 sta-

439 908 630 942 tutariarum
646 914 673 941 et
686 908 986 947 bannimentalium,
1003 908 1192 942 exoriuntur

440 967 534 1005 atque
550 961 740 1002 excitantur,
754 967 879 995 mature
895 961 1022 995 obviare
1032 967 1062 995 et
1073 973 1191 1007 oppor-

439 1020 516 1048 tune
534 1014 712 1060 providere,
739 1020 828 1048 motu
847 1013 978 1058 proprio
999 1019 1030 1048 et
1049 1025 1085 1047 ex
1107 1021 1192 1049 certa

440 1069 572 1102 scientia
605 1080 642 1102 ac
663 1074 787 1101 matura
821 1067 1050 1101 deliberatione
1070 1074 1190 1109 nostra,

439 1122 629 1156 auctoritate
640 1122 825 1166 apostolica,
836 1127 948 1155 tenore
963 1122 1191 1165 praesentium,

439 1175 620 1216 statuimus,
645 1176 832 1209 ordinamus
856 1181 950 1218 atque.
977 1175 1193 1219 praecipimus

440 1229 527 1273 quod
548 1229 653 1274 portio
673 1229 786 1263 decem
807 1239 865 1272 pro
887 1228 1071 1262 centenario
1092 1230 1192 1263 dicta-

440 1293 514 1315 rum
553 1293 732 1327 poenarum
755 1309 762 1322 ,
800 1288 864 1314 tam
903 1282 1192 1316 bannimentalium

441 1346 538 1379 quam
559 1336 818 1375 statutariarum,
856 1334 975 1368 eisdem
1002 1335 1194 1370 officialibus

440 1399 528 1422 nunc
546 1394 576 1422 et
600 1400 658 1433 pro
683 1394 828 1433 ternpore
849 1388 1056 1421 existentibus
1071 1390 1192 1422 solum-

441 1442 537 1475 modo
563 1448 724 1487 competat
739 1448 769 1475 et
788 1447 972 1485 competere
984 1441 1108 1482 debeat,
1120 1443 1195 1487 ipsi-

441 1506 504 1540 que
524 1496 676 1530 officiales
701 1495 783 1529 dicta
808 1495 957 1540 portione
977 1500 1008 1529 et
1026 1506 1091 1529 non
1110 1497 1194 1530 ultra

442 1550 583 1582 contenti
604 1554 804 1589 remaneant,
830 1559 935 1593 neque
965 1547 1085 1592 aliquid
1096 1549 1193 1591 aliud,

441 1607 570 1646 praeter
588 1602 771 1647 portionem
782 1601 982 1642 huiusmodi,
1005 1613 1121 1647 capere
1139 1609 1195 1637 aut

440 1655 562 1690 hahere
576 1656 711 1701 possint.

485 1710 501 1754 ἓ
525 1710 555 1743 1.
584 1711 629 1744 Ita
650 1715 755 1744 tamen
784 1709 871 1754 quod
891 1719 927 1742 ex
947 1710 1061 1754 poenis
1079 1710 1193 1744 hanni-

281 1773 425 1795 Aeeusaims
441 1764 635 1797 mentalibus
655 1763 788 1808 proprie
800 1769 830 1796 et
841 1762 1088 1808 particulariter,
1102 1775 1194 1798 accu-

241 1808 426 1862 ζξᾞοιξξῗὶῗζῗ
442 1818 551 1857 satori,
568 1818 698 1865 qnando
719 1817 746 1850 is
760 1828 833 1850 vere
845 1816 968 1856 existat,
986 1823 1100 1861 quarta
1120 1829 1195 1863 pars

241 1868 398 1889 '’imm'’“b‘ff’
441 1871 584 1916 ipsarum
606 1882 785 1916 poenarum
806 1870 891 1904 iuxta
907 1870 1036 1904 solitum
1056 1872 1125 1905 dari
1141 1883 1193 1906 va-

440 1925 514 1959 leat.

484 1978 545 2023 52.
568 1979 699 2014 Necnon
720 1984 784 2013 tam
805 1978 960 2013 officiales
971 1979 1193 2024 praedietieo-

247 2040 424 2077 Omanae-viani
440 2044 513 2067 rum
533 2034 716 2078 portionem
737 2033 935 2073 huiusmodi,
952 2043 1049 2078 quam
1066 2033 1126 2078 ipsi
1140 2045 1193 2068 ac-

238 2077 252 2093 ⁸
266 2073 405 2101 ⁶⁰P⁰⁵¹⁸²¹¹⁰‘
441 2093 605 2123 cusatores
638 2088 784 2122 eamdem
819 2093 966 2132 quartam
1002 2093 1125 2132 partem
1155 2088 1194 2122 de

440 2142 590 2176 manibus
610 2142 880 2188 depositariorum
900 2141 1051 2176 Gamerae
1068 2143 1193 2186 praefa-

440 2201 503 2236 tae,
525 2196 643 2240 quibus
664 2207 741 2230 cura
762 2195 907 2239 exigendi
929 2196 1049 2229 similes
1074 2207 1194 2240 poenas

439 2249 585 2283 iniuncta
605 2249 714 2291 fuerit,
727 2255 757 2284 et
768 2260 833 2284 non
844 2249 937 2282 aliter
948 2260 1008 2283 nec
1023 2250 1085 2283 alio
1097 2250 1193 2284 modo

439 2304 586 2348 accipere
607 2304 755 2345 debeant,
776 2303 856 2337 etad
876 2303 907 2336 id
928 2302 1110 2337 faciendum
1123 2315 1192 2338 om-

440 2358 516 2392 nino
539 2364 717 2392 teneantur.

485 2412 500 2456 §
526 2411 557 2446 3.
586 2413 770 2446 Inhibentes
797 2410 915 2446 eisdem
944 2411 1135 2445 officialibus
1164 2417 1194 2445 et

248 2469 426 2507 ,fantino-piu.
442 2477 554 2500 eorum
571 2467 705 2509 singulis
725 2466 756 2499 in
771 2466 886 2500 virtute
906 2470 1035 2499 sanctae
1044 2465 1194 2499 obedien-

241 2504 380 2530 ’''⁶¹⁹¹‘¹“²¹·
443 2519 514 2561 tiae,
537 2525 567 2553 et
583 2520 642 2553 sub
662 2519 889 2563 indignationis
914 2519 1048 2563 aliisque
1068 2519 1193 2552 arbitrii

441 2572 541 2608 nostri
557 2574 682 2618 poenis,
694 2584 733 2607 ne
753 2573 927 2618 quiequam
945 2572 1043 2613 aliud,
1062 2579 1194 2618 excepta

443 2626 526 2662 dicta
547 2627 695 2671 portione
715 2627 825 2661 decern
847 2637 905 2671 pro
933 2626 1135 2667 centenario,
1157 2638 1193 2661 ex

444 2680 564 2716 eisdem
584 2680 696 2726 poenis
715 2691 844 2726 capere,
866 2680 991 2725 exigere
1010 2680 1058 2714 vel
1074 2681 1192 2716 habere

1034 292 1215 317 BULLARIUM
1233 289 1385 315 ROMANUM

1997 286 2047 313 An.
2062 284 2093 312 C.
2110 284 2177 312 1⁸⁶¹

1232 342 1372 376 audeant
1391 351 1448 374 seu
1478 343 1698 384 praesumant,
1720 349 1779 373 nec
1799 338 1859 382 ipsi
1879 342 1910 371 et
1929 347 1981 370 ac-

1232 401 1397 429 cusatores
1415 393 1571 438 praedicti
1591 392 1772 436 portionem
1788 397 1818 425 et
1836 396 1984 435 quartam

1231 447 1419 482 huiusmodi
1444 446 1619 491 respective
1646 446 1685 479 ab
1709 445 1795 486 aliis,
1826 456 1923 489 quam
1944 445 1983 477 ah

1232 502 1309 546 ipsis
1315 501 1458 535 eiusdem
1469 498 1841 544 Cameraedepositariis,
1850 503 1885 532 ut
1893 508 1984 543 prae-

1232 555 1334 589 fertur
1352 583 1359 596 ,
1394 553 1576 598 accipiant3
1608 552 1734 585 irritum
1772 551 1984 585 nihilominus

1233 610 1442 642 decernentes
1457 614 1487 641 et
1503 607 1596 640 inane
1608 606 1763 650 quicquid
1774 616 1866 639 secus
1876 616 1895 639 a
1905 616 1984 649 quo-

1233 673 1340 706 quam,
1351 661 1460 706 quavis
1471 659 1672 700 auctoritate,
1686 659 1825 693 scienter
1834 659 1882 692 vel
1897 658 1985 703 igno-

1233 721 1353 756 ranter,
1376 714 1546 757 contigerit
1557 712 1716 747 attentari.

1277 770 1291 813 ἓ
1311 770 1342 802 4.
1360 770 1428 802 tlon
1449 768 1649 801 obstantibus
1660 766 1856 811 praemissis,
1869 777 1906 800 ac
1916 766 1986 810 qui-

1232 823 1339 856 busvis
1366 821 1647 856 constitutionibus
1672 826 1703 854 et
1729 819 1986 854 ordinationibus

1233 876 1431 920 apostolicis,
1452 875 1640 919 statutisque
1654 879 1684 907 et
1697 872 1986 907 consuetudinibus

1233 929 1421 974 quorumvis
1432 931 1580 963 locorum
1596 933 1626 962 et
1638 927 1812 967 civitatum,
1832 926 1927 961 etiam
1939 927 1988 962 iu-

1234 989 1393 1024 ramento,
1407 982 1654 1017 confirmatione
1666 980 1841 1026 apostolica
1850 981 1898 1014 vel
1911 991 1988 1026 qua-

1233 1037 1278 1070 vis
1294 1037 1443 1070 firmitate
1456 1036 1517 1069 alia
1536 1035 1708 1074 roboratis,
1726 1034 1900 1079 privilegiis
1910 1045 1988 1078 quo-

1234 1101 1310 1135 que,
1327 1090 1460 1123 indultis
1472 1095 1503 1122 et
1522 1088 1624 1122 literis
1634 1087 1819 1132 apostolicis
1827 1098 1989 1132 perquos-

1235 1154 1376 1187 cumque
1395 1143 1557 1177 Romanos
1575 1141 1747 1175 Pontifices
1766 1141 1990 1186 praedecesso-

1235 1208 1286 1230 res
1306 1202 1434 1230 nostros
1454 1207 1490 1230 ac
1511 1196 1607 1230 etiarn
1627 1206 1686 1240 per
1704 1205 1764 1228 nos
1793 1195 1900 1229 forsan
1911 1205 1990 1239 quo-

1236 1250 1412 1284 modolibet
1422 1250 1454 1283 in
1475 1249 1673 1283 contrarium
1686 1249 1847 1282 concessis
1865 1253 1896 1282 et
1910 1259 1988 1283 con·

1235 1303 1388 1344 firmatis,
1405 1302 1523 1346 quibus
1543 1301 1705 1341 omnibus,
1731 1312 1845 1335 eorum
1860 1306 1989 1336 tenores

1235 1356 1460 1401 praesentibus
1479 1366 1539 1401 pro
1560 1355 1758 1389 sufficienter
1775 1356 1945 1400 expressis,
1957 1361 1990 1390 et

1235 1411 1375 1444 totaliter
1395 1410 1523 1444 insertis
1542 1410 1709 1450 habentes,
1723 1408 1786 1442 illis
1796 1409 1875 1442 alias
1886 1409 1918 1444 in
1930 1421 1989 1444 suo

1235 1464 1353 1498 robore
1368 1462 1602 1508 permansuris,
1613 1463 1674 1496 hac
1684 1462 1752 1496 viee
1767 1462 1941 1504 dumtaxat,
1950 1463 1990 1497 ad

1236 1518 1386 1552 ess'ectum
1397 1516 1629 1562 praesentium,
1639 1515 1820 1561 specialiter
1826 1522 1857 1550 et
1864 1527 1990 1562 expres-

1236 1582 1269 1605 se
1288 1572 1497 1615 derogamus,
1524 1570 1705 1614 ceterisque
1729 1570 1899 1605 contrariis
1917 1570 1990 1616 qui-

1235 1625 1449 1669 buscumque.

1280 1679 1295 1722 ξ
1317 1679 1350 1713 5.
1371 1679 1527 1712 Volumus
1547 1683 1654 1712 autem
1688 1678 1776 1722 quod
1799 1678 1989 1713 earumdem
2011 1695 2188 1719 rid...m.m

1236 1733 1453 1777 praesentium
1478 1732 1709 1777 transumptis,
1745 1743 1844 1766 manu
1871 1733 1989 1767 notarii
2003 1730 2094 1755 ΝΜ·

1236 1786 1359 1830 publici
1392 1786 1581 1831 subscriptis
1608 1792 1638 1819 et
1664 1786 1769 1830 sigillo
1795 1786 1992 1832 thesaurarii,

1236 1841 1337 1875 nostri
1357 1841 1513 1885 generalis
1534 1852 1591 1874 seu
1608 1851 1764 1884 personae
1783 1840 1816 1873 in
1836 1840 1989 1884 dignitate

1236 1895 1451 1930 ecclesiastica
1476 1895 1669 1929 constitutae
1697 1894 1850 1936 munitis,
1877 1895 1989 1930 eadem

1236 1960 1370 1994 prorsus
1381 1950 1460 1984 fides
1471 1949 1673 1990 adhibeatur,
1683 1960 1766 1994 quae
1778 1948 1990 1993 originalibus

1236 2005 1313 2048 ipsis
1339 2004 1564 2044 adhiberetur,
1593 2004 1618 2038 si
1638 2004 1743 2037 forent
1762 2003 1922 2037 exhibitae
1940 2004 1987 2037 vel

1237 2064 1394 2092 ostensae.

1279 2113 1393 2146 Datum
1414 2112 1534 2146 Romae
1558 2112 1645 2157 apud
1669 2111 1822 2146 Sanctum
1842 2111 1987 2153 Petrum,

1236 2166 1296 2200 sub
1308 2167 1428 2200 annulo
1437 2165 1618 2207 piscatoris,
1633 2165 1684 2199 die
1692 2175 1733 2199 xx
1742 2165 1853 2210 aprilis
1859 2175 1988 2206 nnnxw,

1236 2221 1441 2265 pontificatus
1460 2220 1560 2254 nostri
1581 2230 1665 2254 anno
1685 2230 1714 2252 v.

1279 2274 1333 2308 Die
1353 2284 1449 2308 imvm
1469 2274 1579 2318 aprilis
1599 2283 1716 2307 mntmv
1731 2273 1888 2307 admissae
1913 2279 1988 2308 sunt
2027 2282 2134 2319 Anniano
2160 2286 2182 2305 οι

1235 2329 1295 2362 hae
1316 2328 1428 2361 literae
1443 2328 1638 2372 apostolicae
1649 2338 1684 2361 ex
1696 2327 1825 2361 decreto
1833 2327 1986 2362 Gamerae
2000 2319 2045 2341 ’.ε’
2059 2320 2080 2336 ¹¹¹
2091 2314 2184 2337 cmm.

1236 2389 1267 2416 et
1290 2382 1476 2426 registratae
1489 2382 1520 2415 in
1531 2382 1615 2415 libro
1627 2382 1866 2426 signaturarum
1879 2382 1933 2416 SS.
1946 2382 1981 2416 D.

1235 2437 1270 2470 N.
1293 2436 1411 2481 Papae,
1437 2436 1523 2481 apud
1548 2447 1598 2469 me
1623 2435 1798 2477 notarium,
1820 2435 1875 2470 fol.
1898 2435 1951 2471 60.

1401 2489 1615 2534 Hieronymus
1634 2489 1673 2523 de
1688 2489 1823 2523 Tarano.

2008 781 2121 807 Derogmio
2131 787 2184 804 eon-

2000 814 2120 835 tran-iorum.
