2237 3100
872 289 968 314 11111111(
992 288 1099 313 RERUM
1647 276 1738 310 1019

316 344 563 385 recognitorum
584 343 693 376 dotem
714 341 897 381 constituit,
913 341 972 375 8:31
997 352 1037 380 α,·
1053 340 1260 373 summatoris
1274 339 1408 383 antiqua
1424 338 1601 382 privilegia,
1616 338 1783 371 facultates

317 403 347 431 et
363 398 579 431 emolumenta
598 396 783 436 confirmat,
808 396 905 431 ibim,-
926 395 1062 427 sormam
1083 394 1288 427 examinandi
1302 394 1425 426 litteras
1444 392 1649 435 apostolicas,
1666 391 1782 423 ‹lubia-

315 462 379 495 que
399 451 540 493 desuper
566 449 771 482 occurrentia
804 448 975 481 decidendi
998 447 1207 491 praescribiC,
1234 447 1312 480 ibid.
1340 448 1368 479 b.
1393 444 1591 479 Sunuuatori
1616 456 1673 488 per
1705 445 1781 476 sub-

315 504 445 537 stitutos
474 502 619 536 officium
640 512 792 535 exercere
816 501 964 534 concedit
982 527 989 540 ,
1012 507 1038 533 et
1063 502 1284 533 emolumenta
1306 500 1490 543 percipere,
1512 498 1575 531 8:32
1594 509 1632 537 ιι;
1662 503 1780 529 statuta

315 567 374 601 pro
400 555 595 589 officialibus
623 555 783 593 condere,
819 554 1150 596 iurisdictionemque
1175 553 1408 596 amplissimam
1434 553 1465 584 in
1500 552 1546 585 eis
1579 550 1783 593 corrigendis

312 610 451 648 habere,
477 608 546 641 ibid
569 609 602 646 b‚·
640 607 810 640 camerarii
837 607 1100 650 exemptionibus
1126 606 1267 649 perfrui,
1294 606 1371 638 ibid.
1388 618 1397 643 ;
1430 605 1587 649 praesidis
1621 610 1648 638 et
1687 614 1780 637 reco-

312 662 480 705 gnitorum
506 660 631 693 litteras
655 662 754 703 gratis
779 660 935 703 expediri,
962 659 1039 691 ibid.
1054 671 1064 695 ;
1088 659 1231 691 officium
1256 659 1422 702 resignare
1447 658 1524 691 ibid.

224 715 399 760 Symoneta
424 713 599 748 cardinalis
622 713 815 747 Ludovicus.
848 712 883 745 V.
907 712 1047 746 Minores
1066 711 1311 745 Conventuales.

968 877 1010 918 Τ

222 981 442 1021 Tabelliones,
468 980 563 1024 vulgo
590 980 729 1021 notarii,
751 979 964 1012 tribunalium
981 978 1076 1012 Urbis
1090 979 1240 1012 tabellam
1263 985 1409 1013 taxarum
1432 979 1557 1012 affixam
1583 985 1693 1012 tenere
1721 979 1779 1012 de-

312 1036 390 1068 bent
407 1035 478 1067 loco
498 1033 630 1077 publico
643 1060 651 1074 ,
669 1033 732 1066 ‘177
755 1034 772 1066 b
788 1038 818 1066 et
833 1033 897 1066 180
913 1044 944 1066 a.
970 1033 1072 1066 Taxae
1093 1034 1269 1066 servandae
1294 1045 1311 1066 a
1337 1034 1470 1066 notariis
1497 1044 1685 1066 caussarum
1702 1033 1780 1065 civi-

311 1089 392 1121 lium
417 1087 655 1130 gubernatoris,
680 1086 805 1125 vicarii,
834 1086 950 1119 iudicis
970 1086 1067 1129 Burgi
1086 1091 1117 1119 ct
1132 1087 1365 1129 magistrorum
1378 1087 1503 1119 viarum
1522 1086 1614 1120 Urbis
1635 1092 1665 1119 et
1680 1086 1777 1119 etiam

311 1140 460 1185 Capitolii
476 1141 508 1173 in
524 1141 653 1174 casibus
669 1141 708 1173 de
729 1139 849 1183 quibus
874 1150 932 1184 per
948 1145 1064 1172 statuta
1086 1150 1151 1172 non
1166 1145 1211 1173 est
1227 1140 1405 1184 provisum,
1429 1140 1487 1173 177
1507 1141 1523 1172 b
1545 1146 1574 1173 ct
1593 1151 1654 1184 seq.
1677 1140 1779 1173 Taxae

310 1195 486 1228 servandae
507 1206 524 1228 a
544 1194 680 1228 notariis
700 1204 889 1227 caussarum
915 1193 1135 1227 criminalium
1157 1194 1383 1237 gubernatoris
1397 1221 1404 1235 ,
1428 1194 1585 1227 auditoris
1605 1194 1778 1233 Gamerae,

311 1247 442 1289 vicarii,
473 1247 633 1281 senatoris
654 1246 750 1280 Urbis
784 1257 821 1280 ac
850 1245 967 1279 iudicis
994 1246 1111 1289 Burgi,
1138 1246 1203 1280 <180
1223 1248 1240 1279 b
1271 1252 1299 1279 et
1320 1258 1382 1292 seq.
1409 1248 1632 1288 Tabelliones,
1660 1247 1780 1292 patefa-

312 1301 432 1335 cientes
460 1311 591 1334 reorum
616 1300 850 1344 depositiones,
878 1301 1042 1344 ceterique
1064 1301 1227 1333 nuncium
1250 1301 1412 1334 mittentes
1437 1302 1485 1335 vel
1511 1302 1692 1335 deserentes
1718 1303 1780 1336 reis

312 1354 498 1387 carceribus
523 1353 717 1387 arctioribus
738 1353 887 1394 detentiS,
908 1353 1027 1397 quibus
1050 1354 1162 1397 poenis
1182 1354 1357 1395 alliciendi,
1377 1354 1440 1388 696
1461 1366 1491 1388 ιι.
1522 1356 1554 1388 V.
1578 1356 1778 1389 Tribunalia.

220 1408 402 1442 Taurorum
434 1413 465 1441 et
489 1408 632 1442 serarum
660 1418 788 1451 pugnae
812 1412 973 1447 vetantur,
1004 1407 1068 1441 630
1094 1409 1122 1440 b.
1155 1407 1294 1440 Moriens
1320 1408 1352 1440 in
1379 1409 1530 1442 conssictu
1560 1410 1781 1444 ecclesiastica

307 1466 397 1495 caret
427 1461 606 1506 sepultura,
622 1461 701 1494 ibid.
718 1460 846 1501 Clerici,
870 1461 928 1494 sub
950 1461 1297 1495 excommunicationis
1317 1472 1434 1506 poena,
1457 1464 1650 1507 spectaculis
1667 1465 1779 1499 huius-

307 1515 395 1549 modi
425 1515 580 1548 interesse
605 1521 757 1558 neqeunt,
772 1514 831 1548 631
857 1526 888 1548 a.
916 1515 1107 1548 Contractus
1134 1514 1220 1548 circa
1238 1515 1428 1549 huiusmodi
1451 1528 1575 1560 pugnas
1593 1518 1778 1559 irritantur,

306 1569 385 1602 ibid.
413 1568 579 1612 Principes
589 1574 620 1602 et
631 1568 778 1612 praelati,
794 1568 827 1601 hi
839 1569 899 1602 sub
916 1569 1062 1602 censuris
1077 1569 1314 1610 ecclesiasticis,
1334 1570 1416 1602 hanc
1432 1571 1633 1605 sanctionem
1659 1573 1779 1606 servari

308 1622 438 1663 faciant,
462 1622 542 1655 ibid.
1072 1621 1074 1623 ’

217 1675 406 1709 Taxationes
431 1675 607 1709 servandae
627 1686 645 1708 a
664 1675 893 1709 tabellionibus
910 1676 1123 1709 tribunalium
1144 1677 1250 1710 Urbis.
1287 1678 1319 1711 V.
1346 1678 1561 1712 Tabelliones.

213 1728 446 1762 Theatinorum
459 1728 666 1773 congregatio
683 1729 942 1769 commendatur,
957 1729 1021 1763 538
1033 1741 1064 1763 a.
1083 1730 1184 1763 Maior
1204 1742 1279 1774 pars
1295 1732 1457 1765 vocalium
1477 1737 1579 1765 totum
1597 1733 1778 1777 capitulum

301 1782 424 1826 ubique
443 1788 644 1826 representat
670 1793 744 1816 011111
766 1783 954 1816 omnimoda
975 1784 1232 1826 1)0testate,ibid.
1251 1796 1260 1821 ;
1280 1784 1313 1816 111
1334 1796 1412 1818 casu
1434 1785 1590 1829 paritatis,
1611 1787 1780 1830 antiquior

302 1835 463 1868 vocalium
484 1835 665 1880 capitulum
700 1835 809 1876 eflicit,
833 1837 910 1868 ibid.
935 1837 963 1868 b.
992 1836 1206 1880 Superiorum
1228 1837 1374 1870 osticium
1395 1849 1480 1871 anno
1506 1839 1666 1881 expletur,
1692 1840 1772 1873 ibid.

303 1888 480 1932 Praepositi
496 1894 527 1922 et
542 1890 761 1922 locatenentes
776 1889 843 1932 pari
865 1889 1006 1932 gaudent
1026 1890 1231 1930 auctoritate,
1257 1891 1334 1923 ibid.
1362 1891 1422 1930 Qui
1448 1897 1483 1923 ut
1503 1892 1653 1935 superior
1674 1894 1778 1926 admi-

304 1942 427 1982 nistrat,
453 1947 557 1986 potest
581 1943 614 1975 in
636 1943 857 1986 praepositum
884 1943 971 1985 eligi,
995 1949 1025 1975 et
1052 1954 1107 1986 per
1134 1945 1313 1977 triennium
1335 1945 1534 1981 contirmari,
1559 1946 1636 1978 ibid.
1658 1946 1776 1980 Forma

302 1996 486 2029 adhibenda
501 2006 519 2028 a
535 1996 690 2039 capitulo,
713 2007 788 2029 cum
809 1996 1125 2030 administratoriluis
1147 1998 1271 2038 scribit,
1286 2003 1432 2041 tempore
1453 1998 1658 2031 vacationum
1680 2011 1777 2042 prae-

305 2049 538 2093 positurarum,
560 2050 639 2083 ibid.
655 2050 779 2083 Vocalis
799 2050 965 2093 antiquior
985 2051 1129 2084 succedit
1149 2051 1218 2094 ipso
1234 2051 1305 2084 iure
1326 2051 1358 2083 111
1379 2052 1605 2095 praepositura
1629 2059 1776 2094 vacante,

303 2103 407 2136 donec
438 2114 496 2146 per
525 2103 705 2146 capitulum
726 2103 819 2136 aliter
840 2103 1059 2147 provideatur,
1085 2104 1149 2137 539
1179 2116 1209 2137 (ι.
1241 2105 1443 2147 Religionem
1472 2105 1620 2148 professi,
1649 2106 1775 2140 etiamsi

304 2156 449 2189 eiusdem
470 2155 616 2189 habitum
641 2166 707 2189 non
732 2156 943 2200 sumpserint,
967 2157 1117 2190 omnibus
1138 2157 1399 2200 congregationis
1419 2157 1594 2201 privilegiis
1619 2159 1774 2201 gaudent,

305 2209 384 2243 ibid.
416 2209 518 2242 Iulius
542 2209 581 2242 Ill
609 2209 775 2252 praedicta
808 2209 917 2243 omnia
943 2210 1157 2250 confirmavit,
1182 2211 1260 2243 ibid.
1294 2211 1412 2244 Paulus
1447 2212 1483 2243 lv
1522 2213 1777 2246 comnnmi-cavit

305 2264 439 2308 insuper
458 2263 625 2307 privilegia
645 2264 906 2307 congregationis
926 2265 965 2297 de
986 2265 1161 2298 Somasclia
1183 2270 1213 2298 ct
1233 2265 1337 2298 eidem
1354 2265 1534 2305 unitarum,
1559 2267 1636 2299 ibid.
1661 2268 1690 2300 b.
1714 2268 1776 2301 Re-

306 2317 412 2360 ligiosi
433 2316 541 2350 idonei
566 2317 598 2349 in
625 2317 770 2350 ecclesiis
791 2323 992 2351 sacramenta
1012 2318 1247 2358 administrant,
1265 2318 1328 2351 540
1354 2329 1384 2350 ci.
1409 2318 1578 2361 Privilegia
1607 2319 1777 2355 Societatis

304 2371 376 2403 lesu
395 2370 560 2403 Tlieatinis
580 2370 818 2411 conceduntur,
832 2371 912 2404 ibid.
928 2371 1001 2403 Pius
1021 2371 1044 2403 V
1062 2372 1227 2415 praedicta
1245 2371 1427 2411 confirmat,
1444 2372 1511 2404 ibid
1531 2372 1568 2411 b‚·
1588 2374 1777 2416 praeposito

306 2424 491 2457 facultatem
513 2424 668 2466 elargitur
692 2424 878 2457 absolvendi
898 2425 1063 2458 venientes
1083 2425 1123 2457 ad
1148 2424 1348 2467 Religionem
1369 2425 1408 2456 ab
1430 2425 1518 2458 omni
1539 2436 1616 2458 casu
1637 2426 1669 2458 in
1686 2427 1778 2460 Bulla

307 2476 434 2510 Coenae
454 2476 581 2509 Domini
602 2487 667 2510 non
701 2483 875 2519 reservate,
903 2479 1008 2519 ibicl.,·
1029 2479 1156 2511 clericis
1177 2478 1425 2511 administrandi
1444 2486 1646 2512 sacramenta
1667 2481 1775 2513 omni—

307 2529 368 2563 bus
386 2529 472 2562 intra
491 2529 705 2563 habitationes
726 2531 985 2574 congregationis
1006 2532 1238 2570 existentibus,
1265 2537 1350 2564 extra
1379 2537 1487 2564 autem
1514 2543 1627 2566 caussa
1663 2544 1775 2567 neces-

309 2582 410 2616 sitatis
429 2610 436 2623 ,
460 2582 519 2616 541
544 2583 582 2619 ΖΗ
619 2584 658 2616 ad
684 2585 909 2627 processiones
943 2585 1015 2627 cogi
1055 2595 1119 2618 11011
1146 2595 1252 2628 posse,
1282 2584 1430 2628 aliosque
1460 2584 1584 2619 favores
1613 2586 1773 2627 concedit,

309 2636 388 2669 ibid.
423 2641 455 2669 et
477 2647 539 2679 seq.
571 2637 602 2669 V.
626 2637 813 2679 Regulaies.

219 2690 393 2726 Theatinus
413 2691 680 2736 archiepiscopus
696 2692 855 2736 quaedam
880 2692 952 2724 iura
973 2693 1092 2725 babere
1118 2692 1283 2724 contendit
1321 2702 1420 2735 super
1439 2693 1576 2726 ecclesia
1600 2693 1776 2737 episcopali
