2237 3100
62 247 110 293 An.
127 246 157 291 c.
178 264 244 292 laeti

90 647 239 676 appellarique

57 685 98 700 non
132 686 195 707 posse
230 687 241 701 a

57 712 170 731 sententiis
187 717 241 732 con-

56 741 122 762 sulum
138 747 149 762 a
167 743 239 764 decem

56 774 122 794 scutis
137 772 199 795 iuti-a.

76 1183 134 1210 Quae
157 1186 234 1204 statuta

51 1218 137 1236 senator
146 1218 167 1236 et
181 1221 234 1236 con-

51 1248 172 1266 servatores
198 1253 234 1274 np-

50 1276 173 1303 probarunt.

76 1453 113 1475 llic
135 1453 232 1475 Pontifex

49 1486 110 1506 modo
123 1487 233 1506 contii-mat

49 1520 70 1537 et
89 1518 175 1537 innovat
197 1523 234 1538 su-

48 1548 154 1575 pradictus
179 1554 232 1569 con-

49 1580 158 1600 cessiones
168 1585 233 1600 seua-

49 1613 115 1631 torum
145 1614 166 1632 et
182 1618 232 1631 con-

48 1645 194 1669 servatorum,
211 1646 231 1663 et

49 1677 125 1694 statuta
143 1675 231 1694 unirer-

48 1705 128 1730 sitatis,
145 1708 166 1725 et
182 1711 232 1725 con-

48 1735 114 1756 sulum
130 1737 231 1757 iurisdic-

48 1767 125 1788 tionem
155 1771 175 1788 ει
199 1767 231 1788 fa-

47 1798 146 1825 cultatem

932 263 999 288 PIUS
1023 263 1053 287 lv
1078 262 1125 287 ΡΡ.

1697 245 1761 282 269

261 317 378 359 ctoris;
404 323 435 351 et
454 317 532 352 alias
554 329 674 364 poenas
694 318 849 359 incurrat,
877 329 957 362 quas
973 319 1011 352 de
1056 327 1128 349 rum
1174 319 1423 358 ceterorumque
1447 312 1501 346 hie
1521 311 1615 346 etiam
1637 312 1675 345 de
1696 322 1806 345 neces-

260 371 331 405 iure
352 373 518 405 communi
539 374 586 407 vel
615 372 805 416 municipali
836 372 1009 406 incurrisse
1055 369 1145 403 sitate
1166 368 1451 413 exprimendorum
1471 366 1611 400 veriores
1632 372 1759 399 tenores
1775 371 1805 399 et

259 424 432 466 diceretur,
453 432 483 460 et
503 432 661 472 perpetuo
687 427 814 460 infamis
834 431 1008 466 remaneat,

259 484 289 512 et
322 491 379 523 per
412 491 487 514 eum
522 481 699 515 scribendis
732 481 770 514 de
805 487 911 514 cetero
945 491 1009 513 non

258 533 421 566 credatur.

301 587 316 630 ἓ
336 587 367 620 6.
391 587 523 621 Necnon
544 599 560 621 a
582 588 756 629 sententiis,
775 599 792 621 a
805 598 931 621 summa
952 588 1007 620 de-

256 651 327 674 cem
347 645 516 674 scutorum
538 647 568 675 et
588 642 682 683 infra,
706 642 833 685 aliquae
854 653 890 675 ex
907 641 1006 686 parti-

255 693 316 728 hus
337 705 446 728 coram
482 695 573 729 dictis
612 696 798 730 consulibus
834 695 1004 738 litigantes,

254 749 531 792 quemadmodum
564 750 634 783 aliis
667 750 827 783 iudicibus
857 754 887 782 et
910 748 1008 782 curiis

255 812 447 836 concessum
468 803 580 844 extitit,
609 804 772 848 appellare
793 804 841 836 vel
862 803 940 836 alias
956 814 1006 836 re-

254 855 393 890 clamare
419 857 551 890 minime
572 858 693 901 possint
724 869 784 891 nee
804 857 949 893 valeant;
977 862 1005 889 et

252 909 407 953 quicquid
435 922 494 955 per
523 912 651 944 eosdem
679 912 830 945 consules
850 911 1004 944 decerne-

252 968 342 996 retur
361 969 416 997 aut
436 965 539 1004 fieret,
576 970 657 998 esset
677 965 837 1005 validum,
874 964 1004 996 firmum

251 1021 282 1049 et
310 1017 421 1051 efficax
436 1045 443 1058 ,
480 1018 624 1062 realique
659 1017 840 1052 executioni
875 1018 1005 1051 deman-

250 1070 405 1104 dandum.

295 1125 309 1168 ἓ
330 1125 360 1158 7.
384 1125 534 1170 Haecque
555 1132 586 1159 et
605 1126 666 1159 alia
686 1126 801 1159 ultimo
827 1125 929 1158 dictae
950 1136 1003 1158 or-

249 1177 429 1212 dinationes
458 1185 488 1212 et
521 1185 637 1213 statuta
671 1191 729 1223 per
762 1179 896 1213 dilectos
920 1179 1003 1212 filios

249 1232 423 1266 modernos
438 1233 539 1277 ipsius
559 1233 652 1267 Urbis
673 1239 853 1267 senatorem
873 1238 902 1266 et
924 1244 1002 1266 con-

249 1293 436 1328 servatores,
459 1293 624 1331 tamquam
645 1287 761 1320 rationi
778 1287 1000 1328 consonantia,

248 1341 425 1385 approbata
450 1346 481 1374 et
505 1341 695 1375 confirmata
721 1341 830 1374 fuisse.

292 1393 307 1437 ἓ
327 1393 358 1428 8.
376 1394 500 1428 Idcirco
522 1395 607 1428 idem
628 1394 801 1438 collegium
821 1399 851 1427 et
872 1394 1001 1427 univer-

247 1446 383 1489 sitatem,
417 1453 582 1493 tamquam
609 1448 794 1493 praemissis
824 1449 862 1481 de
897 1448 1001 1481 causis

247 1501 286 1534 de
307 1501 475 1546 republica
495 1502 615 1546 optime
637 1502 779 1541 meritos,
807 1501 1001 1546 specialibus

247 1554 408 1589 favoribus
437 1562 465 1589 et
491 1556 601 1599 gratiis
631 1562 880 1600 prosequentes,
911 1561 1000 1588 motu

247 1608 354 1649 simili,
375 1614 446 1650 eto„
468 1620 533 1643 non
545 1610 584 1643 ad
605 1610 706 1654 ipsius
726 1610 854 1653 collegii
880 1615 910 1643 et
931 1609 1000 1642 uni-

245 1662 402 1696 versitatis
431 1668 483 1696 aut
510 1664 643 1697 alterius
677 1663 821 1697 eiusdem
844 1663 920 1696 artis
950 1664 999 1696 in-

246 1716 393 1749 stantiam
423 1722 454 1750 et
478 1717 734 1761 requisitionem,
768 1718 822 1751 sed
852 1728 888 1750 ex
913 1723 999 1750 certa

246 1775 353 1803 nostra
374 1771 505 1804 scientia
539 1782 575 1804 ac
596 1772 761 1815 potestatis
783 1771 996 1815 plenitudine,

246 1823 446 1865 mandatum,
481 1825 752 1869 assignationem,
785 1825 999 1868 consignatio—

246 1887 331 1918 nem,
360 1878 633 1911 constructionem
655 1883 685 1911 et
705 1878 901 1911 erectionem
923 1878 998 1911 dicti

246 1931 433 1965 consulatus
453 1938 483 1965 et
502 1932 690 1971 tribunalis,
715 1937 748 1964 ut
768 1932 996 1975 praemittitur,

245 1984 363 2018 sactum
384 1996 391 2025 ;
427 1996 553 2019 necnon
574 1985 757 2025 licentiam,
794 1985 995 2027 libertatem,

244 2037 455 2080 habilitatem,
483 2040 666 2073 facultatem
688 2044 718 2072 et
741 2045 929 2082 potestatem
960 2040 998 2072 ab

245 2091 358 2124 eodem
370 2092 544 2133 Bonisacio,
555 2094 793 2137 praedecessore
803 2098 924 2133 nostro,
942 2104 997 2126 seu

244 2145 409 2186 Zacharia,
445 2146 522 2179 olim
551 2152 712 2186 senatore,
742 2146 894 2190 praefatis
923 2157 997 2179 con-

245 2209 370 2240 cessas,
406 2210 442 2232 ac
467 2199 506 2232 ab
536 2199 605 2243 ipsa
638 2199 843 2232 universitate
869 2200 997 2233 condita

245 2257 362 2286 statuta
386 2259 417 2286 et
436 2253 664 2293 ordinationes,
686 2254 778 2294 facta,
800 2258 830 2286 ct
846 2259 880 2286 ut
901 2265 997 2298 supra

244 2307 473 2351 approbata,et
490 2307 523 2340 in
544 2313 710 2351 posterum
732 2317 790 2350 per
805 2306 906 2350 ipsam
926 2308 996 2341 uni-

244 2361 425 2394 versitatem
458 2361 582 2401 fienda,
616 2367 646 2393 et
675 2372 733 2405 per
767 2366 945 2394 senatorem
968 2366 997 2394 et

245 2420 485 2448 conservatores
496 2414 639 2448 eiusdem
648 2415 751 2455 Urbis,
762 2414 849 2447 iuxta
860 2415 996 2448 sormam

244 2468 437 2497 statutorum
459 2464 619 2507 praefatae
640 2463 745 2503 t'rbis,
773 2464 993 2508 approbanda,

244 2512 441 2557 illorumque
462 2519 492 2547 et
515 2514 642 2546 illarum
664 2513 937 2554 confirmationes,
960 2525 995 2548 ac

245 2561 388 2596 eiusdem
408 2562 564 2596 Bonisacii
582 2562 839 2606 praedecessoris
860 2574 916 2596 seu
936 2563 993 2596 Za-

244 2611 373 2644 chariae
403 2611 558 2645 senatoris
585 2611 838 2653 concessionem,
864 2612 994 2645 illorum

243 2671 280 2694 ac
319 2661 466 2694 omnium
501 2666 532 2695 et
565 2661 767 2705 singulorum
804 2660 996 2704 praemisso-

1053 424 1198 465 ess'ectus,
1221 433 1280 466 pro
1300 421 1352 455 liic
1373 422 1467 466 plene
1488 426 1518 454 et
1539 420 1735 454 sufficienter
1755 431 1805 453 ex-

1054 478 1171 522 pressis
1191 488 1227 510 ac
1257 477 1295 510 de
1324 476 1421 510 verbo
1444 475 1482 509 ad
1507 474 1640 508 verbum
1677 474 1804 518 penitus

1052 536 1083 563 et
1107 531 1240 564 omnino
1274 530 1400 564 insertis
1433 529 1600 570 habentes,
1628 528 1804 573 apostolica

1051 585 1251 625 auctoritate,
1268 590 1379 617 tenore
1391 582 1621 628 praesentium,
1642 581 1802 626 approba-

1052 649 1135 680 mus,
1163 639 1394 672 confirmamus
1414 643 1444 671 et
1464 637 1666 677 innovamus,
1693 635 1802 679 eisque

1051 697 1226 736 perpetuae
1247 698 1277 725 et
1302 691 1493 725 inviolabilis
1522 689 1682 724 firmitatis
1702 690 1803 723 robur

1054 746 1246 786 adiicimus;
1269 758 1305 779 ac
1330 757 1367 779 ea
1396 746 1503 779 omnia
1524 751 1554 778 et
1575 745 1700 787 singula
1715 755 1800 788 ⁴per-

1050 805 1148 844 petuo
1178 805 1209 832 et
1242 799 1467 832 inviolabiliter
1493 798 1655 832 observari
1685 798 1800 831 debere

1050 854 1256 887 decernimus
1291 859 1321 887 et
1341 854 1553 893 mandamus,
1576 857 1616 893 et,
1641 858 1801 896 quatenus

1049 918 1132 951 opus
1152 907 1201 947 sit,
1223 908 1261 940 de
1272 918 1354 940 novo
1376 907 1584 940 concedimus
1605 911 1635 939 et
1651 911 1686 940 ut
1703 917 1801 950 supra

1048 962 1218 994 statuimus
1238 966 1267 994 et
1279 961 1477 1001 ordinamus,
1498 960 1672 1004 omniaque
1689 966 1719 994 et
1735 960 1800 994 sin—

1047 1016 1123 1058 gula
1143 1015 1369 1048 inviolabiliter
1389 1015 1555 1059 perpetuis
1581 1015 1698 1048 suturis
1717 1020 1799 1048 tem-

1048 1069 1182 1112 poribus
1201 1069 1362 1102 observari
1388 1069 1591 1102 mandamus.
1620 1069 1663 1102 Ac
1688 1079 1800 1102 omnes

1047 1127 1076 1155 et
1097 1122 1253 1166 singulos,
1285 1127 1350 1155 tam
1371 1122 1452 1155 iuris
1480 1133 1577 1166 quam
1604 1122 1677 1156 sacti
1711 1122 1798 1156 defe-

1046 1181 1127 1217 ctus,
1160 1176 1260 1220 siqui
1282 1178 1388 1209 forsan
1416 1176 1646 1209 intervenerint
1674 1176 1705 1208 in
1736 1176 1799 1209 eis-

1046 1229 1131 1269 dem,
1168 1230 1192 1262 si
1222 1240 1305 1273 quae
1330 1229 1550 1263 solemnitates
1570 1230 1706 1263 omissae
1728 1230 1797 1262 sue-

1045 1283 1120 1323 rint,
1143 1284 1344 1327 supplemus.
1368 1283 1413 1316 tta
1433 1284 1518 1327 quod
1540 1284 1685 1317 eiusdem
1703 1284 1798 1317 colle-

1044 1336 1087 1379 gii
1108 1342 1138 1369 et
1165 1337 1376 1370 universitatis
1401 1337 1547 1371 moderni
1569 1343 1599 1371 et
1619 1337 1735 1381 reliqui
1766 1337 1796 1370 in

1045 1396 1210 1434 posterum
1233 1402 1290 1434 pro
1320 1397 1466 1435 tempore
1487 1391 1656 1425 existentes
1677 1402 1796 1425 consu-

1044 1445 1089 1476 les
1118 1456 1217 1489 super
1245 1445 1431 1478 huiusmodi
1459 1451 1490 1479 et
1515 1445 1547 1478 in
1569 1445 1674 1489 specie
1700 1455 1798 1490 super

1044 1499 1186 1541 praefato
1221 1503 1336 1531 statuto
1367 1499 1405 1532 de
1434 1498 1674 1540 iurisdictione,
1712 1499 1796 1532 iuxta

1044 1553 1129 1586 illius
1163 1558 1308 1586 tenorem
1348 1564 1450 1597 usque
1485 1553 1524 1586 ad
1553 1564 1826 1598 quamcumque‘

1043 1618 1215 1647 summam,
1248 1607 1417 1640 exercendi
1445 1607 1552 1651 quoad
1573 1618 1728 1652 personas
1758 1608 1796 1641 de

1043 1665 1109 1693 arte
1135 1661 1340 1702 huiusmodi3
1368 1666 1398 1694 et
1418 1660 1474 1705 qui
1495 1661 1533 1694 de
1555 1667 1622 1694 arte
1642 1671 1707 1695 non
1726 1662 1796 1694 sue-

1043 1714 1117 1754 rint,
1146 1726 1247 1759 usque
1273 1715 1312 1748 ad
1342 1715 1459 1748 dictam
1485 1726 1645 1748 summam
1667 1715 1796 1768 triginta

1042 1768 1235 1802 ducatorum
1251 1769 1321 1802 auri
1339 1769 1376 1803 de
1392 1769 1538 1810 Camera,
1549 1769 1670 1812 absque
1688 1769 1797 1813 aliquo

1042 1821 1104 1854 alio
1126 1822 1292 1855 obstaculo
1326 1823 1373 1856 vel
1400 1822 1632 1866 impedimento
1659 1823 1795 1856 aliarum

1043 1876 1220 1917 curiarum,
1258 1877 1514 1911 iurisdictionem
1548 1883 1576 1910 et
1607 1883 1794 1921 potestatem

1043 1931 1196 1970 habeant,
1233 1937 1330 1975 prout
1358 1937 1469 1964 tenore
1498 1932 1717 1975 praesentium
1740 1932 1796 1964 da-

1043 1995 1125 2025 mus,
1162 1985 1372 2018 concedimus
1402 1990 1430 2018 et
1460 1985 1638 2029 elargimur
1664 1986 1797 2019 faculta-

1040 2043 1122 2078 tem,
1147 2038 1311 2072 licentiam
1337 2044 1367 2071 et
1386 2044 1578 2083 potestatem
1599 2050 1635 2072 ac
1656 2038 1797 2073 auctori—

1041 2097 1137 2125 tatem
1158 2092 1190 2125 in
1211 2093 1363 2125 omnibus
1383 2098 1414 2126 et
1443 2093 1577 2136 singulis
1604 2092 1728 2133 causis,
1760 2092 1796 2125 li-

1040 2145 1124 2179 tibus
1145 2151 1175 2178 et
1196 2146 1397 2186 differentiis,
1425 2157 1461 2179 cx
1485 2146 1597 2189 quavis
1621 2157 1719 2179 causa
1746 2146 1794 2179 vel

1040 2199 1210 2232 occasione
1230 2200 1269 2232 ad
1299 2205 1399 2233 artem
1428 2199 1615 2232 huiusmodi
1645 2205 1794 2244 spectan-

1041 2253 1125 2286 tibus
1159 2258 1189 2286 et
1225 2253 1461 2298 pertinentibus
1496 2264 1551 2286 seu
1586 2253 1794 2297 dependenti-

1040 2307 1118 2347 bus,
1151 2318 1215 2340 una
1242 2318 1316 2341 cum
1347 2307 1498 2340 omnibus
1518 2312 1549 2340 et
1574 2306 1708 2350 singulis
1729 2307 1794 2341 suis

1040 2361 1266 2402 incidentibus,
1295 2360 1551 2403 emergentibus,
1584 2361 1794 2405 dependenti-

1039 2415 1110 2455 bus,
1133 2415 1265 2448 annexis
1289 2420 1320 2448 et
1336 2414 1499 2455 connexis,
1523 2426 1632 2448 coram
1654 2415 1699 2448 eis
1724 2427 1791 2448 ver-

1040 2464 1190 2504 tentibus,
1228 2470 1258 2498 et
1277 2476 1360 2508 (tuae
1380 2464 1412 2497 in
1433 2464 1579 2498 futurum
1601 2465 1793 2508 contigerint

1040 2514 1171 2551 moveri,
1200 2514 1395 2557 procedendi
1416 2513 1603 2553 summarie,
1635 2513 1791 2557 simplici-

1039 2568 1087 2596 ter
1107 2569 1137 2596 et
1156 2564 1194 2596 de
1226 2564 1343 2606 plano,
1371 2564 1459 2596 nulla
1490 2563 1569 2596 iuris
1590 2563 1790 2596 solemnitate

1038 2613 1086 2645 vel
1107 2612 1218 2645 ordine
1240 2618 1376 2653 servato,
1398 2613 1466 2646 sine
1487 2612 1620 2657 strepitu
1642 2617 1672 2645 et
1687 2612 1790 2655 figura

1040 2660 1166 2702 iudicii,
1194 2661 1261 2695 sola
1281 2662 1354 2695 facti
1373 2661 1506 2695 veritate
1532 2661 1689 2705 inspecta,
1712 2671 1786 2705 pro-

1821 255 1871 283 An.
1890 256 1916 283 C.
1936 257 2003 286 tset
