2237 3100
456 251 520 286 104

411 325 496 355 mus,
518 325 575 348 seu
595 326 796 349 successores
821 317 880 360 ipsi
901 316 1071 355 voluerint,
1094 319 1160 347 tute

411 368 550 402 conduci
570 369 685 402 facere.
709 369 753 402 Ac
773 370 859 412 quod
880 369 1056 413 praemissa
1067 380 1084 401 a
1096 368 1160 400 suis

409 421 543 455 subditis
572 422 798 456 inviolabiliter
821 423 1045 463 observentur,
1072 421 1159 455 omni

409 475 612 509 excusatione
632 481 786 515 cessante,
809 487 882 509 cum
902 476 1017 509 effectu
1029 487 1157 517 curare,

409 528 468 561 sub
488 528 646 562 similibus
664 528 849 572 privationis
869 534 899 561 et
918 528 1103 562 rebellionis
1122 540 1159 562 ac

408 581 552 615 criminis
572 583 675 616 laesae
695 582 866 615 maiestatis
886 582 1010 626 poenis,
1034 582 1059 615 si
1080 594 1158 616 con-

408 635 604 675 trafecerint‚
627 646 665 668 eo
686 635 754 679 ipso
776 635 991 668 incurrendis.
1077 669 1086 679 ,

450 688 465 731 ᾗ
485 689 515 722 5.
538 689 727 729 Necnon,ut
748 687 940 729 homicidae,
964 688 1104 722 fautores
1128 695 1159 723 et

234 749 349 785 Baroni'bus·
370 753 391 771 et
406 741 580 786 complices
600 742 733 785 praefati
753 741 879 775 facilius
907 743 977 787 capi
998 748 1028 776 et
1048 744 1156 788 puniri

205 782 390 839 ζῗζῖᾞζῗζιζῗξῗ
403 795 538 839 possint,
565 796 652 840 quod
673 795 919 829 communitates
944 796 1105 831 civitatum
1127 803 1157 832 et

203 845 389 902 {ffurgffilw‘fag
403 848 624 883 universitates
634 855 807 891 terrarum,
821 855 1001 884 castrorum
1022 856 1052 884 et
1067 853 1155 886 loco-

203 906 321 931 homieidis3
402 912 492 942 rum,
526 902 560 935 in
581 903 698 946 quibus
729 914 784 937 seu
811 915 951 948 quorum
974 905 1153 947 territorio,

401 955 547 989 districtu
574 962 604 990 et
629 957 750 990 ditione
776 957 860 990 dieta
885 958 1059 992 homicidia
1080 971 1154 1003 per—

400 1009 627 1052 petrabuntur,
649 1010 709 1043 sub
726 1011 857 1054 paribus
873 1011 1033 1044 interdicti
1050 1014 1153 1046 eccle-

400 1061 518 1096 siastici
534 1068 564 1096 et
579 1064 719 1097 duorum
736 1064 875 1097 millium
896 1076 954 1108 per
974 1066 1154 1099 communi-

399 1120 488 1156 tates,
500 1127 537 1150 ac
549 1117 636 1151 mille
647 1117 838 1151 ducatorum
848 1129 907 1162 per
918 1119 1152 1161 universitates3

398 1179 527 1203 necnon
553 1170 733 1211 civitatum,
761 1177 920 1204 terrarum
950 1178 980 1205 et
1005 1173 1152 1206 locorum

399 1222 588 1256 eorumdem
608 1223 780 1264 domicelli,
802 1224 949 1265 barones,
966 1225 1074 1259 vicarii
1099 1232 1154 1260 aut

397 1275 451 1308 alii
472 1275 503 1308 in
525 1277 758 1320 temporalibus
779 1277 913 1320 domini,
941 1279 1000 1312 sub
1022 1280 1153 1314 maioris

397 1331 739 1364 excommunicationis
749 1331 830 1364 latae
839 1332 1015 1366 sententiae
1023 1339 1051 1366 et
1060 1334 1154 1377 quin-

396 1393 459 1425 que
491 1383 629 1417 millium
659 1385 852 1418 ducatorum
885 1387 955 1419 auri
992 1387 1152 1430 praefatae

396 1436 538 1470 Gamerae
550 1437 813 1473 irremissibiliter
822 1441 1100 1484 applicandorum,
1113 1453 1152 1475 eo

396 1489 477 1534 ipso,
490 1491 610 1535 absque
629 1493 690 1526 alia
701 1493 929 1535 declaratione,
948 1495 1152 1529 incurrendis

396 1544 520 1588 poenis,
543 1547 672 1580 eosdem
697 1547 895 1589 homicidas,
923 1550 1097 1594 complices
1122 1556 1152 1584 et

396 1599 537 1633 fautores
549 1601 654 1634 statim
675 1612 802 1645 capere,
821 1613 857 1635 ac
878 1613 1006 1636 omnem
1020 1606 1151 1639 exactis-

396 1653 508 1686 simam
535 1654 751 1698 diligentiam,
783 1657 821 1689 de
847 1668 911 1700 qua
938 1668 996 1701 per
1020 1659 1151 1702 publica

396 1708 589 1741 documenta
601 1709 697 1742 fidem
724 1710 819 1743 etiam
840 1711 944 1744 facere
966 1716 1148 1755 teneantur,

396 1762 467 1806 capi
488 1762 606 1803 facere3
621 1769 651 1796 et
667 1763 692 1796 si
717 1775 772 1797 eos
797 1775 912 1808 capere
934 1766 1148 1808 nequiverint,

396 1816 503 1848 statim
525 1817 732 1851 commissum
754 1818 966 1852 homicidium
993 1821 1149 1854 universi-

397 1869 513 1903 tatibus
533 1881 588 1904 seu
619 1871 734 1904 incolis
754 1877 784 1905 et
804 1872 1037 1907 habitatoribus
1057 1876 1149 1919 oppi-

395 1925 510 1957 dorum
532 1930 563 1957 et
582 1926 729 1958 locorum
756 1926 1079 1969 circurnvicinorum,
1111 1931 1149 1963 ad

394 1989 476 2022 quae
497 1978 707 2012 declinabunt
731 1991 786 2013 seu
804 1981 965 2014 declinare
983 1987 1147 2025 poterunt,

395 2032 567 2073 notificari,
580 2033 827 2067 communitates
843 2045 917 2068 vero
938 2040 968 2068 et
984 2035 1105 2069 domini
1119 2037 1149 2070 in

396 2086 627 2130 temporalibus
647 2087 812 2132 praedicti,
833 2089 873 2120 ad
893 2100 1033 2131 quorum
1055 2090 1149 2123 ditio-

396 2141 541 2173 nestales
552 2141 773 2179 declinabunt,
796 2153 870 2174 cum
891 2143 1032 2186 primum
1059 2143 1088 2176 id
1111 2146 1148 2177 ad

396 2204 511 2227 eorum
530 2194 676 2228 notitiam
697 2195 870 2236 devenerit,
894 2207 948 2229 eos
968 2199 1153 2242 apprehen-1

396 2248 471 2280 dere
491 2259 547 2281 seu
569 2249 769 2293 apprehendi
791 2249 913 2290 facere,
934 2251 1019 2293 quod
1041 2252 1065 2284 si
1084 2263 1147 2285 non

396 2302 577 2346 potuerint,
600 2302 747 2336 similiter
757 2303 789 2336 id
807 2304 1068 2338 universitatibus
1094 2318 1148 2340 seu

396 2355 510 2388 incolis
534 2361 565 2389 et
588 2357 823 2391 habitatoribus
852 2358 1032 2391 vicinorum
1058 2361 1147 2394 loco-

397 2420 479 2450 rum,
491 2410 530 2443 ad
541 2421 624 2453 quae
635 2410 853 2451 declinabunt,
870 2417 925 2444 aut
935 2412 1150 2447 verisimiliter

396 2459 557 2492 declinare
577 2465 741 2504 poterunt,
754 2460 931 2502 insinuare,
945 2467 976 2495 et
987 2468 1095 2506 captos
1111 2465 1148 2497 ad

396 2519 509 2541 eorum
530 2508 652 2543 iudices
663 2509 844 2543 ordinarios
864 2511 1033 2545 traducere
1046 2518 1073 2545 et
1089 2518 1149 2546 tra-

396 2558 490 2598 dere,
519 2557 578 2590 sub
604 2557 761 2591 similibus
787 2559 899 2603 poenis
926 2566 1095 2595 teneantur
1120 2570 1150 2596 et

397 2606 545 2647 debeant,
568 2607 606 2639 de
626 2618 707 2639 novo
733 2608 919 2649 statuimus,
946 2611 1146 2653 ordinamus,

398 2655 583 2691 inhibemus
603 2661 633 2691 et
653 2656 865 2692 declaramus.

215 261 266 288 An.
284 262 313 289 C.
330 262 393 289 ¹56¹

1011 261 1190 285 BULLARIUM
1214 260 1365 284 ROMANUM

1970 258 2021 285 An.
2037 258 2068 286 C.
2086 259 2152 287 ¹56¹

1246 313 1261 355 ξ
1281 312 1311 345 6.
1334 312 1372 345 Et
1390 295 1538 345 similiter
1557 312 1722 355 quibusvis
1741 313 1845 346 dictae
1865 312 1955 347 Sedis
1991 316 2158 341 racuuaiesno-

1203 366 1325 409 legatis,
1343 365 1438 399 etiam
1456 366 1495 399 de
1515 366 1625 407 latere,
1637 377 1674 399 ac
1693 366 1821 399 nunciis
1832 372 1860 399 et
1879 377 1954 410 pro-
1969 350 2154 408 iiiiiiiarsevoeffi}

1201 419 1379 453 vinciarum
1408 419 1605 459 rectoribus,
1636 430 1763 453 necnon
1787 420 1905 454 nostris
1925 427 1956 454 et

1202 473 1304 506 dictae
1324 473 1487 506 Romanae
1507 472 1667 506 Ecclesiae
1682 473 1809 507 vicariis
1829 473 1861 506 in
1873 479 1954 507 tem-

1202 526 1367 571 poralibus
1378 537 1436 569 pro
1446 532 1592 571 tempore
1604 526 1810 560 existentibus
1822 532 1853 560 et
1864 538 1956 571 prae-

1200 580 1271 613 fatis
1292 579 1587 620 communitatibus,
1610 590 1739 614 omnem
1751 581 1954 625 superabso-

1200 633 1377 667 lutionibus
1402 632 1639 666 homicidarum
1662 634 1871 674 huiusmodi,
1897 646 1956 678 per

1200 698 1258 720 nos
1285 693 1315 721 et
1342 688 1606 731 praedecessores
1630 693 1757 721 nostros
1781 699 1818 721 ac
1838 688 1953 722 Sedem

1200 742 1345 774 eamdem
1358 768 1365 781 ‚
1389 741 1447 774 sub
1478 740 1588 785 quavis
1608 741 1711 774 forma
1731 748 1761 775 et
1780 742 1953 776 verborum

1200 795 1416 839 expressione,
1451 805 1658 836 concessam,
1680 795 1891 840 approbatam
1923 802 1955 830 et

1199 849 1381 882 innovatam
1393 849 1617 881 auctoritatem
1632 849 1853 883 ctsacultatem
1865 861 1953 884 revo-

1198 913 1502 943 camus,cassamus,
1517 901 1680 935 irritamus
1691 907 1721 935 et
1732 904 1951 946 annullamus;

1199 962 1228 989 et
1248 956 1273 988 si
1293 956 1423 1000 quando
1444 955 1563 988 similes
1578 956 1797 990 absolutiones
1816 968 1875 1002 per
1894 969 1953 992 nos

1197 1015 1227 1042 et
1243 1020 1446 1043 successores
1462 1014 1588 1042 nostros
1599 1009 1761 1043 Romanos
1780 1011 1952 1046 Pontifices

1197 1068 1227 1096 et
1253 1063 1367 1096 Sedem
1396 1064 1571 1108 praefatam
1599 1062 1733 1096 concedi
1763 1065 1950 1108 contigerit,

1196 1117 1266 1149 illas
1280 1127 1337 1160 per
1348 1117 1471 1150 iudices
1491 1122 1521 1149 et
1541 1117 1704 1157 officiales,
1724 1117 1764 1150 ad
1783 1128 1865 1161 quos
1876 1130 1951 1163 per-

1197 1170 1292 1211 tinet,
1315 1170 1374 1203 nisi
1396 1171 1498 1203 trinae
1519 1170 1630 1204 literae
1655 1171 1868 1215 apostolicae,
1891 1172 1951 1205 sub

1197 1224 1364 1258 intervallo
1384 1224 1482 1257 unius
1502 1224 1620 1257 mensis
1629 1236 1688 1269 pro
1704 1225 1839 1269 singulis
1850 1225 1950 1259 literis

1195 1277 1391 1319 huiusmodi,
1404 1289 1478 1311 cum
1491 1289 1641 1322 expressa
1649 1279 1857 1324 derogatione
1869 1290 1950 1324 prae-

1196 1331 1348 1371 sentium,
1362 1332 1501 1376 desuper
1515 1333 1743 1374 emanaverint,
1764 1334 1949 1367 nullatenus

1195 1385 1319 1418 admitti
1339 1386 1386 1418 vel
1407 1385 1569 1418 observari
1584 1387 1745 1420 volumus.

1238 1439 1252 1481 ξ
1269 1439 1299 1471 7.
1317 1438 1474 1477 Quocirca
1486 1439 1610 1473 dilectis
1621 1440 1694 1474 filiis
1705 1441 1947 1476 GuidoniAsca-
1975 1450 2151 1475 Exeeuioresde-

1194 1492 1259 1532 nio,
1283 1493 1313 1526 S.
1338 1493 1452 1526 Mariae
1468 1493 1500 1525 in
1516 1494 1664 1528 Via-Lata
1680 1495 1818 1529 diacono
1842 1495 1947 1529 cardi·
1962 1485 2027 1510 '¹³³⁸‘

1194 1546 1258 1579 nali
1285 1547 1323 1579 dc
1353 1546 1467 1579 Sancta
1493 1547 1587 1580 Flora
1606 1554 1814 1593 nuncupato,
1837 1554 1948 1583 nostro

1194 1604 1224 1633 et
1243 1610 1302 1644 pro
1325 1604 1469 1643 tempore
1486 1601 1632 1634 existenti
1649 1604 1827 1637 camerario
1844 1610 1875 1637 et
1893 1604 1949 1638 Ca-

1193 1665 1301 1687 merae
1321 1654 1503 1698 praedictae
1529 1656 1742 1698 thesaurario,
1760 1658 1947 1703 praesiden-

1195 1707 1289 1748 tibus,
1308 1708 1434 1741 clericis
1455 1719 1490 1740 ac
1514 1709 1668 1743 universis
1697 1718 1728 1744 et.
1748 1712 1882 1756 singulis
1900 1712 1948 1745 le-

1193 1761 1273 1804 gatis
1298 1766 1325 1794 et
1353 1762 1533 1805 vicelegatis
1555 1764 1796 1807 provinciarum
1822 1771 1948 1799 nostra-

1194 1826 1266 1847 rum
1298 1820 1328 1848 ct
1364 1815 1433 1848 aliis
1466 1817 1646 1851 rectoribus
1683 1830 1719 1852 ac
1758 1819 1950 1853 officialibus

1194 1869 1369 1909 civitatum,
1389 1874 1547 1903 terrarum
1565 1877 1593 1904 et
1615 1873 1755 1916 partium
1766 1871 1947 1917 praedicta-

1194 1934 1278 1963 rum,
1298 1923 1389 1957 nobis
1410 1929 1440 1957 et
1460 1924 1561 1958 dictae
1583 1926 1656 1959 Sedi
1673 1928 1811 1961 mediate
1830 1928 1879 1961 vel
1890 1927 1948 1960 im-

1171 1998 1172 2002 =
1194 1978 1330 2010 mediate
1351 1978 1583 2019 subiectorum,
1598 1985 1685 2013 motu
1703 1981 1798 2014 simili
1819 1981 1950 2016 manda-

1194 2042 1265 2063 mus
1285 2036 1443 2073 quatenus
1472 2038 1657 2075 praesentes
1673 2034 1782 2068 literas
1797 2035 1948 2069 solemni-

1192 2089 1240 2118 ter
1255 2085 1285 2117 in
1298 2085 1431 2127 singulis
1443 2086 1627 2130 provinciis,
1641 2087 1831 2129 civitatibus,
1854 2089 1949 2123 terris

1193 2144 1220 2171 et
1238 2138 1317 2171 locis
1332 2139 1505 2183 praedictis
1517 2140 1687 2183 publicari,
1701 2154 1829 2177 necnon
1841 2144 1948 2177 omnia

1193 2198 1218 2223 ct
1239 2193 1363 2235 singula
1380 2192 1411 2224 in
1428 2193 1472 2225 eis
1488 2199 1638 2227 contenta
1649 2195 1878 2231 inviolabiliter
1893 2197 1947 2231 ob-

1192 2245 1309 2278 servari
1330 2246 1447 2278 faciant
1463 2252 1492 2279 et
1509 2249 1671 2282 mandent.
1691 2250 1947 2285 Contradictores

1192 2300 1351 2343 quoslibet
1365 2306 1395 2333 et
1404 2301 1552 2338 rebelles,
1576 2303 1812 2348 cuiuscumque
1832 2311 1943 2346 status,

1191 2354 1309 2395 gradus
1329 2359 1355 2386 et
1380 2355 1643 2398 praeeminentiae
1664 2358 1792 2399 fuerint,
1816 2364 1945 2393 senten-

1192 2408 1261 2447 tias,
1285 2404 1437 2441 censuras
1457 2414 1484 2441 et
1508 2420 1628 2453 poenas
1651 2411 1830 2454 praedictas
1853 2414 1943 2447 darn-

1193 2456 1342 2490 nahiliter
1360 2457 1534 2491 incurrisse
1547 2459 1723 2500 declarent,
1746 2465 1776 2493 et
1796 2461 1941 2496 declara-

1193 2504 1310 2538 tionem
1332 2507 1519 2540 hniusmodi
1548 2518 1605 2551 per
1629 2518 1683 2540 eos
1706 2508 1886 2544 faciendam
1910 2512 1943 2546 in

1169 2547 1171 2584 l
1192 2554 1280 2587 libris
1301 2556 1536 2589 maleficiorum
1557 2557 1715 2590 conscribi
1737 2563 1766 2590 et
1795 2560 1941 2594 adnotari

1192 2604 1344 2637 mandent
1359 2604 1527 2646 olfaciant,
1548 2616 1674 2639 necnon
1687 2607 1840 2651 capitales
1852 2621 1942 2654 prae-

1167 2657 1174 2721 i
1230 2673 1239 2698 1
1262 2670 1301 2698 Ad
1321 2671 1371 2700 hoc
1393 2672 1454 2700 vide
1475 2672 1678 2702 declarationem
1698 2673 1741 2703 liic
1759 2674 1834 2703 infra.
