2237 3100
17 287 71 314 Am
83 287 112 314 c.
133 280 200 311 1570

50 1341 171 1363 Exordium.

116 2152 215 2172 l'ontilcx

31 2184 122 2211 applicat
151 2184 215 2204 fabri-

31 2221 69 2236 cae
86 2220 160 2235 onmes
171 2214 215 2235 sru-

32 2249 77 2268 ειυς
89 2246 166 2267 exiliis
177 2245 216 2265 bo-

33 2278 65 2298 nis
100 2284 112 2298 a
135 2277 216 2298 condu-

33 2309 126 2330 ctoribus
142 2308 175 2328 vol
193 2307 216 2327 ab

33 2340 79 2360 attis
100 2342 217 2366 occupato-

35 2371 91 2392 ribus
122 2369 216 2391 indebat}

36 2405 149 2429 perceptos
172 2401 217 2421 >ive

34 2432 115 2454 tructus
156 2433 218 2452 unius

35 2464 84 2485 unni
99 2464 220 2491 percipiew

36 2495 84 2521 dni-23

894 276 963 302 PIUS
985 276 1005 299 V
1029 276 1077 300 1²1³.

212 328 401 363 huiusmodi
422 328 624 374 subscriptis,
647 334 677 362 et
697 328 800 372 sigillo
825 329 970 363 eiusdem

212 383 354 416 fabricae
374 382 527 426 sigillatis,
549 383 661 416 eadem
686 393 820 426 prorsus
840 383 920 416 fides
940 383 971 415 in

214 436 334 470 iudicio
346 442 376 470 et
396 442 483 470 extra
500 436 701 477 adhibeatur,
719 447 801 479 quae
818 436 895 480 ipsis
911 436 973 469 ori-

214 490 375 535 ginalibus
408 491 521 524 litteris
554 491 784 531 adhiberetur,
814 490 839 524 si
868 492 973 524 forent

215 545 376 579 exhibitae
395 545 444 578 vel
469 551 628 579 ostensae.

258 598 345 632 Nulli
366 609 442 642 ergo
464 603 521 632 etc.

259 653 374 686 Datum
397 653 519 686 Romae
548 652 635 696 apud
659 652 690 685 S.
723 652 866 692 Petrum,
889 661 974 684 anno

216 705 449 739 Incarnationis
469 705 652 739 dominicae
677 705 849 738 millesimo
877 704 974 748 quin-

216 759 395 804 gentesimo
424 759 678 803 septuagesimo,
707 758 802 792 tertio
831 758 903 791 idus
928 769 976 791 se-

218 813 382 857 ptembris,
404 813 613 856 pontificatus
633 812 734 846 nostri
755 822 839 845 anno
854 822 883 845 v.

237 871 301 902 Dat.
317 871 364 902 die
380 872 413 901 11
436 871 581 911 septemb.
600 871 688 909 1570,
705 871 809 911 pontif.
831 880 907 901 anno
926 878 954 900 v.

216 994 369 1039 Sequitur
388 994 528 1037 facultas
555 994 700 1036 fabricae
719 994 805 1027 circa
831 993 977 1037 applica-

265 1049 384 1083 tionem
404 1047 581 1090 fructuum.

310 1138 372 1168 Pius
393 1137 534 1174 episcopus
554 1144 652 1166 servus
671 1143 812 1165 servorum
831 1135 893 1168 Dei,

361 1192 395 1221 ad
420 1193 582 1228 perpetuam
609 1191 651 1219 ret
675 1190 846 1219 memoriam.

264 1273 308 1307 Ex
329 1273 436 1306 debito
458 1272 628 1316 pastoralis
648 1272 757 1313 officii,
784 1271 848 1312 eui,
871 1271 980 1314 dispo-

221 1332 318 1360 nente
337 1326 487 1367 Domino,
510 1326 745 1371 praesidemus,
769 1326 807 1358 ad
829 1336 866 1358 ea
881 1325 982 1358 liben-

222 1385 271 1414 ter
286 1379 494 1421 intendimus,
510 1391 569 1424 per
584 1390 667 1424 quae
687 1379 908 1423 quarumlibet
929 1390 981 1412 ee-

224 1433 396 1468 clesiarum
426 1433 582 1475 fabricae,
615 1432 805 1477 praesertim
831 1433 983 1466 basilicae

223 1492 352 1521 nostrae
376 1486 534 1531 Principis
561 1487 783 1531 apostolorum
819 1487 858 1519 de
888 1487 982 1527 Urbe,

224 1541 318 1574 cuius
338 1552 416 1574 cura
437 1540 530 1574 nobis
546 1540 720 1585 peculiaris
745 1545 792 1573 est
817 1541 981 1581 attributa,

224 1605 403 1638 congruam
412 1594 588 1639 suscipiant
595 1594 874 1634 sustentationem,
884 1600 984 1638 utque

224 1648 257 1682 id
277 1648 404 1682 felicius
424 1649 653 1692 subsequatur,
674 1659 922 1692 nonnumquam
949 1660 986 1682 ea

225 1712 308 1746 quae
324 1712 383 1747 per
394 1712 453 1736 nos
463 1702 502 1735 ad
519 1701 663 1746 ipsarum
681 1703 822 1735 favorem
839 1702 985 1735 ordinata

226 1761 313 1797 sunt,
335 1766 485 1800 quaeque
505 1766 571 1788 non
591 1756 634 1789 ita
650 1756 777 1789 felicem
799 1766 986 1789 successum

224 1808 377 1842 habitura
390 1809 566 1849 credimus,
580 1810 620 1842 ad
634 1809 729 1842 aliam
742 1810 880 1842 formam
894 1810 988 1842 redu-

226 1862 341 1904 cimus,
361 1868 465 1906 prout,
482 1864 630 1896 locorum
641 1868 671 1896 et
682 1868 866 1907 temporum
886 1863 988 1907 quali-

226 1921 290 1950 tate
310 1922 455 1960 pensata,
478 1916 700 1961 conspicimus
726 1917 758 1949 in
778 1916 914 1949 Domino
937 1927 988 1949 sa-

229 1969 370 2003 lubriter
390 1970 553 2014 expedire.

271 2024 286 2068 5
306 2024 336 2057 t.
361 2024 455 2065 Sane,
475 2024 550 2058 licet
571 2024 661 2065 alias,
685 2029 744 2057 etc.
767 2028 804 2057 ut
823 2035 920 2067 supra
946 2024 972 2056 1.

272 2078 287 2121 ἓ
307 2077 337 2111 2.
361 2078 479 2111 Verum
500 2077 588 2122 quia,
611 2083 647 2111 ut
667 2077 863 2122 accepimus,
885 2078 990 2110 dictae

228 2130 369 2164 fabricae
389 2130 518 2165 difficile
534 2132 617 2164 foret
633 2131 758 2164 tertiam
777 2137 900 2174 partem
917 2142 989 2175 pro-

229 2185 374 2230 prietatis
381 2185 557 2225 bonorum,
572 2185 675 2218 eidem
689 2185 839 2225 fabricae,
851 2191 886 2218 ut
896 2196 990 2229 prae-

231 2239 343 2279 fertur,
364 2239 568 2281 assignatam,
585 2239 724 2272 vendere
746 2244 775 2272 ct
792 2239 824 2271 in
841 2250 934 2271 usum
949 2239 992 2271 di-

231 2297 301 2325 ctae
315 2292 456 2325 fabricae
477 2298 678 2332 convertere,
693 2293 891 2326 01111111011111,Ι
907 2292 992 2325 facili

233 2351 397 2390 emptores
421 2346 656 2390 reperirentur,
680 2352 707 2379 et
738 2347 877 2390 plurima
907 2347 992 2379 bona

233 2410 299 2433 non
319 2399 362 2432 ita
382 2401 586 2433 commodam
609 2400 798 2433 divisionem
819 2400 993 2444 patiantur,

233 2458 269 2486 ut
277 2453 370 2486 tertia
387 2454 425 2486 ab
442 2453 518 2497 ipsis
532 2465 606 2498 pars
616 2454 683 2487 sine
701 2454 838 2487 duarum
854 2454 993 2498 partium

233 2502 428 2536 detrimento
449 2503 675 2536 dismembrari
700 2508 730 2536 et
755 2503 898 2546 separari
922 2514 995 2546 pos-
1015 2519 1016 2533 1

234 2551 283 2584 sit.
302 2551 475 2596 Cupientes
496 2551 699 2585 indemnitati
725 2552 829 2585 dictae
856 2552 995 2585 fabricae

234 2601 418 2643 consulere,
440 2601 698 2645 arbitrantesque
714 2602 801 2645 quod
815 2601 852 2638 si,
867 2602 936 2634 loco
948 2602 996 2634 di-

273 2677 284 2704 t
303 2676 444 2706 Omittitur
460 2677 553 2705 relatio
569 2677 767 2705 constitutionis
784 2677 978 2712 praecedentis.

320 2722 397 2754 Bull.
422 2722 500 2754 Rom.
520 2723 575 2753 Vol.
599 2723 656 2754 VII.
862 2723 918 2753 *108

1014 327 1201 362 ctaetertiae
1217 327 1317 372 partis
1328 327 1533 372 proprietatis
1548 327 1710 361 bonorum
1721 338 1771 361 re-

1015 383 1290 426 cuperandorum,
1304 387 1339 415 ut
1351 382 1543 426 praefertur,
1558 381 1661 414 dictae
1674 381 1771 414 fabri-

1015 447 1070 470 cae
1086 436 1275 479 assignatae,
1291 446 1404 469 omnes
1420 436 1544 469 fructus
1559 440 1671 469 contra
1686 436 1773 478 leges

1015 495 1045 523 et
1064 500 1204 523 canones
1219 501 1256 524 ac
1268 491 1515 524 constitutiones
1531 495 1772 523 antecessorum

1016 549 1201 577 nostrorum
1218 555 1276 591 per
1289 544 1418 587 quosvis
1429 544 1645 578 conductores
1656 548 1687 577 et
1703 554 1775 576 suc-

1016 607 1172 638 cessores,
1195 598 1393 632 universales
1413 599 1461 631 vel
1482 599 1674 642 singulares,
1693 608 1774 642 quo-

1017 651 1193 685 modolibet
1214 652 1357 685 indebite
1378 663 1414 685 ex
1435 652 1528 686 dictis
1547 652 1641 686 bonis
1662 661 1775 695 perce-

1018 705 1062 748 pti
1079 710 1107 737 et
1129 705 1184 748 qui
1206 705 1330 750 percipi
1351 711 1539 750 potuerunt,
1565 711 1595 739 et
1617 716 1683 739 non
1708 705 1777 738 sine

1017 757 1143 791 animae
1165 769 1278 791 eorum
1300 760 1447 802 periculo
1468 759 1599 792 retineri
1620 763 1776 803 possunt,

1018 817 1178 854 quatenus
1198 812 1363 855 exigibiles
1379 813 1460 853 sint,
1479 818 1508 846 et
1529 814 1561 845 in
1578 812 1778 845 alienationi-

1018 865 1078 898 bus
1098 865 1131 898 in
1151 865 1269 909 quibus
1290 866 1385 909 pauci
1406 872 1461 899 aut
1481 866 1561 899 nulli
1582 866 1707 898 fructus
1732 865 1779 897 in—

1019 918 1124 952 debite
1133 920 1278 964 percepti
1287 921 1428 961 fuerunt,
1440 920 1508 953 ¹vel
1517 931 1552 953 ex
1562 919 1672 963 quavis
1684 929 1780 952 causa

1019 973 1067 1005 vel
1090 973 1261 1005 occasione
1292 984 1350 1016 per
1383 974 1469 1017 ipsos
1498 973 1668 1017 deputatos
1696 972 1781 1005 arbi-

1021 1026 1144 1067 tranda,
1168 1028 1295 1060 nullum
1324 1027 1371 1060 vel
1397 1027 1561 1061 modicum
1581 1027 1783 1060 emolumen-

1021 1085 1089 1112 tum
1111 1085 1278 1124 reportare
1299 1086 1407 1125 posset
1426 1082 1522 1124 (cum
1547 1092 1612 1114 non
1642 1082 1681 1113 sit
1709 1091 1785 1114 con-

1021 1134 1152 1166 veniens
1177 1135 1264 1178 quod
1291 1146 1327 1167 ex
1353 1135 1422 1168 eius
1447 1135 1533 1168 bono
1559 1145 1658 1178 opere
1685 1134 1783 1167 detri-

1022 1192 1168 1219 mentum
1190 1187 1329 1229 sentiat),
1352 1199 1464 1221 omnes
1484 1189 1621 1229 fructus,
1642 1188 1786 1221 redditus

1023 1246 1051 1273 et
1079 1247 1255 1285 proventus
1281 1242 1397 1285 integri
1431 1242 1528 1275 unius
1556 1242 1632 1275 anni
1654 1252 1691 1275 ex
1723 1241 1786 1275 hn-

1024 1294 1163 1327 iusmodi
1184 1295 1277 1328 bonis
1292 1296 1496 1339 recuperatis
1507 1295 1655 1338 exigendi
1667 1301 1696 1328 et
1714 1306 1786 1339 per—

1025 1348 1166 1392 cipiendi
1188 1349 1293 1382 dictae
1319 1349 1460 1383 fabricae
1487 1349 1732 1392 assignarentur
1758 1355 1788 1382 ct

1025 1403 1328 1446 appropriarentur,
1341 1403 1530 1436 celeriorem
1543 1403 1711 1436 utilitatem
1724 1408 1787 1436 tam

1026 1456 1129 1489 dictae
1150 1456 1291 1489 fabricae
1311 1468 1409 1499 quam
1426 1456 1581 1489 ecclesiae
1603 1457 1692 1500 ipsae
1709 1467 1787 1489 con-

1027 1516 1253 1553 sequerentur.
1277 1510 1413 1543 Eosdem
1436 1510 1545 1554 itaque
1566 1510 1741 1553 collegium
1758 1516 1789 1543 et

1027 1564 1198 1607 deputatos
1211 1574 1246 1596 ac
1256 1563 1421 1597 auditores
1433 1569 1464 1596 et.
1479 1563 1645 1597 ministros
1657 1575 1788 1597 eorum-

1027 1629 1090 1661 que
1111 1618 1270 1661 quoslibet
1292 1629 1309 1650 a
1331 1618 1497 1661 quibusvis
1523 1619 1789 1652 excomnninica—

1029 1671 1141 1710 tionis,
1170 1671 1391 1715 suspensionis
1411 1678 1441 1705 et
1470 1672 1632 1705 interdicti
1653 1672 1790 1716 aliisque

1029 1719 1256 1753 ecclesiasticis
1264 1720 1441 1761 sententiis,
1460 1721 1606 1754 censuris
1622 1727 1652 1754 et
1667 1721 1790 1765 poenis,

1029 1780 1046 1802 a
1067 1770 1137 1802 iure
1153 1770 1201 1802 vel
1216 1769 1254 1802 ab
1267 1769 1416 1810 homine,
1433 1770 1544 1814 quavis
1560 1770 1730 1803 occasione
1743 1770 1791 1803 vel

1030 1834 1139 1863 causa,
1162 1823 1245 1863 latis,
1261 1823 1285 1856 si
1300 1823 1419 1867 quibus
1435 1823 1681 1867 quomodolibet
1697 1823 1792 1856 inno-

1030 1872 1094 1905 dati
1118 1872 1269 1913 existunt,
1307 1873 1345 1905 ad
1379 1873 1531 1906 effectum
1570 1872 1792 1916 praesentium

1031 1923 1196 1955 dumtaxat
1212 1922 1492 1966 consequendum,
1511 1923 1628 1954 harum
1641 1921 1723 1955 serie
1740 1922 1792 1954 ab·

1031 1973 1189 2006 solventes
1210 1977 1238 2005 et
1260 1972 1425 2005 absolutos
1441 1974 1509 2005 fore
1526 1976 1706 2010 censentes,
1719 1982 1793 2005 nec-

1031 2033 1097 2055 non
1114 2022 1297 2055 litterarum
1310 2022 1528 2066 praefatarum
1549 2025 1679 2053 tenores
1703 2031 1793 2064 prae-

1033 2071 1178 2104 sentibus
1189 2082 1248 2115 pro
1265 2071 1424 2115 expressis
1440 2070 1605 2109 habentes,
1621 2074 1711 2102 motu
1720 2080 1794 2112 pro-

1033 2121 1120 2164 prio,
1151 2131 1217 2153 non
1252 2121 1291 2153 ad
1320 2120 1459 2153 alieuius
1487 2130 1586 2163 super
1610 2119 1672 2151 hoe
1700 2118 1795 2151 nobis

1033 2169 1159 2202 oblatae
1176 2169 1338 2212 petitionis
1351 2167 1547 2208 instantiam,
1564 2167 1618 2200 sed
1630 2167 1669 2199 de
1686 2171 1794 2200 nostra

1034 2229 1124 2251 mera
1145 2218 1348 2259 liberalitate,
1372 2224 1403 2251 et
1424 2229 1460 2251 ex
1481 2223 1568 2251 certa
1598 2216 1733 2249 scientia
1758 2227 1793 2249 ae

1034 2268 1073 2300 de
1092 2268 1287 2311 apostolicae
1304 2268 1468 2312 potestatis
1488 2265 1706 2311 plenitudine,
1724 2276 1794 2298 0111-

1036 2328 1092 2350 nes
1108 2323 1136 2350 et
1158 2318 1304 2361 singulos
1324 2318 1462 2357 fructus,
1481 2316 1638 2355 redditus,
1656 2325 1794 2358 proven—

1038 2372 1098 2408 tus,
1122 2378 1274 2407 canones,
1298 2377 1425 2407 census,
1458 2366 1563 2398 afficta
1584 2370 1612 2397 et
1640 2375 1696 2397 scu
1717 2364 1796 2397 alias

1036 2417 1275 2460 responsiones,
1298 2426 1506 2459 quocumque
1518 2414 1649 2447 nomine
1665 2424 1794 2446 nuncu-

1038 2471 1167 2509 pentur,
1185 2465 1442 2510 quomodolibet,
1461 2470 1524 2497 tam
1546 2475 1603 2508 per
1619 2463 1795 2496 conducto-

1038 2527 1089 2548 res
1097 2516 1257 2549 bonorum
1272 2513 1563 2548 ecclesiasticorum
1572 2523 1669 2557 quam
1681 2523 1795 2546 eorum

1039 2575 1242 2598 successores
1266 2574 1503 2609 quoscumque,
1526 2562 1723 2595 universales
1748 2562 1796 2595 vel

1016 2638 1019 2647 1
1039 2614 1218 2657 singulares
1238 2619 1293 2647 aut
1322 2613 1547 2657 [fin-ticulares,
1577 2623 1614 2645 ac
1634 2612 1716 2645 alios
1746 2611 1797 2644 de-

1080 2684 1087 2709 l
1107 2684 1198 2709 Velox
1208 2685 1300 2714 inopia
1312 2684 1461 2709 <scottorum
1475 2680 1548 2708 addit
1560 2680 1667 2708 Cherub
1692 2680 1729 2715 (a.
1746 2686 1795 2714 T.).

1786 275 1834 301 An⁴
1853 275 1883 302 C.
1904 272 1971 300 ¹570
