2237 3100
495 232 560 268 818

449 295 577 340 ligionis
596 295 736 329 induunt
755 295 912 335 habitum,
933 295 978 335 hi,
993 294 1052 327 sub
1069 306 1134 329 una
1150 307 1201 330 ea-

449 349 587 392 demque
597 348 718 391 Regula
735 348 897 391 uniusque
909 348 1117 390 professionis
1128 355 1200 383 voto

447 402 597 441 viventes,
612 401 644 433 in
662 401 860 433 observantia
871 400 1045 434 canonicae
1062 402 1201 446 Religio-

448 455 498 488 nis
513 455 691 487 uniformes
707 454 924 497 reperiantur:
943 465 1066 498 nosque
1081 456 1120 488 ab
1134 468 1200 489 uno

448 514 571 542 tantum
592 507 732 550 generali
754 507 934 552 superiore,
957 519 1022 542 non
1048 516 1156 543 autem
1183 522 1200 544 a

447 561 585 601 duobus,
599 561 637 593 de
654 571 783 594 moruun
800 561 1029 596 reformatione
1041 564 1200 597 rationem

446 615 574 648 facilius
583 614 708 658 exigere
716 615 891 651 valeamus:
904 627 986 660 quae
997 618 1106 651 onmia
1113 629 1200 652 com-

446 667 573 700 modius
593 667 664 700 fieri
679 678 771 711 posse
789 668 932 702 arbitrati
953 681 1075 711 sumus,
1093 671 1118 704 si
1134 681 1198 712 eos,

446 720 582 754 invicem
598 721 789 762 disiunctos,
804 722 837 754 in
849 733 951 755 unum
967 724 1118 768 idemqne
1130 736 1201 759 cor-

443 785 505 818 pus
517 774 759 818 coniungentes,
772 776 805 808 in
820 786 918 808 unam
931 778 1144 822 eamdemque
1156 781 1200 812 sa-

444 828 581 869 miliam,
599 829 657 861 sub
674 829 786 861 eadem
803 829 974 874 disciplina
990 833 1199 876 regularique

444 882 647 915 observantia
663 887 693 915 et
707 893 773 916 uno
790 883 955 918 dumtaxat
970 886 1074 930 capite
1094 887 1199 920 viven-

442 940 502 975 tes,
525 936 760 979 redigeremus.

486 989 501 1033 ἓ
522 989 553 1023 5.
576 989 680 1029 Quare
693 991 731 1023 de
747 991 942 1033 apostolicae
955 994 1120 1036 potestatis
1132 995 1199 1038 ple-

258 1054 334 1076 nomos
354 1059 428 1076 omnes
443 1043 589 1077 nitudine
599 1044 800 1088 praedictum
812 1047 1199 1089 congregationisnomen

244 1089 428 1138 {zmssnfflfffiecugssf
443 1103 474 1131 et
492 1098 665 1131 vicariatus
673 1099 817 1132 officium
838 1101 1199 1144 suppriiniinus,cxtin-

245 1149 374 1175 ⁸¹⁰8³¹¹⁰¹²ff⁵
389 1148 428 1169 θ’·
442 1151 573 1188 enimus
583 1151 749 1195 etpenitus
759 1152 938 1194 abolemus,
957 1165 993 1188 ac
1005 1155 1198 1189 modernum

244 1179 430 1237 :iiiitsi’riiigiufi
442 1204 597 1238 vicarium
617 1206 801 1249 generalem
817 1207 856 1239 ab
877 1207 946 1240 eius
967 1209 1073 1242 officio
1093 1210 1199 1244 absol-

244 1249 293 1264 uum
329 1243 428 1264 Ordinem
463 1258 469 1263 .
839 1260 844 1265 ,
1014 1262 1019 1267 ,

244 1274 428 1296 mmmmm„
441 1269 555 1299 vimus,
576 1269 753 1302 omnesque
771 1265 801 1293 et
822 1261 964 1303 singulas
989 1262 1094 1296 dictae
1120 1274 1197 1297 eon-

244 1305 637 1365 }ffg‘ffiorffgngjgregationis
661 1313 798 1354 domus,
826 1320 1001 1348 conventus
1031 1321 1060 1349 et
1085 1317 1199 1351 fratres

244 1369 339 1390 nentem
354 1369 430 1390 decer·
443 1365 501 1399 uni
516 1366 618 1410 priori
629 1368 772 1409 generali
788 1367 1032 1409 Ordinis‚veluti
1044 1381 1197 1414 supremo

243 1402 283 1427 ”¹⁸²
443 1419 545 1464 ipsius
564 1419 740 1463 Religionis
760 1427 790 1454 et
809 1421 937 1454 Ordinis
957 1422 1067 1466 capiti,
1086 1435 1199 1469 supre—

444 1483 596 1516 mamque
615 1474 648 1506 in
673 1485 710 1507 eo
727 1474 844 1508 Ordine
869 1480 1059 1519 potestatem
1088 1484 1118 1511 et
1143 1490 1199 1512 au-

445 1526 626 1560 ctoritatem
644 1527 787 1568 habenti,
805 1534 903 1573 prout
918 1531 1081 1573 regularia
1097 1531 1199 1576 ipsius

444 1579 571 1614 Ordinis
585 1580 731 1615 instituta
747 1581 805 1614 sibi
827 1584 1020 1624 concedunt,
1039 1591 1197 1630 perpetuo

445 1633 587 1674 subesse,
606 1640 637 1667 et
652 1635 680 1668 ei
702 1635 735 1668 in
752 1636 903 1669 omnibus
919 1648 1034 1681 parere
1050 1640 1199 1673 volumus

445 1691 477 1721 et
500 1687 702 1728 mandamus,
729 1700 765 1722 ac
786 1690 881 1722 etiam
902 1691 1068 1735 prioribus
1090 1693 1198 1727 ruins-

444 1740 522 1774 libct
541 1742 737 1785 provinciae,
765 1743 797 1775 in
826 1755 889 1787 qua
923 1745 991 1788 ipsa
1025 1746 1140 1780 domus
1168 1753 1199 1781 et

445 1800 620 1828 conventus
639 1796 828 1837 consistunt,
845 1797 1036 1831 subjicimus
1048 1805 1078 1833 et
1091 1800 1198 1834 subie-

445 1853 495 1881 cta
509 1859 578 1882 esse
593 1849 811 1890 decernimus,
827 1856 924 1894 prout
940 1852 1020 1885 aliae
1037 1853 1153 1887 domus
1169 1859 1199 1887 et

445 1907 621 1935 conventus
629 1902 705 1936 dicti
718 1902 847 1937 Ordinis
863 1905 927 1938 sive
939 1905 1117 1949 Religionis
1126 1908 1200 1940 sub-

445 1955 615 1997 ficiuntur,
634 1956 724 1989 itaut
740 1968 805 1990 una
824 1958 977 2003 deinceps
993 1961 1090 1994 unius
1111 1962 1197 1995 modi

445 2010 640 2051 ohedientia,
663 2011 864 2045 observantia
889 2019 917 2046 et
945 2014 1115 2059 disciplina
1146 2027 1198 2049 re-

445 2064 578 2107 gularis,
601 2075 703 2097 unum
724 2075 842 2099 nomen
860 2066 986 2100 Ordinis
1007 2069 1120 2101 Beatac
1136 2069 1199 2102 Ma-

445 2117 514 2150 riae
523 2118 697 2151 Servorum
706 2119 859 2152 omnibus
871 2131 1046 2154 commune
1059 2122 1110 2163 sit,
1130 2133 1199 2155 om-

446 2181 503 2205 nes
514 2171 571 2204 uni
582 2172 724 2215 generali
736 2178 764 2205 et
778 2174 1033 2217 provincialibus
1048 2182 1196 2220 pareant,

447 2235 571 2266 ornnes,
593 2226 633 2258 ad
653 2237 734 2270 quos
754 2226 786 2259 id
806 2227 958 2270 pertinet,
981 2228 1077 2262 simul
1093 2230 1132 2263 ad
1149 2242 1200 2263 ca—

446 2278 549 2323 pitula
557 2279 719 2322 generalia
735 2284 765 2312 et
775 2279 982 2324 provincialia
995 2283 1196 2324 conveniant,

445 2342 622 2376 vocemque
642 2333 776 2366 activam
797 2339 827 2367 ct
843 2334 997 2377 passivam
1014 2336 1152 2370 habeant
1167 2338 1200 2370 in

447 2384 572 2419 iisdem.

492 2435 508 2477 ξ
535 2435 565 2468 6.
599 2435 737 2469 Proinde
771 2447 958 2471 revocamus
992 2443 1022 2471 et
1048 2439 1200 2483 deinceps

251 2487 435 2546 Psrtaaetffieofflff
448 2481 587 2516 invalida
607 2495 775 2518 censemus
797 2487 905 2519 omnia
926 2492 954 2519 et
975 2498 1199 2532 quaecumque

252 2551 385 2576 gregmuis
400 2551 434 2570 ω-
449 2536 574 2573 statuta,
595 2535 854 2577 consuetudines,
867 2536 1103 2577 conventiones,
1122 2548 1199 2570 con-

250 2581 336 2607 n¹⁵³ss
365 2582 434 2602 ⁰¹1¹ui·
450 2582 576 2614 cordias
596 2589 626 2616 et
645 2584 706 2616 alia
734 2590 845 2627 pacta,
874 2584 970 2618 etiam
1001 2585 1200 2627 iuramento,

252 2617 292 2639 quo
302 2612 374 2633 valore
396 2617 434 2633 ca-
623 2632 629 2637 .
856 2634 861 2639 .
1082 2635 1087 2640 .
1173 2636 1179 2641 .

251 2642 381 2671 vox-tuber,
451 2630 694 2666 confirmatione
727 2635 904 2677 apostolica
933 2640 963 2668 et
996 2645 1106 2678 quavis
1139 2636 1201 2669 alia

249 243 300 271 An.
316 242 347 271 G.
367 241 436 271 ⁴570

1047 242 1228 269 BULLARIUM
1251 244 1403 270 ROMANUM

2009 250 2059 279 An.
2075 250 2105 281 C.
2124 250 2195 281 ¹5⁷0

1242 297 1393 331 firmitate
1413 298 1547 339 munita,
1569 309 1697 336 necnon
1715 302 1825 335 omnia
1845 307 1876 337 et
1894 313 1996 347 quae-

1243 362 1383 395 cumque
1403 352 1579 396 privilegia,
1600 355 1818 398 exemptiones
1838 362 1868 390 et
1887 356 1996 390 indul-

1242 410 1272 437 ta
1293 406 1551 449 congregationis
1579 407 1783 450 huiusmodi,
1815 410 1910 444 etiam
1937 422 1996 455 pro

1241 458 1326 491 bono
1365 459 1454 503 pacis
1487 465 1518 493 et
1550 462 1792 496 conservatione
1820 463 1996 507 Religionis

1242 510 1325 545 edita
1345 518 1375 545 et
1395 523 1557 554 concessa,
1578 525 1615 547 ac
1635 514 1730 548 etiam
1752 522 1842 549 motu
1862 518 1996 562 proprio

1242 569 1272 597 et
1288 575 1325 597 ex
1341 571 1428 599 certa
1443 566 1587 608 scientia,
1604 567 1709 611 deque
1729 569 1925 612 apostolicae
1940 581 1996 614 po-

1242 618 1363 651 testatis
1387 620 1588 663 plenitudine
1613 622 1813 663 confirmata,
1843 623 1996 668 multipli-
2105 638 2112 651 1

1242 672 1384 716 catisque
1403 673 1526 707 vicibus
1545 674 1706 716 innovata,
1733 681 1861 710 extensa
1880 682 1912 711 et
1930 688 1997 711 mo-

1242 724 1362 766 derata,
1381 731 1540 769 quatenus
1560 728 1779 771 praesentium
1799 729 1951 763 effectum
1965 736 1998 764 et

1241 779 1463 812 executionem
1484 779 1614 814 differre
1634 786 1776 825 possent,
1792 783 1842 816 vel
1861 794 1998 827 quomo-

1241 831 1363 865 dolibet
1382 832 1556 877 impedire,
1578 845 1720 878 quorum
1740 835 1887 869 omnium
1906 841 1997 871 teno-

1240 896 1303 927 res,
1326 897 1427 931 aeque
1448 893 1543 930 atque
1563 888 1602 920 ad
1621 888 1756 922 verbum
1776 889 1998 924 insererentur

1241 940 1486 983 praesentibus,
1519 942 1631 975 haberi
1664 942 1814 976 volumus
1849 955 1908 988 pro
1941 955 1996 979 ex-

1240 993 1370 1036 pressis

1284 1046 1347 1089 §T
1374 1046 1591 1081 Decernentes
1615 1048 1781 1092 praedicta
1806 1050 1917 1084 omnia
1938 1051 1995 1085 fir·
2030 1058 2195 1087 Siequeini’er-

1240 1109 1292 1132 ma
1313 1105 1343 1133 et
1362 1100 1513 1134 inviolata
1540 1101 1626 1143 sore,
1654 1112 1781 1136 necnon
1809 1103 1938 1137 irritum
1965 1109 1998 1138 et
2008 1092 2095 1149 egnum
2118 1091 2195 1113 (Μετ’

1239 1153 1334 1187 inane
1364 1154 1519 1199 quicquid
1548 1166 1642 1189 secus
1669 1166 1727 1199 per
1755 1167 1993 1202 quoscumque,

1239 1208 1350 1250 quavis
1379 1209 1581 1250 auctoritate,
1613 1209 1751 1243 scienter
1774 1211 1824 1244 vel
1842 1210 1996 1254 ignoran-

1239 1265 1301 1301 ter,
1323 1262 1493 1305 contigerit
1513 1263 1674 1296 attentari.

1283 1315 1297 1358 ξ
1318 1315 1349 1349 8.
1377 1316 1534 1355 Quocirca
1565 1317 1666 1362 priori
1696 1318 1840 1361 generali
1863 1329 1902 1353 ac
1920 1319 1995 1354 uni-

1239 1368 1338 1401 versis
1377 1375 1407 1402 et
1436 1370 1569 1414 singulis
1600 1371 1704 1405 dictae
1737 1372 1995 1416 congregationis
2007 1367 2194 1425 rfflssff¹²¹¹22¹222¹2

1240 1423 1419 1467 ceterisque
1440 1425 1592 1458 fratribus
1603 1425 1757 1469 praedicti
1777 1425 1905 1460 Ordinis
1918 1427 1995 1461 Bea-
2008 1429 2194 1480 ⁰2⁶⁶¹⁰2¹¹¹¹¹¹¹ss⁸ffi

1239 1480 1290 1508 tae
1311 1476 1426 1510 Mariae
1447 1478 1620 1511 Servorum
1640 1489 1699 1523 per
1722 1478 1900 1522 apostolica
1919 1479 1996 1514 scri·
2008 1465 2163 1517 inermium

1240 1533 1294 1572 pta
1308 1530 1500 1564 mandamus
1514 1536 1549 1564 ut
1564 1536 1739 1575 praesentes
1754 1532 1876 1566 litteras
1889 1533 1996 1567 humi·

1239 1582 1312 1616 liter
1341 1584 1518 1628 recipiant,
1541 1591 1571 1618 et
1601 1596 1828 1630 quaecumque
1856 1586 1891 1620 in
1916 1586 1996 1632 ipsis

1240 1636 1458 1678 continentur,
1480 1638 1541 1671 alia
1561 1638 1702 1682 desuper
1716 1650 1734 1672 a
1749 1639 1842 1673 nobis
1860 1651 1928 1674 non
1946 1652 1997 1675 ex-

1239 1695 1364 1733 pectata
1383 1691 1524 1725 iussione
1544 1691 1699 1726 mentisve
1713 1698 1841 1727 nostrae
1853 1693 1995 1728 declara-

1239 1744 1339 1785 tione,
1362 1745 1498 1779 firmitcr
1518 1746 1713 1787 custodiant,
1737 1751 1768 1780 et
1791 1747 1824 1781 in
1845 1748 1996 1788 omnibus

1240 1798 1382 1832 studiose
1408 1799 1539 1833 obedire
1562 1805 1752 1843 procurent.

1284 1851 1351 1895 ἓξ).
1383 1852 1466 1891 Quin
1502 1853 1598 1886 etiam
1627 1854 1689 1898 ipsi
1720 1854 1822 1899 priori
1852 1856 1996 1899 generali
2040 1858 2193 1912 &sfgtfflflfff‘

1239 1905 1458 1949 praecipimus
1496 1912 1532 1939 ut
1569 1908 1698 1941 easdem
1737 1914 1922 1952 praesentes
1958 1920 1996 1944 ac
2009 1896 2034 1943 51⁰
2036 1896 2146 1959 {3⁶:215
2149 1897 2194 1944 3ιῖ

1240 1958 1397 2003 quidquid
1424 1971 1481 2003 pro
1506 1971 1619 1994 earum
1655 1960 1845 1995 executione
1877 1967 1997 1998 statue·
2009 1953 2193 1981 ⁶¹⁰¹⁸S“'⁰¹‘¹'¹²³

1239 2017 1293 2045 tur
1312 2018 1343 2046 et
1366 2014 1573 2055 decernetur,
1604 2015 1638 2047 in
1667 2015 1817 2049 omnihus
1845 2016 1997 2051 domibus

1240 2071 1271 2099 et
1290 2066 1369 2099 locis
1388 2067 1531 2100 virorum
1552 2074 1583 2101 et
1602 2068 1789 2110 mulierum,
1809 2079 1938 2103 necnon
1954 2071 1995 2104 ab

1240 2120 1392 2153 omnibns
1416 2120 1569 2154 fratribus
1593 2127 1624 2155 et
1651 2122 1818 2156 sororibus
1845 2123 1995 2158 inviolate

1239 2172 1335 2206 faciat
1350 2185 1409 2218 per
1423 2185 1456 2207 sc
1471 2175 1519 2208 vel
1537 2175 1635 2208 alium
1651 2186 1709 2209 seu
1723 2176 1994 2220 aliosobservari,

1240 2237 1465 2270 quoscumque
1500 2229 1769 2270 contradictores,
1793 2229 1931 2263 rebelles
1957 2242 1996 2265 ac

1241 2280 1337 2313 etiam
1357 2285 1570 2324 protestantes
1589 2287 1620 2315 et
1639 2283 1862 2324 reclamantes,
1885 2283 1996 2328 eisque

1241 2333 1407 2374 auxilium,
1431 2335 1602 2368 consilium
1628 2341 1659 2369 et
1682 2336 1835 2377 favorem,
1865 2337 1995 2380 publice

1240 2388 1288 2420 vel
1309 2388 1452 2429 occulte,
1475 2388 1596 2422 directe
1614 2389 1663 2422 vel
1682 2389 1854 2430 indirecte,
1883 2390 1995 2433 quovis

1241 2436 1387 2480 quaesito
1412 2438 1521 2471 colore
1545 2439 1594 2471 vel
1614 2438 1757 2482 ingenio,
1779 2443 1992 2482 praestantes,

1241 2491 1306 2518 tam
1336 2486 1571 2520 ecclesiasticos
1603 2498 1701 2531 quam
1735 2487 1852 2529 laicos,
1887 2488 1995 2521 cuius-

1242 2546 1382 2579 cumque
1399 2536 1571 2578 dignitatis,
1589 2537 1719 2580 gradus,
1737 2536 1858 2571 ordinis
1872 2543 1903 2571 et
1917 2548 1995 2571 con-

1242 2584 1372 2618 ditionis
1401 2585 1538 2626 suerint,
1567 2596 1626 2630 per
1649 2596 1802 2620 censuras
1822 2591 1854 2620 et
1872 2596 1994 2630 poenas

1242 2633 1472 2668 ecclesiasticas
1499 2640 1670 2678 ceteraque
1693 2634 1775 2668 iuris
1793 2639 1825 2668 et
1846 2635 1922 2669 facti
1940 2645 1992 2669 re-

2053 1335 2192 1357 Praesentem
