2237 3100
18 265 66 292 An.
84 263 112 290 c.
133 264 197 291 1571
898 259 965 283 Pius
994 259 1013 281 v
1037 258 1085 282 Pr.
1655 244 1720 278 909

214 314 414 348 conditionis
424 313 564 347 ubilibet
578 313 804 353 existentibus,
824 312 856 345 in
872 313 971 345 virtu-

215 374 244 402 te
264 373 394 401 sanctae
414 367 619 401 obedientiae
640 372 670 400 et
690 367 750 400 sub
772 365 969 409 indignatio-

214 422 264 455 nis
283 426 402 454 nostrae
427 432 463 454 ac
484 421 556 454 aliis
575 420 702 454 arbitrii
725 419 827 453 nostri
849 419 969 463 poenis,

214 486 255 509 ne
273 485 330 508 vos
348 480 405 508 aut
423 475 566 518 aliquem
590 480 744 514 vestrum,
772 484 870 517 super
889 483 972 516 prze-

215 528 330 569 missis,
346 538 450 572 perse
462 528 510 561 vel
531 528 631 560 alium
652 537 708 559 seu
729 526 819 566 alios,
840 525 972 570 publice

214 582 263 615 vel
283 582 430 622 occulte,
452 581 574 614 directe
593 579 643 613 vel
664 579 836 619 indirecte,
859 578 974 622 quovis

214 635 363 679 quaesito
398 635 507 667 colore
536 633 584 666 vel
622 632 766 676 ingenio,
790 631 973 675 quomodo-

214 688 296 721 libet
314 688 499 726 molestare,
522 686 720 729 inquietare,
743 684 904 728 impedire
925 685 973 717 vel

215 740 407 785 perturbare
423 740 566 773 audeant
585 750 641 772 seu
662 744 882 782 praesumant.

261 794 276 838 ξ
300 793 331 827 3.
359 794 404 827 Ac
431 793 577 837 insuper,
600 793 639 826 de
659 791 896 835 omnipotentis
919 791 974 824 Dei

71 851 203 878 ¹n=¹=¹¹ssen¹i³
221 847 462 889 misericordia,
484 852 513 880 et
534 847 707 880 beatorum
727 845 813 879 Petri
835 851 865 878 ct
884 844 974 877 Pauli

20 888 204 937 iiiimfmm‘k
220 902 443 947 apostolorum
464 901 535 934 eius
553 900 747 934 auctoritate
774 898 902 939 confisi,
923 908 978 931 vo-

219 955 269 988 bis
295 960 327 989 et
345 955 451 989 dictae
471 960 595 988 vestrae
615 953 858 998 congregationi
876 952 978 985 illius-

224 1020 288 1053 que
316 1008 471 1042 fratribus
490 1014 519 1042 et
541 1008 688 1052 personis
716 1018 753 1041 ac
776 1013 919 1043 vestrum
947 1011 977 1039 et

220 1073 335 1097 eorum
351 1062 488 1106 singulis
500 1062 681 1106 plenariam
700 1061 847 1094 omnium
860 1070 977 1104 pecca-

220 1122 327 1150 torum
338 1122 518 1150 vestrorum
529 1115 763 1159 indulgentiam
774 1120 804 1148 et
815 1113 980 1148 remissio-

221 1180 296 1204 nem
316 1181 335 1203 a
353 1171 451 1214 eulpa
471 1175 502 1203 et
521 1180 627 1214 poena
658 1169 690 1201 in
711 1169 815 1202 forma
844 1167 978 1201 lubilaei

221 1224 434 1268 amplissima,
460 1229 576 1268 quarto
595 1224 646 1257 die
666 1222 830 1256 dominico
853 1222 979 1255 cuiuss·

221 1277 300 1311 libet
328 1277 617 1323 quadragesimae,
653 1277 686 1310 in
715 1282 907 1320 perpetuam
933 1275 979 1308 rei

222 1331 414 1365 memoriam
440 1330 652 1374 professionis
680 1330 781 1363 trium
806 1334 977 1370 votorum,

223 1395 321 1429 quam
345 1395 401 1418 vos
424 1385 540 1417 fratres
570 1383 673 1417 dictae
698 1382 978 1426 congregationis,

223 1444 390 1483 praeeunte
420 1438 538 1471 dilecto
563 1437 630 1470 filio
650 1437 749 1471 fratre
778 1437 896 1470 Ioanne
921 1436 980 1469 Ba—

223 1492 320 1536 ptista
344 1491 383 1525 de
412 1491 595 1532 Monselice‚
612 1496 716 1524 vestro
738 1495 768 1523 et
783 1490 882 1523 huius
902 1500 981 1523 con-

223 1545 419 1590 gregationis
443 1545 599 1588 generali,
633 1550 786 1589 prompto
816 1549 847 1576 et
870 1543 981 1576 libenti

224 1599 332 1632 animo
354 1598 386 1632 in
411 1598 562 1632 manibus
580 1598 700 1632 nostris
719 1596 907 1631 solemniter
923 1596 982 1629 sub

224 1653 346 1696 Regula
357 1653 388 1687 S.
403 1652 573 1696 Augustini
584 1657 614 1686 et
625 1651 684 1685 sub
696 1650 983 1685 constitutionibus

225 1706 328 1740 dictae
349 1706 623 1750 congregationi&
643 1706 766 1746 Romae,
793 1705 826 1738 in
847 1704 983 1738 ecclesia

226 1760 413 1793 monasterii
431 1759 540 1793 Sancti
565 1758 760 1803 Honuphrii,
781 1758 832 1791 dic
858 1758 984 1790 decima

226 1819 338 1847 octava
361 1814 482 1847 mensis
501 1813 620 1854 martii,
639 1812 715 1846 anni
734 1812 862 1846 Domini
884 1811 984 1845 inille-

227 1867 299 1901 simi
315 1867 568 1911 quingentesimi
588 1866 777 1909 sexagesimi
793 1866 883 1906 noni,
907 1865 985 1899 emi-

227 1921 321 1962 sistis,
351 1922 473 1955 eisdem
495 1921 685 1954 auctoritate
716 1926 747 1953 et
775 1925 900 1960 tenore,
924 1919 984 1952 mi-

227 1975 436 2009 sericorditer
450 1975 484 2008 in
500 1974 637 2008 Domino
655 1978 815 2019 perpetuo
832 1972 984 2007 concedi-

229 2039 301 2062 mus
321 2034 352 2062 et
371 2028 592 2073 impartimur.

273 2083 288 2125 ἓ
311 2082 343 2115 4.
367 2083 405 2116 Et
424 2088 593 2127 praeterea
607 2092 663 2116 vos
683 2087 714 2115 et
733 2080 880 2114 eamdem
906 2090 985 2114 con-

48 2157 214 2179 flommu„1„210
229 2137 451 2180 gregationem
471 2141 610 2169 vestram
644 2135 797 2179 illiusque
822 2136 937 2167 fratres
957 2139 988 2167 et

31 2190 122 2211 ”mnium
138 2188 216 2215 8¹⁸⁸*
231 2200 386 2233 personas
414 2200 451 2223 ac
477 2189 673 2223 monasteria
702 2194 733 2222 et
762 2189 845 2228 loca,
878 2188 987 2221 bullae

32 2228 76 2244 mm
117 2221 141 2242 ab
173 2220 215 2240 isto

32 2254 92 2290 rant.
133 2252 218 2289 κειμη-
231 2243 488 2277 confirmationis
503 2253 669 2286 novaeque
690 2241 907 2275 concessionis
922 2241 988 2284 pri-

32 2284 215 2339 ζζῗᾞζζῃῖζῖζζῗ
230 2297 421 2340 vilegiorum
447 2296 596 2330 omnium
621 2295 780 2329 Ordinum
800 2295 987 2328 Mendican-

33 2356 85 2373 '⁸¹¹²‘
230 2350 312 2383 tium
336 2361 394 2394 per
420 2360 480 2383 nos
504 2360 610 2393 nuper
637 2360 694 2382 seu
715 2349 838 2381 dudum
870 2349 986 2390 editae,

232 2403 319 2437 illius
335 2403 431 2436 etiam
443 2408 573 2436 tenores
589 2409 620 2436 et
633 2403 750 2443 datam,
763 2413 837 2435 cum
849 2402 925 2435 inde
942 2412 988 2435 se-

232 2453 324 2493 cutis,
339 2453 563 2496 praesentibus
575 2463 632 2496 pro
641 2453 737 2495 plene
751 2457 779 2486 et
791 2451 990 2485 sufficienter

233 2502 392 2546 expressis
412 2507 443 2534 et
463 2501 592 2535 insertis
611 2501 768 2534 habentes
788 2500 820 2533 in
837 2501 989 2534 omnibus

233 2556 264 2584 et
279 2560 337 2594 per
349 2550 468 2590 omnia,
486 2560 523 2583 ac
551 2550 694 2583 adinstar
709 2549 872 2583 dictorum
894 2549 987 2583 Ordi-

233 2609 312 2632 num
334 2604 364 2632 et
389 2609 492 2642 aeque
517 2598 752 2642 principaliter,
779 2609 815 2632 ex
846 2609 935 2632 nune
960 2604 991 2632 et

233 2653 406 2694 perpetuo,
425 2647 617 2682 auctoritate
631 2653 784 2682 ettenore
803 2647 987 2692 praedictis,

1011 321 1244 355 agg1·egan1uS‚
1276 320 1313 342 ac
1343 319 1400 352 pro
1433 307 1613 350 aggregatis
1637 307 1762 346 haberi,

1012 364 1134 398 censeri
1161 370 1191 397 et
1220 362 1333 402 teneri,
1358 361 1391 395 in
1412 360 1533 394 iudicio
1554 366 1584 393 et
1609 366 1696 393 extra
1716 359 1766 393 iu·

1012 418 1133 451 dicium
1162 416 1310 456 ubilibet,
1335 415 1496 456 volumus,
1519 414 1723 447 declaramus
1738 418 1767 446 et

1013 471 1217 504 mandamus.

1057 523 1117 568 55.
1137 524 1324 557 Praesentes
1344 532 1475 566 quoque
1491 521 1529 554 de
1550 520 1769 565 subreptionis

1013 578 1061 611 vel
1090 577 1291 622 obreptionis
1319 587 1375 610 seu
1407 575 1563 608 nullitatis
1587 575 1683 615 vitio,
1715 580 1770 607 aut

1015 631 1203 664 intentionis
1216 637 1344 664 nostrae
1356 630 1404 664 vel
1425 630 1537 673 quovis
1557 628 1622 662 alio
1642 629 1768 662 defectu

1015 684 1119 717 notari
1139 685 1187 717 vel
1204 684 1402 727 impugnari,
1425 694 1482 716 seu
1498 683 1576 716 alias
1591 682 1770 726 quomodo-

1015 738 1093 771 libet
1112 737 1243 780 infringi
1268 738 1317 771 vel
1343 738 1522 778 retractari,
1550 735 1703 780 suspendi
1722 736 1770 768 vel

1015 791 1175 832 revocari,
1193 801 1250 824 seu
1267 790 1312 824 eis
1328 791 1359 823 in
1376 791 1485 833 aliquo
1505 789 1655 833 derogari
1668 789 1772 822 nulla-

1016 850 1110 878 tenus
1130 855 1274 888 unquam
1290 855 1398 889 posse,
1417 844 1472 877 sed
1489 843 1559 876 illas
1574 853 1703 886 semper-
1717 854 1772 875 va-

1016 898 1097 932 lidas
1117 904 1147 931 et
1172 899 1318 932 efficaces
1343 897 1487 938 existere,
1509 908 1545 930 ac
1566 908 1641 930 suos
1660 897 1773 941 plena-

1018 952 1082 985 rios
1096 957 1126 985 ct
1142 953 1283 996 integros
1299 951 1432 984 effectus
1447 950 1556 984 sortiri
1573 956 1603 983 et
1616 950 1772 991 obtinere,

1018 1016 1145 1038 necnon
1166 1006 1205 1038 ab
1230 1005 1381 1038 omnibus
1406 1010 1437 1038 et
1461 1004 1610 1047 singulis,
1629 1015 1710 1047 quos
1737 1014 1774 1037 ea

1018 1059 1265 1103 quomodolibet
1285 1063 1487 1092 concernunt
1504 1063 1534 1090 et
1554 1067 1613 1100 pro
1627 1062 1774 1101 tempore

1019 1118 1217 1147 concernent
1231 1140 1238 1153 ,
1265 1111 1504 1152 inviolabiliter,
1523 1116 1558 1143 ut
1578 1111 1772 1154 praefertur,

1019 1167 1194 1203 observari,
1217 1166 1328 1209 sicque
1349 1165 1445 1198 etiam
1477 1164 1508 1197 in
1536 1164 1721 1208 praemissis
1745 1170 1776 1197 et

1019 1219 1213 1263 supradictis
1225 1219 1378 1252 omnibus
1388 1224 1418 1251 et
1430 1218 1564 1260 singulis
1575 1218 1614 1250 ab
1625 1217 1776 1252 omnibus

1020 1274 1156 1307 censeri.

1064 1328 1079 1371 ξ
1103 1328 1134 1361 6.
1162 1328 1205 1360 Ac
1226 1327 1269 1360 ita
1286 1337 1344 1371 per
1364 1335 1591 1370 quoscumque
1607 1324 1730 1358 iudices
1747 1331 1775 1359 et

1021 1381 1274 1419 commissarios,
1297 1379 1408 1423 quavis
1427 1379 1620 1412 auctoritate
1641 1378 1778 1421 fungen-

1020 1440 1079 1475 tes,
1098 1435 1193 1468 etiam
1206 1435 1353 1467 locorum
1376 1432 1570 1473 ordinarios,
1591 1432 1687 1466 etiam
1699 1438 1779 1465 tam-

1021 1499 1118 1532 quam
1131 1499 1148 1521 a
1163 1488 1243 1522 Sede
1254 1486 1439 1532 Apostolica
1457 1486 1630 1528 delegatos
1651 1496 1778 1519 necnon

1022 1543 1118 1575 ctiam
1149 1541 1249 1575 Rotae
1281 1542 1446 1575 auditores
1471 1551 1527 1573 seu
1560 1541 1779 1573 locatenentes

1022 1607 1059 1629 ac
1080 1596 1111 1629 S.
1134 1595 1171 1628 R.
1200 1595 1235 1628 E.
1269 1594 1461 1633 cardinales,
1493 1593 1589 1626 etiam
1620 1592 1658 1626 de
1679 1593 1778 1626 latere

1023 1651 1144 1692 legatos
1164 1660 1220 1682 seu
1249 1648 1397 1689 nuncios,
1418 1658 1599 1691 eorumque
1620 1647 1778 1689 vicelega-

1024 1709 1084 1743 tos,
1107 1703 1233 1736 sublata
1258 1702 1303 1735 eis
1324 1708 1352 1735 et
1374 1712 1487 1735 eorum
1517 1700 1650 1734 cuilibet
1670 1700 1780 1744 quavis

1024 1757 1117 1790 aliter
1137 1755 1303 1789 iudicandi
1318 1761 1349 1789 et
1369 1754 1602 1798 interpretandi
1630 1754 1780 1787 facultate

1025 1815 1052 1843 et
1069 1810 1273 1849 auctoritate,
1289 1810 1322 1842 in
1337 1808 1449 1853 quavis
1463 1818 1560 1841 causa
1575 1813 1606 1841 et
1617 1807 1779 1847 instantia,

1025 1863 1184 1904 iudicari,
1215 1862 1404 1896 sententiari
1435 1868 1465 1895 et
1489 1861 1617 1895 definiri
1647 1861 1778 1901 debere,

1026 1927 1152 1950 necnon
1167 1917 1326 1961 quidquid
1347 1915 1508 1960 superbis
1524 1926 1540 1948 a
1556 1925 1778 1958 quocumque,

1025 1971 1136 2015 quavis
1149 1971 1352 2011 auctoritate,
1367 1970 1505 2003 scienter
1522 1969 1570 2002 vel
1584 1968 1780 2012 ignoranter,

1026 2025 1176 2058 attentari
1197 2024 1382 2067 contigerit,
1404 2024 1531 2057 irritum
1553 2029 1583 2056 et
1609 2023 1704 2056 inane
1725 2022 1781 2055 de·

1027 2079 1193 2113 cernimus
1211 2085 1241 2112 et
1266 2079 1481 2112 declaramus.

1072 2134 1086 2177 ᾖ
1107 2133 1136 2166 7.
1160 2133 1319 2172 Quocirca
1335 2132 1461 2165 dilectis
1481 2131 1557 2164 filiis
1576 2129 1691 2164 Curiae
1708 2140 1782 2164 eau-

1027 2198 1136 2220 sarum
1150 2187 1304 2220 Gamerae
1317 2186 1520 2230 Apostolicae
1532 2184 1674 2228 generali
1690 2184 1782 2217 audi-

1027 2241 1089 2273 tori
1111 2251 1147 2274 ac
1163 2241 1254 2274 Sedis
1274 2239 1477 2284 Apostolicae
1493 2239 1618 2282 legatis,
1635 2238 1732 2272 etiam
1745 2238 1784 2271 de

1028 2296 1140 2335 latere,
1163 2300 1194 2328 et
1221 2293 1362 2334 nunciis,
1389 2292 1526 2326 ubilibet
1555 2303 1643 2326 nunc
1669 2298 1700 2326 et
1724 2303 1783 2336 pro

1028 2354 1176 2392 tempore
1197 2347 1419 2387 existentibus,
1442 2346 1668 2390 praesentibus
1688 2351 1719 2379 et
1739 2346 1785 2379 su-

1029 2402 1122 2442 turis,
1137 2412 1194 2446 per
1205 2406 1390 2446 praesentes
1404 2399 1636 2433 committimus
1648 2404 1677 2432 et
1692 2410 1784 2432 man-

1029 2451 1143 2484 damus
1163 2456 1324 2495 quatenus
1354 2449 1414 2493 ipsi
1444 2449 1492 2482 vel
1524 2448 1588 2482 duo
1620 2455 1675 2482 aut
1700 2460 1786 2482 unus

1030 2511 1157 2540 eorum,
1175 2499 1200 2533 si
1217 2504 1245 2532 et
1267 2503 1438 2542 postquam
1455 2498 1786 2542 praesentesjnostrae

1029 2549 1155 2582 litterae
1172 2548 1218 2581 eis
1232 2551 1454 2592 praesentatae
1472 2546 1602 2587 fuerint,
1617 2557 1675 2590 per
1687 2557 1720 2580 se
1736 2547 1784 2580 vel

1029 2598 1129 2631 alium
1146 2609 1202 2631 seu
1219 2597 1308 2637 alios,
1324 2597 1446 2630 litteras
1459 2596 1544 2640 ipsas
1557 2601 1588 2629 et
1602 2596 1635 2629 in
1649 2596 1694 2629 eis
1706 2607 1784 2630 con-

1029 2653 1121 2682 tenta
1145 2656 1391 2692 quaecumque,
1412 2645 1468 2680 ubi
1493 2651 1523 2679 et
1542 2645 1674 2690 quando
1702 2656 1786 2692 opus

1781 254 1829 279 Αη.
1846 253 1874 280 C.
1896 252 1960 279 um

1805 532 1907 552 Cleusulm
1917 538 1967 558 prum

1783 565 1912 583 serv-tunm.

1817 1336 1914 1357 clausula
1929 1335 1976 1356 nub-

1792 1369 1841 1392 late.

1840 2142 1981 2164 meoniorum

1798 2175 1914 2201 deputatio.
