2237 3100
13 258 60 287 λη.
79 257 108 285 C.
126 257 193 285 ¹563

38 1096 172 1118 Praemium

890 257 958 280 Plus
982 257 1011 279 IV
1036 256 1083 279 PP.

208 310 237 351 -1-
261 308 327 352 Ego
347 306 538 340 Franciscns
559 306 729 339 cardinalis
758 307 915 350 Gonzaga.

208 364 236 405 ἦ·
259 362 326 404 Ego
353 361 446 395 Guid.
480 362 570 401 Aso,
603 361 774 394 cardinalis
802 372 959 394 camerar.

208 416 236 458 ἦ·
260 415 325 458 Ego
344 414 538 454 Vitellotius,
570 414 741 446 cardinalis
761 413 914 446 Vitellius.

242 473 302 503 Dat.
325 473 371 502 die
395 472 432 502 26
456 472 580 501 ianuarii
606 472 692 508 1553,
706 472 808 511 pontif.
830 481 907 501 anuo
925 481 962 501 1v.

525 642 653 674 LXXXI.

209 719 389 753 Damnatio
422 722 452 750 ct
488 716 779 749 emommaaeniffltio
811 715 918 749 Ocletli
945 726 961 747 a

254 772 453 811 Castc'llione,
463 771 656 809 cardinalis,
668 770 703 802 in
719 770 878 801 haeresim
892 769 963 801 Ha.-

251 829 443 869 9onot0rum
460 824 617 868 prolapsi.

282 906 343 934 rius
368 905 510 940 episcopus
531 910 628 932 servus
655 909 798 932 servorum
816 903 879 936 Dei.

344 959 378 987 ad
398 959 562 995 perpetuam
589 958 631 986 rei
654 957 823 985 memoriam.

253 1031 433 1065 Onerosum
455 1029 597 1073 supremi
620 1027 756 1072 pastoris
773 1027 869 1060 officii
891 1039 963 1060 mu-

209 1095 270 1118 nus
295 1084 388 1118 nobis
422 1094 459 1116 ex
487 1083 551 1116 alto
571 1081 799 1120 commissum,
822 1086 964 1114 mentem

208 1142 352 1171 nostram
373 1137 527 1170 continuo
544 1134 662 1180 premit
677 1139 809 1177 eturget
823 1139 868 1175 ut,
884 1134 964 1167 illud

209 1192 323 1236 exequi
344 1192 376 1224 in
398 1189 510 1235 primis
530 1193 728 1232 satagente&
750 1198 880 1231 gregem
907 1190 964 1221 do-

208 1245 366 1279 minicum
400 1254 497 1277 curae
527 1247 656 1276 nostrae
690 1240 839 1274 divinitus
860 1242 964 1275 credi-

209 1302 290 1339 tum,
308 1297 397 1332 omni
418 1296 524 1330 studio
540 1300 571 1329 et
585 1294 761 1338 diligentia,
778 1294 810 1326 in
824 1296 966 1338 perfecta

208 1361 245 1385 ac
266 1362 323 1393 ea,
345 1362 410 1396 qua
444 1350 556 1390 decet,
579 1348 653 1382 fidei
679 1347 802 1380 unitate
828 1349 911 1381 tueri
936 1353 966 1382 et

209 1415 414 1445 conservare,
435 1414 472 1436 ac
492 1402 525 1436 in
545 1413 622 1445 agro
644 1400 833 1434 universalis
852 1401 964 1435 Eccle-

209 1457 273 1492 siae
292 1457 446 1491 zizaniam
466 1456 626 1490 seminare
651 1460 827 1495 tentantes,
849 1466 885 1488 ac
902 1456 964 1489 Do-

209 1511 288 1544 mini
300 1511 400 1545 nostri
410 1511 482 1544 Iesu
491 1509 623 1549 Christi,
647 1508 740 1541 cuius
755 1508 836 1549 vice,
855 1520 965 1552 quam-

208 1564 254 1598 vis
278 1565 412 1608 indigni,
442 1563 586 1607 gerimus
619 1562 651 1595 in
683 1562 788 1601 terris,
821 1563 964 1595 tunicam

209 1617 449 1658 inconsutilem,
470 1616 617 1650 videlicet
637 1615 781 1649 eiusdem
803 1616 965 1649 Ecclesiae

209 1671 377 1712 unitatem,
391 1671 538 1704 scindere
550 1669 729 1709 molientes,
746 1679 800 1702 eos
822 1680 965 1713 praeser-

209 1724 279 1765 tim,
293 1735 375 1768 quos
395 1723 483 1757 omni
504 1734 558 1767 spe
578 1723 618 1756 ad
638 1734 749 1755 verum
771 1722 825 1755 Dei
842 1724 964 1756 cultum

209 1778 390 1812 revertendi
410 1777 559 1811 novimus
584 1787 652 1810 esse
673 1776 860 1817 destitutos,
884 1783 964 1810 tam-

209 1843 307 1876 quam
340 1833 487 1866 membra
522 1830 649 1874 putrida
684 1835 714 1863 et
747 1830 966 1864 infructuosos

210 1887 358 1933 palmites
378 1887 417 1919 ab
438 1885 551 1920 eadem
571 1885 714 1918 Ecclesia
742 1886 909 1919 succidere
929 1897 965 1919 ac

210 1942 339 1988 penitus
359 1941 495 1975 evellere
509 1969 516 1983 ,
539 1949 570 1976 et
599 1943 624 1975 si
653 1953 717 1985 qua
746 1943 851 1985 gregis
871 1952 965 1985 prae-

209 1998 285 2032 dicti
319 1998 385 2031 ovis
417 1997 532 2031 morbo
552 1996 723 2030 incurabili
744 2002 893 2041 correpta
914 2007 964 2030 re-

210 2053 367 2098 periatur,
389 2054 490 2093 illam,
508 2063 549 2085 ne
570 2056 693 2085 ceteras
711 2051 901 2094 contagione
919 2051 966 2084 in-

209 2109 317 2150 ficiat,
340 2108 425 2141 foras
445 2106 573 2146 eiicere,
603 2117 640 2139 ac
670 2106 801 2150 provide
834 2116 964 2149 gregem

209 2163 317 2206 ipsum
338 2162 377 2195 ab
398 2160 487 2193 omni
517 2160 588 2193 labe
618 2165 792 2203 purgatum
821 2170 962 2199 servare,

210 2228 250 2250 ne
271 2217 366 2261 eulpa
400 2226 437 2248 ac
466 2214 660 2258 negligentia
680 2214 798 2247 nostris
818 2214 965 2257 quando-

210 2281 273 2315 que
298 2280 372 2303 oves
391 2268 532 2313 perditas
565 2273 620 2301 aut
643 2267 830 2300 huiusmodi
852 2267 965 2300 morbo

210 2325 354 2364 infectas,
373 2333 520 2357 summus
536 2322 637 2367 ipsius
653 2321 758 2365 gregis
778 2326 887 2365 pastor
906 2322 966 2354 Do-

211 2378 329 2419 minus,
353 2378 456 2411 iustus
495 2376 601 2414 iudex,
634 2376 672 2408 de.
698 2375 743 2408 eis
770 2375 801 2407 in
822 2375 965 2408 districto

211 2434 297 2467 illius
324 2431 445 2465 iudicio
471 2431 630 2464 rationem
651 2440 668 2461 a
689 2429 780 2462 nobis
801 2429 965 2473 exquirat,

211 2492 243 2522 et
275 2497 340 2530 quo
374 2485 406 2518 in
441 2484 554 2517 maiori
589 2482 743 2526 dignitate
768 2483 816 2516 vel
842 2484 965 2517 honore

212 2539 376 2575 constituti
405 2538 625 2582 reperiuntur,
647 2537 701 2579 qui
724 2536 754 2569 in
777 2538 965 2571 eorumdem

212 2593 317 2637 gregis
343 2598 374 2626 et
398 2592 559 2625 Ecclesiae
579 2590 757 2635 perniciem
779 2591 851 2623 talia
873 2602 965 2634 prae-

213 2653 356 2689 sumunt,
375 2658 413 2681 eo
429 2646 570 2680 severius
589 2646 622 2679 in
638 2656 692 2679 eos
712 2644 966 2680 animadvertere

1649 240 1711 273 0247

1005 308 1156 350 ipsosque
1180 304 1338 348 spirituali
1359 311 1387 337 et
1410 302 1580 348 temporali
1602 312 1758 335 mucrone

1007 361 1101 393 ferire
1114 359 1312 391 studeamus.

1049 414 1063 455 ξ
1089 414 1118 445 l.
1156 413 1237 445 Sane
1271 423 1345 444 cum
1381 422 1498 454 nuper,
1536 420 1650 452 magno
1685 419 1758 441 cum

1005 467 1102 499 animi
1132 466 1232 498 nostri
1267 476 1435 505 moerore,
1459 463 1676 508 plurimorum
1698 462 1759 496 fide

1005 520 1177 561 <lignorum
1199 519 1353 551 relatione
1374 530 1410 551 ac
1432 519 1514 550 sama
1535 516 1675 561 publica,
1697 527 1761 549 non

1006 573 1137 616 quidem
1158 583 1174 605 a
1194 572 1356 605 malevolis
1376 576 1406 604 et
1426 571 1594 615 suspectis,
1617 570 1671 603 sed
1692 580 1762 613 gra-

1005 627 1095 658 vibus
1129 630 1156 658 ct
1193 625 1334 658 honestis
1367 636 1404 658 ac
1437 624 1586 657 veridicis
1613 623 1761 668 personis

1006 685 1127 717 exorta,
1153 679 1247 711 etiam
1283 690 1341 722 per
1380 679 1511 711 modum
1541 677 1660 710 notorii
1690 676 1762 710 facti

1007 732 1245 776 permanentis,
1265 734 1303 765 ad
1330 743 1424 765 aures
1450 737 1575 765 nostras
1595 730 1760 774 pervenit,

1007 786 1183 829 iniquitatis
1205 786 1306 818 tilium
1336 785 1486 818 Odettum
1521 796 1539 817 a
1565 784 1760 823 Castillione,

1007 844 1134 871 sanctae
1152 839 1315 872 Romanae
1326 838 1489 871 Ecclesiae
1507 838 1679 871 diaconum
1696 848 1764 870 car-

1006 892 1147 925 dinalem
1174 897 1204 925 et
1229 891 1384 925 ecclesiae
1415 891 1621 924 Beluacensis
1646 901 1763 935 perpe-

1007 951 1099 978 tuum
1121 944 1416 978 administratorem
1438 944 1470 976 in
1492 944 1714 988 spiritualibus
1734 949 1764 977 et

1008 999 1240 1042 temporalibus
1271 998 1349 1030 alias
1382 1008 1439 1041 per
1465 998 1579 1030 Sedem
1602 997 1763 1040 Apostoli-

1008 1063 1077 1085 catn
1112 1053 1300 1096 deputatum
1317 1078 1324 1091 ,
1347 1051 1385 1083 ad
1411 1062 1521 1094 quem,
1543 1051 1630 1083 velut
1664 1051 1765 1095 ipsius

1008 1105 1196 1139 universalis
1217 1111 1244 1138 et
1263 1105 1426 1138 Romanae
1444 1104 1604 1137 Ecclesiae
1621 1104 1765 1137 cardina-

1008 1159 1070 1191 lem
1092 1164 1122 1191 et
1141 1157 1332 1191 honorabile
1354 1157 1550 1197 membrum,
1572 1157 1762 1201 pertinebat,

1008 1222 1065 1255 pro
1086 1212 1161 1245 fidei
1183 1211 1359 1244 catholicae
1390 1211 1576 1244 defensione
1603 1211 1763 1254 Apostoli-

1008 1275 1128 1307 eaeque
1167 1264 1256 1298 Sedis
1291 1263 1532 1297 conservatione
1550 1290 1557 1305 ‚
1594 1264 1764 1308 proprium

1008 1318 1214 1361 sanguinem,
1238 1317 1293 1350 ubi
1328 1328 1410 1360 opus
1445 1317 1565 1357 suisset,
1598 1317 1764 1351 effundere

1006 1371 1167 1415 vitamque
1184 1382 1355 1415 exponere,
1371 1382 1408 1404 ac
1425 1370 1604 1404 haereticos
1620 1371 1763 1415 undique

1007 1430 1036 1458 et
1058 1425 1232 1469 praecipue
1253 1425 1292 1457 ab
1313 1424 1450 1457 ecclesia
1470 1424 1657 1458 Beluacensi
1679 1435 1763 1469 prae-

1007 1478 1091 1510 dicta
1116 1479 1267 1522 illiusque.
1293 1477 1417 1511 civitate
1443 1483 1474 1511 et
1503 1478 1662 1517 dioecesi,
1683 1489 1763 1521 qua-

1008 1542 1080 1564 rum
1094 1543 1206 1565 curam
1223 1532 1366 1574 gerebat,
1380 1531 1582 1575 potissimum
1592 1532 1764 1576 expellere,

1008 1585 1144 1629 illosque
1164 1585 1238 1618 totis
1257 1585 1378 1617 viribus
1399 1596 1436 1618 ac
1454 1585 1542 1617 omni
1558 1591 1676 1619 conatu
1693 1596 1765 1630 per—

1008 1639 1118 1681 sequi,
1142 1650 1275 1672 suorum
1299 1638 1459 1679 muneris,
1478 1644 1596 1680 status,
1619 1639 1761 1678 decoris,

1007 1693 1139 1725 honoris
1171 1704 1207 1725 ae
1232 1692 1382 1736 propriae
1413 1693 1525 1725 salutis
1551 1704 1678 1726 necnon
1707 1694 1763 1726 be-

1009 1746 1218 1786 neficiorum,
1241 1746 1360 1790 quihus
1390 1745 1481 1779 illum
1510 1746 1607 1780 Sedes
1627 1748 1763 1791 Aposto-

1009 1800 1069 1833 lica
1083 1805 1129 1833 tot
1147 1800 1306 1843 tantisque
1323 1799 1531 1842 dignitatibus
1543 1801 1762 1842 decoraverat,

1009 1860 1226 1899 receptorum,
1246 1860 1276 1888 et
1291 1855 1453 1888 fidelitatis
1469 1854 1642 1889 iuramenti
1659 1856 1763 1889 eidem

1008 1910 1079 1944 Sedi
1102 1922 1159 1955 per
1175 1922 1249 1943 eum
1270 1910 1423 1954 praestiti,
1444 1910 1685 1954 nobilitatisque
1698 1922 1763 1944 sure

1008 1966 1141 2009 originis
1162 1976 1296 2009 prorsus
1316 1966 1555 2003 immemorem,
1578 1965 1698 2009 Deique
1723 1965 1762 1998 ti-

1008 2030 1097 2053 more
1123 2020 1320 2064 postposito,
1343 2024 1455 2052 contra
1480 2019 1595 2052 Sedem
1616 2019 1763 2052 eamdem

1008 2086 1040 2108 se
1060 2080 1181 2107 temere
1202 2074 1391 2117 erigentem,
1411 2073 1490 2106 adeo
1511 2073 1543 2105 in
1565 2073 1763 2116 profundum

1008 2129 1167 2161 malorum
1194 2129 1382 2172 prolapsum
1418 2127 1527 2167 fuisse,
1551 2131 1585 2159 ut
1609 2127 1641 2160 in
1663 2127 1763 2171 pessi-

1008 2194 1093 2215 mam
1128 2182 1235 2222 illam,
1259 2193 1342 2225 quae
1368 2181 1416 2214 his
1442 2181 1636 2215 calamitosis
1657 2182 1762 2215 etde-

1008 2236 1173 2281 plorandis
1207 2235 1423 2279 temporibus,
1446 2235 1476 2268 in
1511 2235 1629 2278 inclyto
1664 2246 1763 2277 regno

1008 2290 1178 2329 Franciae,
1207 2290 1287 2333 proh
1322 2288 1431 2321 dolor!
1454 2288 1591 2321 maxime
1612 2288 1762 2326 invaluit,

1007 2345 1256 2387 Hugonotorum
1277 2347 1499 2386 nuncupatam
1525 2342 1702 2381 haeresim,
1724 2353 1763 2375 ne

1007 2399 1084 2431 dum
1113 2398 1274 2438 inciderit,
1297 2397 1350 2430 sed
1373 2397 1457 2440 ipsos
1477 2397 1666 2438 Hugonotos
1685 2397 1761 2429 hae-

1008 2448 1136 2487 reticos,
1173 2459 1265 2491 quos,
1304 2446 1493 2490 praesertim
1523 2446 1555 2478 in
1577 2445 1700 2479 civitate
1734 2452 1761 2479 et

1009 2497 1147 2530 dioecesi
1175 2496 1364 2541 praedictis,
1388 2495 1551 2537 corrigere
1586 2500 1617 2528 et
1646 2495 1762 2538 punire

1008 2548 1054 2579 vel
1076 2547 1186 2578 saltem
1208 2546 1247 2578 ab
1269 2546 1313 2578 eis
1334 2544 1505 2588 profligare
1531 2543 1685 2581 debebat,
1707 2544 1762 2575 de-

1009 2595 1159 2634 fendere,
1182 2597 1309 2635 fovere,
1338 2599 1506 2638 protegere
1532 2604 1568 2625 ac
1603 2592 1684 2625 tueri
1706 2604 1762 2625 cu-

1009 2644 1141 2684 raverit,
1164 2650 1195 2677 ct
1218 2644 1430 2688 quamplures
1455 2641 1642 2675 huiusmodi
1665 2640 1762 2686 pesti-

1772 250 1819 275 An.
1844 248 1872 274 C.
1893 247 1961 275 ¹565

1802 421 1891 441 odcuus
1903 428 1912 439 ,ι
1921 420 1961 439 Ca-

1776 451 1878 474 stitlionc.
1891 452 1961 471 cardi*

1776 483 1843 507 natis,
1864 482 1961 507 liugane·

1777 517 1844 534 torum
1856 514 1960 534 haeresim

1778 548 1864 566 secutus
1881 548 1920 566 ost.
