2237 3100
464 281 530 314 43⁶3

422 352 540 374 nomen
562 342 701 386 penitus,
724 342 749 374 si
775 346 892 385 posset,
913 341 1108 374 abolendum
1124 346 1171 373 at-

421 405 484 438 que
509 395 694 428 delendum.

465 449 480 490 ξ
501 448 530 481 l.
569 448 650 480 Iluic
682 454 806 487 tantae,
835 452 964 490 tamque
998 446 1169 485 horribili,

248 504 299 525 fluit
319 511 341 526 se
365 511 404 532 ov-
421 511 503 543 quae
523 501 698 543 impendet,
729 499 908 543 tempestati
941 510 1115 533 occurrere
1142 504 1173 533 ct

221 540 300 590 i‘iiise,re
330 542 405 562 'mmm
421 564 479 596 pro
500 553 673 586 commisso
694 553 785 586 nobis
806 552 912 585 officio
933 553 1100 596 pastorali,
1122 564 1171 586 sa-

421 606 478 638 luti
499 606 610 649 populi
628 605 793 638 christiani
814 605 985 638 consulere
1005 606 1169 649 cupimus,

420 669 479 702 pro
499 669 563 701 qua
583 659 678 691 etiam
701 658 890 702 sanguinem
903 664 933 692 ct
952 659 1047 692 vitam
1069 659 1171 702 ipsam

420 711 629 744 libentissime
659 712 857 757 profundere
881 712 983 755 parati
1013 723 1168 745 essemus.

418 765 478 797 Sed
493 770 537 804 ut,
551 770 683 808 propter
703 764 886 808 iniquitates
902 770 930 798 et
944 771 1086 808 peccata,
1104 765 1171 799 irae

419 816 542 849 divinae
563 816 678 850 merito
699 817 935 850 extimescenda
955 823 1002 850 est
1017 818 1109 858 ultio,
1129 818 1171 850 ita

419 870 443 902 si
463 871 605 914 populus
625 870 819 903 christianus
840 881 907 903 sese
923 871 962 903 ad
978 871 1078 904 Deum
1096 882 1172 905 con-

417 923 547 956 verterit
567 928 598 956 et
622 923 854 967 poenitentiam
885 923 1004 966 egerit,
1036 934 1170 968 speran-

417 977 495 1009 dum
516 982 563 1009 est
576 977 691 1018 Deum,
721 982 757 1010 ut
776 982 823 1010 est
847 976 1007 1020 benignus
1027 983 1058 1010 et
1080 978 1171 1010 mise-

417 1030 519 1064 ricors
539 1037 569 1064 et
599 1030 800 1075 praestabilis
821 1040 919 1073 super
943 1030 1082 1071 malitia,
1110 1042 1170 1064 nec

418 1084 483 1117 vult
502 1090 711 1128 peccatorum
733 1088 883 1123 mortem,
910 1084 964 1116 sed
985 1088 1021 1115 ut
1036 1094 1169 1117 conver-

418 1143 526 1169 tantur
549 1143 577 1170 et
604 1137 716 1176 vivant,
742 1137 862 1180 quique
883 1136 952 1180 ipse
969 1147 1028 1170 nos
1047 1137 1167 1177 invitat,

417 1190 527 1223 dicens
544 1189 782 1223 Commi-tanim
802 1190 843 1222 ad
860 1200 908 1222 me
922 1194 951 1222 et
966 1200 1020 1233 eqo
1040 1200 1169 1223 conver—

418 1248 470 1276 ίαν
497 1244 540 1276 ud
567 1254 632 1283 vos,
664 1243 730 1275 suis
754 1242 904 1275 fidelibus
937 1243 1055 1276 auxilio
1082 1243 1169 1277 sutu-

416 1306 502 1336 rum,
529 1307 589 1329 nec
618 1306 791 1340 passurum
821 1295 1052 1328 haereditatem
1077 1307 1169 1330 suam

415 1349 455 1382 ab
475 1349 661 1382 infidelibus
684 1348 851 1392 occupari.
883 1348 947 1381 Etsi
976 1349 1061 1382 enim
1087 1350 1169 1383 vires

416 1402 558 1435 hostium
579 1402 734 1435 maximae
756 1406 842 1441 sunt,
861 1407 969 1434 tamen
994 1402 1098 1435 maior
1122 1409 1169 1436 est

414 1455 473 1495 Qui
495 1455 527 1488 in
554 1455 647 1489 nobis
679 1460 725 1489 est
757 1465 854 1499 quain
880 1455 936 1498 qui
961 1460 1072 1488 contra
1092 1466 1166 1496 nos,

416 1514 595 1553 potensque
610 1515 657 1543 est
676 1509 832 1542 Dominus
852 1513 916 1541 tam
938 1508 969 1540 in
981 1509 1093 1552 paucis
1109 1510 1170 1542 sal-

414 1573 500 1603 vare,
527 1573 625 1606 quam
646 1562 679 1595 in
699 1561 820 1594 multis.

459 1616 474 1659 g
494 1615 525 1648 2.
554 1615 624 1654 Quo
645 1615 743 1655 cirea,
772 1625 808 1647 cx
828 1620 919 1658 parte
938 1614 1169 1658 omnipotentis

246 1674 398 1695 ‹nn-nundetes
414 1668 489 1709 Dei,
511 1675 542 1702 et
566 1679 624 1713 per
648 1668 769 1702 viscera
799 1667 1040 1701 misericordiae
1069 1668 1168 1709 Illius,

212 1706 347 1760 sibifilia?
360 1712 400 1732 Μ’
415 1733 528 1756 omnes
548 1728 579 1755 et
598 1722 742 1764 singulos
761 1721 931 1764 utriusque
960 1731 1053 1754 sexus
1081 1722 1167 1754 chri-

415 1775 568 1809 stifideles
593 1776 763 1808 hortamur
787 1780 817 1807 ct
846 1784 1017 1807 monemus
1044 1780 1080 1807 ut
1106 1775 1168 1808 hoc

412 1828 603 1873 acceptabili
615 1833 774 1872 tempore,
800 1828 839 1860 ad
861 1827 1035 1860 Dominum
1056 1833 1087 1861 et
1106 1828 1168 1862 Re-

411 1882 615 1926 demptorem
644 1886 792 1914 nostrum
821 1879 937 1913 humili
963 1880 1060 1913 corde
1090 1892 1167 1915 con-

412 1935 515 1976 versi,
541 1934 773 1968 conscientiam
799 1944 890 1966 suam
925 1933 1069 1977 diligenti
1099 1940 1167 1967 stu-

413 1989 509 2022 deant
529 1988 764 2022 examinatione
781 1987 943 2020 discutere
965 1992 995 2020 ct
1015 1988 1169 2021 orationi-

413 2042 474 2075 bus
493 2048 590 2086 atque
618 2042 899 2085 eleemosynarum
927 2041 1169 2083 erogationibus

413 2106 538 2135 vacare,
563 2095 650 2128 iuxta
670 2095 815 2138 ipsorum
838 2094 1083 2134 conscientiam,
1105 2094 1169 2128 sive

414 2149 633 2189 sacerdotnm,
662 2147 781 2192 quibus
806 2152 938 2190 peccata
959 2157 1016 2180 sua
1037 2147 1170 2181 eonfite-

413 2202 549 2242 buntur,
577 2202 717 2235 salutare
738 2200 922 2234 consilium.

460 2257 474 2299 ἓ
489 2256 521 2289 3.
544 2256 583 2289 Ut
601 2265 677 2289 vero
694 2265 732 2287 eo
752 2253 904 2287 libentius
924 2253 1042 2286 saciant
1056 2253 1169 2297 dignos

249 2318 399 2352 ludum-miani
416 2309 631 2353 poenitentiae
652 2308 789 2347 fructus,
811 2316 877 2350 quo
896 2306 1011 2339 talium
1033 2317 1169 2350 operum

217 2349 400 2405 ssssssifi‘hifl'f'ist'c'
416 2362 572 2395 maiorem
593 2366 668 2395 sunt
686 2361 829 2393 fructum
850 2364 880 2392 et
895 2358 1077 2402 praemium
1098 2371 1170 2404 per-

217 2409 401 2435 ⁵²³¹⁸¹¹³¹⁶⁶⁰⁶¹¹¹³
417 2415 554 2458 cepturi,
577 2425 648 2454 nos,
670 2414 710 2447 de
730 2412 962 2456 omnipotentis
975 2412 1031 2445 Dei
1044 2413 1169 2446 miseri-

417 2462 527 2496 cordia
542 2469 573 2495 et
582 2462 752 2495 beatorum
768 2461 838 2494 eius
846 2461 1068 2505 apostolorum
1086 2461 1170 2494 Petri

417 2521 454 2543 ac
474 2510 564 2543 Pauli
593 2510 782 2543 auctoritate
808 2509 933 2549 confisi,
956 2514 987 2542 et
1016 2520 1074 2552 pro
1102 2509 1168 2550 illa,

417 2569 514 2601 quam
535 2558 640 2599 nobis,
653 2559 728 2591 licet
744 2557 1014 2591 insufficientibus
1033 2558 1168 2598 meritis,

416 2607 501 2639 Deus
515 2606 603 2639 dedit
616 2606 737 2649 ligandi
753 2617 789 2639 ac
803 2606 942 2639 solvendi
959 2612 989 2639 et
1000 2606 1170 2640 thesauros

417 2655 578 2690 Ecclesiae
598 2654 764 2700 aperiendi
784 2660 950 2699 potestate,
971 2655 1122 2689 omnibus
1140 2660 1171 2688 et

224 289 272 316 An.
290 289 320 316 C.
340 291 406 318 ¹566

1016 289 1195 313 nULLAmUM
1219 289 1370 314 ROMANUM

1983 293 2030 319 An.
2049 293 2078 320 C.
2098 292 2168 320 ¹566

1215 340 1349 383 singulis
1378 340 1548 385 utriusque
1573 352 1666 375 sexus
1690 342 1964 383 christifidelibus,

1214 393 1269 435 qui
1289 394 1350 426 hoe
1371 394 1658 437 quadragesimalis
1676 395 1788 429 ieiunii
1807 402 1964 440 tempore,

1214 451 1384 489 postquam
1404 447 1520 479 harum
1544 447 1711 480 literarum
1738 449 1882 482 notitiam
1908 451 1966 483 ha-

1213 498 1355 539 buerint,
1379 498 1410 531 in
1432 499 1594 542 sequentis
1611 500 1832 535 hebdomadae
1851 509 1966 546 quarta

1214 556 1244 584 et
1264 556 1348 584 sexta
1381 551 1458 584 seria
1478 563 1515 585 ac
1535 553 1677 593 sabbato,
1706 565 1765 598 pro
1780 555 1966 589 defensione

1214 604 1412 647 reipublicae
1442 605 1635 639 christianae
1661 612 1772 640 contra
1800 608 1909 642 hostes
1936 614 1966 642 et

1214 668 1272 700 pro
1289 658 1409 691 unione
1427 658 1697 700 christifidelium,
1721 660 1790 704 pias
1808 662 1847 694 ad
1864 662 1965 695 Deum

1213 721 1326 753 preces
1346 711 1531 752 effuderint,
1556 723 1592 744 ac
1613 723 1672 756 pro
1692 724 1769 746 suae
1788 714 1967 748 devotionis

1213 764 1330 796 affectu
1351 764 1571 808 eleemosynas
1591 766 1803 809 erogaverint,
1828 778 1966 801 sacram-

1213 827 1276 860 que
1309 817 1544 850 Eucharistiam
1574 824 1685 862 postea
1718 819 1769 853 die
1802 820 1965 855 dominico

1213 869 1324 902 devote
1340 871 1553 913 susceperint,
1576 877 1645 914 post
1667 871 1752 905 diem
1769 883 1844 907 vero
1861 885 1965 908 sacra-

1214 922 1371 956 tissimum
1405 924 1662 958 Resurrectionis
1694 925 1902 968 Dominicae‚
1940 928 1965 962 si

1212 976 1303 1020 prius
1332 977 1447 1009 harum
1470 977 1637 1010 literarum
1657 978 1803 1012 notitiam
1825 990 1891 1013 non
1907 981 1966 1015 ha-

1211 1029 1353 1070 buerint,
1376 1035 1406 1062 et
1422 1035 1490 1074 post
1503 1030 1587 1074 ipsas
1606 1031 1715 1064 literas
1735 1034 1966 1077 promulgatas,

1212 1083 1244 1115 in
1278 1083 1487 1127 sequentibus
1511 1084 1732 1118 hebdomadae
1765 1091 1881 1129 quarta
1913 1087 1966 1120 iti-

1211 1136 1284 1169 dem
1307 1141 1337 1169 et
1371 1143 1456 1170 sexta
1484 1137 1563 1170 seria
1590 1148 1628 1171 ac
1651 1138 1783 1172 sabbato
1803 1138 1965 1174 ieiunave-

1212 1189 1286 1229 rint,
1321 1195 1351 1222 et.
1384 1191 1516 1230 orando,
1549 1196 1585 1223 ut
1614 1191 1807 1234 praefertur,
1841 1203 1964 1227 sacram

1212 1242 1481 1276 Communionem
1492 1243 1543 1276 die
1555 1243 1718 1277 dominico
1731 1245 1878 1288 proximo
1890 1257 1965 1291 per-

1212 1295 1369 1339 ceperint,
1401 1296 1619 1340 plenissimam
1654 1303 1863 1341 peccatorum
1888 1310 1965 1333 suo-

1211 1359 1284 1380 rum
1316 1348 1566 1391 indulgentiam,
1593 1360 1676 1393 quae
1701 1350 1965 1386 christifidelibus

1211 1401 1364 1434 ecclesias
1391 1403 1495 1435 almae
1520 1402 1614 1436 Urbis
1634 1408 1665 1436 et
1680 1408 1766 1436 extra
1786 1403 1905 1437 Urbem
1925 1405 1965 1438 ad

1211 1454 1241 1487 id
1280 1455 1448 1498 deputatas
1481 1466 1566 1489 anno
1599 1456 1733 1489 lubilaei
1763 1457 1965 1491 visitantibus

1211 1518 1363 1541 concessa
1389 1514 1452 1549 est,
1489 1509 1742 1543 misericorditer
1770 1510 1803 1543 in
1828 1510 1965 1545 Domino

1211 1561 1398 1604 elargimur.

1254 1615 1269 1658 g
1299 1614 1331 1648 4.
1364 1615 1481 1648 Dantes
1514 1615 1560 1649 eis
1590 1620 1781 1660 potestatem
1825 1616 1964 1660 eligendi
2043 1630 2164 1653 Facultates

1210 1678 1307 1711 quem
1324 1668 1485 1701 voluerint
1500 1668 1730 1710 confessorem,
1753 1669 1893 1703 cuiusvis
1909 1670 1966 1704 Or·
1978 1662 2166 1715 ξᾏῖζξξῑιῑζᾛᾙῖ

1210 1720 1293 1754 dinis
1313 1722 1495 1764 regularem
1521 1722 1584 1755 sive
1607 1723 1807 1756 saecularem
1833 1723 1964 1768 presby—
1979 1723 2018 1749 ‘¹³¹³

1210 1780 1326 1815 terum,
1347 1774 1413 1819 qui,
1434 1775 1635 1809 consessione
1650 1786 1765 1809 eorum
1784 1776 1902 1817 audita,
1919 1777 1967 1821 ip-

1211 1838 1262 1862 sos
1281 1839 1299 1861 a
1319 1828 1484 1872 quibusvis
1504 1829 1656 1872 pcccatis,
1687 1829 1834 1873 quamvis
1861 1829 1966 1872 gravi-

1209 1881 1271 1914 bus
1291 1888 1321 1915 et
1342 1882 1542 1922 enormibus,
1560 1882 1656 1915 etiam
1673 1882 1746 1916 Sedi
1763 1883 1967 1926 Apostolicae

1210 1935 1390 1975 reservatis,
1418 1940 1448 1967 et
1475 1934 1507 1967 in
1527 1935 1629 1975 bulla,
1659 1945 1742 1978 quae
1761 1935 1794 1967 in
1815 1935 1867 1969 dic
1885 1936 1966 1970 Coe-

1210 1998 1270 2021 nae
1289 1988 1414 2021 Domini
1435 1988 1498 2031 legi
1517 1988 1694 2029 consuevit,
1717 1989 1885 2030 contentis,
1902 1995 1966 2023 eta

1211 2042 1369 2082 censuris,
1397 2042 1429 2074 in
1452 2053 1531 2085 quas
1549 2042 1733 2084 inciderint,
1756 2042 1902 2076 iniuncta
1920 2043 1967 2077 eis

1211 2105 1270 2138 pro
1286 2095 1383 2128 modo
1404 2096 1519 2139 culpae
1532 2095 1730 2139 poenitentia
1751 2095 1896 2137 salutari,
1913 2096 1966 2130 ab-

1211 2148 1344 2189 solvere,
1357 2153 1387 2181 et
1402 2149 1532 2192 quaevis
1546 2154 1617 2181 vota
1629 2148 1668 2181 ab
1681 2148 1726 2182 eis
1737 2149 1852 2182 emissa
1872 2149 1966 2192 (votis

1211 2201 1375 2234 dumtaxat
1399 2201 1552 2235 castitatis
1571 2207 1601 2234 et
1616 2201 1792 2245 Religionis
1806 2201 1966 2248 exceptis)

1211 2254 1243 2287 in
1264 2255 1325 2287 alia
1346 2254 1473 2298 pietatis
1493 2265 1593 2299 opera
1622 2260 1824 2288 commutare
1851 2254 1962 2299 possit.

1256 2300 1320 2351 ξδ’.
1347 2307 1417 2341 Non
1448 2307 1651 2341 obstantibus
1679 2307 1966 2342 constitutionibus
2027 2334 2164 2356 mmmmm

1212 2365 1243 2393 et
1262 2359 1519 2394 ordinationibus
1554 2360 1751 2404 apostolicis,
1786 2359 1966 2404 ceterisque
1979 2365 2074 2391 derogat-

1213 2413 1383 2446 contrariis
1403 2412 1676 2457 quibuscumque.

1256 2462 1270 2505 ξ
1291 2462 1321 2495 6.
1341 2462 1515 2506 Cupientes
1532 2468 1640 2495 autem
1656 2463 1714 2495 has
1733 2461 1842 2494 literas
1858 2461 1964 2505 primo

1213 2521 1343 2554 quoque
1360 2515 1506 2553 tempore
1518 2510 1550 2543 in
1566 2511 1712 2543 omnium
1731 2509 1877 2542 notitiam
1895 2521 1966 2554 per·
1978 2506 2164 2563 ζξῇζῐρρᾞζξζ·

1213 2558 1302 2598 ferri,
1330 2559 1520 2592 mandamus
1540 2558 1696 2591 universis
1716 2563 1747 2590 et
1762 2557 1896 2600 singulis
1915 2569 1965 2592 ve·
1978 2567 2162 2604 tes-eeclesiarum

1213 2607 1411 2640 nerabilibus
1433 2607 1586 2640 fratribus
1614 2606 1732 2640 nostris
1759 2606 1962 2650 patriarchis,
1978 2598 2083 2621 ¹³⁰¹⁰¹³⁴¹³‘

1213 2655 1404 2699 primatibus
1421 2661 1452 2689 et
1469 2654 1733 2699 archiepiscopis
1753 2660 1789 2688 ut
1808 2665 1883 2688 cum
1898 2655 1964 2699 pri-

2017 2474 2094 2496 Earum
2104 2475 2160 2497 litte-
