2237 3100
263 253 312 283 An.
330 254 359 282 C.
378 254 444 285 ¹568

278 1218 388 1239 tztuisntae
400 1218 435 1239 de—

251 1251 378 1275 ῐυξζῑιῐυῐίᾶθ.

502 244 565 279 726

458 312 490 341 et,
515 305 779 341 conventualibus
798 316 835 339 ac
855 305 935 345 aliis,
971 305 1205 348 cuiuscumque

457 361 619 404 dignitatis
649 366 679 393 et
702 359 854 399 nominis,
876 359 1043 399 ministris,
1079 369 1205 392 necnon

457 413 676 454 conventibus,
699 412 875 452 canonicis,
898 411 1049 445 fratribus
1070 418 1101 445 et
1130 423 1203 456 per-

455 467 542 500 sonis
562 465 848 509 congregationum
870 465 1068 507 huiusmodi,
1091 471 1124 499 ut
1145 471 1205 499 sta-

455 525 560 553 tutum
589 524 734 552 nostrum
761 518 974 562 praedictum,
1010 530 1075 552 non
1108 530 1204 564 expc-

455 579 537 607 etata
556 572 619 605 alia
638 571 780 604 iussione
800 577 853 605 aut
874 572 989 605 mentis
1004 578 1131 606 nostrae
1153 573 1205 606 de-

455 626 639 666 claratione,
662 626 829 659 humiliter
845 626 1004 670 recipiant
1019 633 1049 660 et
1064 628 1204 661 studiose

454 681 621 714 observare
642 685 829 724 procurent.
852 680 943 720 Quod
959 680 983 713 si
1003 682 1083 714 sorte
1104 681 1204 725 aliqui

454 734 484 767 in
505 745 542 767 eo
562 744 627 777 quo
649 744 735 766 nunc
755 740 829 767 sunt
849 739 942 775 statu,
959 745 1055 778 quem
1072 735 1204 768 omnino

453 787 595 820 tollimus
629 792 659 821 et
696 787 875 828 abolemus,
913 794 1024 821 contra
1058 793 1203 821 nostrum

452 840 513 873 boc
551 845 721 882 statutum,
756 841 926 885 persistero
956 842 1201 883 contenderint,

452 894 597 937 singulos
625 894 712 927 omni
733 894 900 937 dignitate,
922 895 1041 933 officio,
1064 896 1202 928 admini-

451 948 605 982 stratione
625 954 653 981 et
675 948 833 982 beneficio
855 949 1030 993 privamus,
1052 955 1082 982 ct
1101 950 1139 982 ad
1156 950 1203 983 su-

451 1008 523 1035 tura
549 1006 706 1046 perpetuo
727 1002 874 1045 indignos
903 1002 1120 1044 decernimus,
1149 1014 1202 1036 ex-

450 1055 755 1090 communicationis
777 1067 908 1101 quoque
933 1057 1088 1090 sententia
1108 1058 1202 1091 inno-

450 1109 564 1143 damus
588 1120 626 1143 eo
647 1110 727 1154 ipso.

493 1164 508 1207 g
527 1163 558 1197 3.
581 1164 650 1198 Non
681 1164 882 1197 obstantibus
902 1165 1146 1198 fundationibus
1171 1172 1199 1200 et

450 1216 704 1251 institutionibus
725 1228 761 1251 ac
782 1218 907 1251 statutis
934 1223 962 1251 et
993 1220 1200 1253 consuetudi-

448 1269 544 1304 nibus
563 1271 863 1314 congreg'ationum,
887 1272 1057 1306 domorum
1080 1278 1106 1306 et
1126 1284 1202 1307 con-

448 1329 601 1358 ventuum
617 1325 870 1369 praedictorum,
894 1325 1088 1365 iuramento,
1122 1338 1199 1360 cen-

447 1377 629 1411 firmatione
654 1379 830 1422 apostoliea
850 1379 897 1411 vel
918 1380 1030 1423 quavis
1049 1380 1200 1413 firmitate

447 1431 508 1465 alia
533 1431 703 1472 roboratis;
731 1432 904 1476 privilegiis
930 1444 1073 1477 quoque,
1096 1445 1201 1467 exem-

448 1485 612 1528 ptionibus
632 1491 661 1519 et
681 1486 814 1519 indultis
842 1487 1039 1531 apostolicis,
1063 1487 1125 1520 illis
1145 1499 1199 1521 co-

447 1549 586 1582 rumque
603 1539 828 1584 superioribus
848 1545 875 1572 et
906 1540 1064 1583 personis,
1088 1552 1124 1573 ac
1145 1552 1200 1575 eo-

446 1604 519 1625 rum
548 1593 681 1636 singulis
701 1604 759 1638 per
788 1604 1011 1637 quoscumque
1040 1595 1201 1629 Romanos

446 1647 617 1681 Pontifices
637 1648 904 1690 praedecessores
930 1653 1055 1681 nestros
1082 1659 1117 1682 ac
1144 1660 1201 1683 nos

447 1705 477 1733 et
497 1700 611 1734 Sedent
631 1701 861 1744 Apostolieam‚
880 1702 975 1735 ctiam
993 1714 1050 1746 per
1067 1703 1199 1736 modum

446 1754 554 1787 statuti
575 1755 736 1798 perpetui,
759 1766 795 1788 ac
815 1755 883 1788 initi
905 1761 936 1789 et
960 1756 1103 1800 stipulati
1124 1768 1201 1790 con-

448 1813 580 1849 tractus,
602 1819 639 1842 ac
654 1808 732 1842 alias
748 1809 807 1842 sub
827 1810 1087 1853 (pribuscnmquc
1110 1816 1199 1844 teno-

448 1861 537 1894 ribus
557 1867 588 1895 et
603 1862 727 1904 formis,
749 1874 786 1896 ae
800 1874 874 1896 cum
893 1863 1057 1907 quibusvis
1073 1865 1200 1898 clausu-

448 1915 485 1948 lis
505 1921 535 1948 et
564 1916 712 1957 decretis,
742 1916 775 1949 in
799 1928 916 1960 genere
949 1925 976 1951 et
1013 1918 1044 1950 in
1078 1919 1197 1961 specie,

447 1969 607 2003 concessis
640 1975 670 2003 et
703 1971 914 2011 confirmatis;
936 1983 972 2004 ac
1007 1973 1101 2005 etiam
1131 1973 1200 2006 aliis

446 2023 741 2066 reformationibus,
772 2025 1041 2069 quotiescumque
1061 2037 1097 2059 ac
1118 2038 1199 2071 quo-

447 2089 588 2122 cumque
609 2083 754 2122 tempore
776 2079 865 2111 saetis
881 2084 908 2112 et
930 2080 1154 2123 promulgatis,
1170 2086 1196 2114 et

446 2131 641 2176 quibuslibet
681 2132 750 2165 aliis
784 2132 991 2176 indulgentiis
1029 2139 1058 2166 ct
1086 2134 1199 2167 litteris

447 2185 632 2229 apostolicis
675 2185 869 2229 specialibus
902 2191 933 2219 et
970 2187 1175 2229 generalibus
1189 2214 1196 2228 ,

447 2250 733 2282 quorumcumque
773 2245 921 2272 tenorum
961 2240 1106 2280 existant,
1143 2252 1200 2285 per

448 2303 543 2335 quae,
566 2293 789 2336 praesentibus
809 2303 873 2326 non
894 2304 1041 2337 expressa
1056 2295 1103 2327 vel
1122 2300 1200 2328 tota-

449 2345 521 2379 liter
541 2356 605 2379 non
626 2346 756 2387 inserta,
779 2346 912 2379 effectus
928 2357 1037 2380 earum
1051 2347 1198 2391 impediri

448 2399 549 2432 valeat
581 2399 825 2442 quomodolibet
862 2400 910 2432 vel
949 2400 1083 2441 differri,
1110 2402 1199 2435 etde

449 2447 567 2490 quibus
596 2459 801 2492 quarumque
840 2449 914 2482 totis
948 2449 1113 2483 tenoribus
1142 2451 1200 2483 lia-

449 2495 553 2530 benda
573 2497 611 2530 sit
625 2497 657 2530 in
671 2498 789 2531 nostris
804 2497 917 2530 litteris
937 2498 1057 2531 mentio
1078 2499 1200 2542 specia-

449 2545 500 2585 lis,
522 2556 604 2589 quae
630 2547 750 2587 omnia,
769 2552 932 2590 tamquam
947 2547 1111 2590 abrogata,
1126 2559 1202 2596 con-

449 2599 498 2627 tra
518 2596 705 2629 earumdem
730 2596 945 2640 praesentium
964 2602 1122 2637 tenorem,
1146 2608 1202 2630 no-

449 2643 558 2683 lumus
578 2644 730 2688 cuiquam
752 2646 784 2679 in
804 2645 914 2689 aliquo
932 2645 1111 2689 suffragari.

1048 250 1226 276 BULLARIUM
1250 249 1400 274 ROMANUM

1290 303 1305 346 ἓ
1324 302 1528 343 &Ceterum
1546 303 1736 337 mandamus
1749 308 1932 348 praesentes
1951 303 1990 337 ad

1248 357 1352 389 valvas
1372 357 1523 391 basilicae
1543 357 1701 401 Principis
1719 358 1939 402 apostolorum
1956 358 1994 391 de

1247 410 1331 443 Urbe
1352 415 1382 443 et
1414 410 1630 444 Cancellariae.
1663 411 1864 454 Apostolicae
1897 422 1933 445 ac
1960 411 1991 445 in

1246 464 1314 497 acie
1349 464 1459 508 Campi
1493 465 1604 498 Florae
1638 464 1811 508 publicari,
1834 470 1861 498 et
1883 476 1993 501 carum

1246 518 1393 561 exempla
1414 518 1451 550 de
1472 528 1561 551 more
1578 518 1746 562 applicari.

1290 572 1305 614 ξ
1334 571 1365 604 5.
1388 571 1432 604 Ac
1457 571 1552 604 etiam
1577 572 1725 604 volumus
1745 571 1831 614 quod
1853 571 1994 616 ipsarum

1246 625 1464 668 praesentium
1479 626 1637 670 exempla,
1659 626 1754 659 etiam
1776 625 1943 670 impressa,
1966 632 1997 659 et

1246 678 1378 721 praelati
1409 679 1617 712 ecelesiastici
1650 680 1696 712 vel
1718 679 1786 712 eius
1810 679 1919 713 curitte
1952 680 1995 713 si-

1245 731 1321 774 gillo
1347 737 1374 764 et
1397 732 1511 765 notarii
1546 732 1667 776 publici
1690 743 1787 766 manu
1816 733 1993 777 obsignata,

1246 786 1391 818 eamdem
1410 786 1497 818 illam
1518 787 1613 819 tidem
1636 786 1754 830 ubique
1780 787 1940 828 locorum,
1963 788 1995 821 in

1246 838 1366 871 iudicio
1387 845 1415 872 et
1434 845 1519 872 extra
1540 840 1632 881 illud,
1650 841 1778 881 saciant,
1795 851 1891 885 quam
1908 841 1995 885 ipsae

1245 899 1430 936 praesentes
1450 894 1602 934 facerent,
1625 894 1649 927 si
1678 894 1720 927 ibi
1750 896 1996 929 ostenderentur

1245 952 1300 979 aut
1320 947 1559 981 exhiberentur.
1582 947 1666 981 Nulli
1686 959 1762 992 ergo
1782 948 1916 982 omnino
1935 949 1995 983 ho-

1245 1001 1369 1033 minum
1389 1006 1447 1035 etc.

1287 1054 1402 1088 Datum
1427 1055 1546 1089 Romae
1571 1056 1656 1100 apud
1680 1056 1833 1089 Sanctum
1854 1057 1995 1098 Petrum,

1243 1119 1327 1141 anno
1361 1109 1594 1142 lncarnationis
1622 1109 1803 1143 dominicae
1824 1110 1995 1144 millesimo

1243 1163 1501 1206 quingentesimo
1525 1164 1722 1207 sexagesimo
1748 1170 1871 1205 octavo,
1897 1165 1995 1208 quin-

1243 1216 1402 1249 tmlecimo
1421 1217 1572 1250 kalendas
1584 1217 1777 1258 decembris,
1789 1217 1996 1262 pontificatus

1242 1270 1342 1303 nostri
1363 1281 1447 1303 aimo
1468 1281 1514 1304 111.

1293 1327 1352 1357 bat.
1377 1328 1423 1358 die
1446 1329 1477 1358 17
1498 1339 1562 1358 nov.
1582 1329 1785 1368 1508‚1·01utt.
1804 1339 1880 1360 atino
1897 1339 1940 1361 111.

1551 1507 1677 1540 CXVIII.

1243 1583 1456 1626 Cenfirnmtio
1481 1584 1716 1627 eienzplionum
1743 1583 1887 1626 fratrum
1908 1585 1995 1617 mili-

1288 1641 1354 1670 tum
1376 1637 1546 1680 hospitalis
1556 1637 1673 1670 Sancti
1692 1637 1830 1670 Ioannis
1845 1638 1995 1672 Hieroso-

1286 1691 1452 1733 lynn'tam‘,
1479 1691 1877 1734 eorumquefamiliarium
1894 1696 1951 1725 ete.
1975 1704 1995 1726 a

1285 1745 1441 1777 solutione
1450 1744 1647 1777 desinite-unz
1655 1748 1683 1777 et
1695 1745 1835 1777 aliorum
1845 1755 1994 1788 quormn-

1286 1809 1417 1842 cumque
1434 1809 1564 1831 om‘rnm
1577 1809 1589 1838 ,·
1613 1802 1643 1830 cl
1659 1799 1879 1841 praeservati'o
1899 1799 1994 1832 iuris-

1286 1853 1438 1885 dictionis
1458 1852 1713 1892 m'dz'nmv'orum,
1728 1852 1831 1896 quoad
1839 1863 1994 1896 personas

1286 1917 1397 1939 euram
1417 1907 1605 1939 (waimarum
1625 1911 1805 1940 &tercentos
1824 1907 1850 1940 1.

1276 1988 1337 2016 Pius
1357 1989 1427 2023 Papa
1445 1987 1474 2020 V,
1496 1988 1530 2016 ad
1548 1988 1711 2023 perpetuam
1725 1987 1767 2015 rei
1786 1987 1959 2016 memoriam.

1285 2059 1348 2092 Etsi
1379 2064 1493 2092 cuncta
1516 2070 1600 2103 quae
1631 2070 1667 2092 ex
1699 2059 1799 2092 multa
1835 2059 1995 2093 Romano-

1240 2123 1314 2146 rum
1338 2113 1530 2146 Pontificum
1556 2113 1842 2157 praedecessorum
1872 2118 1995 2147 nostro-

1240 2178 1312 2199 rum
1335 2166 1546 2210 providentia,
1574 2167 1606 2199 in
1635 2167 1776 2203 savorem
1798 2166 1993 2209 &militiarum

1240 2220 1457 2264 quarumlibet
1483 2220 1515 2253 in
1538 2220 1612 2253 fidei
1634 2220 1811 2253 catholicae
1835 2220 1995 2254 defensio-

1241 2284 1314 2307 nem
1324 2274 1495 2306 salubriter
1508 2273 1740 2316 institutarum‚
1753 2279 1992 2318 processerunt,

1241 2327 1554 2360 executienidebitae
1564 2327 1788 2361 demandanda
1802 2338 1870 2361 esse
1882 2338 1994 2361 cense-

1242 2392 1326 2421 mus;
1337 2381 1391 2414 illa
1403 2387 1510 2414 tamen
1528 2382 1704 2426 praecipue
1716 2393 1799 2426 quae
1815 2382 1993 2415 adillarum

1242 2440 1359 2468 statum
1384 2445 1539 2479 prospere
1560 2435 1764 2478 dirigendum
1785 2446 1844 2479 per
1863 2435 1993 2468 eosdem

1242 2489 1403 2522 Romanos
1427 2488 1597 2522 Pontifices
1631 2489 1807 2532 prudenter
1843 2499 1994 2523 concessa

1243 2543 1474 2587 comperimus,
1517 2547 1552 2575 ut
1585 2542 1705 2576 illibata
1731 2543 1890 2586 firmaque
1918 2554 1993 2587 per-

1278 2610 1288 2635 1
1316 2611 1353 2636 De
1370 2609 1417 2636 hac
1432 2609 1522 2636 militia
1541 2609 1653 2636 indicavi
1680 2609 1704 2635 in
1725 2609 1853 2636 Anastasii
1870 2609 1902 2636 tv
1926 2618 1994 2638 con-

1243 2655 1380 2681 stitutione
1399 2662 1448 2687 xv,
1464 2655 1640 2686 Christianae,
1657 2656 1720 2681 tom.
1740 2660 1770 2686 ιι,
1787 2661 1846 2692 pag.
1864 2654 1926 2682 618.

2012 250 2060 276 An.
2078 248 2108 276 C.
2126 247 2195 287 1568
2234 285 2237 290 Ι

2037 310 2105 332 lussto
2129 311 2194 339 publi·
2235 299 2237 326 i

2011 343 2080 364 caudi.

2063 591 2124 613 Fides
2139 595 2193 614 tran-

2011 626 2148 651 sumptorum.

2036 2070 2147 2092 Exordium
