<?xml version="1.0" encoding="UTF-8"?>
<!DOCTYPE html PUBLIC "-//W3C//DTD XHTML 1.0 Transitional//EN"
    "http://www.w3.org/TR/xhtml1/DTD/xhtml1-transitional.dtd">
<html xmlns="http://www.w3.org/1999/xhtml" xml:lang="en" lang="en">
 <head>
  <title>
</title>
<meta http-equiv="Content-Type" content="text/html;charset=utf-8" />
  <meta name='ocr-system' content='tesseract 3.04.00' />
  <meta name='ocr-capabilities' content='ocr_page ocr_carea ocr_par ocr_line ocrx_word'/>
</head>
<body>
  <div class='ocr_page' id='page_1' title='image "./bullarumdiplomat07cath/bullarumdiplomat07cath_0353.png"; bbox 0 0 2237 3100; ppageno 0'>
   <div class='ocr_carea' id='block_1_1' title="bbox 103 237 284 266">
    <p class='ocr_par' dir='ltr' id='par_1_1' title="bbox 103 237 284 266">
     <span class='ocr_line' id='line_1_1' title="bbox 103 237 284 266; baseline -0.006 0"><span class='ocrx_word' id='word_1_1' title='bbox 103 238 154 266; x_wconf 74' lang='lat' dir='ltr'>An.</span> <span class='ocrx_word' id='word_1_2' title='bbox 168 238 196 266; x_wconf 83' lang='lat' dir='ltr'>C.</span> <span class='ocrx_word' id='word_1_3' title='bbox 219 237 284 266; x_wconf 71' lang='grc' dir='ltr'>ίδδὶι</span> 
     </span>
    </p>
   </div>
   <div class='ocr_carea' id='block_1_2' title="bbox 100 302 286 484">
    <p class='ocr_par' dir='ltr' id='par_1_2' title="bbox 100 302 286 484">
     <span class='ocr_line' id='line_1_2' title="bbox 102 302 286 328; baseline 0 -6"><span class='ocrx_word' id='word_1_4' title='bbox 102 304 170 328; x_wconf 66' lang='lat' dir='ltr'>cepta,</span> <span class='ocrx_word' id='word_1_5' title='bbox 180 307 191 322; x_wconf 72' lang='lat' dir='ltr'>a</span> <span class='ocrx_word' id='word_1_6' title='bbox 208 302 240 322; x_wconf 76' lang='lat' dir='ltr'>die</span> <span class='ocrx_word' id='word_1_7' title='bbox 255 306 286 322; x_wconf 86' lang='lat' dir='ltr'>re-</span> 
     </span>
     <span class='ocr_line' id='line_1_3' title="bbox 100 333 286 360; baseline -0.011 -6"><span class='ocrx_word' id='word_1_8' title='bbox 100 333 206 360; x_wconf 78' lang='lat' dir='ltr'>ceptionis</span> <span class='ocrx_word' id='word_1_9' title='bbox 248 339 286 352; x_wconf 77' lang='lat' dir='ltr'>va-</span> 
     </span>
     <span class='ocr_line' id='line_1_4' title="bbox 102 362 286 384; baseline -0.005 0"><span class='ocrx_word' id='word_1_10' title='bbox 102 369 163 384; x_wconf 78' lang='lat' dir='ltr'>casse</span> <span class='ocrx_word' id='word_1_11' title='bbox 180 363 212 384; x_wconf 73' lang='lat' dir='ltr'>tiic</span> <span class='ocrx_word' id='word_1_12' title='bbox 232 362 286 383; x_wconf 87' lang='lat' dir='ltr'>Pon-</span> 
     </span>
     <span class='ocr_line' id='line_1_5' title="bbox 101 395 284 420; baseline -0.011 -4"><span class='ocrx_word' id='word_1_13' title='bbox 101 395 151 416; x_wconf 73' lang='lat' dir='ltr'>tifex</span> <span class='ocrx_word' id='word_1_14' title='bbox 174 395 284 420; x_wconf 85' lang='lat' dir='ltr'>decernit,</span> 
     </span>
     <span class='ocr_line' id='line_1_6' title="bbox 101 426 284 453; baseline -0.005 -6"><span class='ocrx_word' id='word_1_15' title='bbox 101 429 124 447; x_wconf 80' lang='lat' dir='ltr'>et</span> <span class='ocrx_word' id='word_1_16' title='bbox 137 426 185 447; x_wconf 78' lang='lat' dir='ltr'>Sodi</span> <span class='ocrx_word' id='word_1_17' title='bbox 210 426 284 453; x_wconf 82' lang='lat' dir='ltr'>Apost.</span> 
     </span>
     <span class='ocr_line' id='line_1_7' title="bbox 100 461 204 484; baseline -0.01 -5"><span class='ocrx_word' id='word_1_18' title='bbox 100 461 204 484; x_wconf 50' lang='lat' dir='ltr'>reservam</span> 
     </span>
    </p>
   </div>
   <div class='ocr_carea' id='block_1_3' title="bbox 300 237 1052 549">
    <p class='ocr_par' dir='ltr' id='par_1_3' title="bbox 300 237 1052 549">
     <span class='ocr_line' id='line_1_8' title="bbox 982 237 1050 262; baseline 0 0"><span class='ocrx_word' id='word_1_19' title='bbox 982 237 1050 262; x_wconf 83' lang='lat' dir='ltr'>PIUS</span> 
     </span>
     <span class='ocr_line' id='line_1_9' title="bbox 303 290 1050 349; baseline 0 -24"><span class='ocrx_word' id='word_1_20' title='bbox 303 290 473 332; x_wconf 85' lang='lat' dir='ltr'>incuriam,</span> <span class='ocrx_word' id='word_1_21' title='bbox 483 296 589 324; x_wconf 84' lang='lat' dir='ltr'>ettam</span> <span class='ocrx_word' id='word_1_22' title='bbox 611 291 742 324; x_wconf 89' lang='lat' dir='ltr'>illorum</span> <span class='ocrx_word' id='word_1_23' title='bbox 754 301 851 349; x_wconf 50' lang='lat' dir='ltr'>quagi</span> <span class='ocrx_word' id='word_1_24' title='bbox 868 297 1050 326; x_wconf 86' lang='lat' dir='ltr'>ceterorum</span> 
     </span>
     <span class='ocr_line' id='line_1_10' title="bbox 300 345 1050 390; baseline 0 -11"><span class='ocrx_word' id='word_1_25' title='bbox 300 346 535 390; x_wconf 85' lang='lat' dir='ltr'>praelatorum,</span> <span class='ocrx_word' id='word_1_26' title='bbox 554 345 649 378; x_wconf 90' lang='lat' dir='ltr'>etiam</span> <span class='ocrx_word' id='word_1_27' title='bbox 678 345 872 378; x_wconf 84' lang='lat' dir='ltr'>clericorum</span> <span class='ocrx_word' id='word_1_28' title='bbox 902 357 938 379; x_wconf 89' lang='lat' dir='ltr'>ac</span> <span class='ocrx_word' id='word_1_29' title='bbox 970 347 1050 379; x_wconf 89' lang='lat' dir='ltr'>alio-</span> 
     </span>
     <span class='ocr_line' id='line_1_11' title="bbox 300 400 1048 444; baseline 0 -11"><span class='ocrx_word' id='word_1_30' title='bbox 300 411 372 434; x_wconf 88' lang='lat' dir='ltr'>rum</span> <span class='ocrx_word' id='word_1_31' title='bbox 385 410 682 444; x_wconf 86' lang='lat' dir='ltr'>quorumcumque,</span> <span class='ocrx_word' id='word_1_32' title='bbox 696 400 860 443; x_wconf 74' lang='lat' dir='ltr'>indignam</span> <span class='ocrx_word' id='word_1_33' title='bbox 877 400 1048 440; x_wconf 84' lang='lat' dir='ltr'>fallaciam,</span> 
     </span>
     <span class='ocr_line' id='line_1_12' title="bbox 301 453 1052 491; baseline -0.001 -3"><span class='ocrx_word' id='word_1_34' title='bbox 301 454 548 488; x_wconf 77' lang='lat' dir='ltr'>conniventibus</span> <span class='ocrx_word' id='word_1_35' title='bbox 568 454 683 491; x_wconf 89' lang='lat' dir='ltr'>oculis,</span> <span class='ocrx_word' id='word_1_36' title='bbox 704 453 825 487; x_wconf 90' lang='lat' dir='ltr'>diutius</span> <span class='ocrx_word' id='word_1_37' title='bbox 847 455 980 488; x_wconf 88' lang='lat' dir='ltr'>minime</span> <span class='ocrx_word' id='word_1_38' title='bbox 992 456 1052 487; x_wconf 79' lang='lat' dir='ltr'>dis-</span> 
     </span>
     <span class='ocr_line' id='line_1_13' title="bbox 300 508 1052 549; baseline -0.001 -7"><span class='ocrx_word' id='word_1_39' title='bbox 300 509 528 549; x_wconf 79' lang='lat' dir='ltr'>simulandam,</span> <span class='ocrx_word' id='word_1_40' title='bbox 552 508 605 541; x_wconf 89' lang='lat' dir='ltr'>sed</span> <span class='ocrx_word' id='word_1_41' title='bbox 626 508 702 541; x_wconf 89' lang='lat' dir='ltr'>huic</span> <span class='ocrx_word' id='word_1_42' title='bbox 724 509 844 548; x_wconf 85' lang='lat' dir='ltr'>errori,</span> <span class='ocrx_word' id='word_1_43' title='bbox 868 519 906 541; x_wconf 91' lang='lat' dir='ltr'>ne</span> <span class='ocrx_word' id='word_1_44' title='bbox 928 509 1052 541; x_wconf 87' lang='lat' dir='ltr'>radices</span> 
     </span>
    </p>
   </div>
   <div class='ocr_carea' id='block_1_4' title="bbox 1073 227 1846 554">
    <p class='ocr_par' dir='ltr' id='par_1_4' title="bbox 1073 227 1846 489">
     <span class='ocr_line' id='line_1_14' title="bbox 1073 227 1798 264; baseline 0 -1"><span class='ocrx_word' id='word_1_45' title='bbox 1073 240 1103 263; x_wconf 88' lang='lat' dir='ltr'>tv</span> <span class='ocrx_word' id='word_1_46' title='bbox 1128 241 1174 264; x_wconf 66' lang='grc'><strong>111).</strong></span> <span class='ocrx_word' id='word_1_47' title='bbox 1736 227 1798 263; x_wconf 83' lang='lat'>307</span> 
     </span>
     <span class='ocr_line' id='line_1_15' title="bbox 1093 292 1842 336; baseline -0.001 -9"><span class='ocrx_word' id='word_1_48' title='bbox 1093 293 1319 327; x_wconf 83' lang='lat' dir='ltr'>concessiones</span> <span class='ocrx_word' id='word_1_49' title='bbox 1338 293 1398 333; x_wconf 89' lang='lat' dir='ltr'>eis,</span> <span class='ocrx_word' id='word_1_50' title='bbox 1418 298 1451 325; x_wconf 90' lang='lat' dir='ltr'>ut</span> <span class='ocrx_word' id='word_1_51' title='bbox 1476 292 1704 336; x_wconf 87' lang='lat' dir='ltr'>praemittitur,</span> <span class='ocrx_word' id='word_1_52' title='bbox 1729 294 1842 333; x_wconf 81' lang='lat' dir='ltr'>saetas,</span> 
     </span>
     <span class='ocr_line' id='line_1_16' title="bbox 1093 347 1846 390; baseline 0 -10"><span class='ocrx_word' id='word_1_53' title='bbox 1093 358 1129 380; x_wconf 83' lang='lat' dir='ltr'>ac</span> <span class='ocrx_word' id='word_1_54' title='bbox 1156 358 1319 390; x_wconf 72' lang='lat' dir='ltr'>regressus</span> <span class='ocrx_word' id='word_1_55' title='bbox 1353 347 1414 379; x_wconf 78' lang='lat' dir='ltr'>sive</span> <span class='ocrx_word' id='word_1_56' title='bbox 1445 357 1592 380; x_wconf 84' lang='lat' dir='ltr'>accessus</span> <span class='ocrx_word' id='word_1_57' title='bbox 1617 352 1648 379; x_wconf 87' lang='lat' dir='ltr'>et</span> <span class='ocrx_word' id='word_1_58' title='bbox 1682 347 1846 390; x_wconf 72' lang='lat' dir='ltr'>ingressus</span> 
     </span>
     <span class='ocr_line' id='line_1_17' title="bbox 1093 401 1845 435; baseline 0.001 -1"><span class='ocrx_word' id='word_1_59' title='bbox 1093 412 1262 434; x_wconf 86' lang='lat' dir='ltr'>concessos</span> <span class='ocrx_word' id='word_1_60' title='bbox 1296 401 1482 434; x_wconf 90' lang='lat' dir='ltr'>huiusmodi</span> <span class='ocrx_word' id='word_1_61' title='bbox 1512 412 1650 434; x_wconf 72' lang='lat' dir='ltr'>cessasse</span> <span class='ocrx_word' id='word_1_62' title='bbox 1671 408 1699 434; x_wconf 87' lang='lat' dir='ltr'>et</span> <span class='ocrx_word' id='word_1_63' title='bbox 1721 412 1845 435; x_wconf 83' lang='lat' dir='ltr'>cessare</span> 
     </span>
     <span class='ocr_line' id='line_1_18' title="bbox 1094 456 1407 489; baseline 0.003 -1"><span class='ocrx_word' id='word_1_64' title='bbox 1094 466 1130 488; x_wconf 86' lang='lat' dir='ltr'>ac</span> <span class='ocrx_word' id='word_1_65' title='bbox 1151 456 1306 489; x_wconf 76' lang='lat' dir='ltr'>extinctos</span> <span class='ocrx_word' id='word_1_66' title='bbox 1326 467 1407 489; x_wconf 85' lang='lat' dir='ltr'>esse.</span> 
     </span>
    </p>

    <p class='ocr_par' dir='ltr' id='par_1_5' title="bbox 1136 509 1846 554">
     <span class='ocr_line' id='line_1_19' title="bbox 1136 509 1846 554; baseline 0.003 -13"><span class='ocrx_word' id='word_1_67' title='bbox 1136 510 1150 550; x_wconf 66' lang='grc' dir='ltr'>ξ</span> <span class='ocrx_word' id='word_1_68' title='bbox 1170 509 1201 542; x_wconf 77' lang='lat'>3.</span> <span class='ocrx_word' id='word_1_69' title='bbox 1225 510 1259 542; x_wconf 88' lang='lat' dir='ltr'>Et</span> <span class='ocrx_word' id='word_1_70' title='bbox 1282 510 1411 542; x_wconf 78' lang='lat' dir='ltr'>eosdem</span> <span class='ocrx_word' id='word_1_71' title='bbox 1433 510 1613 543; x_wconf 80' lang='lat' dir='ltr'>cardinales</span> <span class='ocrx_word' id='word_1_72' title='bbox 1638 521 1692 543; x_wconf 88' lang='lat' dir='ltr'>seu</span> <span class='ocrx_word' id='word_1_73' title='bbox 1718 511 1846 554; x_wconf 85' lang='lat' dir='ltr'>quosvis</span> 
     </span>
    </p>
   </div>
   <div class='ocr_carea' id='block_1_5' title="bbox 298 562 1902 661">
    <p class='ocr_par' dir='ltr' id='par_1_6' title="bbox 298 562 1902 661">
     <span class='ocr_line' id='line_1_20' title="bbox 298 562 1847 623; baseline -0.001 -27"><span class='ocrx_word' id='word_1_74' title='bbox 298 563 394 596; x_wconf 84' lang='lat' dir='ltr'>altius</span> <span class='ocrx_word' id='word_1_75' title='bbox 409 568 491 606; x_wconf 73' lang='lat' dir='ltr'>agat,</span> <span class='ocrx_word' id='word_1_76' title='bbox 506 563 743 595; x_wconf 89' lang='lat' dir='ltr'>occurrendum</span> <span class='ocrx_word' id='word_1_77' title='bbox 758 563 886 595; x_wconf 89' lang='lat' dir='ltr'>tandem</span> <span class='ocrx_word' id='word_1_78' title='bbox 900 574 966 596; x_wconf 82' lang='lat' dir='ltr'>esse</span> <span class='ocrx_word' id='word_1_79' title='bbox 979 574 1052 596; x_wconf 89' lang='lat' dir='ltr'>cen-</span> <span class='ocrx_word' id='word_1_80' title='bbox 1071 587 1074 623; x_wconf 61' lang='grc' dir='ltr'>Ι</span> <span class='ocrx_word' id='word_1_81' title='bbox 1093 562 1172 595; x_wconf 85' lang='lat' dir='ltr'>alios</span> <span class='ocrx_word' id='word_1_82' title='bbox 1185 590 1192 601; x_wconf 91' lang='lat'>,</span> <span class='ocrx_word' id='word_1_83' title='bbox 1220 574 1237 595; x_wconf 93' lang='lat' dir='ltr'>a</span> <span class='ocrx_word' id='word_1_84' title='bbox 1259 567 1360 606; x_wconf 86' lang='lat' dir='ltr'>prima</span> <span class='ocrx_word' id='word_1_85' title='bbox 1385 563 1435 596; x_wconf 81' lang='lat' dir='ltr'>dle</span> <span class='ocrx_word' id='word_1_86' title='bbox 1456 564 1649 607; x_wconf 81' lang='lat' dir='ltr'>receptionis</span> <span class='ocrx_word' id='word_1_87' title='bbox 1674 564 1847 597; x_wconf 78' lang='lat' dir='ltr'>beneficio-</span> 
     </span>
     <span class='ocr_line' id='line_1_21' title="bbox 299 615 1902 661; baseline 0.001 -11"><span class='ocrx_word' id='word_1_88' title='bbox 299 623 423 657; x_wconf 84' lang='lat' dir='ltr'>sentes;</span> <span class='ocrx_word' id='word_1_89' title='bbox 455 623 485 649; x_wconf 85' lang='lat' dir='ltr'>et</span> <span class='ocrx_word' id='word_1_90' title='bbox 513 617 668 660; x_wconf 85' lang='lat' dir='ltr'>quoniam</span> <span class='ocrx_word' id='word_1_91' title='bbox 698 617 781 650; x_wconf 89' lang='lat' dir='ltr'>hanc</span> <span class='ocrx_word' id='word_1_92' title='bbox 809 618 974 661; x_wconf 81' lang='lat' dir='ltr'>ipsorum,</span> <span class='ocrx_word' id='word_1_93' title='bbox 995 618 1051 660; x_wconf 86' lang='lat' dir='ltr'>qui</span> <span class='ocrx_word' id='word_1_94' title='bbox 1071 638 1073 641; x_wconf 38' lang='lat' dir='ltr'><strong>f</strong></span> <span class='ocrx_word' id='word_1_95' title='bbox 1094 628 1165 649; x_wconf 87' lang='lat' dir='ltr'>rum</span> <span class='ocrx_word' id='word_1_96' title='bbox 1188 618 1372 650; x_wconf 82' lang='lat' dir='ltr'>huiusmodi</span> <span class='ocrx_word' id='word_1_97' title='bbox 1394 618 1485 657; x_wconf 71' lang='lat' dir='ltr'>eitra,</span> <span class='ocrx_word' id='word_1_98' title='bbox 1508 618 1643 657; x_wconf 79' lang='lat' dir='ltr'>fructus,</span> <span class='ocrx_word' id='word_1_99' title='bbox 1659 619 1802 651; x_wconf 85' lang='lat' dir='ltr'>redditus</span> <span class='ocrx_word' id='word_1_100' title='bbox 1817 615 1902 651; x_wconf 56' lang='grc' dir='ltr'>61ςὶΐιὶ</span> 
     </span>
    </p>
   </div>
   <div class='ocr_carea' id='block_1_6' title="bbox 297 670 1053 1518">
    <p class='ocr_par' dir='ltr' id='par_1_7' title="bbox 297 670 1053 1518">
     <span class='ocr_line' id='line_1_22' title="bbox 299 670 1050 713; baseline -0.001 -10"><span class='ocrx_word' id='word_1_101' title='bbox 299 670 469 703; x_wconf 88' lang='lat' dir='ltr'>monitioni</span> <span class='ocrx_word' id='word_1_102' title='bbox 491 676 619 703; x_wconf 90' lang='lat' dir='ltr'>nostrae</span> <span class='ocrx_word' id='word_1_103' title='bbox 651 681 715 702; x_wconf 90' lang='lat' dir='ltr'>non</span> <span class='ocrx_word' id='word_1_104' title='bbox 746 676 905 713; x_wconf 77' lang='lat' dir='ltr'>parentes,</span> <span class='ocrx_word' id='word_1_105' title='bbox 928 670 1050 703; x_wconf 85' lang='lat' dir='ltr'>benefi-</span> 
     </span>
     <span class='ocr_line' id='line_1_23' title="bbox 298 724 1053 768; baseline 0 -12"><span class='ocrx_word' id='word_1_106' title='bbox 298 724 347 756; x_wconf 85' lang='lat' dir='ltr'>cia</span> <span class='ocrx_word' id='word_1_107' title='bbox 367 724 554 756; x_wconf 87' lang='lat' dir='ltr'>huiusmodi</span> <span class='ocrx_word' id='word_1_108' title='bbox 578 724 610 756; x_wconf 90' lang='lat' dir='ltr'>in</span> <span class='ocrx_word' id='word_1_109' title='bbox 636 724 881 764; x_wconf 77' lang='lat' dir='ltr'>confidentiam,</span> <span class='ocrx_word' id='word_1_110' title='bbox 904 730 937 757; x_wconf 86' lang='lat' dir='ltr'>ut</span> <span class='ocrx_word' id='word_1_111' title='bbox 962 735 1053 768; x_wconf 87' lang='lat' dir='ltr'>prae-</span> 
     </span>
     <span class='ocr_line' id='line_1_24' title="bbox 298 777 1043 817; baseline -0.001 -6"><span class='ocrx_word' id='word_1_112' title='bbox 298 779 412 817; x_wconf 84' lang='lat' dir='ltr'>fertur,</span> <span class='ocrx_word' id='word_1_113' title='bbox 435 778 638 810; x_wconf 86' lang='lat' dir='ltr'>retinuerunt</span> <span class='ocrx_word' id='word_1_114' title='bbox 654 805 660 813; x_wconf 82' lang='grc'>,</span> <span class='ocrx_word' id='word_1_115' title='bbox 679 783 707 810; x_wconf 84' lang='grc'>61</span> <span class='ocrx_word' id='word_1_116' title='bbox 729 777 853 810; x_wconf 80' lang='lat' dir='ltr'>fructus</span> <span class='ocrx_word' id='word_1_117' title='bbox 877 789 913 811; x_wconf 76' lang='lat' dir='ltr'>ex</span> <span class='ocrx_word' id='word_1_118' title='bbox 936 778 981 811; x_wconf 90' lang='lat' dir='ltr'>eis</span> <span class='ocrx_word' id='word_1_119' title='bbox 1001 778 1043 810; x_wconf 88' lang='lat' dir='ltr'>in·</span> 
     </span>
     <span class='ocr_line' id='line_1_25' title="bbox 298 831 1051 876; baseline -0.001 -12"><span class='ocrx_word' id='word_1_120' title='bbox 298 831 404 864; x_wconf 85' lang='lat' dir='ltr'>debite</span> <span class='ocrx_word' id='word_1_121' title='bbox 425 832 472 864; x_wconf 86' lang='lat' dir='ltr'>vel</span> <span class='ocrx_word' id='word_1_122' title='bbox 496 832 706 875; x_wconf 86' lang='lat' dir='ltr'>percipiendo</span> <span class='ocrx_word' id='word_1_123' title='bbox 725 832 772 864; x_wconf 78' lang='lat' dir='ltr'>vel</span> <span class='ocrx_word' id='word_1_124' title='bbox 794 842 853 876; x_wconf 84' lang='lat' dir='ltr'>per</span> <span class='ocrx_word' id='word_1_125' title='bbox 881 831 959 864; x_wconf 90' lang='lat' dir='ltr'>alios</span> <span class='ocrx_word' id='word_1_126' title='bbox 992 842 1051 864; x_wconf 91' lang='lat' dir='ltr'>no-</span> 
     </span>
     <span class='ocr_line' id='line_1_26' title="bbox 299 885 1050 929; baseline 0 -11"><span class='ocrx_word' id='word_1_127' title='bbox 299 885 385 918; x_wconf 89' lang='lat' dir='ltr'>mine</span> <span class='ocrx_word' id='word_1_128' title='bbox 406 896 484 925; x_wconf 90' lang='lat' dir='ltr'>suo,</span> <span class='ocrx_word' id='word_1_129' title='bbox 503 885 598 918; x_wconf 86' lang='lat' dir='ltr'>etiarn</span> <span class='ocrx_word' id='word_1_130' title='bbox 634 896 690 929; x_wconf 89' lang='lat' dir='ltr'>per</span> <span class='ocrx_word' id='word_1_131' title='bbox 720 885 885 917; x_wconf 85' lang='lat' dir='ltr'>simulatas</span> <span class='ocrx_word' id='word_1_132' title='bbox 919 885 1050 918; x_wconf 88' lang='lat' dir='ltr'>illorum</span> 
     </span>
     <span class='ocr_line' id='line_1_27' title="bbox 298 938 1052 982; baseline 0 -10"><span class='ocrx_word' id='word_1_133' title='bbox 298 939 475 973; x_wconf 75' lang='lat' dir='ltr'>locationes</span> <span class='ocrx_word' id='word_1_134' title='bbox 496 944 526 972; x_wconf 89' lang='lat' dir='ltr'>et</span> <span class='ocrx_word' id='word_1_135' title='bbox 546 938 635 971; x_wconf 87' lang='lat' dir='ltr'>fictas</span> <span class='ocrx_word' id='word_1_136' title='bbox 651 939 689 971; x_wconf 90' lang='lat' dir='ltr'>de</span> <span class='ocrx_word' id='word_1_137' title='bbox 702 939 839 982; x_wconf 79' lang='lat' dir='ltr'>receptis</span> <span class='ocrx_word' id='word_1_138' title='bbox 859 939 1052 981; x_wconf 79' lang='lat' dir='ltr'>quietantias</span> 
     </span>
     <span class='ocr_line' id='line_1_28' title="bbox 298 993 1050 1036; baseline -0.001 -11"><span class='ocrx_word' id='word_1_139' title='bbox 298 1003 335 1026; x_wconf 88' lang='lat' dir='ltr'>ac</span> <span class='ocrx_word' id='word_1_140' title='bbox 355 993 546 1026; x_wconf 79' lang='lat' dir='ltr'>donationes</span> <span class='ocrx_word' id='word_1_141' title='bbox 566 998 597 1025; x_wconf 86' lang='lat' dir='ltr'>et</span> <span class='ocrx_word' id='word_1_142' title='bbox 617 993 833 1031; x_wconf 66' lang='lat' dir='ltr'>remissiones,</span> <span class='ocrx_word' id='word_1_143' title='bbox 860 993 983 1036; x_wconf 78' lang='lat' dir='ltr'>percipi</span> <span class='ocrx_word' id='word_1_144' title='bbox 1007 993 1050 1025; x_wconf 88' lang='lat' dir='ltr'>si-</span> 
     </span>
     <span class='ocr_line' id='line_1_29' title="bbox 297 1044 1051 1088; baseline 0 -10"><span class='ocrx_word' id='word_1_145' title='bbox 297 1045 403 1078; x_wconf 87' lang='lat' dir='ltr'>nendo</span> <span class='ocrx_word' id='word_1_146' title='bbox 419 1072 426 1084; x_wconf 90' lang='lat'>,</span> <span class='ocrx_word' id='word_1_147' title='bbox 452 1045 591 1088; x_wconf 71' lang='lat' dir='ltr'>graviter</span> <span class='ocrx_word' id='word_1_148' title='bbox 610 1050 815 1078; x_wconf 77' lang='lat' dir='ltr'>excesserunt</span> <span class='ocrx_word' id='word_1_149' title='bbox 836 1044 1051 1078; x_wconf 78' lang='lat' dir='ltr'>cardinalium</span> 
     </span>
     <span class='ocr_line' id='line_1_30' title="bbox 298 1099 1052 1142; baseline 0 -11"><span class='ocrx_word' id='word_1_150' title='bbox 298 1104 416 1132; x_wconf 87' lang='lat' dir='ltr'>metam</span> <span class='ocrx_word' id='word_1_151' title='bbox 430 1125 437 1138; x_wconf 82' lang='grc'><strong>,</strong></span> <span class='ocrx_word' id='word_1_152' title='bbox 460 1099 568 1142; x_wconf 88' lang='lat' dir='ltr'>potius</span> <span class='ocrx_word' id='word_1_153' title='bbox 592 1110 628 1131; x_wconf 80' lang='lat' dir='ltr'>ex</span> <span class='ocrx_word' id='word_1_154' title='bbox 650 1099 861 1131; x_wconf 85' lang='lat' dir='ltr'>inunoderata</span> <span class='ocrx_word' id='word_1_155' title='bbox 880 1109 955 1141; x_wconf 75' lang='lat' dir='ltr'>erga</span> <span class='ocrx_word' id='word_1_156' title='bbox 976 1110 1052 1132; x_wconf 83' lang='lat' dir='ltr'>suos</span> 
     </span>
     <span class='ocr_line' id='line_1_31' title="bbox 298 1152 1050 1196; baseline 0.001 -12"><span class='ocrx_word' id='word_1_157' title='bbox 298 1152 510 1195; x_wconf 77' lang='lat' dir='ltr'>indulgentia,</span> <span class='ocrx_word' id='word_1_158' title='bbox 532 1163 629 1196; x_wconf 88' lang='lat' dir='ltr'>quam</span> <span class='ocrx_word' id='word_1_159' title='bbox 662 1152 771 1195; x_wconf 89' lang='lat' dir='ltr'>aliquo</span> <span class='ocrx_word' id='word_1_160' title='bbox 801 1158 1050 1195; x_wconf 84' lang='lat' dir='ltr'>praeceptorum</span> 
     </span>
     <span class='ocr_line' id='line_1_32' title="bbox 298 1205 1052 1250; baseline 0 -11"><span class='ocrx_word' id='word_1_161' title='bbox 298 1212 485 1239; x_wconf 84' lang='lat' dir='ltr'>nostrorum</span> <span class='ocrx_word' id='word_1_162' title='bbox 497 1206 823 1250; x_wconf 76' lang='lat' dir='ltr'>sp1¹etu‚processisse</span> <span class='ocrx_word' id='word_1_163' title='bbox 845 1205 936 1239; x_wconf 85' lang='lat' dir='ltr'>facile</span> <span class='ocrx_word' id='word_1_164' title='bbox 958 1217 1052 1250; x_wconf 89' lang='lat' dir='ltr'>repu-</span> 
     </span>
     <span class='ocr_line' id='line_1_33' title="bbox 298 1259 1050 1302; baseline 0 -10"><span class='ocrx_word' id='word_1_165' title='bbox 298 1265 416 1300; x_wconf 86' lang='lat' dir='ltr'>tamus;</span> <span class='ocrx_word' id='word_1_166' title='bbox 438 1260 559 1292; x_wconf 87' lang='lat' dir='ltr'>idcirco</span> <span class='ocrx_word' id='word_1_167' title='bbox 580 1270 693 1293; x_wconf 86' lang='lat' dir='ltr'>omnes</span> <span class='ocrx_word' id='word_1_168' title='bbox 723 1265 751 1292; x_wconf 87' lang='lat' dir='ltr'>et</span> <span class='ocrx_word' id='word_1_169' title='bbox 782 1259 925 1302; x_wconf 75' lang='lat' dir='ltr'>singulas</span> <span class='ocrx_word' id='word_1_170' title='bbox 946 1260 1050 1292; x_wconf 84' lang='lat' dir='ltr'>eccle-</span> 
     </span>
     <span class='ocr_line' id='line_1_34' title="bbox 298 1313 1050 1357; baseline -0.001 -11"><span class='ocrx_word' id='word_1_171' title='bbox 298 1313 372 1354; x_wconf 87' lang='lat' dir='ltr'>sias,</span> <span class='ocrx_word' id='word_1_172' title='bbox 396 1314 492 1346; x_wconf 86' lang='lat' dir='ltr'>etiam</span> <span class='ocrx_word' id='word_1_173' title='bbox 517 1313 782 1357; x_wconf 79' lang='lat' dir='ltr'>metropolitanas</span> <span class='ocrx_word' id='word_1_174' title='bbox 797 1319 826 1346; x_wconf 86' lang='lat' dir='ltr'>et</span> <span class='ocrx_word' id='word_1_175' title='bbox 848 1314 926 1346; x_wconf 87' lang='lat' dir='ltr'>alias</span> <span class='ocrx_word' id='word_1_176' title='bbox 942 1314 1050 1346; x_wconf 86' lang='lat' dir='ltr'>cathe-</span> 
     </span>
     <span class='ocr_line' id='line_1_35' title="bbox 298 1367 1048 1407; baseline -0.001 -7"><span class='ocrx_word' id='word_1_177' title='bbox 298 1367 413 1407; x_wconf 86' lang='lat' dir='ltr'>drales,</span> <span class='ocrx_word' id='word_1_178' title='bbox 425 1378 462 1400; x_wconf 86' lang='lat' dir='ltr'>ac</span> <span class='ocrx_word' id='word_1_179' title='bbox 474 1368 681 1407; x_wconf 87' lang='lat' dir='ltr'>monasteria,</span> <span class='ocrx_word' id='word_1_180' title='bbox 694 1367 789 1400; x_wconf 89' lang='lat' dir='ltr'>etiam</span> <span class='ocrx_word' id='word_1_181' title='bbox 802 1367 1048 1405; x_wconf 85' lang='lat' dir='ltr'>consistorialia,</span> 
     </span>
     <span class='ocr_line' id='line_1_36' title="bbox 299 1420 1049 1465; baseline 0 -12"><span class='ocrx_word' id='word_1_182' title='bbox 299 1421 461 1464; x_wconf 75' lang='lat' dir='ltr'>prioratus</span> <span class='ocrx_word' id='word_1_183' title='bbox 472 1447 479 1461; x_wconf 93' lang='lat'>,</span> <span class='ocrx_word' id='word_1_184' title='bbox 510 1421 750 1465; x_wconf 85' lang='lat' dir='ltr'>praeposituras</span> <span class='ocrx_word' id='word_1_185' title='bbox 761 1447 768 1458; x_wconf 87' lang='lat'>,</span> <span class='ocrx_word' id='word_1_186' title='bbox 798 1420 1031 1464; x_wconf 71' lang='lat' dir='ltr'>1›1·aep‹3›sitatus</span> <span class='ocrx_word' id='word_1_187' title='bbox 1042 1447 1049 1459; x_wconf 85' lang='lat'>,</span> 
     </span>
     <span class='ocr_line' id='line_1_37' title="bbox 297 1474 1048 1518; baseline -0.001 -12"><span class='ocrx_word' id='word_1_188' title='bbox 297 1474 488 1517; x_wconf 78' lang='lat' dir='ltr'>dignitates,</span> <span class='ocrx_word' id='word_1_189' title='bbox 511 1475 605 1508; x_wconf 87' lang='lat' dir='ltr'>etiam</span> <span class='ocrx_word' id='word_1_190' title='bbox 628 1474 765 1507; x_wconf 83' lang='lat' dir='ltr'>niaiores</span> <span class='ocrx_word' id='word_1_191' title='bbox 785 1480 813 1507; x_wconf 91' lang='lat' dir='ltr'>et</span> <span class='ocrx_word' id='word_1_192' title='bbox 836 1474 1048 1518; x_wconf 70' lang='lat' dir='ltr'>principales,</span> 
     </span>
    </p>
   </div>
   <div class='ocr_carea' id='block_1_7' title="bbox 298 1528 1072 1571">
    <p class='ocr_par' dir='ltr' id='par_1_8' title="bbox 298 1528 1072 1571">
     <span class='ocr_line' id='line_1_38' title="bbox 298 1528 1072 1571; baseline -0.001 -11"><span class='ocrx_word' id='word_1_193' title='bbox 298 1528 392 1560; x_wconf 90' lang='lat' dir='ltr'>etiam</span> <span class='ocrx_word' id='word_1_194' title='bbox 409 1528 655 1568; x_wconf 76' lang='lat' dir='ltr'>conventuales,</span> <span class='ocrx_word' id='word_1_195' title='bbox 678 1533 888 1571; x_wconf 73' lang='lat' dir='ltr'>personatus,</span> <span class='ocrx_word' id='word_1_196' title='bbox 911 1528 1050 1560; x_wconf 71' lang='grc'><strong>[1111111111-</strong></span> <span class='ocrx_word' id='word_1_197' title='bbox 1070 1543 1072 1553; x_wconf 63' lang='grc'>1</span> 
     </span>
    </p>
   </div>
   <div class='ocr_carea' id='block_1_8' title="bbox 297 1581 1050 1677">
    <p class='ocr_par' dir='ltr' id='par_1_9' title="bbox 297 1581 1050 1677">
     <span class='ocr_line' id='line_1_39' title="bbox 297 1581 1050 1625; baseline 0 -11"><span class='ocrx_word' id='word_1_198' title='bbox 297 1582 468 1615; x_wconf 86' lang='lat' dir='ltr'>strationes</span> <span class='ocrx_word' id='word_1_199' title='bbox 494 1588 525 1615; x_wconf 86' lang='lat' dir='ltr'>ct</span> <span class='ocrx_word' id='word_1_200' title='bbox 557 1582 680 1621; x_wconf 80' lang='lat' dir='ltr'>ottieia,</span> <span class='ocrx_word' id='word_1_201' title='bbox 703 1588 873 1625; x_wconf 83' lang='lat' dir='ltr'>ceteraque</span> <span class='ocrx_word' id='word_1_202' title='bbox 894 1581 1050 1614; x_wconf 76' lang='lat' dir='ltr'>beneficia</span> 
     </span>
     <span class='ocr_line' id='line_1_40' title="bbox 297 1636 1049 1677; baseline -0.001 -9"><span class='ocrx_word' id='word_1_203' title='bbox 297 1636 525 1677; x_wconf 84' lang='lat' dir='ltr'>ecclesiastica,</span> <span class='ocrx_word' id='word_1_204' title='bbox 548 1646 622 1669; x_wconf 89' lang='lat' dir='ltr'>cum</span> <span class='ocrx_word' id='word_1_205' title='bbox 644 1647 722 1668; x_wconf 87' lang='lat' dir='ltr'>cura</span> <span class='ocrx_word' id='word_1_206' title='bbox 738 1641 766 1668; x_wconf 86' lang='lat' dir='ltr'>et</span> <span class='ocrx_word' id='word_1_207' title='bbox 784 1636 851 1668; x_wconf 89' lang='lat' dir='ltr'>sine</span> <span class='ocrx_word' id='word_1_208' title='bbox 868 1646 958 1675; x_wconf 85' lang='lat' dir='ltr'>cura,</span> <span class='ocrx_word' id='word_1_209' title='bbox 982 1646 1049 1668; x_wconf 84' lang='lat' dir='ltr'>sae—</span> 
     </span>
    </p>
   </div>
   <div class='ocr_carea' id='block_1_9' title="bbox 297 1689 1072 1733">
    <p class='ocr_par' dir='ltr' id='par_1_10' title="bbox 297 1689 1072 1733">
     <span class='ocr_line' id='line_1_41' title="bbox 297 1689 1072 1733; baseline 0.001 -11"><span class='ocrx_word' id='word_1_210' title='bbox 297 1690 419 1722; x_wconf 83' lang='lat' dir='ltr'>cularia</span> <span class='ocrx_word' id='word_1_211' title='bbox 439 1695 467 1723; x_wconf 92' lang='lat' dir='ltr'>et</span> <span class='ocrx_word' id='word_1_212' title='bbox 488 1690 677 1733; x_wconf 75' lang='lat' dir='ltr'>quorumvis</span> <span class='ocrx_word' id='word_1_213' title='bbox 697 1689 853 1722; x_wconf 84' lang='lat' dir='ltr'>Ordinum</span> <span class='ocrx_word' id='word_1_214' title='bbox 875 1689 1047 1731; x_wconf 74' lang='lat' dir='ltr'>regularia,</span> <span class='ocrx_word' id='word_1_215' title='bbox 1070 1718 1072 1723; x_wconf 86' lang='lat'><em>.</em></span> 
     </span>
    </p>
   </div>
   <div class='ocr_carea' id='block_1_10' title="bbox 295 1743 1051 2377">
    <p class='ocr_par' dir='ltr' id='par_1_11' title="bbox 295 1743 1051 2377">
     <span class='ocr_line' id='line_1_42' title="bbox 297 1743 1047 1788; baseline -0.003 -12"><span class='ocrx_word' id='word_1_216' title='bbox 297 1744 392 1776; x_wconf 81' lang='lat' dir='ltr'>etiarn</span> <span class='ocrx_word' id='word_1_217' title='bbox 405 1743 524 1777; x_wconf 85' lang='lat' dir='ltr'>deiure</span> <span class='ocrx_word' id='word_1_218' title='bbox 540 1749 740 1788; x_wconf 86' lang='lat' dir='ltr'>patronatus,</span> <span class='ocrx_word' id='word_1_219' title='bbox 759 1743 855 1776; x_wconf 85' lang='lat' dir='ltr'>etiam</span> <span class='ocrx_word' id='word_1_220' title='bbox 875 1743 1047 1783; x_wconf 87' lang='lat' dir='ltr'>laicorum,</span> 
     </span>
     <span class='ocr_line' id='line_1_43' title="bbox 295 1796 1050 1839; baseline -0.003 -9"><span class='ocrx_word' id='word_1_221' title='bbox 295 1797 391 1830; x_wconf 86' lang='lat' dir='ltr'>etiam</span> <span class='ocrx_word' id='word_1_222' title='bbox 425 1797 585 1831; x_wconf 89' lang='lat' dir='ltr'>nobilium</span> <span class='ocrx_word' id='word_1_223' title='bbox 615 1804 645 1830; x_wconf 86' lang='lat' dir='ltr'>et</span> <span class='ocrx_word' id='word_1_224' title='bbox 672 1797 869 1839; x_wconf 88' lang='lat' dir='ltr'>illustrium,</span> <span class='ocrx_word' id='word_1_225' title='bbox 893 1796 988 1829; x_wconf 86' lang='lat' dir='ltr'>etiam</span> <span class='ocrx_word' id='word_1_226' title='bbox 1013 1807 1050 1829; x_wconf 81' lang='lat' dir='ltr'>ex</span> 
     </span>
     <span class='ocr_line' id='line_1_44' title="bbox 296 1852 1051 1895; baseline 0 -11"><span class='ocrx_word' id='word_1_227' title='bbox 296 1852 484 1885; x_wconf 79' lang='lat' dir='ltr'>fundatione</span> <span class='ocrx_word' id='word_1_228' title='bbox 512 1858 542 1885; x_wconf 83' lang='lat' dir='ltr'>et</span> <span class='ocrx_word' id='word_1_229' title='bbox 575 1852 738 1885; x_wconf 82' lang='lat' dir='ltr'>dotatione</span> <span class='ocrx_word' id='word_1_230' title='bbox 777 1852 960 1893; x_wconf 80' lang='lat' dir='ltr'>existentia,</span> <span class='ocrx_word' id='word_1_231' title='bbox 993 1862 1051 1895; x_wconf 85' lang='lat' dir='ltr'>per</span> 
     </span>
     <span class='ocr_line' id='line_1_45' title="bbox 297 1905 1048 1949; baseline -0.001 -11"><span class='ocrx_word' id='word_1_232' title='bbox 297 1905 441 1938; x_wconf 88' lang='lat' dir='ltr'>eiusdem</span> <span class='ocrx_word' id='word_1_233' title='bbox 469 1906 631 1938; x_wconf 80' lang='lat' dir='ltr'>Romanae</span> <span class='ocrx_word' id='word_1_234' title='bbox 659 1905 832 1946; x_wconf 80' lang='lat' dir='ltr'>Ecclesiae,</span> <span class='ocrx_word' id='word_1_235' title='bbox 863 1905 958 1937; x_wconf 82' lang='lat' dir='ltr'>etiam</span> <span class='ocrx_word' id='word_1_236' title='bbox 980 1905 1048 1949; x_wconf 92' lang='lat' dir='ltr'>epi-</span> 
     </span>
     <span class='ocr_line' id='line_1_46' title="bbox 296 1959 1047 2002; baseline -0.001 -11"><span class='ocrx_word' id='word_1_237' title='bbox 296 1969 422 2002; x_wconf 83' lang='lat' dir='ltr'>scopos,</span> <span class='ocrx_word' id='word_1_238' title='bbox 453 1959 632 1991; x_wconf 82' lang='lat' dir='ltr'>cardinales</span> <span class='ocrx_word' id='word_1_239' title='bbox 657 1965 687 1992; x_wconf 85' lang='lat' dir='ltr'>et</span> <span class='ocrx_word' id='word_1_240' title='bbox 705 1969 930 2002; x_wconf 84' lang='lat' dir='ltr'>quoscumque</span> <span class='ocrx_word' id='word_1_241' title='bbox 956 1959 1047 1998; x_wconf 77' lang='lat' dir='ltr'>alios,</span> 
     </span>
     <span class='ocr_line' id='line_1_47' title="bbox 297 2011 1050 2056; baseline 0 -12"><span class='ocrx_word' id='word_1_242' title='bbox 297 2011 391 2045; x_wconf 86' lang='lat' dir='ltr'>etiam</span> <span class='ocrx_word' id='word_1_243' title='bbox 408 2012 618 2056; x_wconf 81' lang='lat' dir='ltr'>patriarchas,</span> <span class='ocrx_word' id='word_1_244' title='bbox 638 2013 901 2056; x_wconf 74' lang='lat' dir='ltr'>archiepiscopos</span> <span class='ocrx_word' id='word_1_245' title='bbox 922 2017 951 2044; x_wconf 89' lang='lat' dir='ltr'>et</span> <span class='ocrx_word' id='word_1_246' title='bbox 971 2012 1050 2044; x_wconf 84' lang='lat' dir='ltr'>alios</span> 
     </span>
     <span class='ocr_line' id='line_1_48' title="bbox 296 2064 1049 2120; baseline 0.001 -23"><span class='ocrx_word' id='word_1_247' title='bbox 296 2064 484 2108; x_wconf 89' lang='lat' dir='ltr'>episcopos,</span> <span class='ocrx_word' id='word_1_248' title='bbox 519 2076 556 2098; x_wconf 87' lang='lat' dir='ltr'>ac</span> <span class='ocrx_word' id='word_1_249' title='bbox 590 2065 683 2098; x_wconf 87' lang='lat' dir='ltr'>etiam</span> <span class='ocrx_word' id='word_1_250' title='bbox 719 2064 1049 2120; x_wconf 49' lang='lat' dir='ltr'>eiusttentssamerae</span> 
     </span>
     <span class='ocr_line' id='line_1_49' title="bbox 296 2118 1049 2158; baseline 0.001 -8"><span class='ocrx_word' id='word_1_251' title='bbox 296 2118 444 2158; x_wconf 83' lang='lat' dir='ltr'>clericos,</span> <span class='ocrx_word' id='word_1_252' title='bbox 467 2118 499 2150; x_wconf 92' lang='lat' dir='ltr'>in</span> <span class='ocrx_word' id='word_1_253' title='bbox 521 2118 663 2158; x_wconf 88' lang='lat' dir='ltr'>titulum,</span> <span class='ocrx_word' id='word_1_254' title='bbox 687 2119 912 2151; x_wconf 81' lang='lat' dir='ltr'>commendam</span> <span class='ocrx_word' id='word_1_255' title='bbox 933 2119 979 2151; x_wconf 83' lang='lat' dir='ltr'>vel</span> <span class='ocrx_word' id='word_1_256' title='bbox 996 2118 1049 2151; x_wconf 88' lang='lat' dir='ltr'>ad-</span> 
     </span>
     <span class='ocr_line' id='line_1_50' title="bbox 296 2171 1048 2204; baseline 0 0"><span class='ocrx_word' id='word_1_257' title='bbox 296 2171 567 2204; x_wconf 87' lang='lat' dir='ltr'>ministrationem</span> <span class='ocrx_word' id='word_1_258' title='bbox 601 2178 655 2204; x_wconf 68' lang='grc'><strong>0111</strong></span> <span class='ocrx_word' id='word_1_259' title='bbox 689 2173 767 2204; x_wconf 87' lang='lat' dir='ltr'>alias</span> <span class='ocrx_word' id='word_1_260' title='bbox 802 2172 833 2204; x_wconf 89' lang='lat' dir='ltr'>in</span> <span class='ocrx_word' id='word_1_261' title='bbox 862 2172 1048 2204; x_wconf 88' lang='lat' dir='ltr'>huiusmodi</span> 
     </span>
     <span class='ocr_line' id='line_1_51' title="bbox 296 2225 1050 2270; baseline 0 -12"><span class='ocrx_word' id='word_1_262' title='bbox 296 2225 523 2258; x_wconf 87' lang='lat' dir='ltr'>confidentiam</span> <span class='ocrx_word' id='word_1_263' title='bbox 564 2225 633 2258; x_wconf 88' lang='lat' dir='ltr'>iure</span> <span class='ocrx_word' id='word_1_264' title='bbox 672 2226 886 2270; x_wconf 84' lang='lat' dir='ltr'>prohibitam,</span> <span class='ocrx_word' id='word_1_265' title='bbox 910 2226 1050 2258; x_wconf 80' lang='lat' dir='ltr'>cuiusvis</span> 
     </span>
     <span class='ocr_line' id='line_1_52' title="bbox 295 2280 1048 2324; baseline -0.001 -11"><span class='ocrx_word' id='word_1_266' title='bbox 295 2290 471 2324; x_wconf 85' lang='lat' dir='ltr'>personae,</span> <span class='ocrx_word' id='word_1_267' title='bbox 494 2285 527 2312; x_wconf 89' lang='lat' dir='ltr'>ut</span> <span class='ocrx_word' id='word_1_268' title='bbox 557 2280 754 2324; x_wconf 78' lang='lat' dir='ltr'>praefertur,</span> <span class='ocrx_word' id='word_1_269' title='bbox 777 2280 1048 2322; x_wconf 80' lang='lat' dir='ltr'>contemplatione</span> 
     </span>
     <span class='ocr_line' id='line_1_53' title="bbox 295 2333 1047 2377; baseline -0.001 -10"><span class='ocrx_word' id='word_1_270' title='bbox 295 2334 343 2367; x_wconf 89' lang='lat' dir='ltr'>vel</span> <span class='ocrx_word' id='word_1_271' title='bbox 364 2334 496 2375; x_wconf 84' lang='lat' dir='ltr'>intuitu,</span> <span class='ocrx_word' id='word_1_272' title='bbox 514 2334 626 2377; x_wconf 81' lang='lat' dir='ltr'>quovis</span> <span class='ocrx_word' id='word_1_273' title='bbox 642 2334 738 2367; x_wconf 91' lang='lat' dir='ltr'>modo</span> <span class='ocrx_word' id='word_1_274' title='bbox 754 2340 894 2377; x_wconf 78' lang='lat' dir='ltr'>recepta,</span> <span class='ocrx_word' id='word_1_275' title='bbox 916 2333 1047 2366; x_wconf 90' lang='lat' dir='ltr'>illorum</span> 
     </span>
    </p>
   </div>
   <div class='ocr_carea' id='block_1_11' title="bbox 294 2388 1048 2677">
    <p class='ocr_par' dir='ltr' id='par_1_12' title="bbox 294 2388 1048 2677">
     <span class='ocr_line' id='line_1_54' title="bbox 296 2388 1048 2431; baseline -0.003 -10"><span class='ocrx_word' id='word_1_276' title='bbox 296 2388 431 2421; x_wconf 88' lang='lat' dir='ltr'>liberam</span> <span class='ocrx_word' id='word_1_277' title='bbox 454 2388 659 2421; x_wconf 82' lang='lat' dir='ltr'>collationem</span> <span class='ocrx_word' id='word_1_278' title='bbox 681 2394 711 2421; x_wconf 86' lang='lat' dir='ltr'>et</span> <span class='ocrx_word' id='word_1_279' title='bbox 726 2388 971 2431; x_wconf 76' lang='lat' dir='ltr'>dispositionem</span> <span class='ocrx_word' id='word_1_280' title='bbox 993 2397 1048 2420; x_wconf 89' lang='lat' dir='ltr'>no—</span> 
     </span>
     <span class='ocr_line' id='line_1_55' title="bbox 295 2437 1042 2482; baseline -0.001 -12"><span class='ocrx_word' id='word_1_281' title='bbox 295 2437 347 2470; x_wconf 90' lang='lat' dir='ltr'>bis</span> <span class='ocrx_word' id='word_1_282' title='bbox 372 2443 401 2471; x_wconf 63' lang='lat' dir='ltr'>et,</span> <span class='ocrx_word' id='word_1_283' title='bbox 426 2438 498 2471; x_wconf 88' lang='lat' dir='ltr'>Sedi</span> <span class='ocrx_word' id='word_1_284' title='bbox 527 2437 727 2482; x_wconf 84' lang='lat' dir='ltr'>Apostolicae</span> <span class='ocrx_word' id='word_1_285' title='bbox 758 2438 873 2469; x_wconf 90' lang='lat' dir='ltr'>harum</span> <span class='ocrx_word' id='word_1_286' title='bbox 895 2437 976 2469; x_wconf 85' lang='lat' dir='ltr'>serie</span> <span class='ocrx_word' id='word_1_287' title='bbox 996 2448 1042 2469; x_wconf 86' lang='lat' dir='ltr'>re-</span> 
     </span>
     <span class='ocr_line' id='line_1_56' title="bbox 296 2486 1048 2531; baseline -0.001 -11"><span class='ocrx_word' id='word_1_288' title='bbox 296 2493 469 2527; x_wconf 82' lang='lat' dir='ltr'>servantes,</span> <span class='ocrx_word' id='word_1_289' title='bbox 488 2486 556 2531; x_wconf 81' lang='lat' dir='ltr'>ipso</span> <span class='ocrx_word' id='word_1_290' title='bbox 578 2487 660 2523; x_wconf 80' lang='lat' dir='ltr'>iure,</span> <span class='ocrx_word' id='word_1_291' title='bbox 684 2498 701 2519; x_wconf 88' lang='lat' dir='ltr'>a</span> <span class='ocrx_word' id='word_1_292' title='bbox 716 2486 767 2519; x_wconf 93' lang='lat' dir='ltr'>die</span> <span class='ocrx_word' id='word_1_293' title='bbox 788 2486 983 2530; x_wconf 84' lang='lat' dir='ltr'>receptionis</span> <span class='ocrx_word' id='word_1_294' title='bbox 999 2497 1048 2519; x_wconf 92' lang='lat' dir='ltr'>ea-</span> 
     </span>
     <span class='ocr_line' id='line_1_57' title="bbox 295 2535 1046 2570; baseline -0.004 0"><span class='ocrx_word' id='word_1_295' title='bbox 295 2537 446 2570; x_wconf 88' lang='lat' dir='ltr'>rumdem</span> <span class='ocrx_word' id='word_1_296' title='bbox 465 2536 622 2569; x_wconf 76' lang='lat' dir='ltr'>vacavisse</span> <span class='ocrx_word' id='word_1_297' title='bbox 635 2541 663 2569; x_wconf 88' lang='grc'>61</span> <span class='ocrx_word' id='word_1_298' title='bbox 675 2546 799 2568; x_wconf 85' lang='lat' dir='ltr'>vacare.</span> <span class='ocrx_word' id='word_1_299' title='bbox 822 2536 865 2567; x_wconf 78' lang='lat' dir='ltr'>Ac</span> <span class='ocrx_word' id='word_1_300' title='bbox 882 2535 1046 2568; x_wconf 82' lang='lat' dir='ltr'>fructuum</span> 
     </span>
     <span class='ocr_line' id='line_1_58' title="bbox 296 2586 1047 2629; baseline -0.001 -10"><span class='ocrx_word' id='word_1_301' title='bbox 296 2591 327 2619; x_wconf 80' lang='lat' dir='ltr'>et</span> <span class='ocrx_word' id='word_1_302' title='bbox 351 2586 542 2629; x_wconf 85' lang='lat' dir='ltr'>pensionum</span> <span class='ocrx_word' id='word_1_303' title='bbox 566 2586 798 2618; x_wconf 77' lang='lat' dir='ltr'>reservationes</span> <span class='ocrx_word' id='word_1_304' title='bbox 823 2596 859 2618; x_wconf 90' lang='lat' dir='ltr'>ac</span> <span class='ocrx_word' id='word_1_305' title='bbox 880 2586 1047 2618; x_wconf 82' lang='lat' dir='ltr'>facultates</span> 
     </span>
     <span class='ocr_line' id='line_1_59' title="bbox 294 2635 1045 2677; baseline -0.001 -9"><span class='ocrx_word' id='word_1_306' title='bbox 294 2635 528 2677; x_wconf 80' lang='lat' dir='ltr'>transferendi,</span> <span class='ocrx_word' id='word_1_307' title='bbox 553 2640 578 2668; x_wconf 86' lang='lat' dir='ltr'>et</span> <span class='ocrx_word' id='word_1_308' title='bbox 607 2635 786 2668; x_wconf 80' lang='lat' dir='ltr'>collationis</span> <span class='ocrx_word' id='word_1_309' title='bbox 811 2635 1045 2668; x_wconf 71' lang='lat' dir='ltr'>beneficiorum</span> 
     </span>
    </p>
   </div>
   <div class='ocr_carea' id='block_1_12' title="bbox 1070 672 1847 2682">
    <p class='ocr_par' dir='ltr' id='par_1_13' title="bbox 1070 672 1847 1400">
     <span class='ocr_line' id='line_1_60' title="bbox 1094 672 1846 712; baseline 0.003 -10"><span class='ocrx_word' id='word_1_310' title='bbox 1094 676 1267 712; x_wconf 79' lang='lat' dir='ltr'>proventus</span> <span class='ocrx_word' id='word_1_311' title='bbox 1288 672 1475 704; x_wconf 85' lang='lat' dir='ltr'>earumdem</span> <span class='ocrx_word' id='word_1_312' title='bbox 1497 672 1720 712; x_wconf 75' lang='lat' dir='ltr'>eeclesiarum,</span> <span class='ocrx_word' id='word_1_313' title='bbox 1738 683 1846 705; x_wconf 90' lang='lat' dir='ltr'>mona-</span> 
     </span>
     <span class='ocr_line' id='line_1_61' title="bbox 1094 723 1845 767; baseline 0.004 -12"><span class='ocrx_word' id='word_1_314' title='bbox 1094 723 1278 763; x_wconf 81' lang='lat' dir='ltr'>steriorum,</span> <span class='ocrx_word' id='word_1_315' title='bbox 1297 725 1488 767; x_wconf 64' lang='lat' dir='ltr'>dignitatum</span> <span class='ocrx_word' id='word_1_316' title='bbox 1510 731 1538 757; x_wconf 88' lang='lat' dir='ltr'>et</span> <span class='ocrx_word' id='word_1_317' title='bbox 1563 725 1701 757; x_wconf 90' lang='lat' dir='ltr'>aliorum</span> <span class='ocrx_word' id='word_1_318' title='bbox 1722 726 1845 759; x_wconf 83' lang='lat' dir='ltr'>benefi-</span> 
     </span>
     <span class='ocr_line' id='line_1_62' title="bbox 1071 776 1846 838; baseline 0.006 -30"><span class='ocrx_word' id='word_1_319' title='bbox 1071 797 1074 838; x_wconf 69' lang='grc'>1</span> <span class='ocrx_word' id='word_1_320' title='bbox 1094 776 1231 815; x_wconf 77' lang='lat' dir='ltr'>ciorum,</span> <span class='ocrx_word' id='word_1_321' title='bbox 1255 789 1290 810; x_wconf 91' lang='lat' dir='ltr'>ac</span> <span class='ocrx_word' id='word_1_322' title='bbox 1315 779 1487 822; x_wconf 86' lang='lat' dir='ltr'>pensiones</span> <span class='ocrx_word' id='word_1_323' title='bbox 1508 778 1687 822; x_wconf 81' lang='lat' dir='ltr'>praedictas</span> <span class='ocrx_word' id='word_1_324' title='bbox 1708 779 1846 813; x_wconf 88' lang='lat' dir='ltr'>indebite</span> 
     </span>
     <span class='ocr_line' id='line_1_63' title="bbox 1071 831 1846 877; baseline 0.005 -15"><span class='ocrx_word' id='word_1_325' title='bbox 1071 831 1261 874; x_wconf 55' lang='lat' dir='ltr'>¹‘percipere</span> <span class='ocrx_word' id='word_1_326' title='bbox 1291 843 1430 874; x_wconf 78' lang='lat' dir='ltr'>suosque</span> <span class='ocrx_word' id='word_1_327' title='bbox 1461 833 1565 865; x_wconf 85' lang='lat' dir='ltr'>facere</span> <span class='ocrx_word' id='word_1_328' title='bbox 1600 844 1664 865; x_wconf 92' lang='grc'><strong>11011</strong></span> <span class='ocrx_word' id='word_1_329' title='bbox 1704 834 1846 877; x_wconf 85' lang='lat' dir='ltr'>potuisse</span> 
     </span>
     <span class='ocr_line' id='line_1_64' title="bbox 1072 885 1847 926; baseline 0.005 -10"><span class='ocrx_word' id='word_1_330' title='bbox 1072 895 1197 926; x_wconf 55' lang='lat' dir='ltr'>*neque</span> <span class='ocrx_word' id='word_1_331' title='bbox 1224 885 1391 923; x_wconf 80' lang='lat' dir='ltr'>debuisse,</span> <span class='ocrx_word' id='word_1_332' title='bbox 1415 886 1468 918; x_wconf 87' lang='lat' dir='ltr'>sed</span> <span class='ocrx_word' id='word_1_333' title='bbox 1495 886 1565 918; x_wconf 88' lang='lat' dir='ltr'>illos</span> <span class='ocrx_word' id='word_1_334' title='bbox 1586 897 1698 919; x_wconf 88' lang='grc'><strong>01111165</strong></span> <span class='ocrx_word' id='word_1_335' title='bbox 1727 893 1755 920; x_wconf 84' lang='grc'>61</span> <span class='ocrx_word' id='word_1_336' title='bbox 1784 887 1847 919; x_wconf 87' lang='grc'><strong>5111-</strong></span> 
     </span>
     <span class='ocr_line' id='line_1_65' title="bbox 1071 912 1846 979; baseline 0.003 -10"><span class='ocrx_word' id='word_1_337' title='bbox 1071 912 1074 952; x_wconf 59' lang='grc'><strong>.</strong></span> <span class='ocrx_word' id='word_1_338' title='bbox 1092 938 1185 979; x_wconf 77' lang='lat' dir='ltr'>gulos</span> <span class='ocrx_word' id='word_1_339' title='bbox 1218 938 1256 970; x_wconf 92' lang='lat' dir='ltr'>ad</span> <span class='ocrx_word' id='word_1_340' title='bbox 1295 938 1460 971; x_wconf 87' lang='lat' dir='ltr'>Cameram</span> <span class='ocrx_word' id='word_1_341' title='bbox 1501 940 1646 972; x_wconf 80' lang='lat' dir='ltr'>eamdem</span> <span class='ocrx_word' id='word_1_342' title='bbox 1681 940 1846 973; x_wconf 78' lang='lat' dir='ltr'>devolutos</span> 
     </span>
     <span class='ocr_line' id='line_1_66' title="bbox 1071 991 1846 1036; baseline 0.003 -13"><span class='ocrx_word' id='word_1_343' title='bbox 1071 991 1191 1023; x_wconf 64' lang='lat' dir='ltr'>&lt;fuisse</span> <span class='ocrx_word' id='word_1_344' title='bbox 1226 996 1252 1023; x_wconf 90' lang='grc'>61</span> <span class='ocrx_word' id='word_1_345' title='bbox 1288 1002 1377 1030; x_wconf 85' lang='grc'><strong>6556,</strong></span> <span class='ocrx_word' id='word_1_346' title='bbox 1409 992 1520 1035; x_wconf 81' lang='lat' dir='ltr'>illique</span> <span class='ocrx_word' id='word_1_347' title='bbox 1540 993 1671 1031; x_wconf 74' lang='lat' dir='ltr'>deberi3</span> <span class='ocrx_word' id='word_1_348' title='bbox 1698 1004 1734 1025; x_wconf 86' lang='lat' dir='ltr'>ac</span> <span class='ocrx_word' id='word_1_349' title='bbox 1761 992 1846 1036; x_wconf 84' lang='lat' dir='ltr'>ipsos</span> 
     </span>
     <span class='ocr_line' id='line_1_67' title="bbox 1093 1044 1846 1088; baseline 0.004 -13"><span class='ocrx_word' id='word_1_350' title='bbox 1093 1044 1273 1076; x_wconf 87' lang='lat' dir='ltr'>cardinales</span> <span class='ocrx_word' id='word_1_351' title='bbox 1302 1051 1332 1077; x_wconf 88' lang='lat' dir='ltr'>et</span> <span class='ocrx_word' id='word_1_352' title='bbox 1365 1045 1460 1085; x_wconf 86' lang='lat' dir='ltr'>alios,</span> <span class='ocrx_word' id='word_1_353' title='bbox 1487 1045 1526 1078; x_wconf 86' lang='lat' dir='ltr'>ad</span> <span class='ocrx_word' id='word_1_354' title='bbox 1555 1056 1696 1088; x_wconf 90' lang='lat' dir='ltr'>quorum</span> <span class='ocrx_word' id='word_1_355' title='bbox 1731 1057 1846 1078; x_wconf 83' lang='lat' dir='ltr'>manus</span> 
     </span>
     <span class='ocr_line' id='line_1_68' title="bbox 1070 1070 1846 1141; baseline 0.003 -12"><span class='ocrx_word' id='word_1_356' title='bbox 1070 1070 1074 1112; x_wconf 53' lang='lat' dir='ltr'>i</span> <span class='ocrx_word' id='word_1_357' title='bbox 1092 1097 1335 1140; x_wconf 82' lang='lat' dir='ltr'>quomodolibet</span> <span class='ocrx_word' id='word_1_358' title='bbox 1353 1104 1579 1141; x_wconf 81' lang='lat' dir='ltr'>pervenerunt,</span> <span class='ocrx_word' id='word_1_359' title='bbox 1596 1104 1626 1131; x_wconf 87' lang='lat' dir='ltr'>et</span> <span class='ocrx_word' id='word_1_360' title='bbox 1646 1110 1758 1131; x_wconf 89' lang='lat' dir='ltr'>eorum</span> <span class='ocrx_word' id='word_1_361' title='bbox 1772 1100 1846 1132; x_wconf 84' lang='lat' dir='ltr'>liae-</span> 
     </span>
     <span class='ocr_line' id='line_1_69' title="bbox 1070 1151 1844 1194; baseline 0.004 -12"><span class='ocrx_word' id='word_1_362' title='bbox 1070 1163 1072 1171; x_wconf 55' lang='lat'><em>*</em></span> <span class='ocrx_word' id='word_1_363' title='bbox 1093 1151 1196 1191; x_wconf 76' lang='lat' dir='ltr'>redes,</span> <span class='ocrx_word' id='word_1_364' title='bbox 1219 1152 1258 1184; x_wconf 92' lang='lat' dir='ltr'>ad</span> <span class='ocrx_word' id='word_1_365' title='bbox 1278 1151 1435 1194; x_wconf 69' lang='lat' dir='ltr'>integram</span> <span class='ocrx_word' id='word_1_366' title='bbox 1457 1152 1587 1185; x_wconf 89' lang='lat' dir='ltr'>illorum</span> <span class='ocrx_word' id='word_1_367' title='bbox 1609 1152 1844 1185; x_wconf 82' lang='lat' dir='ltr'>restitutionem</span> 
     </span>
     <span class='ocr_line' id='line_1_70' title="bbox 1093 1204 1844 1250; baseline 0.004 -14"><span class='ocrx_word' id='word_1_368' title='bbox 1093 1204 1125 1236; x_wconf 92' lang='lat' dir='ltr'>in</span> <span class='ocrx_word' id='word_1_369' title='bbox 1147 1210 1285 1248; x_wconf 86' lang='lat' dir='ltr'>utroque</span> <span class='ocrx_word' id='word_1_370' title='bbox 1306 1206 1374 1238; x_wconf 84' lang='lat' dir='ltr'>soro</span> <span class='ocrx_word' id='word_1_371' title='bbox 1396 1207 1496 1238; x_wconf 82' lang='lat' dir='ltr'>teneri</span> <span class='ocrx_word' id='word_1_372' title='bbox 1519 1212 1550 1239; x_wconf 89' lang='lat' dir='ltr'>et</span> <span class='ocrx_word' id='word_1_373' title='bbox 1574 1207 1612 1239; x_wconf 91' lang='lat' dir='ltr'>ad</span> <span class='ocrx_word' id='word_1_374' title='bbox 1636 1207 1665 1239; x_wconf 92' lang='lat' dir='ltr'>id</span> <span class='ocrx_word' id='word_1_375' title='bbox 1689 1212 1844 1250; x_wconf 88' lang='lat' dir='ltr'>opportu-</span> 
     </span>
     <span class='ocr_line' id='line_1_71' title="bbox 1092 1258 1845 1303; baseline 0.003 -13"><span class='ocrx_word' id='word_1_376' title='bbox 1092 1258 1142 1290; x_wconf 89' lang='lat' dir='ltr'>nis</span> <span class='ocrx_word' id='word_1_377' title='bbox 1175 1258 1256 1291; x_wconf 86' lang='lat' dir='ltr'>iuris</span> <span class='ocrx_word' id='word_1_378' title='bbox 1284 1259 1434 1291; x_wconf 85' lang='lat' dir='ltr'>remediis</span> <span class='ocrx_word' id='word_1_379' title='bbox 1461 1260 1613 1303; x_wconf 86' lang='lat' dir='ltr'>compelli</span> <span class='ocrx_word' id='word_1_380' title='bbox 1634 1260 1767 1299; x_wconf 86' lang='lat' dir='ltr'>debere,</span> <span class='ocrx_word' id='word_1_381' title='bbox 1791 1272 1845 1292; x_wconf 92' lang='lat' dir='ltr'>au-</span> 
     </span>
     <span class='ocr_line' id='line_1_72' title="bbox 1070 1311 1842 1357; baseline 0.004 -14"><span class='ocrx_word' id='word_1_382' title='bbox 1070 1324 1073 1344; x_wconf 84' lang='lat' dir='ltr'>t</span> <span class='ocrx_word' id='word_1_383' title='bbox 1093 1311 1238 1344; x_wconf 86' lang='lat' dir='ltr'>ctoritate</span> <span class='ocrx_word' id='word_1_384' title='bbox 1260 1314 1453 1356; x_wconf 85' lang='lat' dir='ltr'>apostolica,</span> <span class='ocrx_word' id='word_1_385' title='bbox 1475 1318 1584 1346; x_wconf 86' lang='lat' dir='ltr'>tenore</span> <span class='ocrx_word' id='word_1_386' title='bbox 1606 1315 1842 1357; x_wconf 86' lang='lat' dir='ltr'>praesentium,</span> 
     </span>
     <span class='ocr_line' id='line_1_73' title="bbox 1092 1365 1576 1400; baseline 0.004 -3"><span class='ocrx_word' id='word_1_387' title='bbox 1092 1365 1299 1398; x_wconf 78' lang='lat' dir='ltr'>decernimus</span> <span class='ocrx_word' id='word_1_388' title='bbox 1319 1376 1346 1399; x_wconf 88' lang='grc'>61</span> <span class='ocrx_word' id='word_1_389' title='bbox 1364 1367 1576 1400; x_wconf 85' lang='lat' dir='ltr'>declaramus.</span> 
     </span>
    </p>

    <p class='ocr_par' dir='ltr' id='par_1_14' title="bbox 1070 1418 1845 2581">
     <span class='ocr_line' id='line_1_74' title="bbox 1136 1418 1843 1464; baseline 0.006 -14"><span class='ocrx_word' id='word_1_390' title='bbox 1136 1419 1150 1461; x_wconf 59' lang='lat' dir='ltr'>g</span> <span class='ocrx_word' id='word_1_391' title='bbox 1171 1418 1201 1451; x_wconf 71' lang='lat'>4.</span> <span class='ocrx_word' id='word_1_392' title='bbox 1230 1419 1266 1451; x_wconf 85' lang='lat' dir='ltr'>Et</span> <span class='ocrx_word' id='word_1_393' title='bbox 1300 1420 1433 1463; x_wconf 85' lang='lat' dir='ltr'>insuper</span> <span class='ocrx_word' id='word_1_394' title='bbox 1454 1420 1608 1453; x_wconf 80' lang='lat' dir='ltr'>universis</span> <span class='ocrx_word' id='word_1_395' title='bbox 1632 1427 1662 1454; x_wconf 88' lang='lat' dir='ltr'>et</span> <span class='ocrx_word' id='word_1_396' title='bbox 1691 1421 1843 1464; x_wconf 75' lang='lat' dir='ltr'>singulis,</span> 
     </span>
     <span class='ocr_line' id='line_1_75' title="bbox 1071 1472 1841 1517; baseline 0.005 -13"><span class='ocrx_word' id='word_1_397' title='bbox 1071 1474 1072 1499; x_wconf 67' lang='grc'>1</span> <span class='ocrx_word' id='word_1_398' title='bbox 1092 1477 1156 1504; x_wconf 80' lang='lat' dir='ltr'>tatu</span> <span class='ocrx_word' id='word_1_399' title='bbox 1173 1472 1316 1505; x_wconf 86' lang='lat' dir='ltr'>eiusdem</span> <span class='ocrx_word' id='word_1_400' title='bbox 1335 1474 1426 1506; x_wconf 80' lang='lat' dir='ltr'>Rom.</span> <span class='ocrx_word' id='word_1_401' title='bbox 1442 1475 1601 1507; x_wconf 82' lang='lat' dir='ltr'>Ecclesiae</span> <span class='ocrx_word' id='word_1_402' title='bbox 1614 1475 1841 1517; x_wconf 84' lang='lat' dir='ltr'>cardinalibus,</span> 
     </span>
     <span class='ocr_line' id='line_1_76' title="bbox 1070 1525 1844 1582; baseline 0.006 -25"><span class='ocrx_word' id='word_1_403' title='bbox 1070 1555 1073 1582; x_wconf 58' lang='grc' dir='ltr'>Ι</span> <span class='ocrx_word' id='word_1_404' title='bbox 1093 1525 1187 1558; x_wconf 87' lang='lat' dir='ltr'>etiam</span> <span class='ocrx_word' id='word_1_405' title='bbox 1208 1527 1381 1571; x_wconf 83' lang='lat' dir='ltr'>episcopis,</span> <span class='ocrx_word' id='word_1_406' title='bbox 1396 1539 1492 1571; x_wconf 83' lang='lat' dir='ltr'>quant</span> <span class='ocrx_word' id='word_1_407' title='bbox 1507 1529 1656 1572; x_wconf 83' lang='lat' dir='ltr'>praelatis</span> <span class='ocrx_word' id='word_1_408' title='bbox 1672 1535 1702 1562; x_wconf 81' lang='lat' dir='ltr'>et</span> <span class='ocrx_word' id='word_1_409' title='bbox 1719 1529 1844 1562; x_wconf 81' lang='lat' dir='ltr'>clericis</span> 
     </span>
     <span class='ocr_line' id='line_1_77' title="bbox 1071 1579 1842 1625; baseline 0.008 -15"><span class='ocrx_word' id='word_1_410' title='bbox 1071 1583 1072 1595; x_wconf 74' lang='lat'>³</span> <span class='ocrx_word' id='word_1_411' title='bbox 1092 1589 1127 1611; x_wconf 77' lang='lat' dir='ltr'>at:</span> <span class='ocrx_word' id='word_1_412' title='bbox 1148 1579 1219 1611; x_wconf 88' lang='lat' dir='ltr'>aliis</span> <span class='ocrx_word' id='word_1_413' title='bbox 1240 1581 1429 1623; x_wconf 74' lang='lat' dir='ltr'>praedietis,</span> <span class='ocrx_word' id='word_1_414' title='bbox 1453 1582 1676 1625; x_wconf 83' lang='lat' dir='ltr'>praesentibus</span> <span class='ocrx_word' id='word_1_415' title='bbox 1698 1588 1729 1616; x_wconf 85' lang='grc'>61</span> <span class='ocrx_word' id='word_1_416' title='bbox 1755 1583 1842 1616; x_wconf 86' lang='lat' dir='ltr'>futu-</span> 
     </span>
     <span class='ocr_line' id='line_1_78' title="bbox 1092 1632 1844 1681; baseline 0.004 -17"><span class='ocrx_word' id='word_1_417' title='bbox 1092 1632 1154 1672; x_wconf 81' lang='lat' dir='ltr'>ris,</span> <span class='ocrx_word' id='word_1_418' title='bbox 1178 1644 1216 1665; x_wconf 90' lang='lat' dir='ltr'>nc</span> <span class='ocrx_word' id='word_1_419' title='bbox 1237 1633 1391 1678; x_wconf 69' lang='lat' dir='ltr'>deinceps</span> <span class='ocrx_word' id='word_1_420' title='bbox 1419 1636 1486 1668; x_wconf 90' lang='lat' dir='ltr'>ullo</span> <span class='ocrx_word' id='word_1_421' title='bbox 1514 1647 1668 1679; x_wconf 88' lang='lat' dir='ltr'>umquam</span> <span class='ocrx_word' id='word_1_422' title='bbox 1700 1642 1844 1681; x_wconf 81' lang='lat' dir='ltr'>tempore</span> 
     </span>
     <span class='ocr_line' id='line_1_79' title="bbox 1091 1687 1843 1733; baseline 0.008 -14"><span class='ocrx_word' id='word_1_423' title='bbox 1091 1687 1215 1731; x_wconf 85' lang='lat' dir='ltr'>aliquas</span> <span class='ocrx_word' id='word_1_424' title='bbox 1225 1689 1388 1730; x_wconf 83' lang='lat' dir='ltr'>ecclesias,</span> <span class='ocrx_word' id='word_1_425' title='bbox 1404 1691 1610 1731; x_wconf 81' lang='lat' dir='ltr'>monasteria,</span> <span class='ocrx_word' id='word_1_426' title='bbox 1621 1691 1843 1733; x_wconf 74' lang='lat' dir='ltr'>dignitatesvel</span> 
     </span>
     <span class='ocr_line' id='line_1_80' title="bbox 1092 1741 1843 1790; baseline 0.009 -17"><span class='ocrx_word' id='word_1_427' title='bbox 1092 1741 1153 1774; x_wconf 90' lang='lat' dir='ltr'>alia</span> <span class='ocrx_word' id='word_1_428' title='bbox 1172 1742 1330 1776; x_wconf 78' lang='lat' dir='ltr'>beneficia</span> <span class='ocrx_word' id='word_1_429' title='bbox 1344 1770 1351 1784; x_wconf 91' lang='lat'>,</span> <span class='ocrx_word' id='word_1_430' title='bbox 1374 1744 1468 1777; x_wconf 88' lang='lat' dir='ltr'>etiam</span> <span class='ocrx_word' id='word_1_431' title='bbox 1492 1745 1530 1778; x_wconf 91' lang='lat' dir='ltr'>de</span> <span class='ocrx_word' id='word_1_432' title='bbox 1546 1745 1631 1779; x_wconf 88' lang='lat' dir='ltr'>dicto</span> <span class='ocrx_word' id='word_1_433' title='bbox 1648 1746 1718 1779; x_wconf 88' lang='lat' dir='ltr'>iure</span> <span class='ocrx_word' id='word_1_434' title='bbox 1734 1752 1843 1790; x_wconf 85' lang='lat' dir='ltr'>patro-</span> 
     </span>
     <span class='ocr_line' id='line_1_81' title="bbox 1092 1797 1843 1840; baseline 0.008 -13"><span class='ocrx_word' id='word_1_435' title='bbox 1092 1802 1197 1835; x_wconf 77' lang='lat' dir='ltr'>natus,</span> <span class='ocrx_word' id='word_1_436' title='bbox 1216 1797 1261 1829; x_wconf 89' lang='grc'><strong>1111</strong></span> <span class='ocrx_word' id='word_1_437' title='bbox 1285 1797 1475 1840; x_wconf 84' lang='lat' dir='ltr'>praesertur,</span> <span class='ocrx_word' id='word_1_438' title='bbox 1497 1799 1676 1839; x_wconf 84' lang='lat' dir='ltr'>existentia,</span> <span class='ocrx_word' id='word_1_439' title='bbox 1699 1806 1754 1832; x_wconf 88' lang='lat' dir='ltr'>aut</span> <span class='ocrx_word' id='word_1_440' title='bbox 1777 1801 1843 1833; x_wconf 81' lang='lat' dir='ltr'>sru-</span> 
     </span>
     <span class='ocr_line' id='line_1_82' title="bbox 1092 1851 1845 1896; baseline 0.007 -14"><span class='ocrx_word' id='word_1_441' title='bbox 1092 1855 1161 1882; x_wconf 88' lang='lat' dir='ltr'>ctus</span> <span class='ocrx_word' id='word_1_442' title='bbox 1181 1851 1228 1883; x_wconf 81' lang='lat' dir='ltr'>vel</span> <span class='ocrx_word' id='word_1_443' title='bbox 1249 1851 1437 1895; x_wconf 82' lang='lat' dir='ltr'>pensiones,</span> <span class='ocrx_word' id='word_1_444' title='bbox 1456 1858 1511 1885; x_wconf 84' lang='lat' dir='ltr'>aut</span> <span class='ocrx_word' id='word_1_445' title='bbox 1531 1864 1696 1896; x_wconf 77' lang='lat' dir='ltr'>regressus</span> <span class='ocrx_word' id='word_1_446' title='bbox 1717 1865 1773 1887; x_wconf 88' lang='lat' dir='ltr'>seu</span> <span class='ocrx_word' id='word_1_447' title='bbox 1794 1866 1845 1887; x_wconf 90' lang='lat' dir='ltr'>ac-</span> 
     </span>
     <span class='ocr_line' id='line_1_83' title="bbox 1091 1905 1845 1950; baseline 0.004 -14"><span class='ocrx_word' id='word_1_448' title='bbox 1091 1914 1218 1945; x_wconf 86' lang='lat' dir='ltr'>cessus,</span> <span class='ocrx_word' id='word_1_449' title='bbox 1249 1905 1281 1937; x_wconf 93' lang='lat' dir='ltr'>in</span> <span class='ocrx_word' id='word_1_450' title='bbox 1311 1906 1540 1938; x_wconf 78' lang='lat' dir='ltr'>confidentiam</span> <span class='ocrx_word' id='word_1_451' title='bbox 1572 1907 1768 1950; x_wconf 83' lang='lat' dir='ltr'>praedictam</span> <span class='ocrx_word' id='word_1_452' title='bbox 1790 1914 1845 1941; x_wconf 90' lang='lat' dir='ltr'>aut.</span> 
     </span>
     <span class='ocr_line' id='line_1_84' title="bbox 1091 1957 1844 1994; baseline 0.007 -5"><span class='ocrx_word' id='word_1_453' title='bbox 1091 1957 1129 1989; x_wconf 86' lang='lat' dir='ltr'>ad</span> <span class='ocrx_word' id='word_1_454' title='bbox 1150 1957 1301 1991; x_wconf 82' lang='lat' dir='ltr'>effectum</span> <span class='ocrx_word' id='word_1_455' title='bbox 1318 1958 1570 1992; x_wconf 84' lang='lat' dir='ltr'>reservationum</span> <span class='ocrx_word' id='word_1_456' title='bbox 1583 1960 1768 1994; x_wconf 85' lang='lat' dir='ltr'>huiusmodi</span> <span class='ocrx_word' id='word_1_457' title='bbox 1785 1961 1844 1994; x_wconf 89' lang='lat' dir='ltr'>sibi</span> 
     </span>
     <span class='ocr_line' id='line_1_85' title="bbox 1091 2012 1841 2057; baseline 0.007 -14"><span class='ocrx_word' id='word_1_458' title='bbox 1091 2012 1298 2055; x_wconf 79' lang='lat' dir='ltr'>postmodum</span> <span class='ocrx_word' id='word_1_459' title='bbox 1328 2013 1517 2046; x_wconf 86' lang='lat' dir='ltr'>cedentibus</span> <span class='ocrx_word' id='word_1_460' title='bbox 1546 2016 1841 2057; x_wconf 82' lang='lat' dir='ltr'>procurandarum,</span> 
     </span>
     <span class='ocr_line' id='line_1_86' title="bbox 1090 2065 1844 2110; baseline 0.007 -13"><span class='ocrx_word' id='word_1_461' title='bbox 1090 2065 1235 2109; x_wconf 86' lang='lat' dir='ltr'>recipere</span> <span class='ocrx_word' id='word_1_462' title='bbox 1246 2073 1457 2110; x_wconf 62' lang='lat' dir='ltr'>priestunant,</span> <span class='ocrx_word' id='word_1_463' title='bbox 1470 2068 1688 2101; x_wconf 82' lang='lat' dir='ltr'>cardinalibus</span> <span class='ocrx_word' id='word_1_464' title='bbox 1698 2069 1844 2103; x_wconf 69' lang='lat' dir='ltr'>videlicet</span> 
     </span>
     <span class='ocr_line' id='line_1_87' title="bbox 1091 2120 1843 2164; baseline 0.007 -13"><span class='ocrx_word' id='word_1_465' title='bbox 1091 2124 1119 2151; x_wconf 86' lang='lat' dir='ltr'>et</span> <span class='ocrx_word' id='word_1_466' title='bbox 1149 2120 1219 2151; x_wconf 88' lang='lat' dir='ltr'>aliis</span> <span class='ocrx_word' id='word_1_467' title='bbox 1255 2121 1404 2164; x_wconf 86' lang='lat' dir='ltr'>praelatis</span> <span class='ocrx_word' id='word_1_468' title='bbox 1433 2121 1640 2162; x_wconf 85' lang='lat' dir='ltr'>huiusmodi,</span> <span class='ocrx_word' id='word_1_469' title='bbox 1668 2122 1699 2154; x_wconf 91' lang='lat' dir='ltr'>iu</span> <span class='ocrx_word' id='word_1_470' title='bbox 1728 2123 1843 2157; x_wconf 78' lang='lat' dir='ltr'>virtute</span> 
     </span>
     <span class='ocr_line' id='line_1_88' title="bbox 1091 2174 1844 2209; baseline 0.005 -4"><span class='ocrx_word' id='word_1_471' title='bbox 1091 2179 1218 2206; x_wconf 83' lang='lat' dir='ltr'>sanctae</span> <span class='ocrx_word' id='word_1_472' title='bbox 1240 2174 1440 2207; x_wconf 71' lang='grc'><strong>011611161111116</strong></span> <span class='ocrx_word' id='word_1_473' title='bbox 1471 2181 1501 2208; x_wconf 85' lang='grc'>61</span> <span class='ocrx_word' id='word_1_474' title='bbox 1530 2176 1588 2208; x_wconf 86' lang='lat' dir='ltr'>sub</span> <span class='ocrx_word' id='word_1_475' title='bbox 1618 2175 1777 2209; x_wconf 81' lang='lat' dir='ltr'>interdicti</span> <span class='ocrx_word' id='word_1_476' title='bbox 1798 2178 1844 2209; x_wconf 87' lang='lat' dir='ltr'>in-</span> 
     </span>
     <span class='ocr_line' id='line_1_89' title="bbox 1090 2228 1843 2272; baseline 0.005 -13"><span class='ocrx_word' id='word_1_477' title='bbox 1090 2237 1217 2269; x_wconf 75' lang='lat' dir='ltr'>gressus</span> <span class='ocrx_word' id='word_1_478' title='bbox 1237 2228 1404 2268; x_wconf 56' lang='lat' dir='ltr'>eeclesiam</span> <span class='ocrx_word' id='word_1_479' title='bbox 1427 2229 1559 2272; x_wconf 82' lang='lat' dir='ltr'>reliquis</span> <span class='ocrx_word' id='word_1_480' title='bbox 1585 2241 1672 2270; x_wconf 76' lang='lat' dir='ltr'>vero,</span> <span class='ocrx_word' id='word_1_481' title='bbox 1695 2231 1754 2263; x_wconf 78' lang='lat' dir='ltr'>sul)</span> <span class='ocrx_word' id='word_1_482' title='bbox 1776 2242 1843 2264; x_wconf 87' lang='lat' dir='ltr'>ma-</span> 
     </span>
     <span class='ocr_line' id='line_1_90' title="bbox 1090 2281 1844 2319; baseline 0.007 -6"><span class='ocrx_word' id='word_1_483' title='bbox 1090 2281 1166 2313; x_wconf 88' lang='lat' dir='ltr'>ioris</span> <span class='ocrx_word' id='word_1_484' title='bbox 1186 2283 1527 2316; x_wconf 80' lang='lat' dir='ltr'>excommunicationis</span> <span class='ocrx_word' id='word_1_485' title='bbox 1554 2285 1633 2317; x_wconf 90' lang='lat' dir='ltr'>latae</span> <span class='ocrx_word' id='word_1_486' title='bbox 1667 2285 1844 2319; x_wconf 81' lang='lat' dir='ltr'>sententiae</span> 
     </span>
     <span class='ocr_line' id='line_1_91' title="bbox 1091 2337 1844 2382; baseline 0.008 -15"><span class='ocrx_word' id='word_1_487' title='bbox 1091 2346 1205 2378; x_wconf 86' lang='lat' dir='ltr'>poena,</span> <span class='ocrx_word' id='word_1_488' title='bbox 1228 2347 1287 2380; x_wconf 87' lang='lat' dir='ltr'>per</span> <span class='ocrx_word' id='word_1_489' title='bbox 1307 2337 1573 2371; x_wconf 80' lang='lat' dir='ltr'>contrafacientes</span> <span class='ocrx_word' id='word_1_490' title='bbox 1593 2350 1630 2371; x_wconf 88' lang='grc'>60</span> <span class='ocrx_word' id='word_1_491' title='bbox 1652 2339 1720 2382; x_wconf 84' lang='grc'><strong>11150</strong></span> <span class='ocrx_word' id='word_1_492' title='bbox 1737 2339 1844 2373; x_wconf 80' lang='lat' dir='ltr'>incur-</span> 
     </span>
     <span class='ocr_line' id='line_1_92' title="bbox 1090 2390 1843 2434; baseline 0.008 -13"><span class='ocrx_word' id='word_1_493' title='bbox 1090 2390 1207 2431; x_wconf 89' lang='lat' dir='ltr'>renda,</span> <span class='ocrx_word' id='word_1_494' title='bbox 1230 2402 1248 2423; x_wconf 89' lang='lat' dir='ltr'>a</span> <span class='ocrx_word' id='word_1_495' title='bbox 1276 2403 1357 2434; x_wconf 74' lang='lat' dir='ltr'>qua,</span> <span class='ocrx_word' id='word_1_496' title='bbox 1382 2392 1440 2424; x_wconf 91' lang='lat' dir='ltr'>nisi</span> <span class='ocrx_word' id='word_1_497' title='bbox 1466 2404 1483 2425; x_wconf 87' lang='lat' dir='ltr'>a</span> <span class='ocrx_word' id='word_1_498' title='bbox 1504 2393 1595 2425; x_wconf 82' lang='lat' dir='ltr'>nobis</span> <span class='ocrx_word' id='word_1_499' title='bbox 1616 2399 1669 2426; x_wconf 63' lang='lat' dir='ltr'>aut,</span> <span class='ocrx_word' id='word_1_500' title='bbox 1699 2394 1843 2427; x_wconf 82' lang='lat' dir='ltr'>Romano</span> 
     </span>
     <span class='ocr_line' id='line_1_93' title="bbox 1089 2438 1841 2487; baseline 0.009 -17"><span class='ocrx_word' id='word_1_501' title='bbox 1089 2438 1243 2473; x_wconf 79' lang='lat' dir='ltr'>Pontifice</span> <span class='ocrx_word' id='word_1_502' title='bbox 1264 2451 1322 2484; x_wconf 87' lang='lat' dir='ltr'>pro</span> <span class='ocrx_word' id='word_1_503' title='bbox 1345 2446 1489 2485; x_wconf 79' lang='lat' dir='ltr'>tempore</span> <span class='ocrx_word' id='word_1_504' title='bbox 1510 2442 1675 2482; x_wconf 80' lang='lat' dir='ltr'>existente,</span> <span class='ocrx_word' id='word_1_505' title='bbox 1698 2450 1841 2487; x_wconf 84' lang='lat' dir='ltr'>praeter-</span> 
     </span>
     <span class='ocr_line' id='line_1_94' title="bbox 1089 2489 1839 2533; baseline 0.007 -13"><span class='ocrx_word' id='word_1_506' title='bbox 1089 2499 1186 2531; x_wconf 87' lang='lat' dir='ltr'>quam</span> <span class='ocrx_word' id='word_1_507' title='bbox 1216 2489 1248 2521; x_wconf 89' lang='lat' dir='ltr'>in</span> <span class='ocrx_word' id='word_1_508' title='bbox 1277 2490 1389 2522; x_wconf 84' lang='lat' dir='ltr'>mortis</span> <span class='ocrx_word' id='word_1_509' title='bbox 1418 2490 1555 2523; x_wconf 66' lang='lat' dir='ltr'>articulo</span> <span class='ocrx_word' id='word_1_510' title='bbox 1576 2492 1762 2533; x_wconf 89' lang='lat' dir='ltr'>constituti,</span> <span class='ocrx_word' id='word_1_511' title='bbox 1785 2494 1839 2526; x_wconf 88' lang='lat' dir='ltr'>ab-</span> 
     </span>
     <span class='ocr_line' id='line_1_95' title="bbox 1090 2537 1766 2581; baseline 0.009 -13"><span class='ocrx_word' id='word_1_512' title='bbox 1090 2537 1165 2569; x_wconf 75' lang='lat' dir='ltr'>solvi</span> <span class='ocrx_word' id='word_1_513' title='bbox 1186 2545 1358 2581; x_wconf 84' lang='lat' dir='ltr'>nequeant,</span> <span class='ocrx_word' id='word_1_514' title='bbox 1377 2539 1551 2572; x_wconf 79' lang='lat' dir='ltr'>districtius</span> <span class='ocrx_word' id='word_1_515' title='bbox 1572 2540 1766 2575; x_wconf 84' lang='lat' dir='ltr'>iuhibemus.</span> 
     </span>
    </p>

    <p class='ocr_par' dir='ltr' id='par_1_15' title="bbox 1089 2588 1842 2682">
     <span class='ocr_line' id='line_1_96' title="bbox 1132 2588 1842 2634; baseline 0.007 -15"><span class='ocrx_word' id='word_1_516' title='bbox 1132 2588 1147 2629; x_wconf 63' lang='grc' dir='ltr'><strong>ἓ</strong></span> <span class='ocrx_word' id='word_1_517' title='bbox 1167 2588 1198 2620; x_wconf 84' lang='lat'>5.</span> <span class='ocrx_word' id='word_1_518' title='bbox 1220 2588 1265 2620; x_wconf 86' lang='lat' dir='ltr'>Ac</span> <span class='ocrx_word' id='word_1_519' title='bbox 1285 2599 1506 2632; x_wconf 72' lang='lat' dir='ltr'>quascumspie</span> <span class='ocrx_word' id='word_1_520' title='bbox 1524 2590 1721 2630; x_wconf 76' lang='lat' dir='ltr'>collationes,</span> <span class='ocrx_word' id='word_1_521' title='bbox 1740 2590 1842 2634; x_wconf 79' lang='lat' dir='ltr'>provi-</span> 
     </span>
     <span class='ocr_line' id='line_1_97' title="bbox 1089 2636 1841 2682; baseline 0.011 -16"><span class='ocrx_word' id='word_1_522' title='bbox 1089 2636 1206 2678; x_wconf 82' lang='lat' dir='ltr'>siones,</span> <span class='ocrx_word' id='word_1_523' title='bbox 1225 2638 1474 2679; x_wconf 72' lang='lat' dir='ltr'>praelectiones,</span> <span class='ocrx_word' id='word_1_524' title='bbox 1497 2639 1720 2682; x_wconf 80' lang='lat' dir='ltr'>commendas,</span> <span class='ocrx_word' id='word_1_525' title='bbox 1740 2651 1841 2674; x_wconf 83' lang='grc'><strong>16561-</strong></span> 
     </span>
    </p>
   </div>
   <div class='ocr_carea' id='block_1_13' title="bbox 1068 979 1075 1835">
    <p class='ocr_par' dir='ltr' id='par_1_16' title="bbox 1068 979 1075 1835">
     <span class='ocr_line' id='line_1_98' title="bbox 1068 979 1075 1835; baseline 0 0"><span class='ocrx_word' id='word_1_526' title='bbox 1068 979 1075 1835; x_wconf 95' lang='lat' dir='ltr'> </span> 
     </span>
    </p>
   </div>
   <div class='ocr_carea' id='block_1_14' title="bbox 1860 236 2044 265">
    <p class='ocr_par' dir='ltr' id='par_1_17' title="bbox 1860 236 2044 265">
     <span class='ocr_line' id='line_1_99' title="bbox 1860 236 2044 265; baseline 0 -1"><span class='ocrx_word' id='word_1_527' title='bbox 1860 239 1909 264; x_wconf 85' lang='grc' dir='ltr'><strong>Α11.</strong></span> <span class='ocrx_word' id='word_1_528' title='bbox 1928 238 1956 265; x_wconf 87' lang='lat' dir='ltr'>C.</span> <span class='ocrx_word' id='word_1_529' title='bbox 1978 236 2044 265; x_wconf 70' lang='grc'><strong>15611</strong></span> 
     </span>
    </p>
   </div>
   <div class='ocr_carea' id='block_1_15' title="bbox 1861 517 2046 607">
    <p class='ocr_par' dir='ltr' id='par_1_18' title="bbox 1861 517 2046 607">
     <span class='ocr_line' id='line_1_100' title="bbox 1916 517 2044 538; baseline 0.008 -1"><span class='ocrx_word' id='word_1_530' title='bbox 1916 517 2001 538; x_wconf 71' lang='grc'><strong>1161111115</strong></span> <span class='ocrx_word' id='word_1_531' title='bbox 2020 519 2044 538; x_wconf 75' lang='lat' dir='ltr'>ad</span> 
     </span>
     <span class='ocr_line' id='line_1_101' title="bbox 1861 548 2045 575; baseline 0.011 -9"><span class='ocrx_word' id='word_1_532' title='bbox 1861 548 1966 568; x_wconf 48' lang='lat' dir='ltr'>intinctam</span> <span class='ocrx_word' id='word_1_533' title='bbox 1987 549 2045 575; x_wconf 72' lang='lat' dir='ltr'>Apo-</span> 
     </span>
     <span class='ocr_line' id='line_1_102' title="bbox 1862 580 2046 607; baseline 0.005 -8"><span class='ocrx_word' id='word_1_534' title='bbox 1862 580 1957 600; x_wconf 72' lang='lat' dir='ltr'>stolieam</span> <span class='ocrx_word' id='word_1_535' title='bbox 1977 581 2046 607; x_wconf 70' lang='lat' dir='ltr'>appli-</span> 
     </span>
    </p>
   </div>
   <div class='ocr_carea' id='block_1_16' title="bbox 1861 1426 2044 1548">
    <p class='ocr_par' dir='ltr' id='par_1_19' title="bbox 1861 1426 2044 1548">
     <span class='ocr_line' id='line_1_103' title="bbox 1874 1426 2041 1448; baseline 0.006 -1"><span class='ocrx_word' id='word_1_536' title='bbox 1874 1426 1972 1447; x_wconf 70' lang='lat' dir='ltr'>Prohibet</span> <span class='ocrx_word' id='word_1_537' title='bbox 1989 1427 2041 1448; x_wconf 73' lang='lat' dir='ltr'>haec</span> 
     </span>
     <span class='ocr_line' id='line_1_104' title="bbox 1861 1459 2044 1484; baseline -0.005 -5"><span class='ocrx_word' id='word_1_538' title='bbox 1861 1459 1885 1479; x_wconf 81' lang='lat' dir='ltr'>de</span> <span class='ocrx_word' id='word_1_539' title='bbox 1901 1462 1973 1479; x_wconf 74' lang='lat' dir='ltr'>cetero</span> <span class='ocrx_word' id='word_1_540' title='bbox 1990 1460 2044 1484; x_wconf 72' lang='lat' dir='ltr'>lieri,</span> 
     </span>
     <span class='ocr_line' id='line_1_105' title="bbox 1861 1490 2043 1516; baseline 0 -6"><span class='ocrx_word' id='word_1_541' title='bbox 1861 1490 1897 1510; x_wconf 67' lang='lat' dir='ltr'>sub</span> <span class='ocrx_word' id='word_1_542' title='bbox 1914 1491 1989 1516; x_wconf 67' lang='lat' dir='ltr'>psit-nis</span> <span class='ocrx_word' id='word_1_543' title='bbox 2010 1490 2043 1511; x_wconf 76' lang='lat' dir='ltr'>liic</span> 
     </span>
     <span class='ocr_line' id='line_1_106' title="bbox 1861 1527 1976 1548; baseline 0.009 -7"><span class='ocrx_word' id='word_1_544' title='bbox 1861 1527 1976 1548; x_wconf 66' lang='grc' dir='ltr'><strong>61111655ιῆ</strong></span> 
     </span>
    </p>
   </div>
   <div class='ocr_carea' id='block_1_17' title="bbox 1857 2599 2043 2659">
    <p class='ocr_par' dir='ltr' id='par_1_20' title="bbox 1857 2599 2043 2659">
     <span class='ocr_line' id='line_1_107' title="bbox 1871 2599 2043 2627; baseline 0 -7"><span class='ocrx_word' id='word_1_545' title='bbox 1871 2599 1970 2621; x_wconf 79' lang='lat' dir='ltr'>Annuttat</span> <span class='ocrx_word' id='word_1_546' title='bbox 1983 2607 2043 2627; x_wconf 77' lang='lat' dir='ltr'>quas-</span> 
     </span>
     <span class='ocr_line' id='line_1_108' title="bbox 1857 2632 2043 2659; baseline 0.011 -9"><span class='ocrx_word' id='word_1_547' title='bbox 1857 2638 1945 2659; x_wconf 63' lang='lat' dir='ltr'>cumque</span> <span class='ocrx_word' id='word_1_548' title='bbox 1969 2632 2043 2659; x_wconf 75' lang='lat' dir='ltr'>provi-</span> 
     </span>
    </p>
   </div>
  </div>
 </body>
</html>
