2237 3100
489 248 576 284 1020
1088 249 1235 274 BULLAnn
1255 248 1373 273 nonam

533 318 563 345 et.
583 309 817 345 communitate
838 304 1061 344 Lancianensi,
1080 303 1165 336 unde
1184 303 1293 346 plures
1314 306 1344 334 et
1369 300 1543 333 diuturnae
1563 305 1692 333 exortae
1714 300 1798 341 lites,
1819 300 1882 332 107
1902 310 1933 332 a.
1957 299 2003 333 Ad

533 375 613 408 quas
637 361 804 399 sedandas,
822 359 895 391 Pius
916 358 953 390 tv
973 367 1025 390 eas
1046 357 1084 389 ad
1111 367 1143 388 se
1164 355 1309 394 advocat,
1333 359 1363 386 et
1384 353 1530 398 partibus
1547 358 1743 396 perpetuum
1764 351 1929 384 silentium
1944 352 2001 384 im-

532 417 635 461 ponit,
654 415 732 447 ibid.
747 425 756 450 ,·
777 410 947 445 ecclesiam
964 416 991 443 et
1011 409 1170 453 populum
1184 407 1436 440 Lancianensem
1457 407 1496 439 ab
1510 405 1747 453 archiepiscopi
1768 405 1916 437 Tlieatini
1932 405 2004 437 iure

533 469 637 507 solvit,
657 467 733 499 ibid.
751 466 788 503 bs
813 465 932 497 dictam
955 462 1125 496 ecclesiam
1147 462 1179 494 in
1201 460 1518 503 archiepiscopatum
1533 465 1564 492 et
1584 455 1796 501 metropolim
1812 457 1918 500 erigit,
1940 457 2005 491 ‘108

535 534 552 555 a
568 534 578 560 ;
602 519 805 553 Leonardum
841 517 1054 560 episcopum,
1081 513 1365 558 archiepiscopum
1395 518 1504 551 creat,
1540 512 1638 548 ibat„-
1664 521 1792 544 caussas
1819 510 2004 554 provinciae

535 571 762 608 Lancianensis
783 571 822 604 ad
843 581 917 603 eum
940 569 1053 602 referri
1072 568 1171 607 iubet,
1202 567 1278 599 ibid.
1303 567 1331 598 b.

448 631 588 663 Thomae
607 627 670 669 (S.)
691 626 731 659 de
750 625 876 668 Aquino
898 624 1015 656 festum
1036 622 1075 655 de
1103 626 1276 664 praecepto
1297 621 1328 653 S.
1352 620 1388 653 R.
1412 619 1574 652 Ecclesiae
1596 617 1827 651 celebrandum
1849 627 1918 650 esse
1939 621 2004 649 sta-

536 680 596 714 tuit
615 679 689 712 Pius
709 679 732 710 V
753 678 784 710 in
806 686 905 720 regno
925 675 1088 719 Neapolis,
1112 674 1188 706 alibi
1216 683 1290 707 vero
1319 672 1365 705 uti
1392 673 1510 705 festum
1531 676 1673 714 quatuor
1697 670 1876 703 catholicae
1897 669 2006 703 Eccle-

537 734 602 767 siae
622 733 806 770 doctorum,
830 729 894 763 564
912 730 945 769 b3
973 728 1191 771 indulgentias
1212 727 1282 760 eius
1291 726 1405 760 altaria
1416 725 1619 759 visitantibus
1635 725 1819 768 festumque
1841 722 2009 757 celebran-

538 787 622 820 tibus
644 784 805 825 concedit,
828 782 892 817 565
917 794 948 815 α.

450 841 590 874 Thomas
609 837 786 881 Maurique.
817 836 850 868 V.
874 835 1022 879 Magister
1042 835 1124 868 sacri
1145 833 1269 866 Palatii.

450 895 622 928 Toletanae
643 890 830 936 provinciae
850 888 996 933 episcopi
1022 893 1050 921 et
1073 887 1226 931 capitula.
1257 885 1290 918 V.
1314 885 1544 919 Cordubensis.

449 946 637 981 Tribunalia
654 950 686 978 et
704 943 811 977 officia
830 942 917 975 varia
933 942 1111 974 reformare
1131 939 1277 972 decernit
1293 939 1367 972 Pius
1382 938 1430 979 IV,
1443 937 1510 970 214
1529 938 1558 970 b.
1577 937 1775 971 Reformatio
1796 947 1895 981 super
1915 947 2008 980 spor-

539 999 614 1033 tulis
635 997 781 1031 iudicum
808 995 1049 1030 ordinariorum
1075 994 1106 1026 in
1127 992 1248 1026 caussis
1273 991 1422 1025 civilibus
1446 996 1476 1024 et
1502 990 1738 1030 criminalibus,
1767 989 1833 1023 215
1852 1001 1893 1031 a,·
1912 1001 2011 1035 super

539 1062 652 1086 eornm
674 1050 825 1083 mercede
841 1059 900 1093 pro
916 1048 1056 1081 decretis
1072 1048 1103 1079 in
1126 1045 1356 1083 contractibus,
1377 1045 1456 1077 ibid.
1481 1045 1522 1085 b;
1542 1044 1697 1088 sportulis
1719 1044 1880 1088 capitanei
1896 1045 2009 1088 appel-

539 1105 709 1144 lationum,
735 1103 832 1141 ibid.,·
853 1108 998 1145 tempore
1028 1099 1222 1143 receptionis
1243 1099 1465 1142 sportularum
1495 1103 1525 1130 et
1550 1103 1620 1130 taxa
1643 1107 1702 1140 pro
1718 1097 1824 1139 sigillo
1847 1097 2007 1138 iudicum,

543 1159 622 1192 ibid.
634 1170 646 1197 ;
666 1156 887 1201 prohibitione
906 1154 1031 1198 aliquid
1048 1165 1065 1186 a
1085 1153 1242 1196 barigello
1264 1158 1292 1185 et
1306 1151 1376 1184 aliis
1398 1150 1627 1184 executoribus
1646 1150 1837 1194 reeipiendi,
1851 1156 1883 1183 et
1903 1151 2013 1184 obser-

543 1211 649 1245 vantia
674 1210 783 1243 bullae
815 1209 905 1242 Pauli
934 1208 973 1240 Ill
1008 1208 1095 1240 circa
1129 1206 1320 1239 eorumdem
1355 1205 1558 1249 captivorum
1587 1204 1845 1247 expeditionem,
1872 1204 1937 1238 216
1971 1215 2012 1244 α,-

541 1275 639 1308 super
654 1263 875 1297 declaratione
891 1260 1021 1294 termini
1032 1270 1091 1303 pro
1103 1265 1242 1299 servato,
1257 1258 1462 1291 nullitatibus
1472 1257 1688 1297 attendendis,
1703 1256 1908 1300 expeditione
1923 1267 2013 1290 caus-

543 1329 652 1353 sarum
673 1328 690 1350 a
710 1317 840 1350 duobus
860 1314 959 1348 scutis
980 1314 1074 1351 infra,
1096 1323 1265 1345 carcerum
1276 1311 1472 1351 visitatione,
1491 1311 1570 1344 ibid.
1577 1322 1588 1351 ;
1610 1321 1708 1354 super
1729 1311 1932 1344 medicorum
1953 1321 2013 1354 pro

543 1371 732 1405 carceribus
751 1367 900 1408 detentis,
923 1376 1050 1399 necnon
1076 1364 1349 1398 confessariorum
1371 1363 1542 1403 electione,
1568 1364 1646 1397 fisco
1672 1363 1801 1396 citando
1826 1363 1858 1396 in
1893 1363 2014 1396 caussis

543 1422 780 1460 criminalibus,
812 1419 976 1454 advocatis
996 1419 1043 1451 vel
1069 1417 1338 1462 procuratoribus
1362 1417 1410 1449 vel
1439 1415 1666 1449 tabellionibus
1691 1427 1709 1449 a
1736 1415 1900 1449 iudicibus
1924 1415 2013 1449 domi

543 1487 608 1511 non
634 1474 831 1513 retinendis,
854 1473 971 1506 iudicis
996 1472 1036 1504 de
1075 1471 1202 1505 Sabello
1236 1470 1469 1514 deputatione,
1496 1470 1576 1502 ibid.
1595 1470 1636 1509 b‚·
1670 1479 1768 1512 super
1798 1468 2012 1502 tabellionum

542 1529 658 1564 Curiae
691 1529 855 1561 Romanae
889 1535 1049 1564 numero,
1070 1524 1253 1568 Cariaeque
1287 1524 1459 1556 custodum
1494 1523 1674 1563 electione,
1700 1522 1764 1556 217
1794 1534 1833 1563 a,·
1865 1522 2013 1556 iudicum

544 1583 649 1617 dietae
664 1581 792 1620 Curiae,
815 1578 912 1621 Burgi
933 1578 1044 1611 Turris
1064 1578 1186 1618 Nonae,
1209 1577 1307 1620 Ripae
1332 1583 1363 1609 et
1387 1576 1533 1619 Ripettae
1558 1576 1744 1619 syndiratu,
1764 1575 1844 1608 ibid.
1856 1587 1868 1615 ,·
1887 1586 2014 1619 perma-

546 1635 654 1669 nentia
680 1635 711 1667 in
732 1632 841 1667 officio
867 1631 1037 1664 camerarii
1058 1630 1170 1673 Ripae,
1186 1630 1283 1669 ibicl.‚·
1304 1629 1527 1662 iurisdictione
1545 1628 1662 1662 iudicis
1679 1628 1790 1671 Burgi,
1816 1628 1914 1669 ibid.;
1934 1628 2012 1662 resi-

544 1690 655 1724 dentia
688 1694 717 1721 et
751 1686 976 1720 iurisdictione
1003 1689 1266 1718 conservatorum
1288 1684 1395 1722 Urbis,
1425 1684 1520 1723 ibid.‚·
1540 1683 1872 1716 extraordinariorum
1899 1683 2011 1726 populi

546 1741 682 1777 Romani
709 1740 860 1774 cautione
891 1745 918 1772 et
941 1739 1018 1778 fide,
1048 1738 1125 1770 ibid.
1150 1738 1166 1769 b
1177 1748 1185 1773 ,·
1211 1746 1308 1780 super
1329 1736 1392 1769 tide
1413 1735 1457 1769 eis
1483 1736 1605 1776 danda,
1627 1735 1817 1769 eorumdem
1845 1731 1958 1768 ¹officio
1982 1741 2013 1769 et

547 1796 776 1830 mandatorum
789 1792 991 1829 executione,
1003 1792 1038 1824 21
1048 1791 1067 1825 S
1080 1802 1098 1823 a
1111 1803 1120 1829 ‚·
1134 1790 1364 1833 magistrorum
1378 1789 1503 1822 viarum
1522 1790 1684 1822 taxatione
1698 1790 1730 1822 in
1745 1788 1921 1822 vendendis
1934 1789 2014 1822 locis

546 1851 585 1883 ad
609 1849 799 1893 exponenda
815 1847 949 1887 venalia,
967 1846 1044 1879 ibid.
1058 1858 1071 1885 ,·
1093 1856 1191 1888 super
1215 1844 1406 1877 eorumdem
1428 1844 1549 1883 officio,
1568 1843 1862 1886 submagistrorum
1882 1843 2014 1876 relatio-

548 1904 656 1943 nibus,
682 1903 913 1945 magistrorum
934 1899 1059 1939 edictis,
1080 1898 1225 1932 advocati
1247 1908 1429 1941 lumperurn
1459 1897 1586 1938 officio,
1615 1897 1693 1930 ibid.
1720 1897 1760 1937 b‚·
1784 1907 1883 1940 super
1907 1895 2015 1929 officio

548 1955 770 2001 procuratoris
799 1963 994 1998 pauperum,
1013 1952 1158 1985 advocati
1181 1951 1298 1984 fiscalis
1318 1956 1347 1983 et
1370 1950 1590 1994 procuratoris
1624 1949 1752 1989 fiscalis,
1777 1949 1841 1983 219
1874 1961 1895 1983 α-
1927 1955 1959 1983 et
1983 1950 2012 1983 b.

549 2007 874 2043 Procuratorfiscalis
890 2006 1083 2049 areis'nihil,
1100 2006 1140 2038 ab
1153 2003 1397 2047 instigatoribus
1417 2003 1583 2036 moderate
1599 2003 1750 2046 accipiat,
1766 2003 1845 2036 ibid.
1864 2003 1896 2043 b,·
1909 2003 1949 2036 de
1962 2013 2016 2036 ex-

550 2063 657 2107 pensis
670 2059 964 2096 eontumacialibus
982 2060 1165 2102 impensum
1187 2058 1235 2091 vel
1254 2056 1399 2090 debitum
1414 2056 1515 2089 solvat
1532 2055 1778 2099 instigatoribus
1790 2061 1820 2089 et
1835 2055 2016 2097 tabellioni,

549 2122 579 2150 et
600 2115 769 2149 residuum
802 2113 863 2145 sibi
889 2112 1039 2152 retineat,
1062 2111 1142 2144 ibid.
1166 2116 1193 2143 et
1215 2120 1304 2152 seq.;
1325 2109 1494 2142 citationes
1522 2108 1680 2152 expediat,
1695 2108 1760 2142 220
1784 2119 1819 2149 a,·
1848 2114 2016 2152 capturam

550 2179 614 2202 non
639 2167 817 2200 committat
845 2165 905 2198 nisi
931 2164 1105 2197 metuenda
1126 2164 1164 2196 sit
1188 2164 1262 2206 suga
1285 2162 1443 2205 inquisiti,
1465 2162 1567 2199 ibid.,·
1590 2162 1754 2205 appellare
1785 2161 1819 2195 ei
1837 2161 1924 2203 licet,
1962 2161 2018 2195 sed

552 2222 724 2263 Signatura
739 2220 779 2252 de
800 2218 1026 2262 appellationis
1046 2216 1242 2249 admissione
1262 2216 1309 2249 vel
1336 2216 1499 2248 reiectone
1523 2215 1659 2255 iutilicat,
1685 2214 1764 2247 ibid.
1780 2226 1794 2255 ,·
1812 2225 2016 2258 supersesso-

551 2275 615 2307 rias
635 2283 823 2307 caussarum
845 2271 989 2305 civilium
1009 2281 1074 2303 non
1096 2275 1261 2313 procuret,
1284 2270 1363 2302 ibid.
1378 2269 1528 2301 b.Eidem
1550 2274 1581 2301 et
1601 2267 1784 2310 instigatori
1808 2268 2017 2311 denegandae

552 2339 681 2373 semper
711 2333 784 2361 sunt
813 2325 1029 2365 remissoriae,
1056 2324 1118 2357 nisi
1143 2325 1176 2356 in
1197 2324 1324 2357 casibus
1344 2323 1384 2356 de
1409 2323 1480 2356 iure
1506 2323 1784 2363 concessae,ibid.
1802 2323 1942 2356 Litterae
1961 2333 2019 2366 pro

554 2381 718 2425 capiendis
734 2379 863 2413 indiciis
888 2378 1019 2422 quando
1041 2378 1171 2416 dentur,
1193 2377 1269 2410 ibid.
1293 2376 1379 2415 Quae
1401 2376 1571 2409 dilationes
1592 2376 1656 2409 reis
1676 2376 1917 2416 concedendae,
1936 2375 2015 2408 ibid.

552 2435 893 2478 Compositionescum
909 2432 1029 2475 quihus
1045 2431 1245 2470 tractandae,
1267 2431 1346 2463 ibid.
1366 2430 1598 2462 Absolutorum
1626 2430 1792 2462 cautiones
1819 2439 1883 2462 non
1909 2428 2019 2471 requi-

554 2488 684 2527 rendae,
706 2487 784 2519 ibid.
812 2486 935 2523 Fiscus,
959 2484 1089 2528 quando
1111 2484 1267 2526 appellat,
1294 2489 1522 2526 prosequatur,
1550 2482 1575 2514 si
1601 2483 1687 2515 adest
1712 2481 1891 2523 instigator,
1918 2480 1996 2513 ibid.
2010 2492 2020 2517 ,-

555 2541 586 2572 in
601 2541 722 2573 caussis
747 2540 831 2572 inter
855 2539 997 2582 privatos
1023 2537 1239 2569 interveniens
1273 2537 1332 2568 sub
1368 2542 1533 2579 praetextu
1566 2535 1688 2578 proprii
1716 2535 1890 2571 interesse,
1913 2534 1953 2566 de
1981 2544 2019 2566 eo

556 2594 659 2626 statim
682 2594 797 2625 «harere
819 2598 976 2631 teneatur,
997 2590 1055 2623 221
1082 2602 1101 2622 ιι
1116 2603 1124 2625 ,·
1147 2591 1177 2622 in
1200 2589 1555 2622 caussis‹·1·iminalilms
1584 2600 1711 2632 semper
1731 2588 1889 2627 citandus,
1918 2587 1995 2619 ibid.
2009 2600 2019 2626 ,·

555 2646 747 2679 substitutos
767 2646 922 2689 deputare
943 2651 1057 2688 potest,
1078 2644 1132 2676 sed
1160 2644 1282 2686 aliquid
1305 2644 1344 2675 ab
1370 2643 1415 2675 eis
1445 2643 1589 2686 recipere
1615 2641 1820 2685 prohibetur,
1841 2640 1918 2672 ibid.
1937 2640 2019 2679 Quid
