2237 3100
203 239 251 265 An.
269 239 299 266 C.
318 239 385 267 1567

210 774 259 797 {deo
275 773 378 793 habentes

197 806 253 825 dictu
274 804 379 825 benetia-ia

195 838 252 855 unita
269 834 376 854 dvbeutse

195 866 289 890 obligare
309 866 332 884 ,111
345 870 377 885 so-

194 897 294 916 lutionem
315 897 377 922 quin-

194 928 318 947 ‹leuniorum
356 929 377 946 et

194 957 281 978 aliorum
292 958 375 978 jurium.

213 2429 310 2451 (llausuta
323 2428 374 2449 sub-

192 2461 242 2481 lata.

446 230 510 264 600

401 292 570 336 utriusque
602 302 696 326 sexus
725 301 938 336 personarum
968 290 1028 334 piis
1058 291 1149 330 locis,

401 346 607 388 quantumvis
627 344 832 388 privilegiatis
851 349 881 377 et
901 343 1069 386 exemptis,
1093 344 1151 376 sub

400 398 662 442 quibuscumque
682 397 849 430 tenoribus
878 401 909 428 01
932 396 1044 428 formis
1075 407 1151 440 apo·

400 451 511 484 stolica
530 450 722 483 auctoritate
742 449 842 489 unita,
873 459 929 482 seu
959 449 1038 482 alias
1066 460 1150 493 quo-

401 504 575 537 modolibet
590 510 621 536 ct
635 503 748 546 quovis
763 502 857 535 titulo
873 503 1003 536 obtenta
1019 509 1047 536 et
1074 514 1150 547 pos-

399 567 495 596 sessa,
514 557 573 589 sub
588 557 689 590 literis
700 556 789 589 Pauli
805 556 939 589 secundi
960 561 990 589 et
1010 556 1149 590 aliorum

399 609 684 652 praedecessorum
705 609 893 643 huiusmodi
915 610 1149 654 comprehendi

397 668 428 695 ct
447 662 582 695 includi.

438 716 453 758 ξ
486 716 516 748 5.
553 716 590 749 Ε1
619 721 792 760 propterea
820 716 929 749 omnia
963 721 992 749 et
1023 716 1148 760 singula

395 768 648 809 cathedralium,
676 770 772 802 etiam
801 769 1145 813 metropolitanarum,

393 820 671 864 ecclesiarumque
704 821 950 864 collegiatarum
982 822 1144 866 capitula,

392 874 679 917 congregationes,
715 875 937 908 universitates
954 902 962 916 ,
993 876 1144 918 collegia,

391 927 562 971 hospitalia
589 935 617 961 et
646 928 697 972 pia
718 929 789 962 loca
821 934 852 962 et
878 929 980 972 quivis
1009 929 1084 970 alii,
1115 929 1146 962 in

391 991 532 1024 quorum
566 981 705 1015 savorem
744 981 900 1022 uniones,
932 981 1143 1023 annexiones,

390 1033 680 1077 incorporationes‚
703 1034 937 1079 applicationes
957 1041 982 1067 et
1007 1035 1145 1068 submis-

390 1087 495 1121 siones
506 1088 802 1121 huiusmodisactae
813 1089 1032 1132 reperiuntur,
1045 1100 1146 1133 quan-

390 1147 615 1185 tumcumque,
645 1147 679 1174 ut
710 1142 905 1185 praefertur,
942 1149 1090 1186 exempta
1115 1149 1146 1177 et

391 1195 589 1239 privilegiata
627 1196 779 1237 existant,
818 1196 914 1229 etiam
943 1196 968 1229 si
993 1207 1026 1230 se
1046 1208 1143 1242 supe-

390 1247 481 1281 rinde
508 1249 540 1281 in
564 1248 699 1282 Camera
724 1249 908 1293 Apostolica
929 1259 995 1282 non
1020 1250 1143 1293 obliga-

388 1302 511 1341 verint,
539 1289 716 1335 dummbdo
742 1303 938 1336 monasteria
965 1309 996 1337 et
1019 1304 1143 1337 benesi-

389 1354 437 1388 cia
462 1355 530 1399 ipsa
550 1355 746 1398 possideant,
769 1355 808 1388 ad
833 1356 1027 1390 solutionem
1058 1368 1144 1391 com-

390 1408 554 1449 munium,
583 1414 777 1442 annatarum
800 1414 831 1442 et
850 1409 989 1443 aliorum
1021 1410 1143 1444 iurium

389 1462 631 1506 praedictorum
657 1462 762 1496 eidem
791 1463 944 1496 Gamerae
973 1474 1032 1507 pro
1062 1470 1143 1497 tem-

387 1527 467 1560 pore
491 1516 665 1559 praetcrito
689 1516 796 1560 (salvis
817 1516 946 1560 collegii
971 1523 1001 1550 et
1021 1517 1144 1551 officia-

389 1570 467 1602 lium
480 1569 608 1603 iuribus
622 1571 728 1613 quoad
748 1570 856 1603 sutura
872 1571 1141 1616 remanentibus),

386 1623 510 1657 ratione
536 1623 708 1665 unionum,
735 1624 968 1665 annexionum‚
993 1625 1144 1669 incorpo-

386 1676 569 1717 rationum‚
607 1677 862 1721 applicationum
892 1684 923 1712 et
953 1679 1143 1713 submissio-

386 1740 464 1763 num
496 1730 756 1774 praedictorum,
788 1731 923 1774 singulis
951 1742 990 1765 xv
1005 1732 1098 1765 annis
1127 1743 1145 1766 a

387 1783 438 1816 die
463 1794 527 1827 qua
558 1784 633 1816 illae
661 1795 756 1817 suum
782 1784 911 1818 sortitae
937 1785 1070 1818 suerunt
1098 1785 1144 1819 es-

388 1838 520 1877 t'eetum,
545 1842 575 1871 et
594 1837 673 1871 alias
693 1838 781 1871 iuxta
807 1844 953 1872 tenorem
974 1839 1144 1873 literarum

388 1890 419 1923 in
446 1891 549 1924 forma
581 1897 689 1924 motus
721 1891 847 1936 proprii
888 1902 906 1924 a
935 1892 1015 1926 Iulio
1049 1893 1144 1927 tertio

388 1943 638 1987 praedecessore
673 1944 849 1987 praedicto,
880 1956 978 1989 super
998 1947 1143 1990 applica-

389 1997 476 2030 tione
510 1997 787 2041 quindenniorum
821 1998 1063 2042 praedictorum
1101 2001 1144 2034 ei-

387 2051 460 2084 dem
486 2050 639 2084 Gamerae
657 2052 739 2084 sacta
753 2051 893 2095 desuper
906 2059 1142 2094 emanaturum,

388 2104 568 2138 faciendam
589 2105 692 2138 teneri
713 2111 744 2138 et
764 2105 922 2148 obligatos
943 2116 1024 2147 esse,
1046 2112 1077 2139 et
1104 2108 1144 2140 ad

388 2157 431 2198 id,
452 2168 509 2201 per
529 2158 718 2199 sententias,
744 2169 897 2192 censuras
924 2164 955 2192 et
974 2170 1095 2203 poenas
1111 2160 1143 2193 in

389 2211 523 2253 singulis
545 2212 635 2244 Pauli
652 2212 798 2247 secundi
825 2218 856 2245 et
880 2212 1020 2245 aliorum
1046 2224 1142 2257 prac-

389 2264 595 2298 ‹lecessorum
620 2265 808 2299 huiusmodi
837 2265 939 2300 literis
963 2270 1140 2309 contentas,

389 2317 461 2359 cogi
485 2323 515 2350 et
536 2318 687 2363 compelli
707 2329 812 2363 posse.

432 2370 447 2413 g
464 2371 493 2403 6.
508 2370 624 2415 Sicque
644 2377 675 2405 et
688 2382 754 2406 non
775 2372 879 2413 aliter,
906 2372 939 2405 in
959 2373 1143 2417 praemissis

391 2420 542 2453 omnibus
561 2426 592 2453 et
611 2421 757 2464 singulis,
777 2432 835 2464 per
853 2431 1078 2464 quoscumque
1093 2422 1142 2454 iu-

391 2468 478 2501 dices
498 2474 528 2501 et
552 2470 803 2510 commissarios,
829 2469 940 2513 quavis
966 2470 1143 2513 apostolica

391 2517 582 2550 auctoritate
610 2518 792 2561 fungentes,
825 2518 920 2552 etiam
943 2519 1054 2552 Palatii
1083 2530 1142 2553 no-

392 2565 448 2598 stri
468 2565 643 2610 Apostoliei
669 2577 842 2600 causarum
863 2567 1038 2609 auditores,
1066 2579 1142 2602 nec-

390 2623 456 2648 non
480 2620 610 2649 sanctae
643 2615 808 2650 Romanae
841 2615 1003 2651 Ecclesiae
1037 2616 1142 2651 cardi-

997 238 1177 262 BULLARIUM
1201 238 1353 263 ROMANUM

1196 291 1300 330 nales,
1334 301 1371 323 ac
1395 292 1611 325 venerabilem
1638 294 1769 328 fratrem
1799 300 1947 328 nostrum

1194 343 1427 388 Hieronymum
1455 344 1644 389 episcopum
1675 347 1945 390 Maceratensem,

1193 396 1356 440 praefatae
1380 397 1533 431 Gamerae
1559 399 1729 440 clericum,
1760 401 1813 433 cui
1833 412 1946 435 omnes

1193 454 1223 481 et
1243 448 1385 492 singulas
1411 461 1524 484 causas
1553 451 1723 485 occasione
1749 454 1945 496 praemisso-

1193 512 1265 534 rum
1297 503 1474 546 pendentes
1503 504 1746 546 commisimus,
1773 505 1805 538 in
1835 508 1947 550 quavis

1192 554 1341 589 instantia
1359 583 1366 597 ‚
1390 557 1515 590 sublata
1541 557 1587 590 eis
1611 563 1639 591 et
1671 569 1784 591 corum
1816 559 1948 594 cuilibet

1191 608 1284 641 aliter
1301 609 1466 643 iudicandi
1489 610 1653 651 facultate,
1676 611 1813 645 iudicari
1834 618 1865 646 et
1889 613 1945 648 de-

1191 661 1278 694 finiri
1295 662 1425 701 debere;
1448 662 1641 708 irritumque
1662 669 1719 698 etc.
1738 665 1947 700 decernimus

1191 721 1221 748 et
1241 714 1456 749 declaramus.

1233 768 1248 811 ,ξ
1269 768 1300 801 7.
1323 769 1507 803 Mandantes
1532 770 1636 804 eidem
1657 770 1854 816 Hieronymo
1875 773 1945 817 epi-

1190 831 1289 865 scopo
1311 828 1345 855 ut
1366 833 1477 856 omnes
1493 829 1523 857 et.
1538 823 1681 867 singulas
1701 836 1815 859 causas
1835 837 1945 860 coram

1190 874 1331 913 eo,inter
1346 875 1499 909 dilectum
1511 877 1614 910 silium
1631 878 1776 912 eiusdem
1793 879 1945 925 Gamerae

1190 927 1409 969 collectorem,
1424 939 1461 962 ex
1481 940 1558 971 una,
1577 936 1607 963 et
1626 942 1850 976 quascumque
1866 944 1944 967 con-

1188 981 1403 1023 gregationeS,
1427 983 1579 1026 capitula,
1611 984 1747 1028 collegia
1767 990 1798 1019 et
1818 987 1945 1029 quasvis

1188 1033 1265 1066 alias
1289 1045 1456 1078 personas,
1479 1047 1516 1068 ex
1532 1037 1631 1070 altera
1652 1037 1809 1080 partibus,
1846 1050 1945 1084 super

1188 1087 1381 1121 solutionem
1413 1095 1627 1131 annatarum‚
1655 1092 1881 1126 communium
1913 1099 1944 1127 et

1188 1141 1325 1174 aliorum
1354 1142 1474 1175 iurium
1503 1144 1780 1187 quindenniorum
1809 1156 1941 1180 eorum-

1187 1194 1260 1227 dem
1280 1196 1328 1228 1οΙ
1354 1206 1468 1229 eorum
1494 1198 1682 1238 occasione,
1713 1209 1801 1232 nunc
1821 1204 1853 1233 et
1881 1211 1940 1244 pro

1188 1252 1331 1291 tempore
1365 1250 1557 1292 pendentes,
1594 1251 1680 1285 iuxta
1719 1253 1939 1296 praesentium

1186 1306 1332 1335 tenorem
1353 1303 1503 1336 terminet
1518 1309 1549 1337 et
1569 1304 1707 1338 decidat.
1729 1305 1767 1339 Et
1786 1317 1845 1350 pro
1864 1306 1940 1341 saci-

1185 1355 1258 1388 liori
1285 1355 1490 1399 indagatione
1510 1357 1670 1391 unionum
1687 1359 1939 1402 praedictarum,

1186 1409 1295 1443 onmia
1332 1415 1363 1443 01
1396 1410 1523 1454 singula
1559 1412 1812 1454 cathedralium,
1844 1413 1940 1448 etiam

1185 1464 1509 1508 metropolitanarum
1545 1470 1572 1498 et
1608 1466 1865 1510 collegiatarum,
1888 1479 1941 1502 ec-

1187 1517 1359 1551 clesiarum
1381 1518 1535 1562 capitula,
1557 1529 1686 1553 necnon
1708 1525 1774 1553 tam
1796 1521 1941 1556 virorum

1186 1581 1284 1615 quam
1310 1571 1486 1605 mulierum
1512 1573 1695 1607 saeculares
1723 1580 1754 1607 et
1781 1585 1942 1618 quorum-

1185 1624 1230 1658 vis
1267 1624 1424 1658 Ordinuin
1463 1627 1629 1669 regulares
1674 1629 1942 1671 congregationes

1186 1688 1242 1711 seu
1265 1678 1400 1722 collegia
1429 1684 1459 1712 et
1489 1680 1541 1722 pia
1560 1680 1649 1721 loca,
1681 1682 1942 1727 eorumdemque

1186 1731 1346 1776 praelatos
1361 1737 1392 1765 et
1411 1738 1651 1776 procuratores,
1673 1734 1713 1767 ad
1730 1734 1940 1770 indicandum

1187 1792 1216 1819 et
1232 1785 1462 1829 profitendum,
1486 1786 1592 1820 medio
1613 1787 1808 1829 iuramento,
1831 1789 1940 1823 omnia

1187 1844 1217 1872 01
1241 1839 1368 1882 singula
1392 1840 1607 1882 monasteria,
1635 1841 1816 1885 prioratus,
1848 1853 1941 1886 prae-

1186 1893 1359 1937 posituras,
1382 1893 1629 1937 praepositatus‚
1653 1895 1856 1939 parochiales
1885 1906 1940 1931 ec-

1187 1947 1301 1980 clesias
1324 1952 1354 1980 et
1374 1947 1435 1979 alia
1454 1957 1683 1992 quaecumque
1703 1948 1863 1984 beneficia
1890 1960 1941 1984 ec-

1186 1999 1376 2041 clesiastica,
1408 2010 1491 2043 quae
1517 2000 1586 2044 ipsa
1614 2002 1775 2046 capitula,
1803 2013 1940 2047 congre-

1186 2053 1330 2097 gationes
1352 2058 1383 2086 et
1402 2053 1463 2086 alia
1484 2053 1537 2097 pia
1557 2055 1627 2087 loca
1651 2055 1815 2099 praedicta
1835 2056 1939 2100 possi-

1186 2107 1293 2148 deant,
1317 2112 1347 2140 et
1369 2117 1433 2151 quo
1454 2106 1546 2141 titulo
1567 2107 1621 2141 illa
1641 2108 1843 2152 possideant,
1865 2110 1939 2143 illo-

1185 2170 1326 2204 rumque
1346 2171 1472 2193 annuos
1492 2161 1636 2201 valores,
1665 2161 1726 2194 sub
1751 2162 1940 2206 privationis

1185 2219 1216 2247 ct
1235 2214 1306 2247 aliis
1330 2214 1362 2247 111
1383 2214 1483 2248 literis
1504 2214 1535 2248 in
1557 2215 1659 2248 forma
1689 2219 1796 2249 motus
1815 2216 1939 2260 proprii

1184 2268 1275 2301 Pauli
1309 2268 1416 2312 quarti
1453 2269 1711 2312 praedecessoris
1750 2269 1938 2304 huiusmodi

1185 2321 1344 2355 contentis
1359 2322 1537 2362 sententiis,
1560 2322 1706 2355 censuris
1725 2327 1756 2356 et
1769 2322 1894 2365 poenis,
1905 2323 1938 2356 in

1185 2375 1329 2409 Romana
1355 2375 1450 2409 Curia
1480 2381 1511 2409 et
1536 2381 1624 2409 extra
1648 2386 1719 2409 eam
1744 2381 1875 2410 moneat
1907 2381 1940 2409 et

1185 2430 1338 2466 requirat.

1229 2472 1294 2516 §8
1326 2473 1395 2506 Non
1425 2472 1626 2507 obstantibus
1654 2472 1939 2508 constitutionibus

1185 2526 1215 2553 ct
1235 2521 1493 2555 ordinationibus
1510 2521 1704 2566 apostolicis,
1725 2532 1853 2555 necnon
1873 2523 1939 2567 pri-

1184 2569 1316 2613 vilegiis,
1339 2571 1609 2614 exemptionibus,
1631 2570 1764 2605 indultis
1787 2576 1818 2604 et
1836 2571 1938 2605 literis

1184 2619 1370 2662 apostolicis
1394 2619 1710 2664 congregationibus,
1739 2619 1887 2665 capitulis
1906 2625 1937 2659 et

1964 242 2014 269 An.
2031 242 2061 269 C.
2080 241 2146 270 156⁷

2019 784 2145 807 Exoeutoris

1960 815 2078 843 deputatio.

1967 2483 2080 2510 Derogatio
2088 2489 2139 2506 cou-

1954 2515 2074 2536 uariorum.
