2237 3100
58 276 108 304 An.
124 276 154 303 C.
174 275 242 303 ¹⁸70

103 864 244 893 Extenditque

59 897 84 918 nd
99 902 161 918 omne
178 902 244 922 genus

61 929 164 954 ‘ruciam

105 1569 246 1591 sxecutorem

61 1600 156 1628 deputat.

939 273 1007 298 Plt's
1025 274 1044 298 V
1064 274 1112 299 PP.

256 329 381 358 cretum
395 350 403 365 ,
441 323 711 365 declarationem,
756 325 1007 368 innovationem,

255 377 454 411 voluntatem
488 383 519 412 et
545 378 773 412 inhibitionem
794 381 949 423 praefata,
973 392 1010 413 cx

256 436 344 464 certa
367 437 479 464 nostra
503 433 637 466 scientia
671 444 708 466 ac
729 433 767 466 de
789 433 933 466 ciusdem
956 445 1010 477 po-

257 485 378 518 testatis
393 485 608 529 plenitudine,
620 486 810 520 auctoritate
821 487 1010 530 apostolica,

255 543 368 572 tenore
392 539 625 583 praesentium,
652 545 811 584 perpetuo
836 541 1010 573 confirma-

257 603 330 625 mus
349 598 381 626 et
404 594 624 637 approbamus
638 621 645 634 ,
672 594 801 638 illisque
835 600 1011 638 perpetuae

257 651 288 679 et
307 646 501 680 inviolabilis
525 647 686 681 firmitatis
705 648 808 682 robur
827 649 1010 689 adiicimus,

257 699 444 743 dictamque
464 707 572 734 motus
596 701 723 746 proprii
744 702 892 735 cedulam
918 703 1012 736 inno-

257 763 380 786 vamus.

302 807 317 850 ἓ
336 806 367 840 3.
391 808 435 840 Ac
456 807 545 840 illam
566 808 605 841 ad
627 807 771 842 licentias
791 814 821 842 et
846 809 1014 842 facultates

258 859 490 904 quodcumque
519 871 622 903 genus
655 861 811 903 grasciae,
850 862 946 895 etiam
981 862 1013 894 in

259 914 424 955 carnibus,
452 915 576 955 ovibus,
599 915 690 958 agnis
710 921 741 948 et
761 915 831 949 aliis
864 916 1013 948 animali-

257 967 328 1007 bus,
353 978 481 1001 necnon
507 968 578 1001 oleo
599 979 636 1001 ac
663 969 760 1001 rebus
780 968 850 1001 aliis
879 969 1014 1012 quibus-

258 1031 400 1065 cumque
422 1021 637 1063 consistentis,
656 1022 967 1066 quomodocumque
985 1028 1013 1055 et

257 1074 540 1118 qualitercumque
569 1076 779 1120 nuncupatis,
813 1087 1014 1109 concernen-

259 1132 306 1161 tes
325 1154 333 1169 ,
371 1128 635 1173 quibuscumque
673 1130 929 1173 (praeterquam
979 1141 1015 1163 ex

259 1192 356 1215 causa
392 1193 530 1216 onerosa
564 1183 721 1227 praefata)
754 1183 1015 1226 quomodocum-

258 1246 322 1278 que
344 1246 525 1277 concessas,
548 1237 590 1270 ita
611 1242 647 1270 ut
680 1237 753 1270 illae
788 1237 938 1270 similiter
964 1248 1015 1270 re-

258 1295 402 1330 vocatae,
430 1300 539 1324 cassae
573 1296 604 1324 et
641 1290 752 1324 irritae
789 1291 850 1324 sint
885 1296 916 1324 et
948 1302 1016 1324 esse

260 1350 466 1385 censeantur,
498 1344 702 1385 auctoritate,
725 1345 892 1389 potestatis
917 1345 1017 1389 pleni-

259 1397 374 1431 tudine
395 1403 426 1431 et
449 1404 540 1432 motu
566 1398 726 1432 similibus
752 1399 954 1433 extendimus
987 1406 1017 1432 et

260 1451 470 1496 ampliamus.

305 1505 320 1549 5
339 1505 370 1539 4.
393 1506 525 1540 Necnon
547 1506 652 1540 eidem
672 1506 833 1540 Vitellotio
851 1507 1017 1547 cardinali,

260 1565 391 1604 praeter
407 1559 606 1593 ordinariam
624 1560 672 1593 sui
694 1561 891 1601 facultatem,
910 1561 1017 1605 quoad

261 1612 484 1646 extensionem
500 1618 531 1646 et
550 1613 794 1657 ampliationem
819 1613 1018 1654 huiusmodi,

260 1666 409 1699 eamdem
430 1667 624 1710 exequendi,
647 1667 839 1711 publicandi
865 1672 895 1700 et
915 1667 1020 1701 notifi-

260 1720 356 1754 candi
381 1731 418 1755 ac
452 1721 639 1754 declarandi
658 1727 863 1766 potestatem,
888 1722 1021 1754 faculta-

260 1777 325 1806 tem
350 1773 638 1815 etauctoritatem,
654 1785 739 1818 quae
759 1774 805 1807 illi
826 1775 934 1818 quoad
947 1785 1021 1808 con-

223 1869 229 1872 ·
259 1831 347 1859 tenta
367 1826 400 1860 in
420 1826 622 1871 praeinserta
638 1833 746 1861 motus
758 1828 882 1872 proprii
905 1829 1020 1861 cedula

77 2102 194 2124 Contrariis
204 2107 246 2122 non

63 2133 207 2155 obstantibus.

90 2236 207 2259 Prohibitlu
225 2241 250 2255 u-

64 2269 124 2291 tendi
157 2267 250 2288 licentiis

65 2300 98 2321 vel
106 2299 193 2320 indultis
205 2298 251 2317 :ihs-

66 2336 106 2358 (μισ
128 2330 217 2357 patenti*
228 2334 251 2348 us

66 2361 187 2382 eumenum.

260 1880 300 1912 ab
325 1880 439 1913 eodem
453 1881 703 1925 praedecessore
720 1892 886 1921 concessa,
907 1882 979 1914 data
992 1887 1021 1914 ct

259 1933 415 1967 attributa
444 1934 558 1976 extitit,
595 1935 722 1977 damus,
760 1936 972 1969 concedimus
993 1946 1021 1976 et

262 1986 483 2031 impartimur.

306 2040 320 2084 ἓ
341 2041 373 2074 5.
395 2041 466 2074 Non
500 2041 704 2075 obstantibus
744 2042 898 2075 omnihus
938 2053 1022 2085 quae

262 2093 367 2127 dictus
392 2095 625 2138 praedecessor
647 2095 749 2128 voluit
780 2106 845 2129 non
879 2096 1020 2135 obstare,

263 2147 445 2192 ceterisque
466 2148 640 2182 contrariis
660 2149 935 2193 quibuscumque.

308 2200 323 2244 ἓ
343 2200 374 2234 6.
404 2201 561 2235 Volumus
585 2208 693 2235 autem
715 2208 749 2235 ut
770 2202 923 2246 deinceps
948 2213 1022 2246 per-

265 2253 371 2296 petuis
396 2253 514 2287 futuris
533 2255 736 2298 temporibus
756 2254 849 2295 nulli,
869 2266 1023 2299 quarum-

265 2316 406 2350 cumque
427 2307 648 2348 licentiarum,
663 2308 759 2341 etiam
781 2320 817 2341 ex
839 2319 936 2341 causa
948 2319 1025 2342 one-

266 2370 351 2401 rosa,
365 2360 461 2393 etiam
473 2361 498 2394 si
514 2361 645 2405 propria
662 2361 852 2394 auctoritate
869 2363 1023 2395 extractio

266 2413 328 2447 illis
348 2415 505 2457 permissa
525 2415 577 2455 sit,
601 2426 829 2449 concessarum
851 2421 878 2448 et
906 2426 1023 2449 conce-

266 2462 448 2496 dendarum
459 2463 580 2506 vigore,
599 2464 812 2497 extructiones
828 2475 1004 2507 granorum
1015 2492 1022 2505 ,

266 2511 440 2546 bladorum
475 2518 505 2546 et
542 2513 759 2556 leguminum,
794 2524 923 2546 necnon
953 2525 1021 2547 car-

267 2561 373 2603 nium,
396 2562 460 2596 olei
480 2569 510 2596 et
530 2563 683 2603 aliorum,
706 2569 741 2596 ut
766 2574 865 2607 supra
898 2564 1025 2607 specifi-

268 2616 415 2645 catorum
431 2638 441 2652 ,
482 2611 578 2645 etiam
614 2612 850 2656 cuiuscumque
893 2613 1026 2645 alterius

269 2660 408 2702 generis,
444 2661 554 2702 etiam,
581 2667 617 2695 ut
637 2661 831 2705 praefertur,
859 2662 1026 2705 specifica-

349 2713 424 2744 Ball.
442 2713 520 2745 Rom.
542 2713 597 2744 Vol.
621 2714 679 2745 VII.
848 2715 905 2745 107

1697 261 1761 296 849

1051 333 1101 361 tae
1126 326 1270 371 grasciae
1289 325 1492 366 huiusmodi,
1519 325 1640 369 absque
1661 325 1805 359 eiusdem

1053 380 1223 414 camerarii
1245 379 1419 413 cardinalis
1443 379 1629 423 patentibus
1667 379 1808 423 desuper

1053 434 1268 468 concedendis
1287 433 1413 474 litteris,
1440 433 1548 477 aliquo
1574 439 1668 477 pacto
1688 433 1721 466 in
1740 438 1807 467 toto

1053 487 1142 521 Statu
1163 486 1388 520 Ecclesiastico
1409 486 1514 519 facere
1539 486 1664 530 possint
1684 492 1738 519 aut
1754 497 1807 519 va-

1053 541 1152 579 leant;
1169 550 1295 573 necnon
1305 550 1530 583 quoscumque
1540 539 1809 573 contrafacientes

1054 593 1086 626 in
1101 594 1260 637 praefatas
1273 604 1394 638 poenas
1418 593 1570 626 incidisse
1591 598 1621 626 et
1634 594 1809 627 incurrisse

1054 647 1270 687 declaramus,
1293 652 1323 679 et
1344 646 1383 679 ab
1404 647 1517 679 eodem
1530 646 1687 680 cardinali
1700 657 1808 680 came-

1056 700 1140 733 rario
1161 700 1373 734 declarandos
1393 710 1461 733 esse
1482 700 1700 741 decernimus,
1721 705 1779 734 etc.

1099 754 1114 796 ἓ
1130 753 1160 787 7.
1175 753 1331 797 Quodque
1348 754 1414 786 sola
1429 754 1606 797 praesentis
1619 759 1726 787 motus
1736 765 1809 798 pro-

1057 807 1118 850 prii
1133 807 1297 850 signatura
1313 807 1462 847 sufficiat,
1482 812 1511 840 et
1522 807 1643 851 ubique
1654 807 1751 840 iidem
1763 809 1810 841 fa-

1057 860 1130 901 ciat,
1144 860 1177 893 in
1194 860 1313 893 iudicio
1326 866 1357 893 et
1369 866 1683 905 extra,quacumquc
1699 862 1811 904 regula

1057 924 1113 946 seu
1130 915 1360 948 constitutione
1377 915 1553 958 apostolica
1567 915 1730 949 contraria
1746 926 1811 949 non

1058 967 1215 1001 obstante.

1208 1022 1325 1056 Placet.
1350 1022 1435 1055 Motu
1455 1022 1602 1067 proprio,
1620 1023 1658 1056 M.

1373 1205 1499 1239 CLXXI.

1059 1279 1217 1313 Momules
1239 1280 1373 1314 Ordinis
1388 1281 1422 1314 S.
1441 1282 1520 1314 Dom
1528 1282 1608 1314 inici
1625 1282 1658 1314 in
1678 1282 1814 1315 articulo

1104 1335 1216 1367 mortis
1247 1336 1442 1368 constitutae
1462 1335 1696 1378 professionem
1720 1337 1814 1369 emit-

1106 1392 1168 1421 tere
1184 1393 1319 1431 possunt
1353 1393 1430 1421 ante
1462 1400 1589 1422 animm
1612 1390 1817 1432 probationis

1105 1442 1277 1485 erpletzem,
1301 1442 1472 1476 dummodo
1492 1444 1558 1476 sint
1579 1444 1743 1487 Ieyitinme
1766 1454 1818 1477 ae-

1107 1497 1196 1529 tatis.

1181 1577 1243 1605 Pius
1262 1577 1333 1613 Papa
1352 1578 1382 1610 V.
1403 1579 1482 1606 motu
1500 1578 1622 1613 proprio,
1642 1580 1697 1607 etc.

1106 1649 1232 1682 Summi
1267 1650 1439 1682 sacerdotii
1465 1661 1555 1690 cura,
1588 1650 1713 1683 meritis
1745 1649 1820 1683 licet

1063 1702 1254 1745 imparibus,
1282 1703 1376 1736 nobis
1401 1713 1439 1736 ex
1460 1704 1523 1736 alto
1558 1703 1742 1743 commissa,
1771 1714 1820 1736 re-

1063 1756 1163 1799 quirit
1187 1763 1222 1790 ut
1241 1757 1321 1790 votis
1341 1757 1422 1797 illis,
1444 1768 1503 1802 per
1522 1768 1605 1801 quae
1637 1757 1819 1790 animarum

1064 1810 1335 1851 christifidelium,
1362 1812 1553 1855 praesertim
1589 1811 1819 1844 sanctimonia-

1065 1864 1155 1904 lium,
1166 1864 1322 1897 virtutum
1333 1864 1469 1898 Domino
1480 1865 1539 1897 sul)
1547 1864 1635 1898 suavi
1643 1864 1822 1907 Religionis

1065 1917 1140 1959 iugo
1165 1917 1374 1961 virgineaque
1395 1924 1571 1962 perpetuae
1589 1918 1821 1950 castitatislau-

1066 1971 1153 2003 reola
1183 1971 1424 2011 famulantium,
1461 1971 1556 2004 saluti
1595 1971 1821 2015 spiritualique

1066 2024 1281 2057 consolationi
1308 2024 1502 2065 consulitur,
1538 2024 1677 2058 libenter
1701 2035 1822 2058 annua-

1066 2087 1150 2117 mus,
1172 2077 1292 2121 illaque
1312 2077 1474 2111 favoribus
1505 2089 1743 2122 prosequamur
1762 2089 1821 2122 op-

1066 2131 1226 2173 portunis.

1110 2185 1175 2227 gl.
1204 2185 1286 2218 Sane
1312 2185 1453 2219 exhibita
1484 2186 1578 2219 nobis
1611 2196 1726 2229 nuper,
1761 2196 1821 2230 pro

1066 2244 1157 2281 parte
1178 2238 1369 2272 dilectarum
1391 2240 1424 2272 in
1441 2239 1567 2273 Christo
1587 2239 1730 2272 siliarum
1751 2249 1820 2272 mo—

1067 2290 1202 2324 nialium
1235 2293 1441 2332 novitiarum,
1477 2297 1741 2336 nuncupatarum
1783 2292 1822 2325 ad

1067 2344 1223 2387 Regulam
1248 2346 1465 2389 profitendam
1499 2346 1531 2380 S.
1560 2346 1720 2379 Dominici
1759 2345 1823 2379 fra-

1067 2403 1153 2430 trum
1180 2398 1453 2442 {Praedicatorum
1488 2400 1599 2444 petitio
1641 2399 1824 2433 continebat

1068 2451 1168 2494 quod,
1191 2453 1347 2496 quoniam
1365 2453 1538 2497 aliquando
1559 2453 1676 2487 accidit
1696 2459 1729 2486 ut
1750 2453 1824 2493 illae,

1068 2505 1205 2539 durante
1226 2511 1372 2550 tempore
1404 2507 1605 2551 probationis
1630 2507 1760 2540 illarum
1786 2507 1823 2540 ad

1070 2558 1282 2592 emittendum
1310 2560 1545 2603 professionem
1577 2561 1761 2604 regularem
1797 2566 1827 2593 et

1069 2618 1142 2646 ante
1168 2612 1255 2646 illius
1275 2613 1494 2655 emissionem,
1518 2615 1556 2647 ab
1590 2615 1651 2648 hac
1676 2615 1740 2648 vita
1764 2614 1825 2647 mi-

1069 2672 1174 2709 grant,
1197 2672 1228 2700 et
1261 2667 1294 2700 in
1319 2667 1403 2700 dicto
1432 2672 1579 2712 tempore
1612 2667 1825 2712 probationis,

1821 272 1871 299 Am
1889 271 1920 300 C.
1938 272 2007 299 ¹³70

1837 758 1949 785 Slgnatura
1964 758 2010 780 tola

1825 789 1909 812 sufficit.

1859 1648 1981 1670 Exordium.

1846 2184 1927 2205 Causae
1943 2184 2023 2206 eonsu-

1836 2216 1933 2236 inuenit.
