2237 3100
223 216 273 243 An.
290 216 318 244 C.
340 217 406 245 {560

260 1087 393 1113 Privitegium

207 1118 254 1143 tort,
270 1119 295 1139 de
311 1124 350 1145 quo
362 1124 394 1139 su-

206 1155 257 1175 pra.
274 1150 299 1170 ad
320 1156 393 1171 omnes

206 1186 310 1206 personas
321 1184 340 1201 et
354 1183 392 1201 mi-

206 1215 285 1233 nistros
316 1216 391 1234 exten-

207 1243 235 1263 dn
252 1243 268 1263 l.

233 2159 290 2181 Bona
315 2161 377 2182 etiam

193 2190 285 2212 feudalia
301 2195 321 2212 et
345 2198 378 2213 ec-

193 2223 315 2243 clesiastica
329 2230 378 2244 con*

191 2252 318 2274 fraternitati
346 2260 378 2275 re-

191 2284 257 2312 linqui
275 2287 362 2312 possint,

420 271 667 316 divinorumque
696 272 963 312 celebrationem,
991 281 1087 314 quam
1108 279 1168 302 nu-

420 335 546 358 merum
567 325 765 358 confratrum
795 330 825 358 et
855 324 1093 361 ministrorum,
1117 335 1167 357 re·
1192 355 1193 362 ,

419 383 562 420 ctorum,
590 379 870 423 cappellanorum,
896 388 1165 419 oeconomorum,

417 432 669 475 gubernatorum
696 438 726 465 et
754 432 959 465 familiarium
986 431 1167 475 praedicto-

417 497 505 526 rum,
526 486 722 529 illorumque
743 496 896 529 personas
915 491 945 518 et
965 491 1166 525 ornamenta,

416 549 452 571 ac
473 539 558 572 hona
578 539 707 571 mobilia
726 544 754 571 et
775 538 954 571 immobilia
970 538 1099 571 illorum
1116 549 1168 572 eo·
1189 566 1191 577 ,

415 603 554 636 rumque
587 592 883 625 administratorum
918 597 948 625 et
981 592 1043 625 alia
1076 604 1167 637 prae-

415 647 510 679 missa
522 645 749 679 concernentia
767 645 917 686 condere,
931 646 1079 687 alterare,
1097 658 1167 680 mu-

414 705 480 733 tare
501 710 537 732 ac
562 700 599 732 de
618 710 698 732 novo
719 700 831 740 edere,
854 704 884 732 et
904 710 963 744 per
981 711 1036 733 eos
1055 700 1164 734 hacte-

413 763 474 785 nus
494 753 601 785 forsan
621 752 701 785 facta
722 753 897 786 reformare
919 758 948 786 et
968 759 1092 787 mutare
1109 765 1164 788 seu

413 806 450 838 de
469 816 549 839 novo
567 806 673 846 edere,
692 817 728 839 ac
749 817 971 850 quascumque
991 818 1112 851 poenas
1132 808 1164 841 in

412 859 686 892 contravenientes
706 870 869 904 apponere
888 861 1025 901 valeant,
1043 861 1163 895 eisdem

410 912 599 946 auctoritate
611 918 779 953 ettenore,
797 914 959 947 licentiam
980 920 1010 947 et
1029 915 1162 949 faculta-

411 972 473 1001 tem
495 967 702 1001 concedimus
719 974 746 1001 et
766 968 982 1011 indulgemus.

454 1021 538 1065 §ts
565 1022 696 1054 Necnon
716 1022 802 1065 quod
823 1032 887 1054 non
908 1023 1012 1055 solum
1034 1024 1161 1056 confra-

410 1080 490 1115 tres,
514 1076 567 1109 sed
586 1076 680 1108 etiam
702 1075 787 1108 illius
812 1082 839 1109 et
876 1076 1030 1109 ecclesiae
1051 1077 1162 1111 huius-

410 1128 496 1161 modi
521 1129 815 1166 administratores,
837 1129 1090 1172 gubernatores,
1114 1143 1161 1165 re-

409 1187 525 1221 ctores,
548 1182 734 1221 oeconomi,
762 1182 942 1224 servitores,
965 1184 1157 1225 familiares,

407 1235 562 1275 ministri,
586 1236 783 1280 cappellani,
801 1242 942 1269 rectores
963 1248 1018 1269 seu
1042 1238 1159 1271 officia-

405 1289 462 1329 les,
480 1299 545 1321 non
562 1289 666 1321 solum
685 1300 701 1321 a
722 1288 829 1321 vicarii
846 1289 938 1322 Urbis
957 1290 1155 1331 huiusmodi,

404 1342 458 1375 sed
479 1342 574 1375 etiam
596 1342 733 1375 aliorum
758 1353 1041 1387 quorumcumque
1066 1343 1158 1377 iuris-

404 1395 557 1437 dictione,
581 1396 794 1435 correctione,
815 1396 994 1430 visitatione
1015 1402 1046 1430 et
1065 1404 1155 1442 pote—

404 1455 482 1483 state
493 1449 620 1493 penitus
640 1455 670 1483 et
681 1450 813 1483 omnino
830 1451 979 1495 exempti,
994 1456 1025 1484 et
1036 1453 1152 1494 solum,

402 1503 487 1535 iuxta
508 1503 640 1546 praefati
658 1504 772 1537 Leonis
783 1504 1039 1548 praedecessoris
1049 1505 1155 1549 dispo-

401 1556 565 1595 sitionem,
589 1558 743 1590 cardinali
768 1563 895 1591 sanctae
916 1558 1078 1592 Romanae
1098 1560 1154 1593 Ec-

401 1610 528 1649 clesiae,
551 1610 702 1644 Gamerae
726 1612 927 1655 Apostolicae
952 1613 1074 1655 regenti
1099 1619 1154 1647 aut

400 1663 502 1708 ipsius
523 1663 674 1697 Gamerae
691 1665 829 1697 auditori
846 1676 904 1708 pro
926 1670 1070 1709 tempore
1086 1667 1151 1699 exi-

400 1717 492 1749 stenti
527 1717 661 1751 subiecti
690 1718 842 1759 existant,
873 1717 1006 1761 eiusque
1040 1730 1150 1753 corre-

398 1770 495 1804 ctioni
525 1777 555 1804 et
583 1772 744 1815 punitioni
779 1772 981 1811 subiaceant;
1014 1779 1045 1805 et
1063 1775 1149 1817 quod

397 1835 506 1858 coram
523 1825 592 1857 aliis
608 1826 804 1869 respondere
821 1825 953 1859 minime
966 1832 1146 1868 teneantur,

395 1890 454 1913 nec
475 1880 513 1913 ad
534 1880 564 1913 id
586 1881 656 1923 cogi
677 1891 733 1914 seu
759 1881 925 1925 compelli,
947 1893 1051 1925 neque
1073 1894 1148 1927 pro-

394 1939 504 1978 pterea
520 1934 643 1978 aliquas
660 1935 844 1973 sententias,
859 1946 1013 1969 censuras
1028 1944 1058 1970 et
1073 1949 1148 1982 poe-

392 2000 450 2022 nas
470 1990 648 2030 incurrere,
672 1991 726 2024 sed
757 1991 820 2024 illis
840 1992 972 2036 impune
998 1994 1146 2027 resistere

393 2050 423 2077 et
443 2045 597 2078 obsistere
616 2046 752 2078 valeant.

436 2099 451 2142 ἓ
466 2099 518 2133 18.
538 2099 692 2143 Quodque
703 2101 788 2134 bona
799 2111 1034 2145 quaecumque,
1051 2102 1145 2136 etiam

391 2153 530 2186 feudalia
550 2164 585 2186 ac
606 2154 843 2199 emphyteutica
865 2160 892 2188 et
915 2156 1142 2193 ecclesiastiea,

392 2207 552 2250 praefatae
578 2208 844 2243 confraternitati,
869 2214 932 2241 tam
960 2210 1145 2244 interrivos

391 2268 488 2301 quam
517 2269 612 2291 causa
643 2258 755 2290 mortis
783 2270 837 2292 seu
873 2264 1062 2293 testamento
1096 2263 1143 2295 vel

392 2306 551 2343 codicillo,
568 2307 649 2347 dari,
667 2308 799 2341 concedi
812 2314 841 2342 et
854 2309 1005 2352 relinqui3
1019 2310 1143 2354 ipsique

391 2357 456 2395 illa,
478 2362 573 2400 prout
591 2363 696 2390 cetera
718 2358 871 2391 ecclesiae
888 2365 919 2392 et
934 2360 1144 2393 confraterni-

391 2406 462 2438 tatis
473 2406 659 2439 huiusmodi
672 2407 766 2447 bona,
781 2418 891 2450 regere
909 2414 935 2441 et
950 2409 1141 2450 gubernare,

390 2465 450 2488 nee
484 2455 622 2499 desuper
650 2467 667 2488 a
701 2466 865 2498 quoquam
896 2458 1057 2490 molestari
1087 2470 1141 2492 seu

391 2504 574 2548 perturbari
609 2505 752 2548 possint,
789 2506 957 2539 statuimus
992 2512 1023 2539 et
1055 2508 1141 2541 ordi-

390 2563 517 2586 namus.

429 2621 440 2648 1
459 2622 491 2649 Α.
508 2620 536 2649 C.
555 2620 692 2650 facultates
711 2621 772 2649 vide
785 2622 809 2649 in
821 2622 1008 2652 constitutione
1024 2623 1097 2653 Pauli
1109 2625 1139 2654 V.

1016 216 1195 239 sst'LLAnlt‘M
1220 215 1369 239 nou-mnu

1255 268 1270 310 g
1290 266 1343 300 119.
1366 267 1410 299 Ae
1430 267 1517 311 quod
1538 267 1711 310 praemissa
1731 268 1839 300 omnia
1854 272 1885 301 et
1899 267 1962 301 sin-

1211 320 1285 363 gula
1306 319 1344 352 de
1373 319 1589 364 subreptionis
1623 325 1653 353 et
1681 320 1836 354 nullitatis
1862 321 1958 361 vitio,

1211 384 1267 407 seu
1279 373 1465 407 intentionis
1475 379 1602 407 nostrae
1619 373 1755 415 defectu,
1767 374 1863 408 etiam
1875 386 1912 408 ex
1923 385 1960 408 eo

1210 428 1296 471 quod
1317 439 1365 468 ea,
1384 438 1465 471 quae
1487 438 1584 471 super
1594 428 1777 471 praemissis
1792 433 1879 471 gesta
1896 428 1961 462 fue-

1189 497 1191 503 <
1210 487 1285 515 runt
1309 488 1340 515 et
1356 487 1547 515 emanarunt
1563 482 1707 526 plenarie
1726 493 1874 527 expressa
1893 494 1960 523 seu,

1210 540 1305 579 prout
1333 535 1488 575 existunt,
1516 540 1644 568 narrata
1663 536 1795 569 minime
1816 536 1958 577 suerunt,

1210 600 1265 622 seu
1285 589 1397 634 quovis
1431 589 1494 623 alio
1520 594 1703 633 praetextu,
1724 589 1894 624 occasione
1913 594 1961 624 vel

1209 654 1303 676 causa
1320 643 1423 676 notari
1440 643 1488 676 vel
1508 642 1702 687 impugnari,
1720 649 1775 677 aut
1795 643 1827 677 in
1851 643 1959 688 aliquo

1207 696 1368 730 annullari
1388 698 1435 731 vel
1460 697 1590 730 alterari
1610 707 1674 730 non
1695 698 1828 741 possint,
1853 709 1960 742 neque

1207 755 1313 783 notata
1334 761 1390 784 seu
1415 750 1615 794 impugnata,
1639 751 1826 784 annullatat
1842 757 1897 785 aut
1912 752 1958 785 al-

1207 810 1306 837 terata
1327 810 1537 845 censeantur,
1561 805 1615 838 sed
1642 805 1743 838 valida
1767 810 1797 838 et
1817 805 1959 840 efficacia

1206 857 1352 898 existant,
1374 869 1410 891 ac
1431 858 1455 891 si
1477 858 1685 902 exprimenda
1712 858 1750 891 de
1770 859 1958 893 necessitate

1205 911 1244 944 de
1277 912 1373 946 verbo
1409 913 1447 945 ad
1481 913 1614 946 verbum
1653 912 1771 945 inserta
1808 913 1954 947 fuissent.

1204 964 1360 1010 Quodque
1381 971 1565 1010 praesentes
1584 966 1695 999 literae
1716 966 1775 999 sub
1794 966 1957 1010 quibusvis

1204 1019 1479 1060 revocationibus,
1522 1019 1787 1064 suspensionibus
1800 1046 1808 1060 ‚
1851 1021 1955 1055 modi—

1204 1072 1420 1114 ficationibus,
1448 1072 1706 1114 limitationibus,
1742 1073 1954 1108 restitutioni-

1202 1125 1282 1166 bus,
1305 1127 1570 1171 responsionibus
1596 1132 1627 1160 et
1651 1126 1893 1171 exceptionibus
1912 1128 1954 1161 si-

1203 1180 1329 1214 milium
1349 1181 1530 1222 literarum,
1544 1181 1721 1225 gratiarum
1737 1186 1768 1214 et
1787 1181 1955 1226 indulgen-

1203 1235 1332 1276 tiarum,
1357 1234 1452 1268 etiam
1473 1246 1531 1279 per
1550 1246 1608 1268 nos
1624 1240 1654 1268 et
1673 1235 1865 1269 recolendae
1884 1247 1953 1270 me-

1202 1288 1322 1322 moriae
1356 1289 1543 1322 Marcellum
1572 1289 1691 1333 Papam
1724 1289 1750 1322 11
1783 1300 1840 1322 seu
1873 1290 1953 1324 alios

1200 1341 1464 1386 praedecessores
1479 1347 1509 1375 et
1529 1352 1730 1376 successores
1746 1348 1873 1376 nostros
1890 1343 1952 1377 Ro-

1199 1406 1310 1428 manos
1330 1395 1501 1429 Pontifices
1516 1402 1546 1429 et
1562 1396 1675 1430 Sedent
1698 1396 1882 1430 huiusmodi
1901 1398 1950 1431 vel

1198 1450 1267 1482 eius
1282 1450 1413 1493 legatos,
1430 1461 1466 1483 ac
1487 1450 1582 1483 etiam
1599 1461 1657 1494 per
1672 1451 1801 1493 regulas
1819 1450 1950 1485 Cancel-

1197 1503 1294 1536 lariae
1315 1503 1518 1546 Apostolicae
1539 1513 1598 1547 pro
1618 1509 1764 1546 tempore
1783 1504 1893 1545 factas,
1911 1515 1948 1538 ac

1196 1557 1228 1589 in
1244 1557 1382 1589 favorem
1405 1557 1507 1590 dictae
1526 1557 1677 1590 basilicae
1692 1557 1850 1601 Principis
1864 1558 1948 1601 Apo-

1195 1611 1351 1643 stolorum
1372 1611 1410 1643 de
1439 1611 1524 1644 Urbe
1549 1616 1579 1644 et
1606 1610 1817 1655 expeditionis
1836 1617 1947 1645 contra

1194 1663 1339 1697 infideles
1377 1665 1561 1698 nullatenus
1599 1664 1919 1709 comprehendantur
1935 1693 1942 1707 ‚

1194 1717 1249 1751 sed
1264 1728 1390 1761 semper
1409 1718 1448 1751 ab
1470 1718 1532 1751 illis
1548 1718 1676 1762 penitus
1696 1725 1724 1751 et
1746 1719 1879 1752 omnino
1894 1730 1945 1753 ex-

1193 1772 1283 1811 cepta
1318 1768 1380 1800 sint
1406 1773 1435 1800 et
1468 1778 1536 1801 esse
1571 1772 1780 1808 censeantur,
1816 1767 1944 1812 illisque

1192 1829 1251 1861 per
1270 1829 1491 1863 quascumque
1516 1819 1624 1852 literas
1644 1824 1674 1852 et
1703 1820 1828 1863 quasvis
1853 1821 1942 1853 clau-

1192 1867 1277 1899 sulas
1297 1868 1462 1910 generales
1486 1875 1515 1901 et
1537 1868 1704 1912 speciales,
1726 1869 1822 1902 etiam
1848 1870 1942 1904 dero-

1190 1917 1385 1959 gatoriarum
1422 1917 1651 1961 derogatorias,
1688 1918 1883 1953 efficaciores
1902 1926 1943 1954 >et

1190 1967 1345 2004 insolitas,
1368 1979 1404 2001 ac
1425 1968 1521 2000 etiam
1541 1968 1700 2001 irritantia
1720 1969 1860 2010 decreta,
1883 1971 1942 2004 suh

1189 2028 1394 2061 quacumque
1406 2018 1577 2051 verborum
1596 2019 1698 2051 forma
1717 2024 1747 2052 et
1762 2020 1940 2064 expressio-

1190 2077 1240 2107 ne,
1254 2067 1287 2100 in
1303 2078 1335 2100 se
1353 2067 1564 2105 continentes,
1589 2068 1774 2102 nullatenus
1793 2069 1939 2113 derogari

1188 2117 1308 2160 possit,
1344 2128 1403 2150 nec
1438 2117 1626 2160 derogatum
1661 2128 1727 2150 esse
1749 2123 1938 2159 censeatur,

1187 2165 1247 2198 nisi
1270 2171 1361 2199 tenor
1390 2167 1517 2199 illarum
1544 2166 1582 2199 de
1609 2167 1705 2199 verbo
1732 2167 1772 2200 ad
1790 2167 1937 2209 verbum,

1187 2215 1267 2247 nihil
1279 2216 1407 2259 penitus
1418 2216 1546 2255 omisso,
1556 2216 1703 2257 insertus,
1714 2222 1742 2249 et
1752 2216 1937 2250 huiusmodi

1186 2265 1408 2307 derogationes
1429 2265 1692 2299 consistorialiter
1710 2266 1811 2299 factae
1830 2271 1858 2299 et
1879 2278 1938 2311 per

1185 2314 1284 2347 trinas
1304 2315 1468 2348 distinctas
1486 2315 1604 2356 literas,
1626 2316 1763 2349 eundem
1792 2321 1935 2350 tenorem

1185 2364 1398 2401 continentes,
1420 2364 1523 2397 tribus
1543 2364 1701 2397 similibus
1717 2364 1875 2399 distinctis
1892 2366 1937 2399 vi-

1185 2412 1286 2451 cibus⁷
1299 2413 1526 2452 confratribus,
1538 2413 1861 2455 administratoribus,
1878 2426 1937 2459 gu-

1184 2462 1410 2495 bernatoribus
1423 2490 1430 2503 ,
1468 2463 1646 2496 rectoribus
1681 2469 1712 2496 et
1749 2466 1935 2499 oeconomis

1184 2511 1334 2555 praefatis
1355 2512 1495 2555 legitime
1516 2512 1677 2545 intimatae
1707 2518 1737 2546 et
1756 2513 1935 2549 insinuatae

1184 2560 1313 2601 fuerint,
1325 2572 1503 2605 eorumque
1520 2562 1558 2595 ad
1574 2561 1605 2594 id
1621 2573 1789 2607 expressus
1804 2564 1934 2599 accedat

1222 2624 1232 2650 l
1251 2623 1372 2652 Cherub.
1391 2625 1489 2653 omittit
1507 2627 1651 2652 annullata
1668 2627 1705 2662 (a.
1723 2626 1771 2662 r).

1983 216 2031 241 An.
2049 214 2077 240 C.
2099 215 2165 243 1560

1992 285 2102 307 Clausulae
2109 292 2163 314 prn—

1978 318 2105 340 servativae.
