2237 3100
39 239 92 267 An.
109 238 138 266 C.
155 239 224 267 {567

65 739 174 766 Epist-,opis
191 738 222 759 in·

39 771 98 792 hibet
123 776 151 791 ne
174 769 222 790 illos

39 802 159 824 molestent.

63 1060 161 1082 Glausuta
170 1059 221 1081 sub-

37 1093 91 1120 lata,
111 1096 148 1114 etc.

62 1553 173 1584 Deputatio
194 1560 218 1578 e-

36 1591 165 1610 necatorum.

910 236 978 260 PIUS
1002 236 1020 260 V
1044 236 1092 261 Pr.

241 289 491 335 provincialibus
527 292 655 324 obtenta
675 319 682 329 ,
714 290 899 334 praedicare
916 317 924 328 ,
953 300 990 322 ac

241 344 460 377 consessiones
480 345 608 384 audire,
631 345 871 378 ordinariorum
902 345 988 376 loco-

239 408 312 431 rum
338 402 369 430 et
397 398 534 431 aliorum
556 410 839 443 quorumcuuupie
862 397 989 431 licentia

240 451 374 485 minime
389 453 554 495 requisita,
577 453 678 486 libere
699 458 729 485 01
744 453 830 485 licito
851 453 987 491 valeant,

238 505 403 539 licentiam
427 511 457 539 et
482 506 686 547 facultatem,
705 505 894 540 auctoritate
915 516 991 550 apo-

239 559 363 601 stolica,
392 565 503 593 tenore
523 561 758 604 praesentium,
780 559 991 594 concedimus

240 619 271 647 01
304 613 522 656 indulgemus.

283 667 298 710 ξ
316 667 348 700 3.
371 667 405 700 Et
419 668 562 712 insuper,
578 677 619 701 ne
635 668 667 700 in
683 668 764 701 locis
780 668 909 701 illarum
919 677 990 711 par-

238 720 331 762 tium,
354 721 387 755 in
407 722 526 766 quibus
547 728 620 755 sunt
645 722 839 755 monasteria
859 721 989 765 religio-

238 786 349 809 sorum
367 802 374 816 ,
394 775 451 819 qui
471 776 653 809 animarum
676 787 786 809 curam
821 781 989 815 exercent,

238 830 362 874 aliquid
382 841 440 874 per
477 831 660 874 praedictos
693 832 863 876 episcopos
895 831 989 863 inno-

237 889 340 925 vetur,
363 884 474 918 eadem
487 886 676 919 auctoritate
697 890 727 919 et
747 890 858 918 tenore
878 885 989 919 statui-

237 948 310 971 mus
330 943 361 972 et
381 938 584 972 ordinamus.

281 991 347 1036 §hu
375 992 492 1036 Sicque
521 1003 579 1037 per
610 1004 834 1037 quoscumque
867 993 990 1026 iudices

238 1052 268 1080 et
288 1047 545 1087 commissarios,
566 1049 677 1092 quavis
710 1048 899 1081 auctoritate
919 1048 989 1081 fun-

236 1105 360 1144 gentes,
378 1101 500 1134 sublata
521 1101 566 1135 cis
586 1107 617 1135 01
636 1112 749 1135 00111111
767 1101 899 1134 0111111101
915 1112 990 1145 qua-

236 1155 281 1188 vis
305 1155 398 1188 aliter
431 1155 595 1189 iudicandi
630 1161 660 1189 ct
688 1156 921 1200 interpretandi
943 1156 988 1188 fa-

237 1209 379 1250 cultate,
400 1209 537 1243 iudicari
567 1215 598 1243 01
622 1210 749 1243 definiri
783 1210 920 1249 debere;
952 1220 989 1243 ac

236 1263 395 1307 quidquid
411 1274 504 1297 secus
517 1274 615 1308 super
630 1263 680 1297 his
692 1275 710 1297 a
725 1275 900 1307 quoquam,
912 1275 989 1307 qua-

234 1317 280 1350 vis
296 1317 497 1357 auctoritate,
511 1317 650 1351 scienter
668 1318 715 1351 vel
730 1318 929 1361 ignoranter,
941 1323 988 1351 at-

237 1371 351 1404 tentari
376 1371 557 1414 contigerit,
580 1372 708 1405 irritum
725 1371 858 1405 etinane
879 1372 989 1405 decer—

235 1424 356 1458 nimus.
821 1417 829 1424 ’Δ

280 1479 295 1522 ἓ
320 1478 351 1513 5.
390 1479 574 1513 Mandantes
611 1480 826 1513 nihilominus
865 1480 989 1514 dilectis

235 1532 310 1566 filiis
329 1532 443 1567 Curiae
466 1545 638 1567 causarum
659 1534 810 1567 Gamerae
826 1534 987 1578 Apostoli-

236 1597 292 1620 cae
311 1588 453 1630 generali
470 1587 609 1621 auditori
630 1593 661 1621 01
676 1588 708 1621 Β,
724 1588 839 1621 Mariae
856 1589 894 1621 110
910 1589 987 1622 Mer-

235 1641 325 1682 cede,
352 1652 389 1675 30
407 1641 463 1675 Del
483 1641 630 1682 Carmen,
653 1647 741 1675 extra
765 1647 795 1675 01
812 1642 893 1675 intra
915 1653 986 1676 mu-

235 1696 988 1742 1051115113101151111111110110510110111111,110111110-

235 1760 287 1783 res
305 1750 479 1794 gubernari
501 1751 669 1784 solitorum
681 1779 688 1792 ,
705 1752 889 1795 prioribus,
907 1764 986 1797 qua-

235 1809 327 1838 tenus
347 1804 407 1848 ipsi
424 1805 472 1838 vel
492 1805 557 1838 duo
577 1810 628 1838 aut
656 1816 742 1839 1111115
775 1816 906 1846 eorum,
930 1818 988 1850 per

234 1868 266 1891 se
290 1858 339 1891 vel
358 1858 458 1891 alium
493 1869 549 1892 5011
573 1859 664 1899 alios,
685 1859 805 1892 eisdem
828 1860 987 1903 religiosis

233 1907 265 1940 in
286 1907 471 1951 praemissis
495 1907 635 1941 efficacis
668 1908 863 1942 defensionis
892 1920 986 1952 prae-

233 1958 315 1991 sidio
335 1957 659 1998 assistentes,saciant
679 1958 724 1991 eis
745 1964 903 1991 eteorum
921 1958 986 1992 cui-

234 2007 311 2041 libet
344 2008 565 2049 concessione,
589 2007 727 2047 indulto,
751 2012 866 2041 statuto
888 2014 918 2041 et
937 2020 987 2043 or-

233 2056 398 2090 dinatione
423 2067 459 2090 ac
479 2057 550 2090 aliis
569 2057 754 2101 praemissis
774 2057 909 2101 pacifice
924 2059 986 2092 srui

233 2111 264 2139 et
282 2105 435 2149 gaudere.
458 2106 527 2139 Non
548 2107 772 2151 permittentes
783 2117 847 2147 cos,
869 2118 927 2151 per
942 2108 988 2142 lo-

233 2165 346 2188 corum
367 2155 550 2188 ordinarios
571 2160 601 2188 01
624 2156 704 2189 alios
731 2166 955 2200 quoscumque
977 2185 984 2199 ,

232 2210 345 2239 contra
366 2205 586 2248 praesentium
606 2210 751 2238 tenorem
771 2231 778 2245 ‚
805 2206 987 2249 quomodo-

232 2255 311 2288 libet
330 2254 701 2299 molestari,perturbari
725 2260 779 2287 aut
802 2255 985 2299 inquietari;

233 2304 485 2338 contradictores
505 2304 666 2348 quoslibet
693 2309 723 2337 01
746 2304 883 2337 rebelles
900 2332 907 2345 ,
931 2316 988 2349 per

233 2365 386 2388 censuras
406 2354 649 2395 ecclesiasticas,
670 2365 706 2387 ac
722 2354 816 2387 etiam
837 2356 988 2399 pecunia-

232 2405 297 2437 rias
317 2414 438 2449 poenas
453 2431 460 2444 ,
483 2414 597 2437 eorum
619 2404 753 2437 arbitrio
774 2404 988 2439 moderandas

232 2459 263 2488 et
283 2453 491 2498 applicandas
508 2481 514 2494 ‚
536 2453 751 2498 appellatione
785 2454 960 2498 postposita
978 2482 984 2496 ,

233 2504 488 2548 compescendo,
522 2515 559 2537 ac
594 2514 747 2537 censuras
772 2503 857 2548 ipsas
890 2505 986 2538 etiam

232 2553 377 2587 interatis
396 2552 519 2587 vicibus
543 2554 755 2597 aggravando,
779 2553 986 2588 interdictum

232 2602 394 2648 ponendo,
416 2603 561 2637 invocato
581 2603 620 2636 ad
640 2604 712 2644 hoe,
733 2604 757 2637 si
779 2614 861 2648 opus
880 2603 986 2645 fuerit,

233 2653 353 2688 auxilio
372 2653 497 2687 brachii
523 2653 709 2688 saecularis.

1675 226 1739 261 559

1032 344 1195 387 quibusvis
1215 343 1408 388 apostolicis,
1429 354 1466 376 ac
1482 342 1514 375 in
1535 343 1784 387 provincialibus

1032 403 1058 431 et
1078 398 1283 442 synodalibus
1303 397 1448 431 conciliis
1467 396 1559 430 editis
1580 398 1785 441 generalibus

1031 453 1079 484 vel
1094 452 1291 496 specialibus
1307 450 1592 484 constitutionibus
1612 457 1642 484 et
1657 452 1785 486 ordina-

1032 505 1187 546 tionibus,
1209 517 1246 539 ac
1276 505 1547 539 monasteriorum
1573 510 1604 538 01
1628 505 1784 539 Ordinum

1032 559 1291 603 praedictorum,
1314 559 1515 601 iuramento,
1538 559 1785 594 confirmatione

1033 613 1207 657 apostolica
1226 614 1274 647 vel
1296 613 1406 658 quavis
1430 613 1581 646 firmitate
1606 613 1668 647 alia
1687 614 1783 648 robo-

1033 667 1120 708 ratis,
1144 667 1267 700 statutis
1288 673 1318 701 01,
1342 667 1635 701 0011511011111111111115
1657 668 1784 713 privile-

1032 721 1090 764 giis
1110 732 1252 765 quoque,
1269 721 1402 755 indultis
1417 727 1448 754 et
1468 721 1567 754 literis
1588 722 1782 766 apostolicis,

1033 775 1234 809 monasteriis
1266 782 1296 809 et
1324 776 1497 810 Ordinibus
1530 776 1701 821 praedictis
1728 787 1782 810 eo-

1032 840 1170 873 rumque
1207 830 1432 874 superioribus
1463 836 1494 864 et
1521 830 1688 875 personis,
1724 831 1784 864 sub

1032 883 1294 927 quibuscumque
1306 884 1472 918 tenoribus
1485 890 1515 918 01
1526 884 1646 925 formis,
1660 896 1697 918 ac
1709 896 1783 920 cum

1032 937 1197 981 quibusvis
1218 939 1372 971 clausulis
1391 943 1422 972 et
1439 939 1586 980 decretis,
1604 939 1638 972 in
1658 945 1785 973 contra-

1032 991 1118 1024 rium
1146 992 1390 1036 quomodolibet
1410 992 1580 1033 concessis,
1601 993 1785 1038 approbatis

1032 1052 1063 1079 et
1079 1047 1247 1087 innovatis,
1259 1047 1377 1091 quibus
1393 1047 1555 1088 omnibus,
1571 1048 1708 1089 etiamsi,
1724 1059 1783 1092 pro

1032 1099 1162 1133 illorum
1180 1100 1351 1134 sufficienti
1367 1101 1589 1144 derogatione,
1601 1101 1641 1135 de
1654 1102 1718 1135 illis
1731 1112 1784 1135 eo-

1032 1165 1172 1198 rumque
1186 1155 1260 1187 totis
1275 1154 1441 1188 tenoribus
1456 1154 1614 1199 specialiS,
1633 1155 1783 1199 specifica

1032 1215 1062 1242 et
1086 1219 1235 1252 expressa
1265 1208 1385 1242 mentio
1419 1209 1578 1249 habenda,
1600 1214 1655 1242 aut
1676 1209 1783 1253 aliqua

1031 1262 1093 1295 alia
1108 1262 1265 1306 exquisita
1280 1263 1383 1296 forma
1397 1263 1436 1295 ad
1454 1263 1515 1296 1100
1528 1263 1680 1296 servanda
1691 1263 1783 1303 foret,

1032 1322 1158 1349 10110105
1182 1316 1370 1349 111111151110111
1391 1343 1398 1357 ,
1437 1328 1474 1349 ac
1512 1316 1536 1349 si
1565 1317 1603 1350 de
1627 1317 1724 1350 verbo
1745 1317 1784 1350 ad

1031 1370 1176 1411 verbum,
1199 1370 1279 1403 nihil
1294 1371 1423 1414 penitus
1440 1370 1571 1413 omisso,
1585 1376 1615 1404 et
1629 1370 1731 1404 forma
1752 1371 1783 1404 in

1031 1425 1076 1457 eis
1096 1425 1210 1458 tradita
1230 1425 1407 1466 observata,
1430 1424 1539 1458 inserti
1560 1426 1674 1466 forent,
1688 1436 1783 1469 prae-

1031 1478 1173 1511 sentibus
1214 1489 1273 1523 pro
1303 1478 1500 1512 sufficienter
1540 1479 1698 1524 expressis
1725 1480 1783 1513 ha-

1030 1533 1153 1573 bentes,
1176 1532 1238 1566 illis
1258 1533 1335 1566 alias
1356 1533 1388 1566 in
1409 1543 1467 1566 suo
1487 1533 1604 1566 robore
1630 1544 1783 1578 perman-

1031 1587 1125 1627 suris,
1139 1588 1199 1621 hac
1215 1588 1282 1621 vice
1297 1588 1473 1627 dumtaxat,
1487 1587 1669 1632 specialiter
1684 1593 1714 1622 et
1733 1599 1783 1621 ex-

1030 1653 1138 1686 presse
1159 1642 1365 1686 derogamus,
1387 1641 1556 1675 contrariis
1575 1642 1783 1686 quibuscum-

1030 1710 1104 1741 que.
1132 1698 1194 1731 Aut
1209 1698 1234 1730 51
1250 1697 1423 1742 aliquibus,
1446 1697 1663 1731 communiter
1673 1698 1720 1731 vel
1738 1697 1783 1730 di-

1029 1752 1132 1794 visim,
1156 1753 1194 1785 ab
1216 1753 1327 1785 eadem
1348 1752 1387 1785 sit
1406 1752 1487 1785 Sede
1512 1751 1674 1785 indultum
1695 1753 1782 1796 quod

1030 1806 1190 1847 interdici,
1201 1806 1353 1850 suspendi
1367 1806 1414 1839 vel
1427 1806 1702 1840 excommunicari
1718 1817 1782 1840 non

1030 1861 1151 1906 possint
1171 1871 1229 1905 per
1246 1860 1356 1894 literas
1375 1860 1567 1904 apostolicas
1581 1871 1648 1893 non
1668 1861 1784 1894 sacien-

1031 1920 1075 1948 105
1095 1915 1223 1959 plenam
1243 1920 1270 1947 01
1293 1925 1474 1958 expressam
1500 1925 1538 1947 ac
1562 1914 1601 1948 de
1620 1914 1716 1948 verbo
1744 1916 1782 1948 ad

1029 1969 1162 2002 verbum
1183 1968 1356 2002 deindulto
1365 1968 1553 2002 huiusmodi
1569 1969 1779 2003 mentionem.

1073 2025 1088 2067 ᾗ
1108 2023 1137 2056 7.
1180 2023 1216 2056 Et
1236 2023 1311 2066 quia
1332 2022 1461 2056 difficile
1492 2023 1574 2056 foret
1599 2029 1783 2068 praesentes

1030 2078 1138 2112 literas
1164 2078 1202 2111 ad
1233 2077 1359 2122 singula
1379 2088 1527 2121 quaeque
1546 2078 1630 2118 loca,
1662 2078 1693 2111 in
1713 2079 1783 2123 qui-

1029 2132 1089 2165 bus
1098 2132 1136 2165 de
1157 2131 1203 2165 015
1224 2131 1303 2165 fides
1323 2132 1430 2165 forsan
1450 2131 1597 2165 facienda
1618 2133 1710 2173 foret,
1728 2132 1783 2166 de-

1030 2187 1124 2228 ferre,
1147 2186 1243 2219 etiam
1254 2186 1403 2219 volumus
1423 2186 1572 2219 eteadem
1593 2186 1783 2220 auctoritate

1030 2240 1205 2285 apostolica
1225 2240 1431 2274 decernimus
1447 2240 1534 2284 quod
1552 2240 1681 2273 illarum
1698 2245 1782 2274 tran-

1030 2295 1179 2340 sumptis,
1202 2305 1301 2329 manu
1322 2294 1572 2338 notariipublici
1593 2295 1782 2340 subscriptis

1030 2354 1059 2382 01
1079 2349 1183 2392 sigillo
1219 2349 1358 2382 alicuius
1391 2359 1548 2392 personae
1571 2347 1604 2381 in
1630 2348 1781 2392 dignitate

1030 2403 1245 2438 ecclesiastica
1270 2403 1462 2436 constitutae
1488 2403 1630 2445 munitis,
1649 2403 1680 2437 in
1702 2403 1781 2437 iudi-

1030 2453 1078 2486 cio
1095 2458 1125 2486 et
1140 2458 1237 2494 extra,
1258 2452 1313 2485 ubi
1334 2462 1415 2496 opus
1435 2452 1542 2493 fuerit,
1561 2452 1672 2487 eadem
1690 2464 1780 2497 pror-

1029 2515 1084 2537 sus
1104 2503 1183 2537 fides
1203 2503 1406 2543 adhibeatur,
1430 2513 1513 2547 quae
1533 2502 1611 2548 ipsis
1630 2514 1779 2548 praesen-

1029 2553 1114 2586 tibus
1134 2553 1355 2594 adhiberetur,
1377 2552 1402 2585 si
1428 2553 1532 2586 forent
1552 2552 1710 2586 exhibitae
1731 2553 1779 2586 vel

1029 2609 1186 2636 ostensae.

1072 2652 1186 2686 Datum
1206 2652 1326 2688 Romae
1346 2653 1432 2698 apud
1452 2652 1604 2688 Sanctum
1632 2652 1776 2694 Petrum,

1800 234 1850 262 An.
1867 234 1897 262 C.
1917 235 1983 263 1567

1074 290 1089 332 g
1115 290 1145 323 6.
1182 290 1251 323 Non
1286 289 1487 322 obstantibus
1517 289 1700 333 praemissis
1717 317 1724 330 ,
1747 301 1784 324 ac
1827 301 1928 323 Clausulas
1944 304 1982 325 αο-

1801 337 1919 362 rogatoriae.

1824 2043 1885 2064 Fides

1799 2078 1935 2102 sumptorum.

1920 2046 1981 2065 trun-
