2237 3100
83 299 134 327 An.
152 299 180 326 C.
199 298 262 327 1561

90 522 165 543 Plure-
179 523 263 542 contro-

77 553 161 574 versiae
176 554 263 573 exortae

78 584 161 605 fuerant
208 584 264 603 inter

78 619 189 636 commune
207 613 263 634 Lun-

78 647 178 667 cianense
189 648 210 666 et
225 651 263 665 ar-

79 677 148 704 chiep.
176 676 263 697 Thean-

78 713 126 728 num
137 712 200 734 super
211 713 263 734 prae-

76 741 138 760 tenna
166 738 261 765 archiep.

77 770 233 791 iurisdictione.

85 1860 115 1881 Ad
131 1864 168 1880 eas
179 1859 257 1880 sedau-

71 1892 108 1913 das
133 1890 181 1911 Pius
209 1891 258 1911 lites

71 1924 96 1944 ad
118 1928 141 1943 se
161 1923 257 1948 advocat,

70 1955 92 1974 ιι
108 1953 201 1980 partibus
212 1958 258 1980 per-

71 1988 157 2012 petuum
169 1986 258 2013 imponit

71 2016 189 2042 silentium

956 295 1023 321 PIUS
1046 295 1077 320 lv
1101 294 1149 319 PP.

281 350 355 385 liter
366 348 533 384 intendere
554 358 716 390 curamus,
734 354 831 393 prout
851 348 882 383 in
902 349 1037 383 Domino

283 403 503 449 conspicimus
521 403 694 437 salubriter
713 403 875 448 expedire.

325 459 340 502 g
373 458 403 491 1.
435 459 517 492 Sane
542 458 741 492 attendentes
775 458 913 492 diversas
938 457 1010 491 lites
1027 485 1034 499 ,

280 521 393 545 causas
415 517 446 545 et
466 512 698 545 controversias
718 511 802 545 inter
823 511 1037 556 archiepisco-

278 576 357 610 pum
378 565 584 605 Theatinum,
602 565 657 609 qui
675 577 734 610 pro
754 571 899 609 tempore
916 565 986 605 suit,
1001 576 1037 598 ex

278 630 354 660 una,
378 624 408 652 et
427 619 560 652 dilectos
581 619 663 652 filios
688 619 878 662 capitulum,
901 619 1035 659 clerum,

280 672 546 706 communitatem
577 677 607 705 et
628 672 776 706 homines
803 672 1037 705 Lancianenses

277 737 315 760 ex
339 726 439 759 altera
468 725 615 770 partibus
633 753 640 767 ,
663 737 762 770 super
791 725 1034 765 iurisdictione,

278 790 375 824 quam
397 780 561 823 praefatus
581 779 846 822 archiepiscopus
860 779 893 811 in
909 778 1034 822 episco-

276 843 355 877 pum
389 832 640 865 Lancianensem
675 837 705 865 et
726 832 885 875 praefatos
910 831 1035 875 capitu-

275 887 356 925 lum,
381 885 798 926 clerum,communitatem
821 889 851 917 et
871 884 1032 925 homines,

275 939 398 972 ratione
417 938 496 972 iuris
512 938 752 983 metropolitici,
764 938 883 971 habere
899 943 1035 982 praeten-

273 993 379 1033 debat,
401 998 456 1025 aut
473 992 563 1033 alias,
583 992 637 1025 diu
653 992 686 1025 in
702 992 845 1024 Romana
856 991 963 1032 Curia,
983 1003 1035 1025 co-

274 1057 343 1080 ram
363 1046 496 1080 diversis
524 1056 697 1079 causarum
726 1044 837 1078 Palatii
858 1045 1032 1088 Apostolici

273 1100 475 1133 auditoribus
494 1098 829 1138 seulocatenentibus‚
853 1099 1033 1132 successive

275 1154 480 1198 pependisse,
502 1152 574 1186 latis
598 1152 631 1184 in
648 1152 788 1185 savorem
809 1151 884 1185 dicti
906 1153 1033 1186 archie-

275 1206 399 1251 piscopi
419 1205 584 1239 nonnullis
599 1204 775 1245 sententiis,
790 1215 826 1238 ac
843 1205 944 1238 literis
964 1216 1034 1239 exe-

273 1260 485 1294 cutorialibus
515 1269 579 1292 una
615 1269 690 1292 cum
710 1258 844 1292 brachio
874 1260 1033 1293 saeculari

273 1314 413 1357 desuper
432 1312 583 1346 informa
598 1313 692 1346 solita
716 1313 865 1354 decretis,
885 1319 915 1346 et
926 1313 1033 1347 forsan

274 1365 453 1399 executioni
479 1365 685 1399 demandatis
699 1392 706 1405 ‚
729 1376 798 1405 seu,
826 1371 862 1399 ut
882 1366 956 1399 illae
976 1366 1032 1400 de-

273 1419 516 1459 mandarentur,
532 1430 570 1452 ex
586 1425 676 1462 parte
692 1419 929 1463 archiepiscopi
942 1430 1033 1463 prae-

272 1473 422 1513 sentatis,
458 1478 488 1506 et
515 1479 686 1517 propterea
706 1484 816 1516 graves
845 1473 1033 1506 inimicitias

271 1526 348 1560 olim
361 1526 444 1559 inter
454 1527 687 1560 Lancianenses
698 1526 860 1570 praefatos
885 1537 922 1559 ac
934 1527 1033 1559 Thea-

271 1579 365 1619 tinos,
379 1580 626 1613 communitates
642 1579 842 1619 ethomines‚
865 1586 1033 1623 generatas

272 1634 369 1667 fuisse
400 1640 430 1667 et
464 1633 716 1677 praemissorum
740 1633 909 1667 occasione
937 1634 1032 1667 inno-

270 1693 357 1721 vatas
378 1687 533 1727 existere,
555 1693 584 1721 et
610 1687 853 1731 quamplurima
882 1687 1032 1721 scandala

272 1742 386 1775 exinde
406 1742 624 1775 verisimiliter
642 1741 759 1775 exoriri
780 1753 886 1785 posse.

317 1796 332 1840 ξ
351 1795 382 1829 ⁶2.
401 1796 474 1829 Post
486 1796 627 1830 diversos
642 1801 796 1829 tractatus
812 1795 900 1840 pacis
916 1801 944 1828 et
958 1805 1033 1828 con-

273 1850 401 1883 cordiae
412 1849 495 1883 inter
503 1850 715 1895 partesipsas,
728 1850 824 1883 etiam
838 1848 944 1881 medio
955 1859 1033 1882 non-

272 1903 439 1936 nullorum
472 1903 707 1937 venerabilium
738 1904 874 1936 fratrum
903 1907 1031 1935 nostro-

273 1967 346 1990 rum
367 1957 398 1991 S.
422 1957 458 1990 R.
482 1957 516 1990 E.
546 1957 772 1997 cardinalium,
795 1957 913 1989 frustra
932 1961 1033 1989 tenta-

272 2015 320 2043 tos
337 2015 367 2043 et
382 2010 520 2050 habitos,
547 2010 689 2050 tandem,
712 2010 751 2042 ad
772 2009 949 2042 sedandum
966 2009 1031 2042 dis-

273 2063 399 2097 cordias
432 2069 462 2097 et
492 2063 687 2097 obviandum
721 2063 878 2096 scandalis
917 2063 1030 2096 huius-

273 2117 361 2150 modi
379 2144 386 2159 ,
410 2128 446 2151 ac
466 2117 613 2161 ipsorum
634 2117 905 2151 communitatum
927 2122 958 2150 et
976 2117 1032 2150 ho-

273 2170 398 2204 minum
413 2171 596 2204 animarum
608 2171 761 2215 periculis
778 2170 1012 2204 consulendum
1023 2197 1030 2211 ‚

273 2235 333 2257 nec
352 2235 417 2257 non
439 2235 493 2257 eos
513 2224 545 2256 in
567 2224 654 2267 pacis
673 2224 866 2257 amoenitate
891 2224 1032 2257 retinen-

273 2278 351 2311 dum
372 2283 402 2311 et
422 2277 672 2317 confovendum,
693 2288 729 2310 ac
754 2277 841 2317 alias,
871 2287 908 2310 ex
937 2277 1031 2311 certis

273 2331 344 2365 aliis
364 2331 611 2365 rationabilibus
631 2330 735 2364 causis
745 2330 835 2371 moti,
854 2330 961 2364 habita
981 2341 1031 2364 su-

274 2395 333 2430 per
353 2385 391 2418 iis
411 2396 486 2419 cum
513 2384 666 2417 fratribus
691 2384 808 2417 nostris
828 2389 953 2417 matura
974 2384 1029 2417 de-

273 2438 477 2479 liberatione,
499 2449 536 2471 ae
556 2438 594 2471 de
608 2448 721 2470 eorum
744 2437 877 2471 consilio
907 2443 937 2471 et
952 2448 1031 2471 una-

275 2488 353 2520 nimi
374 2498 547 2527 consensu,
578 2497 690 2520 omnes
710 2491 741 2519 et
760 2486 902 2529 singulas
918 2497 1031 2520 causas

275 2536 307 2570 in
328 2537 412 2570 dicta
432 2537 523 2570 curia
544 2541 575 2568 et
594 2536 673 2568 alias
688 2535 822 2568 ubilibet
842 2535 947 2568 adhuc
968 2536 1030 2568 sor-

275 2596 331 2619 san
347 2586 504 2619 indecisas
522 2586 698 2629 pendentes
709 2585 748 2617 ad
759 2595 817 2617 nos
825 2584 1027 2624 advocantes,

275 2646 312 2668 ac
331 2634 404 2669 lites
432 2640 463 2668 et
483 2633 716 2668 controversias
748 2633 935 2666 huiusmodi
970 2643 1030 2666 nec

276 2695 340 2718 non
361 2694 473 2718 onmes
493 2689 524 2718 et
543 2683 687 2727 singulos
703 2693 884 2726 processus,
905 2687 1031 2716 senten-

1725 281 1788 316 107

1080 349 1150 389 tias,
1166 357 1319 382 censuras
1331 351 1359 380 et
1376 355 1496 390 poenas
1506 344 1646 389 desuper
1666 345 1830 385 formatos,

1080 404 1157 436 latas
1182 408 1213 436 et
1232 401 1450 445 promulgatas
1468 427 1476 439 ,
1503 410 1540 432 ac
1565 409 1647 442 quos
1667 398 1778 431 haberi
1805 404 1834 432 et

1080 455 1279 501 promulgari
1290 453 1470 497 contigerit,
1485 464 1521 486 ac
1535 453 1607 485 inde
1618 458 1727 485 secuta
1737 463 1835 496 quae-

1080 522 1220 555 cumque
1241 514 1401 544 cassantes
1417 514 1445 542 et
1462 507 1590 551 penitus
1602 506 1833 549 extinguentes,

1079 565 1240 598 irritantes
1260 569 1290 597 et
1309 563 1525 601 annullantes,
1555 572 1591 593 ac
1621 561 1711 593 nulla
1730 566 1760 593 et
1785 560 1834 593 in-

1078 619 1179 652 valida
1221 618 1409 661 nulliusque
1438 616 1565 649 roboris
1593 615 1641 648 vel
1676 614 1833 647 momenti

1079 673 1175 706 fuisse
1200 678 1227 705 et
1258 683 1326 706 esse
1357 672 1588 710 decernentes,
1615 680 1652 702 ac
1673 668 1833 712 archiepi—

1078 737 1188 770 scopo,
1212 726 1365 770 capitulo,
1384 726 1483 765 clero,
1507 722 1794 757 communitatibus
1805 727 1836 755 et

1078 779 1265 813 hominibus
1285 779 1436 823 praefatis
1453 783 1647 823 perpetuum
1669 776 1833 809 silentium

1077 833 1218 876 desuper
1238 833 1452 876 imponentes,
1475 842 1535 864 nec
1552 842 1617 864 non
1637 829 1789 874 praefatis
1805 834 1836 862 et

1077 885 1147 918 aliis
1167 886 1428 929 quibuscumque
1440 884 1614 923 iudicibus,
1633 894 1743 916 coram
1761 882 1834 926 qui-

1076 939 1137 972 bus
1157 949 1272 972 causae
1300 939 1389 982 ipsae
1410 939 1515 971 adhuc
1546 938 1653 970 forsan
1673 935 1834 969 indecisae

1077 993 1217 1036 pendent
1235 1019 1241 1033 ,
1272 1003 1311 1025 ne
1340 991 1420 1025 sein
1441 991 1504 1024 illis
1524 990 1671 1030 ulterius,
1694 989 1753 1023 sub
1774 1000 1834 1022 no-

1077 1051 1159 1079 strae
1194 1044 1424 1088 indignationis
1444 1054 1560 1088 poena,
1593 1042 1831 1083 intromittant,

1076 1098 1252 1131 districtius
1263 1098 1456 1137 inhibentes,
1472 1097 1623 1140 ipsosque
1637 1095 1831 1140 capitulum,

1076 1152 1212 1192 clerum,
1241 1150 1507 1184 communitatem
1529 1155 1559 1182 et
1579 1149 1727 1182 homines
1751 1148 1833 1181 Lan—

1076 1206 1242 1238 cianenses
1269 1210 1300 1238 et
1325 1214 1439 1238 eorum
1465 1203 1609 1246 singulos
1630 1213 1647 1235 a
1667 1201 1833 1245 quibusvis

1075 1258 1220 1292 censuris
1241 1264 1271 1292 et
1292 1257 1405 1302 poenis
1430 1256 1655 1290 ecclesiasticis
1681 1260 1709 1289 et
1736 1254 1805 1288 aliis
1824 1281 1831 1295 ,

1075 1313 1171 1346 etiam
1193 1312 1401 1357 pecuniariis,
1424 1311 1457 1344 in
1478 1310 1571 1344 dictis
1591 1309 1691 1343 literis
1715 1319 1833 1342 execu-

1075 1366 1243 1400 torialibus
1263 1372 1318 1399 aut
1343 1365 1418 1399 alibi
1439 1364 1609 1404 contentis,
1642 1364 1682 1397 ob
1703 1363 1833 1395 illarum

1075 1430 1140 1453 non
1166 1419 1357 1463 paritionem
1388 1430 1444 1451 seu
1478 1418 1556 1451 alias
1587 1415 1834 1460 quomodolibet

1076 1485 1197 1517 percos
1217 1473 1367 1513 incursis,
1390 1472 1422 1505 in
1439 1477 1576 1515 utroque
1597 1472 1667 1504 foro
1688 1481 1725 1503 ex
1746 1474 1834 1502 certa

1075 1527 1208 1561 scientia
1228 1528 1439 1566 absolventes,
1462 1526 1629 1569 dictasque
1650 1534 1772 1568 poenas
1788 1523 1833 1556 eis

1075 1581 1294 1621 remittentes,
1317 1592 1354 1613 ac
1375 1581 1407 1613 in
1428 1579 1601 1624 pristinum
1623 1583 1654 1610 et
1674 1587 1748 1610 eum
1762 1603 1769 1617 ,
1800 1575 1834 1608 in

1074 1646 1139 1678 quo
1159 1640 1252 1667 antea
1280 1640 1371 1667 erant
1388 1660 1395 1673 ,
1427 1639 1544 1666 statum
1578 1635 1773 1676 reponentes
1803 1635 1834 1662 et

1074 1688 1219 1732 plenarie
1240 1687 1485 1730 reintegrantes.

1119 1742 1133 1784 ξ
1152 1740 1183 1774 3.
1202 1741 1248 1774 Ad
1265 1739 1496 1784 omnipotentis
1511 1739 1565 1772 Dei
1582 1737 1712 1771 laudem
1730 1742 1760 1770 et
1776 1737 1834 1769 ho-

1074 1805 1200 1834 norem,
1223 1804 1350 1827 necnon
1372 1793 1446 1826 fidei
1467 1792 1645 1826 catholicae
1665 1790 1830 1823 exaltatio-

1074 1858 1161 1887 nem,
1184 1858 1220 1880 ac
1242 1859 1300 1891 pro
1321 1848 1406 1880 bono
1427 1846 1514 1890 pacis
1530 1846 1614 1879 inter
1633 1844 1831 1878 venerabiles

1074 1901 1187 1934 fratres
1204 1906 1330 1934 nostros
1350 1900 1524 1932 modernos
1548 1897 1829 1942 archiepiscopum

1073 1954 1266 1987 Theatinum
1302 1959 1332 1986 et
1366 1953 1556 1998 episcopum
1578 1951 1830 1985 Lancianensem

1073 2019 1132 2041 nec
1156 2019 1221 2041 non
1251 2007 1499 2041 communitates
1519 2012 1550 2039 et
1568 2005 1717 2039 homines
1736 2015 1830 2048 prae-

1073 2062 1153 2095 satos
1160 2061 1381 2095 conciliandae
1390 2067 1419 2094 et
1429 2060 1647 2099 stabiliendae,
1660 2058 1831 2092 ecclesiam

1072 2115 1324 2148 Lanciauensem
1356 2114 1409 2148 cui
1437 2113 1629 2147 venerabilis
1654 2113 1752 2145 frater
1771 2122 1830 2144 no-

1073 2174 1137 2202 ster
1156 2169 1386 2202 Leonardusde
1404 2167 1542 2207 Marinis,
1566 2167 1737 2211 episcopus
1753 2166 1831 2198 Lan-

1073 2222 1244 2263 cianensis,
1256 2233 1394 2267 praeesse
1410 2221 1621 2265 dignoscitur,
1640 2220 1829 2262 dictumque

1072 2276 1275 2309 Leonardum
1299 2276 1490 2320 episcopum
1522 2280 1550 2308 et
1572 2274 1673 2318 ipsius
1694 2272 1828 2305 Lancia-

1073 2330 1180 2363 nensis
1201 2330 1355 2363 ecclesiae
1376 2329 1554 2373 capitulum
1576 2327 1757 2371 praedictos
1768 2336 1828 2358 nec

1073 2394 1137 2417 non
1159 2383 1318 2416 civitatem
1340 2388 1370 2416 et
1387 2382 1551 2415 dioecesim
1574 2381 1827 2414 Lancianensem

1072 2449 1109 2470 ac
1129 2448 1241 2470 earum
1267 2437 1452 2469 universum
1473 2436 1596 2469 clerum
1619 2440 1648 2468 et
1669 2434 1828 2477 populum

1072 2498 1089 2520 a
1110 2486 1273 2531 provincia
1303 2486 1477 2526 Theatina,
1509 2485 1562 2518 cui
1591 2482 1828 2528 metropolitico

1072 2535 1143 2568 iure
1177 2535 1332 2575 subsunt,
1356 2535 1394 2567 de
1420 2533 1515 2567 simili
1543 2533 1678 2567 consilio
1703 2538 1733 2566 et
1752 2543 1830 2576 apo-

1072 2584 1202 2617 stolicae
1228 2583 1392 2628 potestatis
1416 2583 1630 2628 plenitudine,
1652 2582 1828 2626 apostolica

1072 2633 1272 2674 auctoritate,
1292 2638 1404 2666 tenore
1424 2632 1655 2676 praesentium,
1671 2636 1827 2675 perpetuo

1073 2693 1282 2726 segregamus
1301 2687 1332 2716 et
1352 2691 1550 2726 separamus,
1572 2681 1710 2723 illosque
1731 2685 1761 2712 et
1777 2689 1831 2713 eo-

1848 290 1898 318 An.
1918 288 1948 316 C.
1966 288 2027 316 ¹56¹

1861 1749 1983 1773 Ecclesiam.
1995 1756 2031 1778 po-

1847 1782 1916 1808 pulum
1934 1786 1954 1803 et.
1970 1784 2033 1803 diue-

1847 1819 1911 1833 cesmi
1943 1812 2032 1833 Lancia-

1846 1850 1925 1865 uenscs
1935 1848 2030 1865 ametro·

1847 1876 1932 1901 politico
1969 1876 2029 1896 arrh,

1845 1907 1940 1927 Themin}
1983 1911 2029 1927 iure

1847 1939 1917 1962 solvit,
