2237 3100
268 261 318 289 An.
337 262 365 290 C.
383 262 450 290 1563

265 363 374 384 clausulae
384 370 448 391 prae-

263 396 394 415 sei-vatinio.

299 1337 439 1361 Executorum

255 1369 363 1395 deputatio
381 1374 401 1391 et
413 1370 440 1391 sn-

256 1400 353 1422 cultaies.

508 251 572 286 0256

1057 266 1236 292 BULLARIUM
1260 266 1410 291 ROMANUM

508 315 573 357 55.
601 314 756 360 Quodque
782 316 844 350 illis
867 328 904 350 ac
925 320 1147 360 praesidibus
1173 320 1209 352 li-
1254 319 1391 358 niurias,
1427 329 1539 353 eorum
1566 320 1700 354 arbitrio
1726 322 1939 356 moderandas
1973 329 2003 357 et

464 368 553 407 teris,
575 369 669 402 etiam
691 381 749 413 per
767 382 988 413 ‹lilascumque
1010 371 1117 405 literas
1133 384 1210 416 apo-
1252 372 1472 415 applicandas,
1489 374 1703 417 appellatione
1719 376 1904 419 postposita,
1917 388 2003 409 coin-

464 422 610 463 stolicas,
646 424 795 466 quasvis,
819 425 912 456 etiam
934 424 1210 468 derogatoriarum

463 475 682 519 derogator-ias
716 482 743 509 ot
779 477 976 510 efficaciores
995 489 1030 510 ac
1057 479 1209 522 insolitas,

463 529 634 569 clausulas,
646 541 772 562 necnon
789 530 944 563 irritantia
961 537 989 564 et
1006 533 1067 565 alia
1083 534 1210 567 ‹lecreta

464 582 587 615 insolita
609 583 820 621 continentes,
834 584 966 618 minime
982 586 1130 629 derogari
1152 599 1210 621 iiec

461 636 652 678 derogatum
674 647 742 669 esse
769 639 894 670 censeri
920 640 1031 682 possit:
1054 647 1082 674 et
1104 642 1128 674 si
1149 642 1210 675 illis

461 689 608 731 derogari
631 691 812 734 contingat,
834 692 999 735 derogatio
1026 695 1209 728 huiusmodi

461 743 582 776 nomini
603 744 809 788 suffragetur.
835 747 952 789 Sicque
974 748 1004 780 in
1026 750 1210 791 praemissis

460 796 610 830 omnibus
630 803 660 831 et
680 798 825 841 singulis,
844 811 903 844 per
922 812 1145 847 quoscumque
1164 804 1210 836 iu-

459 849 546 882 dices
565 856 593 883 et
615 852 869 895 commissarios,
892 856 1016 888 sublata
1039 856 1083 889 eis
1103 863 1134 890 et
1154 869 1208 891 oo-

460 914 531 936 rum
553 905 686 939 cuilibet
704 908 815 950 quavis
830 908 923 942 aliter
939 909 1101 942 iudicandi
1119 917 1147 944 ot
1165 911 1209 944 in-

459 959 656 1001 terpretandi
690 962 840 995 facultate
875 969 904 995 et
938 963 1140 1004 auctoritate,
1178 966 1207 998 in

457 1011 601 1055 qualibet
621 1025 716 1047 causa
737 1020 764 1047 et
788 1015 936 1049 instantia
957 1017 1091 1049 iudicari
1109 1023 1137 1051 et
1160 1018 1207 1052 in-

457 1067 627 1109 terpretari
666 1069 804 1107 debere;
844 1070 972 1103 irritum
1010 1082 1140 1114 quoque
1179 1079 1207 1106 et

456 1119 550 1152 inane
567 1120 592 1152 si
608 1132 700 1155 secus
715 1132 814 1166 super
829 1124 878 1156 liis
898 1135 915 1157 a
935 1135 1113 1167 quoquam,
1131 1137 1209 1169 qua-

455 1171 500 1204 vis
533 1174 740 1215 auctoritate,
763 1176 900 1210 scienter
927 1178 976 1210 vel
1009 1177 1205 1220 ignoranter,

456 1226 623 1269 contigerit
645 1230 810 1270 attentari,
834 1231 1049 1264 decernimus.

499 1280 564 1323 §a
595 1282 752 1321 Quocirca
785 1285 1023 1318 venerabilibus
1055 1287 1207 1319 fratribus

455 1335 607 1380 episcopo
628 1337 822 1372 Bononiensi
852 1339 914 1372 sive
943 1339 1012 1373 eius
1030 1340 1148 1373 vicario
1175 1341 1206 1373 iu

454 1388 676 1432 spiritualibus
695 1391 837 1433 generali
855 1402 892 1425 ac
907 1392 1081 1436 vicelegato
1102 1394 1207 1427 civita-

455 1442 493 1475 tis
513 1448 641 1477 nostrae
675 1445 886 1479 Bononiensis
919 1457 957 1480 ac
990 1448 1106 1482 dilecto
1140 1450 1206 1483 filio

454 1497 569 1531 Curiae
587 1509 759 1532 causarum
780 1499 932 1534 Gamerae
947 1502 1139 1546 Apostolicae
1154 1515 1207 1547 ge-

454 1551 556 1585 nerali
584 1553 723 1586 auditori
749 1566 807 1598 per
827 1560 1011 1598 praesentes
1032 1558 1206 1591 committi-

454 1616 527 1639 mus
556 1611 587 1640 et
606 1608 798 1642 mandamus
813 1614 974 1653 quatenus
993 1611 1053 1655 ipsi
1072 1612 1120 1644 vel
1141 1613 1205 1647 duo

453 1667 509 1694 aut
542 1673 627 1695 unus
659 1673 793 1703 eorum,
816 1674 875 1708 per
898 1674 931 1696 se
956 1665 1003 1697 vel
1028 1666 1127 1698 alium
1150 1679 1205 1701 seu

454 1715 545 1756 alios,
563 1722 748 1761 praesentes
768 1717 876 1751 literas
891 1723 920 1751 et
937 1718 969 1751 in
990 1719 1035 1752 eis
1056 1727 1205 1755 contenta

453 1781 692 1813 quaecumque,
716 1771 771 1804 ubi
792 1777 822 1805 et
841 1773 971 1815 quando
992 1784 1074 1817 opus
1095 1776 1203 1816 fuerit,

453 1835 489 1857 ac
509 1825 636 1867 quoties
656 1837 715 1870 pro
736 1832 826 1869 parte
846 1828 981 1860 rectoris
1015 1834 1043 1861 et
1078 1830 1204 1864 schola-

453 1880 537 1912 rium
572 1880 813 1924 praedictorum
846 1881 893 1914 vel
927 1881 1066 1915 alicuius
1091 1895 1204 1918 eorum

453 1944 508 1965 seu
529 1933 689 1973 aliorum,
711 1945 851 1978 quorum
878 1935 1043 1975 intererit,
1066 1937 1206 1983 desuper

454 1987 572 2020 fuerint
597 1987 754 2031 requisiti,
778 1989 965 2022 solemniter
988 1990 1202 2033 publicantes,

452 2041 563 2085 eisque
589 2041 620 2074 in
646 2041 831 2086 praemissis
851 2043 990 2076 efficacis
1010 2044 1205 2079 deffensionis

453 2095 613 2140 praesidio
638 2094 836 2137 assistentes,
860 2096 992 2136 faciant,
1013 2100 1203 2133 auctoritate

453 2155 571 2189 nostra,
588 2150 716 2183 easdem
738 2156 923 2195 praesentes
942 2150 1050 2184 literas
1070 2153 1203 2196 plenum

453 2205 603 2237 effectum
634 2204 740 2237 sortiri
775 2216 829 2244 ac,
851 2205 937 2237 iuxta
962 2205 1090 2238 illarum
1111 2212 1203 2241 teno-

454 2269 538 2298 rem,
557 2258 693 2292 firmiter
708 2258 881 2299 observari,
899 2270 1026 2293 necnon
1047 2260 1202 2303 singulos,

453 2323 535 2356 quos
554 2312 665 2346 literae
687 2313 774 2357 ipsae
795 2320 1007 2353 concernunt,
1030 2315 1204 2358 prfemissis

454 2365 606 2399 omnibus
626 2371 655 2399 et
676 2366 822 2409 singulis,
842 2359 975 2410 pacifice
995 2367 1057 2400 frui
1079 2373 1106 2400 et
1129 2379 1204 2411 gau-

454 2418 542 2459 dere,
565 2430 629 2452 non
651 2420 871 2464 permittentes
903 2420 975 2453 illos
1009 2422 1055 2454 vel
1090 2432 1202 2454 corum

454 2470 594 2512 aliquem
611 2480 668 2512 per
683 2480 907 2512 quoscumque
924 2470 1074 2513 desuper,
1093 2476 1203 2503 contra

455 2518 641 2551 earumdem
663 2518 829 2551 literarum
850 2524 1007 2559 tenorem,
1027 2520 1204 2561 quomodo-

455 2567 533 2599 libet
560 2567 700 2600 indebite
730 2567 904 2600 molestari.
946 2567 1204 2600 Contradictores

455 2616 615 2660 quoslibet
641 2620 671 2649 et
695 2616 850 2655 rebelles,
882 2626 939 2659 per
968 2616 1140 2649 sententias
1175 2622 1203 2649 et

457 2675 609 2699 censuras
642 2665 873 2699 ecclesiasticas
901 2676 937 2698 ac
962 2676 1081 2710 poenas
1105 2676 1204 2709 pecu-

1254 426 1434 469 pescendo;
1460 437 1496 459 ac
1516 426 1668 469 legitimis
1692 439 1790 472 super
1809 429 1859 461 his
1880 430 2002 463 liaben-

1253 479 1300 511 dis
1343 479 1472 511 servatis
1515 481 1719 523 processibus
1733 509 1740 522 ,
1781 493 1934 516 censuras
1972 489 2003 517 et

1253 543 1372 575 poenas
1413 533 1516 576 ipsas,
1557 534 1652 566 ctiam
1694 535 1815 570 iteratis
1856 537 2000 577 vicibus,

1253 586 1463 627 aggravando.
1477 585 1582 630 Super
1591 588 1720 630 quibus,
1739 600 1865 623 necnon
1877 597 2003 624 contra-

1252 639 1392 672 dit-tores
1425 645 1453 671 et
1488 640 1624 674 rebelles
1646 643 1828 685 praedictos
1847 655 1884 677 ac
1903 655 2002 688 quos-

1252 704 1392 736 cumque
1414 694 1635 727 molestatores
1655 701 1684 728 et
1709 696 1788 729 alios
1808 697 2001 740 praemisso-

1253 757 1324 778 rum
1368 747 1538 780 occasione
1572 748 1716 782 citandos
1734 776 1741 789 ,
1779 751 1918 784 constito
1957 752 2003 785 eis

1252 800 1425 833 sununaric
1447 806 1478 833 et
1497 802 1782 836 extraiudicialiter
1797 804 1836 837 de
1851 815 1917 837 non
1933 810 2002 838 tuto

1251 865 1400 893 accessu,
1423 854 1517 887 etiam
1548 866 1606 899 per
1638 855 1741 889 edicta
1775 857 1903 900 publica
1924 859 2003 892 locis

1252 908 1390 951 publicis
1423 919 1459 941 ac
1489 909 1565 952 ipsis
1585 909 1720 942 citandis
1744 910 2000 954 circumvicinis,

1252 961 1421 1004 dequibus
1436 961 1476 994 sit
1492 963 1673 996 verisimilis
1696 964 1893 1005 coniectura,
1915 966 2002 1009 quod

1251 1016 1289 1048 ad
1310 1015 1499 1048 eorumdem
1522 1016 1724 1050 citandorum
1749 1017 1895 1051 notitiam
1926 1031 2003 1064 per-

1250 1069 1358 1102 venire
1392 1070 1532 1110 valeant,
1555 1070 1730 1113 affigenda,
1753 1082 1835 1114 quae
1869 1072 2003 1116 perinde

1251 1123 1321 1156 illos
1351 1128 1495 1164 arctent,
1518 1135 1554 1157 ac
1579 1123 1604 1156 si
1629 1124 1675 1157 eis
1695 1125 1909 1168 personaliter
1928 1126 2002 1159 inti-

1251 1182 1334 1209 mata
1356 1177 1501 1217 fuissent,
1524 1177 1656 1218 citandi,
1679 1178 1790 1221 eisque
1811 1189 1847 1212 ac
1867 1179 2002 1222 quibus-

1250 1231 1294 1263 vis
1328 1230 1490 1263 iudicibus
1523 1236 1554 1263 et
1587 1231 1657 1264 aliis
1691 1231 1849 1275 personis,
1884 1233 2004 1276 quibus

1249 1284 1333 1316 dicta
1354 1283 1524 1317 occasione
1540 1284 1754 1318 inhibendum
1775 1285 1884 1327 suerit,
1906 1287 2002 1320 etiam

1249 1337 1308 1370 sub
1329 1338 1514 1379 sententiis,
1539 1339 1685 1372 censuris
1718 1344 1749 1372 et
1773 1340 1887 1383 poenis
1907 1352 2001 1385 prae-

1249 1391 1361 1431 dictis,
1385 1403 1421 1425 ac
1442 1403 1500 1436 per
1534 1393 1651 1426 similia
1677 1393 1780 1426 edicta
1812 1393 1999 1436 inhibendi,

1249 1444 1368 1478 eisdem
1390 1447 1581 1480 auctoritate
1602 1452 1632 1480 et
1652 1452 1777 1488 tenore,
1800 1447 1846 1481 eis
1866 1449 2001 1483 faculta-

1248 1505 1313 1532 tem
1332 1501 1554 1534 concedimus.

1292 1554 1306 1597 ἓ
1328 1554 1357 1588 7,
1380 1555 1449 1588 Non
1470 1555 1670 1590 obstantibus
1689 1556 1855 1601 quibusvis
1873 1562 2002 1602 aposto-

1248 1607 1335 1648 licis,
1359 1620 1394 1642 ac
1416 1609 1447 1642 in
1468 1610 1722 1653 provincialibus
1741 1616 1773 1644 et
1793 1611 2003 1655 synodalibus

1249 1662 1394 1695 conciliis
1415 1663 1507 1697 editis
1521 1692 1528 1705 ‚
1550 1663 1756 1707 generalibus
1779 1665 1828 1697 vel
1853 1665 2002 1708 speciali-

1248 1715 1316 1755 bus,
1330 1717 1613 1751 constitutionibus
1628 1723 1657 1752 et
1678 1717 1947 1760 ordinationibus,
1964 1729 2002 1752 ac

1247 1771 1351 1804 dictae
1373 1772 1523 1812 civitatis,
1546 1772 1641 1805 etiam
1662 1771 1859 1812 iuramento,
1881 1772 2001 1806 confir-

1248 1826 1387 1859 matione
1414 1827 1590 1870 apostolica
1623 1827 1670 1859 vel
1704 1826 1816 1869 quavis
1848 1826 2000 1860 firmitate

1247 1880 1309 1913 alia
1329 1880 1500 1921 roboratis,
1521 1881 1645 1914 statutis
1660 1885 1691 1914 et
1711 1880 2001 1914 consuetudinibus

1247 1945 1283 1967 ac
1304 1934 1588 1968 reformationibus
1607 1940 1638 1967 et
1654 1935 1804 1975 decretis,
1826 1934 2001 1979 privilegiis

1247 1999 1390 2033 quoque,
1413 1988 1545 2022 indultis
1562 1994 1593 2022 et
1610 1989 1711 2022 literis
1730 1989 1916 2033 apostolicis
1930 1989 2000 2034 qui-

1247 2042 1373 2083 busvis,
1397 2043 1456 2075 sub
1477 2042 1737 2087 quibuscumque
1772 2043 1939 2077 tenoribus
1967 2048 2000 2077 et

1247 2098 1358 2130 formis
1378 2107 1415 2130 ac
1444 2107 1518 2130 cum
1544 2096 1721 2139 quibusvis,
1744 2096 1840 2130 etiam
1861 2096 1997 2141 deroga-

1244 2151 1402 2184 toriarum
1428 2150 1657 2192 dmg-atonis,
1680 2145 1816 2195 aliisque
1836 2150 1997 2184 efficacio-

1248 2205 1337 2238 ribus
1362 2210 1393 2238 et
1417 2204 1553 2238 insolitis
1578 2204 1749 2245 clausulis,
1772 2215 1899 2238 necnon
1924 2204 1997 2237 irri-

1246 2260 1388 2293 tantibus
1409 2265 1439 2292 et
1458 2259 1528 2291 aliis
1548 2259 1686 2292 decretis
1711 2258 1871 2292 concessis
1890 2263 1921 2292 et
1939 2270 1996 2303 ap-

1247 2314 1401 2356 probatis,
1424 2324 1461 2346 ac
1481 2313 1576 2346 etiam
1594 2313 1715 2346 iteratis
1730 2312 1852 2346 vicibus
1870 2311 1998 2346 innova-

1248 2367 1295 2400 tis.
1319 2368 1442 2407 Quibus
1457 2367 1620 2406 omnibus,
1634 2367 1729 2400 etiam
1740 2366 1778 2406 si,
1790 2376 1849 2410 pro
1864 2365 1996 2400 illorum

1247 2422 1418 2455 sufficienti
1438 2421 1658 2464 derogatione,
1676 2420 1715 2453 de
1735 2419 1797 2452 illis
1817 2429 1996 2463 eorumque

1246 2471 1320 2503 totis
1352 2470 1519 2503 tenoribus
1552 2468 1717 2513 specialis,
1753 2467 1920 2512 specifica,
1942 2479 1995 2502 ex-

1247 2530 1354 2564 pressa
1367 2525 1397 2552 et
1412 2519 1573 2553 individua
1585 2529 1621 2551 ac
1637 2518 1675 2551 de
1686 2517 1783 2550 verbo
1793 2517 1832 2549 ad
1847 2517 1994 2558 verbum,

1247 2579 1310 2601 non
1331 2574 1439 2601 autem
1460 2579 1518 2611 per
1538 2567 1698 2601 clausulas
1717 2566 1882 2609 generales
1908 2566 1994 2600 idem

1246 2618 1469 2661 importante&
1492 2616 1613 2650 mentio
1633 2626 1689 2649 seu
1709 2615 1839 2659 quaevis
1858 2615 1920 2648 alia
1941 2627 1994 2649 ex-

1249 2667 1371 2712 pressio
1392 2666 1539 2700 habenda
1557 2670 1613 2699 aut
1632 2665 1739 2708 aliqua
1759 2663 1820 2698 alia
1841 2665 1995 2710 exquisita

2018 276 2067 303 An.
2087 275 2115 303 C.
2133 274 2199 302 ¹565

2041 1573 2151 1595 clausulae
2165 1575 2200 1596 de-

2015 1606 2145 1631 rogatoriae.
