2237 3100
35 266 83 312 Αἰι.
100 283 129 310 c.
150 279 212 310 ¹571

911 275 977 299 1³1th
1001 275 1021 298 V
1043 274 1091 298 PP.

275 341 289 385 ἓ
309 340 340 374 ’1.
363 339 444 374 Cum
462 344 570 372 tamen
589 348 694 382 nuper
713 337 752 371 ad
763 337 911 370 notitiam
929 348 984 369 no-

73 406 141 427 enu„
155 406 216 426 huius
230 400 327 428 stram
339 393 500 426 devenerit
513 393 591 426 alias
600 392 632 425 in
643 392 774 425 Camera
791 391 983 436 Apostolica‚

33 438 171 460 extensionis.

68 2096 168 2118 Exteusio
185 2099 218 2118 di-

34 2131 80 2149 etae
88 2129 218 2150 reductioni:

34 2161 96 2181 cuam
112 2160 136 2180 ad
152 2161 219 2186 inqui-

33 2190 96 2213 linos.

231 449 314 482 inter
333 447 407 488 alia,
430 448 596 481 decretum
608 446 705 479 fuisse
721 445 807 489 quod
825 445 937 478 exindo
954 444 984 476 in

231 508 397 547 posterum
417 502 526 534 nullae
547 500 747 534 venditiones
771 499 809 532 de
834 498 985 532 domibus

230 555 433 595 aliislocatis,
449 553 705 598 perearumdem
724 552 909 591 domorum,
923 551 984 584 sive

229 609 275 643 illi
291 609 427 643 Romani
448 613 551 642 essent
578 608 641 640 sive
666 607 816 646 curiales,
844 605 939 638 etiam
961 605 985 638 si

230 663 345 706 pupilli
364 663 413 695 vel
432 661 690 705 vigintiquinque
720 659 813 692 annis
842 658 986 691 iuniores

229 717 279 750 vel
304 715 469 755 mulieres,
505 714 578 747 laici
601 714 650 747 vel
670 713 790 753 clerici,
812 723 868 745 seu
889 712 983 745 etiam

230 769 368 812 religiosi
395 779 451 801 seu
472 768 551 801 alias
570 757 853 811 quarumcumque
881 766 985 798 eecle-

229 823 349 856 siarum
375 827 529 862 rectores,
556 821 619 854 sive
653 820 841 854 earumdem
871 820 984 852 domo-

229 887 315 917 rum,
346 876 418 909 iure
447 875 635 919 quorumvis
663 873 897 907 beneficiorum
928 884 986 917 per

229 940 284 963 eos
304 929 523 970 obtentorum,
538 929 588 961 ius
599 934 654 961 aut
668 927 849 961 dominium
866 927 986 960 liaben-

229 989 276 1017 tes
300 983 328 1025 1,
351 983 448 1017 etiarn
472 982 498 1015 si
527 994 600 1016 cum
622 982 806 1015 iuramento
823 986 851 1014 et
875 980 986 1023 quavis

230 1032 326 1065 etiam
349 1032 546 1075 obligatione
566 1031 600 1064 in
620 1030 768 1074 ampliori
797 1030 900 1063 forma
927 1029 985 1062 Ca-

231 1096 340 1119 merae
363 1085 567 1130 Apostolicae
596 1096 653 1118 seu
673 1084 753 1117 alias
772 1083 985 1127 quibuscum-

230 1150 294 1184 que
314 1140 488 1183 excogitari
512 1145 643 1184 possent
672 1138 805 1172 cautelis
827 1143 854 1170 et
883 1137 987 1170 modis

230 1195 416 1223 contractae
444 1195 562 1229 essent,
587 1189 729 1221 valerent
760 1199 816 1221 seu
849 1187 986 1220 alicuius

230 1238 356 1271 roboris
375 1238 424 1272 vel
444 1238 600 1272 momenti
630 1238 812 1277 existerent,
839 1236 899 1269 nisi
920 1235 985 1279 pri-

230 1287 329 1321 mitus
349 1294 380 1321 et
394 1294 468 1322 ante
485 1288 594 1321 omnia
614 1287 712 1321 iidem
734 1287 907 1320 domorum
931 1286 987 1319 do-

230 1336 310 1370 mini
330 1338 519 1371 earumdem
530 1336 710 1380 inquilinis,
724 1347 783 1379 per
802 1335 987 1368 authentica

230 1386 462 1427 instrumenta,
476 1392 508 1420 et
526 1386 559 1419 in
579 1385 762 1430 praesentia
782 1384 900 1417 notarii
926 1395 986 1427 pu-

230 1437 307 1470 blici
327 1442 358 1471 et
376 1437 506 1470 testium
535 1436 598 1469 fide
627 1435 816 1479 dignorum,
838 1434 888 1467 bis
913 1445 987 1466 cum

230 1486 398 1520 intervallo
419 1486 533 1520 decem
554 1485 681 1519 dierum
698 1483 861 1528 requisitis
877 1483 914 1523 si,
929 1494 988 1526 pro

231 1537 324 1570 iustis
359 1535 601 1570 conditionibus
630 1541 662 1568 et
695 1534 815 1568 eisdem
858 1533 986 1578 pretiis,

230 1586 334 1630 pactis
345 1591 375 1620 et
386 1585 667 1625 conventionibus,
683 1584 813 1617 easdem
829 1583 943 1616 domos
956 1582 988 1615 in

231 1635 377 1668 eamdem
402 1635 601 1679 emptionem
617 1634 737 1666 habere
758 1632 892 1669 vellent,
912 1631 989 1664 alias

230 1684 334 1717 dictae
361 1683 562 1717 venditiones
593 1682 707 1716 exinde
737 1682 859 1715 nullius
885 1686 990 1714 essent

230 1733 357 1766 roboris
370 1733 419 1766 vel
441 1731 609 1773 momenti,
631 1742 668 1764 ac
684 1731 762 1764 alias
785 1735 879 1773 prout
896 1730 928 1762 in
941 1729 989 1761 di-

231 1787 281 1816 cto
302 1782 434 1816 decreto
450 1781 603 1815 camerali
624 1781 751 1825 plenius
772 1779 891 1813 dicitur
911 1789 990 1812 con-

231 1832 338 1866 tineri.
352 1831 445 1871 Quod
457 1832 482 1865 si
498 1832 644 1876 profecto
664 1835 859 1870 remaneret,
878 1829 990 1862 eadem

232 1881 492 1915 inconvenientia
503 1886 731 1925 sequerentur,
745 1890 828 1923 quae
845 1889 882 1911 ex
898 1877 991 1911 dictis

232 1931 521 1976 praedecessorum
551 1936 740 1964 nostrorum
770 1928 885 1962 litteris
921 1933 991 1960 orta

232 1982 377 2015 fuerunt.

276 2031 292 2074 g
311 2030 343 2063 ⁶2.
361 2029 515 2072 Licetque
526 2039 592 2062 non
604 2028 767 2062 immerito
783 2027 907 2061 censeri
919 2037 991 2071 pos-

233 2085 281 2113 set
309 2079 343 2112 in
377 2078 539 2112 dictarum
564 2078 746 2111 litterarum
784 2076 991 2110 revocatione

233 2129 329 2162 etiam
345 2128 513 2161 decretum
534 2127 695 2160 camerale
715 2126 908 2170 praefatum,
929 2125 991 2157 sal-

233 2183 297 2211 tem
318 2189 355 2211 ex
371 2176 541 2210 identitate
561 2175 706 2216 rationis,
728 2186 768 2208 ne
789 2175 862 2218 quis
882 2175 922 2207 de
939 2185 991 2207 re-

232 2227 293 2260 bus
309 2226 375 2260 suis
393 2225 564 2269 disponere
585 2225 718 2258 arbitrio
735 2235 792 2257 suo
809 2223 992 2268 prohibitus

232 2277 392 2317 videatur,
405 2275 680 2319 comprehensum
692 2274 790 2308 fuisse
811 2280 840 2307 et
857 2285 938 2313 esse,
958 2279 991 2306 ut

234 2331 342 2358 tamen
362 2325 562 2368 scrupolosis
583 2323 746 2365 omnibus,
769 2324 825 2367 qui
851 2323 937 2356 varia
958 2322 992 2355 li-

235 2375 317 2408 tium
338 2374 462 2408 semina
486 2373 732 2407 subministrare
761 2383 826 2406 non
853 2378 989 2413 cessant,

235 2423 405 2457 cavillandi
430 2423 598 2456 materiam
626 2422 841 2463 succidamus,
873 2422 992 2455 decreti

234 2473 367 2518 praefati
388 2478 535 2505 tenorem
555 2471 783 2515 praesentibus
811 2482 870 2515 pro
895 2472 991 2516 plene

233 2528 265 2556 et
284 2521 485 2555 sufficienter
500 2531 649 2564 expresso
669 2520 835 2561 habentes,
848 2525 936 2553 motu
953 2520 993 2553 si-

234 2571 303 2605 mili
335 2576 392 2605 etc.
425 2571 628 2605 declaramus
655 2575 752 2614 atque
787 2569 993 2603 decernimus

271 2636 282 2661 l
305 2635 395 2661 Etiam
405 2643 457 2667 pro
468 2643 561 2660 eorum
578 2635 671 2666 quavis
684 2634 837 2659 necessitate
849 2634 884 2658 vet
900 2641 992 2664 causa,

234 2679 352 2707 Cherub.
370 2679 408 2715 (n.
430 2678 479 2714 τ.).

315 2724 389 2754 Ball.
412 2723 489 2755 Rom.
515 2723 571 2753 Vol.
598 2722 656 2753 VII.
819 2722 875 2752 115

1668 263 1732 297 913

1029 327 1194 360 decretum
1208 326 1386 370 praefatum
1399 326 1458 359 sub
1470 326 1581 359 eadem
1595 326 1709 359 cedula
1724 337 1781 359 no-

1029 387 1093 413 stra
1106 381 1378 424 comprehensum
1392 380 1487 413 fuisse
1501 386 1531 413 et
1549 379 1780 423 comprehendi

1028 435 1145 467 debere
1172 434 1277 477 quoad
1298 434 1415 467 liberas
1439 434 1609 466 domorum
1626 433 1781 466 venditio-

1028 498 1096 528 nes,
1110 488 1296 521 earumdem
1314 487 1479 531 inquilinis
1496 487 1700 531 irrequisitis,
1725 498 1784 531 per

1029 552 1139 574 earum
1161 541 1309 574 dominos
1329 541 1428 574 factas
1447 542 1459 584 (
1479 540 1656 573 dummodo
1687 551 1784 584 super

1028 605 1139 627 earum
1162 594 1351 627 tractatione
1384 595 1421 627 lis
1452 600 1538 627 mota
1564 605 1621 638 per
1650 594 1782 637 inquili-

1028 659 1085 681 nos
1102 654 1130 681 et
1148 649 1292 691 plenarie
1304 649 1473 691 bucusque
1490 648 1579 680 finita
1592 658 1656 680 non
1673 648 1782 689 suerit)

1028 706 1058 734 et
1078 702 1109 734 in
1130 701 1276 734 futurum
1293 702 1541 742 contrahendas,
1556 700 1690 745 perinde
1707 711 1744 733 ac
1758 700 1782 732 si

1028 755 1066 787 de
1086 755 1170 788 dicto
1186 755 1317 788 decreto
1339 755 1497 799 specialis,
1516 755 1667 798 specifica
1680 760 1709 787 et
1730 766 1783 787 ex—

1028 819 1136 851 pressa
1146 809 1266 842 mentio
1280 809 1361 842 facta
1376 808 1496 841 suisset.
1511 809 1546 841 Et
1560 808 1782 845 nihilominus,

1027 873 1086 906 pro
1101 863 1353 905 praemissorum
1372 862 1485 895 maiori
1499 862 1624 895 cautela
1638 867 1666 893 et
1684 861 1785 893 firmi-

1028 921 1102 955 tate,
1116 916 1224 949 omnia
1240 921 1267 949 et
1282 916 1420 958 singula,
1432 927 1515 960 quac
1530 916 1560 948 iu
1573 915 1657 948 dicta
1668 915 1784 948 cedula

1028 975 1140 1001 contra
1169 969 1455 1012 praedeeessorum
1477 969 1598 1002 litteras
1627 968 1786 1012 praefatas

1028 1022 1200 1055 statuimus
1221 1027 1249 1054 et
1271 1022 1460 1055 ordinamus
1477 1028 1504 1054 et
1523 1021 1682 1054 observari
1695 1022 1785 1054 volu-

1028 1086 1112 1116 mus,
1136 1076 1247 1108 eadem
1269 1075 1389 1115 onmia,
1409 1086 1482 1108 eum
1504 1075 1655 1108 omuibus
1671 1081 1701 1108 et
1719 1075 1785 1107 sin-

1028 1129 1111 1172 gulis
1132 1129 1285 1162 clausulis
1306 1135 1335 1161 et
1360 1128 1623 1172 derogationibus
1644 1128 1675 1161 in
1701 1129 1787 1162 dieta

1028 1188 1138 1216 nostra
1149 1183 1265 1216 cedula
1278 1182 1449 1222 contentis,
1468 1193 1503 1215 ae
1524 1183 1547 1215 si
1565 1183 1603 1215 de
1624 1183 1720 1215 verbo
1747 1182 1785 1215 ad

1028 1237 1161 1270 verbum
1183 1237 1235 1269 liic
1265 1248 1414 1280 expressa
1439 1242 1563 1276 essent,
1585 1237 1693 1280 quoad
1723 1237 1785 1269 hu-

1029 1291 1170 1324 iusmodi
1200 1291 1367 1324 decretum
1394 1296 1424 1324 et
1454 1290 1589 1323 liberam
1628 1290 1785 1324 vendendi

1029 1344 1228 1385 facultatem,
1251 1343 1418 1387 inquilinis
1445 1344 1617 1377 domorum
1644 1354 1710 1377 nou
1736 1355 1787 1376 re-

1029 1397 1164 1442 quisitis,
1186 1397 1356 1431 statuimus
1372 1403 1402 1430 et
1422 1398 1612 1431 ordinamus
1632 1403 1659 1430 et
1683 1398 1790 1430 obser-

1029 1451 1095 1484 vari
1115 1452 1265 1484 volumus
1285 1457 1313 1484 et
1335 1452 1540 1484 mandamus.

1074 1506 1088 1548 ξ
1108 1504 1139 1538 3.
1163 1505 1280 1549 Sicque
1306 1515 1363 1549 per
1378 1516 1603 1549 quoscumque
1616 1504 1742 1538 iudices
1760 1510 1790 1539 et

1031 1559 1282 1599 commissarios,
1301 1559 1412 1602 quavis
1430 1559 1621 1592 auctoritate
1648 1559 1787 1602 fungen—

1032 1619 1093 1654 tes,
1122 1614 1219 1647 etiam
1256 1624 1429 1647 causarum
1464 1613 1575 1646 Palatii
1611 1613 1788 1656 Apostoliei

1031 1667 1207 1707 auditores,
1234 1678 1271 1700 ac
1298 1673 1427 1700 sanctae
1442 1667 1605 1700 Romanae
1626 1667 1787 1700 Ecclesiae

1033 1720 1223 1761 cardinales,
1246 1720 1372 1753 sublata
1388 1720 1434 1754 eis
1454 1725 1512 1753 etc.
1531 1747 1538 1759 ,
1569 1720 1786 1753 decernimus.

1076 1774 1091 1817 ξ,
1110 1774 1142 1807 4.
1165 1774 1235 1807 Non
1255 1774 1458 1807 obstantibus
1479 1774 1565 1807 dicto
1582 1774 1714 1807 decreto
1735 1785 1789 1807 ca-

1034 1828 1146 1860 merali
1179 1827 1386 1868 huiusmodi,
1409 1828 1505 1861 etiam
1526 1827 1649 1871 pluries
1670 1828 1788 1861 contir-

1033 1886 1175 1922 mato,ac
1189 1881 1259 1915 aliis
1267 1881 1465 1925 praemissis,
1479 1892 1527 1921 ac,
1538 1887 1698 1925 quatenus
1708 1892 1790 1926 opus

1034 1935 1084 1975 sit,
1107 1941 1217 1968 nostra
1234 1936 1273 1969 de
1292 1946 1359 1969 non
1374 1935 1517 1968 tollendo
1539 1935 1609 1968 iure
1628 1935 1787 1979 quaesito,

1034 1989 1129 2022 etiam
1154 1988 1320 2032 quibusvis
1345 1989 1415 2022 aliis
1449 1989 1735 2022 constitutionibus
1761 1994 1791 2022 et

1035 2043 1296 2077 ordinationibus
1325 2043 1523 2088 apostolicis
1552 2054 1679 2076 necnon
1702 2043 1791 2076 iura-

1036 2104 1143 2131 mento
1157 2103 1213 2131 etc.
1224 2098 1385 2132 roboratis
1396 2098 1531 2138 statutis,
1545 2097 1791 2131 consuetudini-

1034 2152 1246 2193 bus,necnon
1259 2152 1397 2196 legibus,
1414 2152 1509 2185 etiam
1526 2151 1790 2195 municipalibus,

1037 2205 1212 2250 privilegiis
1227 2217 1358 2249 quoque
1371 2210 1440 2246 etc„
1456 2206 1516 2239 sub
1530 2205 1792 2248 quibuscumque

1038 2260 1206 2293 tenoribus
1240 2264 1297 2294 cto.
1329 2260 1491 2293 concessis
1516 2264 1586 2300 etc„
1614 2259 1794 2303 ceterisque

1037 2314 1208 2347 contrariis
1228 2324 1293 2347 non
1305 2313 1505 2347 obstantibus
1521 2313 1794 2357 quibuscumque,

1037 2372 1155 2401 statum
1176 2374 1206 2402 et
1227 2369 1341 2402 merita
1370 2378 1541 2401 causarum
1570 2367 1796 2411 praesentibus

1037 2433 1096 2466 pro
1135 2423 1231 2467 plene
1265 2428 1296 2456 et
1322 2422 1520 2455 sufficienter
1550 2421 1707 2466 expressis
1737 2421 1795 2454 ha-

1038 2475 1163 2510 bentes.

1150 2530 1267 2563 Placet.
1292 2530 1378 2562 Motu
1399 2529 1544 2574 proprio,
1572 2530 1610 2562 M.

1083 2579 1197 2612 Datum
1219 2579 1340 2612 Romae
1361 2579 1447 2622 apud
1467 2579 1497 2613 S.
1521 2579 1666 2620 Petrum,
1683 2580 1796 2623 quinto

1040 2638 1142 2662 nonas
1158 2628 1239 2668 iulii,
1262 2638 1347 2661 anno
1367 2637 1410 2661 w.

1150 2677 1212 2707 Dat.
1233 2677 1280 2708 die
1299 2677 1317 2707 3
1335 2677 1412 2715 iulii,
1430 2677 1534 2717 pontif.
1554 2687 1631 2708 anno
1650 2686 1689 2708 Vl.

1794 272 1841 298 An.
1865 271 1893 298 C.
1914 271 1978 298 ¹571

1831 1523 1942 1543 Decretum
1962 1524 1990 1543 lr—

1803 1556 1880 1576 ritans.

1831 1791 1942 1812 crustum
1955 1792 1990 1811 ‹le›

1807 1824 1934 1848 rogatui-iae.
