<?xml version="1.0" encoding="UTF-8"?>
<!DOCTYPE html PUBLIC "-//W3C//DTD XHTML 1.0 Transitional//EN"
    "http://www.w3.org/TR/xhtml1/DTD/xhtml1-transitional.dtd">
<html xmlns="http://www.w3.org/1999/xhtml" xml:lang="en" lang="en">
 <head>
  <title>
</title>
<meta http-equiv="Content-Type" content="text/html;charset=utf-8" />
  <meta name='ocr-system' content='tesseract 3.04.00' />
  <meta name='ocr-capabilities' content='ocr_page ocr_carea ocr_par ocr_line ocrx_word'/>
</head>
<body>
  <div class='ocr_page' id='page_1' title='image "./bullarumdiplomat07cath_0632.png"; bbox 0 0 2237 3100; ppageno 0'>
   <div class='ocr_carea' id='block_1_1' title="bbox 247 234 427 262">
    <p class='ocr_par' dir='ltr' id='par_1_1' title="bbox 247 234 427 262">
     <span class='ocr_line' id='line_1_1' title="bbox 247 234 427 262; baseline 0 -1"><span class='ocrx_word' id='word_1_1' title='bbox 247 235 295 261; x_wconf 68' lang='lat' dir='ltr'>An.</span> <span class='ocrx_word' id='word_1_2' title='bbox 313 234 342 261; x_wconf 92' lang='lat' dir='ltr'>C.</span> <span class='ocrx_word' id='word_1_3' title='bbox 362 234 427 262; x_wconf 74' lang='lat'>1567</span> 
     </span>
    </p>
   </div>
   <div class='ocr_carea' id='block_1_2' title="bbox 252 1049 434 1103">
    <p class='ocr_par' dir='ltr' id='par_1_2' title="bbox 252 1049 434 1103">
     <span class='ocr_line' id='line_1_2' title="bbox 260 1049 434 1071; baseline 0 -2"><span class='ocrx_word' id='word_1_4' title='bbox 260 1049 380 1071; x_wconf 66' lang='lat' dir='ltr'>Declaratio</span> <span class='ocrx_word' id='word_1_5' title='bbox 388 1053 434 1069; x_wconf 67' lang='lat' dir='ltr'>sex-</span> 
     </span>
     <span class='ocr_line' id='line_1_3' title="bbox 252 1083 410 1103; baseline -0.013 -1"><span class='ocrx_word' id='word_1_6' title='bbox 252 1086 276 1102; x_wconf 68' lang='lat' dir='ltr'>tae</span> <span class='ocrx_word' id='word_1_7' title='bbox 291 1083 410 1103; x_wconf 72' lang='lat' dir='ltr'>molestiae.</span> 
     </span>
    </p>
   </div>
   <div class='ocr_carea' id='block_1_3' title="bbox 257 1975 439 2034">
    <p class='ocr_par' dir='ltr' id='par_1_3' title="bbox 257 1975 439 2034">
     <span class='ocr_line' id='line_1_4' title="bbox 271 1975 439 1996; baseline -0.006 0"><span class='ocrx_word' id='word_1_8' title='bbox 271 1975 387 1996; x_wconf 64' lang='lat' dir='ltr'>neetnraiio</span> <span class='ocrx_word' id='word_1_9' title='bbox 403 1979 439 1996; x_wconf 83' lang='lat' dir='ltr'>se-</span> 
     </span>
     <span class='ocr_line' id='line_1_5' title="bbox 257 2007 430 2034; baseline 0 -7"><span class='ocrx_word' id='word_1_10' title='bbox 257 2009 321 2034; x_wconf 69' lang='lat' dir='ltr'>ptima’</span> <span class='ocrx_word' id='word_1_11' title='bbox 331 2007 430 2028; x_wconf 65' lang='lat' dir='ltr'>molestia*</span> 
     </span>
    </p>
   </div>
   <div class='ocr_carea' id='block_1_4' title="bbox 261 2503 442 2556">
    <p class='ocr_par' dir='ltr' id='par_1_4' title="bbox 261 2503 442 2556">
     <span class='ocr_line' id='line_1_6' title="bbox 273 2503 442 2524; baseline 0 0"><span class='ocrx_word' id='word_1_12' title='bbox 273 2503 391 2524; x_wconf 79' lang='lat' dir='ltr'>Declarnt&#39;io</span> <span class='ocrx_word' id='word_1_13' title='bbox 408 2508 442 2524; x_wconf 86' lang='lat' dir='ltr'>oc-</span> 
     </span>
     <span class='ocr_line' id='line_1_7' title="bbox 261 2534 440 2556; baseline -0.006 -1"><span class='ocrx_word' id='word_1_14' title='bbox 261 2538 310 2555; x_wconf 69' lang='lat' dir='ltr'>tavae</span> <span class='ocrx_word' id='word_1_15' title='bbox 321 2534 440 2556; x_wconf 68' lang='lat' dir='ltr'>molestiae.</span> 
     </span>
    </p>
   </div>
   <div class='ocr_carea' id='block_1_5' title="bbox 485 224 549 259">
    <p class='ocr_par' dir='ltr' id='par_1_5' title="bbox 485 224 549 259">
     <span class='ocr_line' id='line_1_8' title="bbox 485 224 549 259; baseline 0.016 -1"><span class='ocrx_word' id='word_1_16' title='bbox 485 224 549 259; x_wconf 78' lang='lat'>578</span> 
     </span>
    </p>
   </div>
   <div class='ocr_carea' id='block_1_6' title="bbox 442 286 1206 2375">
    <p class='ocr_par' dir='ltr' id='par_1_6' title="bbox 442 286 1196 966">
     <span class='ocr_line' id='line_1_9' title="bbox 445 286 1190 328; baseline -0.005 -7"><span class='ocrx_word' id='word_1_17' title='bbox 445 288 550 328; x_wconf 88' lang='lat' dir='ltr'>modi,</span> <span class='ocrx_word' id='word_1_18' title='bbox 586 293 618 321; x_wconf 86' lang='lat' dir='ltr'>ut</span> <span class='ocrx_word' id='word_1_19' title='bbox 649 289 743 321; x_wconf 86' lang='lat' dir='ltr'>etiam</span> <span class='ocrx_word' id='word_1_20' title='bbox 774 288 805 320; x_wconf 88' lang='lat' dir='ltr'>in</span> <span class='ocrx_word' id='word_1_21' title='bbox 830 288 958 320; x_wconf 87' lang='lat' dir='ltr'>illarum</span> <span class='ocrx_word' id='word_1_22' title='bbox 984 287 1030 319; x_wconf 77' lang='lat' dir='ltr'>vel</span> <span class='ocrx_word' id='word_1_23' title='bbox 1060 286 1190 318; x_wconf 87' lang='lat' dir='ltr'>illorum</span> 
     </span>
     <span class='ocr_line' id='line_1_10' title="bbox 444 339 1189 386; baseline -0.005 -11"><span class='ocrx_word' id='word_1_24' title='bbox 444 343 581 385; x_wconf 73' lang='lat' dir='ltr'>syndieis</span> <span class='ocrx_word' id='word_1_25' title='bbox 608 348 659 376; x_wconf 86' lang='lat' dir='ltr'>aut</span> <span class='ocrx_word' id='word_1_26' title='bbox 692 341 957 386; x_wconf 63' lang='lat' dir='ltr'>procuratoribus</span> <span class='ocrx_word' id='word_1_27' title='bbox 986 339 1189 384; x_wconf 75' lang='lat' dir='ltr'>deputandis,</span> 
     </span>
     <span class='ocr_line' id='line_1_11' title="bbox 443 393 1190 439; baseline -0.004 -11"><span class='ocrx_word' id='word_1_28' title='bbox 443 397 490 429; x_wconf 84' lang='lat' dir='ltr'>vel</span> <span class='ocrx_word' id='word_1_29' title='bbox 516 395 548 429; x_wconf 91' lang='lat' dir='ltr'>in</span> <span class='ocrx_word' id='word_1_30' title='bbox 573 395 780 439; x_wconf 75' lang='lat' dir='ltr'>disponendis</span> <span class='ocrx_word' id='word_1_31' title='bbox 805 395 936 427; x_wconf 89' lang='lat' dir='ltr'>illorum</span> <span class='ocrx_word' id='word_1_32' title='bbox 966 393 1190 433; x_wconf 76' lang='lat' dir='ltr'>sacultatiluis,</span> 
     </span>
     <span class='ocr_line' id='line_1_12' title="bbox 442 446 1192 491; baseline -0.005 -8"><span class='ocrx_word' id='word_1_33' title='bbox 442 450 490 483; x_wconf 84' lang='lat' dir='ltr'>vel</span> <span class='ocrx_word' id='word_1_34' title='bbox 505 450 566 482; x_wconf 84' lang='lat' dir='ltr'>alia</span> <span class='ocrx_word' id='word_1_35' title='bbox 585 449 644 482; x_wconf 90' lang='lat' dir='ltr'>sibi</span> <span class='ocrx_word' id='word_1_36' title='bbox 659 459 724 481; x_wconf 89' lang='lat' dir='ltr'>non</span> <span class='ocrx_word' id='word_1_37' title='bbox 737 447 949 491; x_wconf 88' lang='lat' dir='ltr'>competentia</span> <span class='ocrx_word' id='word_1_38' title='bbox 969 446 1125 488; x_wconf 83' lang='lat' dir='ltr'>facienda,</span> <span class='ocrx_word' id='word_1_39' title='bbox 1145 448 1192 480; x_wconf 87' lang='lat' dir='ltr'>ul-</span> 
     </span>
     <span class='ocr_line' id='line_1_13' title="bbox 444 500 1192 540; baseline -0.004 -4"><span class='ocrx_word' id='word_1_40' title='bbox 444 504 569 536; x_wconf 86' lang='lat' dir='ltr'>latenus</span> <span class='ocrx_word' id='word_1_41' title='bbox 593 513 657 536; x_wconf 91' lang='lat' dir='ltr'>non</span> <span class='ocrx_word' id='word_1_42' title='bbox 691 513 723 535; x_wconf 88' lang='lat' dir='ltr'>se</span> <span class='ocrx_word' id='word_1_43' title='bbox 752 501 980 540; x_wconf 78' lang='lat' dir='ltr'>intromittant3</span> <span class='ocrx_word' id='word_1_44' title='bbox 1006 511 1068 533; x_wconf 85' lang='lat' dir='ltr'>nec</span> <span class='ocrx_word' id='word_1_45' title='bbox 1097 500 1192 534; x_wconf 85' lang='lat' dir='ltr'>etiam</span> 
     </span>
     <span class='ocr_line' id='line_1_14' title="bbox 444 555 1193 599; baseline -0.001 -10"><span class='ocrx_word' id='word_1_46' title='bbox 444 556 597 590; x_wconf 88' lang='lat' dir='ltr'>ordinarii</span> <span class='ocrx_word' id='word_1_47' title='bbox 624 555 709 599; x_wconf 86' lang='lat' dir='ltr'>ipsos</span> <span class='ocrx_word' id='word_1_48' title='bbox 730 555 895 598; x_wconf 72' lang='lat' dir='ltr'>regulares</span> <span class='ocrx_word' id='word_1_49' title='bbox 915 555 1075 598; x_wconf 84' lang='lat' dir='ltr'>praefatos</span> <span class='ocrx_word' id='word_1_50' title='bbox 1095 555 1193 588; x_wconf 84' lang='lat' dir='ltr'>citare</span> 
     </span>
     <span class='ocr_line' id='line_1_15' title="bbox 445 607 1193 648; baseline -0.005 -4"><span class='ocrx_word' id='word_1_51' title='bbox 445 616 475 644; x_wconf 85' lang='lat' dir='ltr'>et</span> <span class='ocrx_word' id='word_1_52' title='bbox 499 608 712 642; x_wconf 84' lang='lat' dir='ltr'>iurisdictioui</span> <span class='ocrx_word' id='word_1_53' title='bbox 733 619 809 641; x_wconf 85' lang='lat' dir='ltr'>suae</span> <span class='ocrx_word' id='word_1_54' title='bbox 830 607 1002 648; x_wconf 82' lang='lat' dir='ltr'>subiicere,</span> <span class='ocrx_word' id='word_1_55' title='bbox 1028 619 1065 641; x_wconf 78' lang='lat' dir='ltr'>ac</span> <span class='ocrx_word' id='word_1_56' title='bbox 1081 619 1193 642; x_wconf 88' lang='lat' dir='ltr'>eorum</span> 
     </span>
     <span class='ocr_line' id='line_1_16' title="bbox 445 662 1194 707; baseline 0 -12"><span class='ocrx_word' id='word_1_57' title='bbox 445 668 620 696; x_wconf 79' lang='lat' dir='ltr'>conventus</span> <span class='ocrx_word' id='word_1_58' title='bbox 640 673 819 706; x_wconf 85' lang='lat' dir='ltr'>occupare,</span> <span class='ocrx_word' id='word_1_59' title='bbox 848 663 934 706; x_wconf 88' lang='lat' dir='ltr'>ipsos</span> <span class='ocrx_word' id='word_1_60' title='bbox 953 662 992 694; x_wconf 87' lang='lat' dir='ltr'>ab</span> <span class='ocrx_word' id='word_1_61' title='bbox 1021 662 1066 696; x_wconf 86' lang='lat' dir='ltr'>cis</span> <span class='ocrx_word' id='word_1_62' title='bbox 1086 663 1194 707; x_wconf 82' lang='lat' dir='ltr'>expel-</span> 
     </span>
     <span class='ocr_line' id='line_1_17' title="bbox 444 716 1195 760; baseline 0 -11"><span class='ocrx_word' id='word_1_63' title='bbox 444 717 550 755; x_wconf 85' lang='lat' dir='ltr'>lendo,</span> <span class='ocrx_word' id='word_1_64' title='bbox 570 727 606 749; x_wconf 86' lang='lat' dir='ltr'>ae</span> <span class='ocrx_word' id='word_1_65' title='bbox 627 716 660 749; x_wconf 89' lang='lat' dir='ltr'>in</span> <span class='ocrx_word' id='word_1_66' title='bbox 679 716 1032 760; x_wconf 87' lang='lat' dir='ltr'>ipsosiurisdictionem</span> <span class='ocrx_word' id='word_1_67' title='bbox 1053 717 1195 760; x_wconf 80' lang='lat' dir='ltr'>aliquam</span> 
     </span>
     <span class='ocr_line' id='line_1_18' title="bbox 444 766 1193 815; baseline 0 -12"><span class='ocrx_word' id='word_1_68' title='bbox 444 776 475 804; x_wconf 89' lang='lat' dir='ltr'>et</span> <span class='ocrx_word' id='word_1_69' title='bbox 498 775 688 815; x_wconf 84' lang='lat' dir='ltr'>potestatem</span> <span class='ocrx_word' id='word_1_70' title='bbox 714 781 876 811; x_wconf 80' lang='lat' dir='ltr'>exercere,</span> <span class='ocrx_word' id='word_1_71' title='bbox 904 776 939 803; x_wconf 83' lang='lat' dir='ltr'>ut</span> <span class='ocrx_word' id='word_1_72' title='bbox 958 766 1193 814; x_wconf 86' lang='lat' dir='ltr'>praemittitur,</span> 
     </span>
     <span class='ocr_line' id='line_1_19' title="bbox 445 824 1196 869; baseline 0.001 -12"><span class='ocrx_word' id='word_1_73' title='bbox 445 829 500 858; x_wconf 86' lang='lat' dir='ltr'>aut</span> <span class='ocrx_word' id='word_1_74' title='bbox 519 824 606 869; x_wconf 87' lang='lat' dir='ltr'>ipsos</span> <span class='ocrx_word' id='word_1_75' title='bbox 626 824 810 858; x_wconf 78' lang='lat' dir='ltr'>carceribus</span> <span class='ocrx_word' id='word_1_76' title='bbox 828 825 1013 869; x_wconf 86' lang='lat' dir='ltr'>mancipare</span> <span class='ocrx_word' id='word_1_77' title='bbox 1035 830 1066 857; x_wconf 86' lang='lat' dir='ltr'>et</span> <span class='ocrx_word' id='word_1_78' title='bbox 1085 831 1196 858; x_wconf 85' lang='lat' dir='ltr'>contra</span> 
     </span>
     <span class='ocr_line' id='line_1_20' title="bbox 445 879 1196 923; baseline -0.001 -11"><span class='ocrx_word' id='word_1_79' title='bbox 445 889 499 912; x_wconf 92' lang='lat' dir='ltr'>eos</span> <span class='ocrx_word' id='word_1_80' title='bbox 519 879 607 912; x_wconf 88' lang='lat' dir='ltr'>aliud</span> <span class='ocrx_word' id='word_1_81' title='bbox 627 879 733 912; x_wconf 82' lang='lat' dir='ltr'>facere</span> <span class='ocrx_word' id='word_1_82' title='bbox 758 879 892 923; x_wconf 87' lang='lat' dir='ltr'>possint,</span> <span class='ocrx_word' id='word_1_83' title='bbox 923 884 959 912; x_wconf 87' lang='lat' dir='ltr'>ut.</span> <span class='ocrx_word' id='word_1_84' title='bbox 986 890 1063 913; x_wconf 87' lang='lat' dir='ltr'>suae</span> <span class='ocrx_word' id='word_1_85' title='bbox 1083 879 1196 912; x_wconf 87' lang='lat' dir='ltr'>ditioni</span> 
     </span>
     <span class='ocr_line' id='line_1_21' title="bbox 447 933 671 966; baseline -0.004 0"><span class='ocrx_word' id='word_1_86' title='bbox 447 933 671 966; x_wconf 86' lang='lat' dir='ltr'>subiiciantur.</span> 
     </span>
    </p>

    <p class='ocr_par' dir='ltr' id='par_1_7' title="bbox 448 987 1204 1886">
     <span class='ocr_line' id='line_1_22' title="bbox 491 987 1198 1031; baseline 0.001 -11"><span class='ocrx_word' id='word_1_87' title='bbox 491 988 523 1020; x_wconf 75' lang='lat'>6.</span> <span class='ocrx_word' id='word_1_88' title='bbox 541 987 698 1020; x_wconf 86' lang='lat' dir='ltr'>Volumus</span> <span class='ocrx_word' id='word_1_89' title='bbox 720 987 814 1020; x_wconf 87' lang='lat' dir='ltr'>etiam</span> <span class='ocrx_word' id='word_1_90' title='bbox 837 988 924 1031; x_wconf 84' lang='lat' dir='ltr'>quod</span> <span class='ocrx_word' id='word_1_91' title='bbox 940 987 1122 1031; x_wconf 87' lang='lat' dir='ltr'>puellarum</span> <span class='ocrx_word' id='word_1_92' title='bbox 1133 987 1198 1021; x_wconf 87' lang='lat' dir='ltr'>Deo</span> 
     </span>
     <span class='ocr_line' id='line_1_23' title="bbox 448 1040 1199 1081; baseline 0.001 -8"><span class='ocrx_word' id='word_1_93' title='bbox 448 1040 670 1081; x_wconf 85' lang='lat' dir='ltr'>dicandarum,</span> <span class='ocrx_word' id='word_1_94' title='bbox 695 1051 736 1074; x_wconf 88' lang='lat' dir='ltr'>an</span> <span class='ocrx_word' id='word_1_95' title='bbox 754 1041 875 1074; x_wconf 79' lang='lat' dir='ltr'>scilicet</span> <span class='ocrx_word' id='word_1_96' title='bbox 891 1046 1021 1074; x_wconf 81' lang='lat' dir='ltr'>coactae</span> <span class='ocrx_word' id='word_1_97' title='bbox 1040 1041 1087 1074; x_wconf 80' lang='lat' dir='ltr'>vel</span> <span class='ocrx_word' id='word_1_98' title='bbox 1108 1041 1199 1074; x_wconf 87' lang='lat' dir='ltr'>sedu-</span> 
     </span>
     <span class='ocr_line' id='line_1_24' title="bbox 449 1094 1199 1135; baseline 0.001 -8"><span class='ocrx_word' id='word_1_99' title='bbox 449 1099 517 1128; x_wconf 88' lang='lat' dir='ltr'>ctae</span> <span class='ocrx_word' id='word_1_100' title='bbox 536 1094 668 1135; x_wconf 87' lang='lat' dir='ltr'>fuerint,</span> <span class='ocrx_word' id='word_1_101' title='bbox 695 1106 829 1128; x_wconf 79' lang='lat' dir='ltr'>examen</span> <span class='ocrx_word' id='word_1_102' title='bbox 848 1095 1042 1132; x_wconf 73' lang='lat' dir='ltr'>faciendum,</span> <span class='ocrx_word' id='word_1_103' title='bbox 1071 1096 1199 1129; x_wconf 89' lang='lat' dir='ltr'>nonnisi</span> 
     </span>
     <span class='ocr_line' id='line_1_25' title="bbox 448 1149 1200 1193; baseline 0.003 -12"><span class='ocrx_word' id='word_1_104' title='bbox 448 1149 531 1181; x_wconf 85' lang='lat' dir='ltr'>infra</span> <span class='ocrx_word' id='word_1_105' title='bbox 565 1149 750 1192; x_wconf 84' lang='lat' dir='ltr'>quindecim</span> <span class='ocrx_word' id='word_1_106' title='bbox 784 1149 852 1182; x_wconf 87' lang='lat' dir='ltr'>dies</span> <span class='ocrx_word' id='word_1_107' title='bbox 898 1154 1081 1193; x_wconf 88' lang='lat' dir='ltr'>postquam,</span> <span class='ocrx_word' id='word_1_108' title='bbox 1114 1149 1200 1183; x_wconf 81' lang='lat' dir='ltr'>iuxta</span> 
     </span>
     <span class='ocr_line' id='line_1_26' title="bbox 451 1202 1200 1247; baseline 0.003 -12"><span class='ocrx_word' id='word_1_109' title='bbox 451 1202 625 1236; x_wconf 89' lang='lat' dir='ltr'>concilium</span> <span class='ocrx_word' id='word_1_110' title='bbox 645 1203 882 1241; x_wconf 87' lang='lat' dir='ltr'>Tridentinum,</span> <span class='ocrx_word' id='word_1_111' title='bbox 904 1203 1049 1247; x_wconf 80' lang='lat' dir='ltr'>episcopi</span> <span class='ocrx_word' id='word_1_112' title='bbox 1079 1204 1127 1236; x_wconf 90' lang='lat' dir='ltr'>vel</span> <span class='ocrx_word' id='word_1_113' title='bbox 1148 1215 1200 1237; x_wconf 91' lang='lat' dir='ltr'>eo-</span> 
     </span>
     <span class='ocr_line' id='line_1_27' title="bbox 451 1256 1198 1301; baseline 0.001 -11"><span class='ocrx_word' id='word_1_114' title='bbox 451 1268 523 1290; x_wconf 90' lang='lat' dir='ltr'>rum</span> <span class='ocrx_word' id='word_1_115' title='bbox 543 1256 653 1289; x_wconf 87' lang='lat' dir='ltr'>vicarii</span> <span class='ocrx_word' id='word_1_116' title='bbox 675 1256 820 1300; x_wconf 76' lang='lat' dir='ltr'>requisiti</span> <span class='ocrx_word' id='word_1_117' title='bbox 840 1256 970 1296; x_wconf 86' lang='lat' dir='ltr'>fuerint,</span> <span class='ocrx_word' id='word_1_118' title='bbox 991 1257 1061 1289; x_wconf 84' lang='lat' dir='ltr'>fieri</span> <span class='ocrx_word' id='word_1_119' title='bbox 1081 1258 1198 1301; x_wconf 68' lang='lat' dir='ltr'>possit,</span> 
     </span>
     <span class='ocr_line' id='line_1_28' title="bbox 451 1309 1201 1355; baseline 0.001 -11"><span class='ocrx_word' id='word_1_120' title='bbox 451 1311 568 1355; x_wconf 86' lang='lat' dir='ltr'>quibus</span> <span class='ocrx_word' id='word_1_121' title='bbox 592 1309 717 1354; x_wconf 86' lang='lat' dir='ltr'>elapsis,</span> <span class='ocrx_word' id='word_1_122' title='bbox 737 1310 877 1355; x_wconf 86' lang='lat' dir='ltr'>amplius</span> <span class='ocrx_word' id='word_1_123' title='bbox 896 1310 929 1343; x_wconf 92' lang='lat' dir='ltr'>in</span> <span class='ocrx_word' id='word_1_124' title='bbox 949 1310 1082 1344; x_wconf 87' lang='lat' dir='ltr'>hocill&#39;is</span> <span class='ocrx_word' id='word_1_125' title='bbox 1102 1323 1135 1345; x_wconf 90' lang='lat' dir='ltr'>se</span> <span class='ocrx_word' id='word_1_126' title='bbox 1154 1312 1201 1345; x_wconf 87' lang='lat' dir='ltr'>in-</span> 
     </span>
     <span class='ocr_line' id='line_1_29' title="bbox 453 1364 1199 1405; baseline 0.004 -9"><span class='ocrx_word' id='word_1_127' title='bbox 453 1364 629 1398; x_wconf 87' lang='lat' dir='ltr'>tromittere</span> <span class='ocrx_word' id='word_1_128' title='bbox 658 1374 723 1397; x_wconf 90' lang='lat' dir='ltr'>non</span> <span class='ocrx_word' id='word_1_129' title='bbox 752 1364 859 1403; x_wconf 86' lang='lat' dir='ltr'>liceat,</span> <span class='ocrx_word' id='word_1_130' title='bbox 895 1364 988 1397; x_wconf 87' lang='lat' dir='ltr'>cuius</span> <span class='ocrx_word' id='word_1_131' title='bbox 1012 1365 1199 1405; x_wconf 81' lang='lat' dir='ltr'>occasione,</span> 
     </span>
     <span class='ocr_line' id='line_1_30' title="bbox 454 1418 1202 1463; baseline 0.001 -11"><span class='ocrx_word' id='word_1_132' title='bbox 454 1429 512 1452; x_wconf 89' lang='lat' dir='ltr'>nec</span> <span class='ocrx_word' id='word_1_133' title='bbox 527 1418 699 1463; x_wconf 78' lang='lat' dir='ltr'>episeopus</span> <span class='ocrx_word' id='word_1_134' title='bbox 722 1428 781 1451; x_wconf 89' lang='lat' dir='ltr'>nec</span> <span class='ocrx_word' id='word_1_135' title='bbox 807 1418 876 1451; x_wconf 85' lang='lat' dir='ltr'>eius</span> <span class='ocrx_word' id='word_1_136' title='bbox 896 1418 1034 1452; x_wconf 86' lang='lat' dir='ltr'>vicarius</span> <span class='ocrx_word' id='word_1_137' title='bbox 1053 1418 1135 1452; x_wconf 86' lang='lat' dir='ltr'>intra</span> <span class='ocrx_word' id='word_1_138' title='bbox 1156 1430 1202 1454; x_wconf 89' lang='lat' dir='ltr'>se-</span> 
     </span>
     <span class='ocr_line' id='line_1_31' title="bbox 452 1472 1203 1518; baseline 0.001 -13"><span class='ocrx_word' id='word_1_139' title='bbox 452 1478 505 1518; x_wconf 85' lang='lat' dir='ltr'>pta</span> <span class='ocrx_word' id='word_1_140' title='bbox 522 1472 791 1506; x_wconf 76' lang='lat' dir='ltr'>monasteriorum</span> <span class='ocrx_word' id='word_1_141' title='bbox 804 1472 1037 1515; x_wconf 74' lang='lat' dir='ltr'>ingrediantur,</span> <span class='ocrx_word' id='word_1_142' title='bbox 1054 1473 1109 1506; x_wconf 87' lang='lat' dir='ltr'>sed</span> <span class='ocrx_word' id='word_1_143' title='bbox 1121 1479 1203 1507; x_wconf 86' lang='lat' dir='ltr'>stent</span> 
     </span>
     <span class='ocr_line' id='line_1_32' title="bbox 452 1526 1203 1569; baseline 0.001 -9"><span class='ocrx_word' id='word_1_144' title='bbox 452 1532 525 1560; x_wconf 84' lang='lat' dir='ltr'>ante</span> <span class='ocrx_word' id='word_1_145' title='bbox 551 1532 670 1560; x_wconf 84' lang='lat' dir='ltr'>cratem</span> <span class='ocrx_word' id='word_1_146' title='bbox 692 1526 848 1567; x_wconf 81' lang='lat' dir='ltr'>ferream,</span> <span class='ocrx_word' id='word_1_147' title='bbox 877 1532 908 1559; x_wconf 79' lang='lat' dir='ltr'>et</span> <span class='ocrx_word' id='word_1_148' title='bbox 936 1526 1203 1569; x_wconf 76' lang='lat' dir='ltr'>interrogationes</span> 
     </span>
     <span class='ocr_line' id='line_1_33' title="bbox 453 1581 1202 1625; baseline 0.001 -11"><span class='ocrx_word' id='word_1_149' title='bbox 453 1581 542 1621; x_wconf 84' lang='lat' dir='ltr'>alias,</span> <span class='ocrx_word' id='word_1_150' title='bbox 573 1592 670 1624; x_wconf 87' lang='lat' dir='ltr'>quam</span> <span class='ocrx_word' id='word_1_151' title='bbox 696 1591 748 1614; x_wconf 85' lang='lat' dir='ltr'>cas</span> <span class='ocrx_word' id='word_1_152' title='bbox 773 1591 855 1624; x_wconf 89' lang='lat' dir='ltr'>quae</span> <span class='ocrx_word' id='word_1_153' title='bbox 882 1582 1062 1625; x_wconf 85' lang='lat' dir='ltr'>praefatum</span> <span class='ocrx_word' id='word_1_154' title='bbox 1092 1581 1202 1615; x_wconf 89' lang='lat' dir='ltr'>conci-</span> 
     </span>
     <span class='ocr_line' id='line_1_34' title="bbox 452 1635 1203 1675; baseline 0.003 -8"><span class='ocrx_word' id='word_1_155' title='bbox 452 1635 531 1668; x_wconf 91' lang='lat' dir='ltr'>lium</span> <span class='ocrx_word' id='word_1_156' title='bbox 549 1635 769 1669; x_wconf 88' lang='lat' dir='ltr'>Tridentinum</span> <span class='ocrx_word' id='word_1_157' title='bbox 790 1635 878 1668; x_wconf 87' lang='lat' dir='ltr'>iubet</span> <span class='ocrx_word' id='word_1_158' title='bbox 901 1635 946 1667; x_wconf 88' lang='lat' dir='ltr'>eis</span> <span class='ocrx_word' id='word_1_159' title='bbox 966 1635 1048 1675; x_wconf 87' lang='lat' dir='ltr'>fieri,</span> <span class='ocrx_word' id='word_1_160' title='bbox 1071 1635 1203 1669; x_wconf 85' lang='lat' dir='ltr'>omnino</span> 
     </span>
     <span class='ocr_line' id='line_1_35' title="bbox 454 1689 1204 1734; baseline 0.001 -11"><span class='ocrx_word' id='word_1_161' title='bbox 454 1689 676 1734; x_wconf 66' lang='lat' dir='ltr'>prohibemus:</span> <span class='ocrx_word' id='word_1_162' title='bbox 702 1700 739 1722; x_wconf 87' lang='lat' dir='ltr'>ac</span> <span class='ocrx_word' id='word_1_163' title='bbox 765 1689 912 1723; x_wconf 84' lang='lat' dir='ltr'>similiter</span> <span class='ocrx_word' id='word_1_164' title='bbox 930 1690 1079 1723; x_wconf 84' lang='lat' dir='ltr'>volumus</span> <span class='ocrx_word' id='word_1_165' title='bbox 1117 1691 1204 1734; x_wconf 87' lang='lat' dir='ltr'>quod</span> 
     </span>
     <span class='ocr_line' id='line_1_36' title="bbox 453 1743 1203 1789; baseline 0.001 -12"><span class='ocrx_word' id='word_1_166' title='bbox 453 1744 581 1789; x_wconf 86' lang='lat' dir='ltr'>puellae</span> <span class='ocrx_word' id='word_1_167' title='bbox 615 1754 670 1776; x_wconf 81' lang='lat' dir='ltr'>seu</span> <span class='ocrx_word' id='word_1_168' title='bbox 697 1743 834 1776; x_wconf 73' lang='lat' dir='ltr'>novitiae</span> <span class='ocrx_word' id='word_1_169' title='bbox 860 1743 947 1788; x_wconf 85' lang='lat' dir='ltr'>ipsae</span> <span class='ocrx_word' id='word_1_170' title='bbox 975 1744 1013 1776; x_wconf 83' lang='lat' dir='ltr'>ad</span> <span class='ocrx_word' id='word_1_171' title='bbox 1047 1744 1124 1777; x_wconf 85' lang='lat' dir='ltr'>alias</span> <span class='ocrx_word' id='word_1_172' title='bbox 1154 1746 1203 1778; x_wconf 94' lang='lat' dir='ltr'>in-</span> 
     </span>
     <span class='ocr_line' id='line_1_37' title="bbox 454 1797 1203 1841; baseline 0.001 -10"><span class='ocrx_word' id='word_1_173' title='bbox 454 1797 687 1841; x_wconf 82' lang='lat' dir='ltr'>terrogationes</span> <span class='ocrx_word' id='word_1_174' title='bbox 719 1797 914 1841; x_wconf 84' lang='lat' dir='ltr'>respondere</span> <span class='ocrx_word' id='word_1_175' title='bbox 949 1798 1081 1831; x_wconf 86' lang='lat' dir='ltr'>minime</span> <span class='ocrx_word' id='word_1_176' title='bbox 1115 1804 1203 1832; x_wconf 84' lang='lat' dir='ltr'>tene-</span> 
     </span>
     <span class='ocr_line' id='line_1_38' title="bbox 454 1859 560 1886; baseline 0 0"><span class='ocrx_word' id='word_1_177' title='bbox 454 1859 560 1886; x_wconf 85' lang='lat' dir='ltr'>antur.</span> 
     </span>
    </p>

    <p class='ocr_par' dir='ltr' id='par_1_8' title="bbox 454 1907 1206 2375">
     <span class='ocr_line' id='line_1_39' title="bbox 498 1907 1205 1951; baseline 0.001 -11"><span class='ocrx_word' id='word_1_178' title='bbox 498 1908 528 1940; x_wconf 86' lang='lat'>7.</span> <span class='ocrx_word' id='word_1_179' title='bbox 557 1907 704 1941; x_wconf 79' lang='lat' dir='ltr'>Sessione</span> <span class='ocrx_word' id='word_1_180' title='bbox 728 1918 803 1940; x_wconf 87' lang='lat' dir='ltr'>vero</span> <span class='ocrx_word' id='word_1_181' title='bbox 815 1917 901 1948; x_wconf 77' lang='lat' dir='ltr'>xxm,</span> <span class='ocrx_word' id='word_1_182' title='bbox 920 1908 1022 1951; x_wconf 84' lang='lat' dir='ltr'>eapite</span> <span class='ocrx_word' id='word_1_183' title='bbox 1043 1909 1205 1941; x_wconf 65' lang='lat' dir='ltr'>munemi-</span> 
     </span>
     <span class='ocr_line' id='line_1_40' title="bbox 454 1962 1204 2006; baseline 0 -11"><span class='ocrx_word' id='word_1_184' title='bbox 454 1972 527 1995; x_wconf 91' lang='lat' dir='ltr'>nem</span> <span class='ocrx_word' id='word_1_185' title='bbox 558 1962 618 1995; x_wconf 90' lang='lat' dir='ltr'>nisi</span> <span class='ocrx_word' id='word_1_186' title='bbox 654 1973 671 1995; x_wconf 87' lang='lat' dir='ltr'>a</span> <span class='ocrx_word' id='word_1_187' title='bbox 707 1962 839 2006; x_wconf 86' lang='lat' dir='ltr'>proprio</span> <span class='ocrx_word' id='word_1_188' title='bbox 873 1962 1025 2006; x_wconf 73' lang='lat' dir='ltr'>episcopo</span> <span class='ocrx_word' id='word_1_189' title='bbox 1062 1962 1204 1995; x_wconf 88' lang='lat' dir='ltr'>ordinari</span> 
     </span>
     <span class='ocr_line' id='line_1_41' title="bbox 455 2016 1205 2061; baseline 0 -11"><span class='ocrx_word' id='word_1_190' title='bbox 455 2028 548 2061; x_wconf 86' lang='lat' dir='ltr'>posse</span> <span class='ocrx_word' id='word_1_191' title='bbox 564 2022 718 2057; x_wconf 86' lang='lat' dir='ltr'>statuens,</span> <span class='ocrx_word' id='word_1_192' title='bbox 740 2017 773 2049; x_wconf 88' lang='lat' dir='ltr'>in</span> <span class='ocrx_word' id='word_1_193' title='bbox 795 2016 998 2059; x_wconf 76' lang='lat' dir='ltr'>regularibus</span> <span class='ocrx_word' id='word_1_194' title='bbox 1017 2017 1124 2050; x_wconf 85' lang='lat' dir='ltr'>locum</span> <span class='ocrx_word' id='word_1_195' title='bbox 1141 2028 1205 2050; x_wconf 91' lang='lat' dir='ltr'>non</span> 
     </span>
     <span class='ocr_line' id='line_1_42' title="bbox 455 2071 1206 2115; baseline 0 -11"><span class='ocrx_word' id='word_1_196' title='bbox 455 2072 575 2104; x_wconf 87' lang='lat' dir='ltr'>babere</span> <span class='ocrx_word' id='word_1_197' title='bbox 600 2071 733 2104; x_wconf 90' lang='lat' dir='ltr'>omnino</span> <span class='ocrx_word' id='word_1_198' title='bbox 754 2071 968 2104; x_wconf 78' lang='lat' dir='ltr'>declaramus:</span> <span class='ocrx_word' id='word_1_199' title='bbox 986 2071 1029 2103; x_wconf 87' lang='lat' dir='ltr'>ita</span> <span class='ocrx_word' id='word_1_200' title='bbox 1044 2071 1131 2115; x_wconf 82' lang='lat' dir='ltr'>quod</span> <span class='ocrx_word' id='word_1_201' title='bbox 1146 2072 1206 2104; x_wconf 83' lang='lat' dir='ltr'>fra-</span> 
     </span>
     <span class='ocr_line' id='line_1_43' title="bbox 455 2125 1206 2169; baseline -0.001 -11"><span class='ocrx_word' id='word_1_202' title='bbox 455 2132 518 2158; x_wconf 82' lang='lat' dir='ltr'>tres</span> <span class='ocrx_word' id='word_1_203' title='bbox 533 2125 720 2158; x_wconf 89' lang='lat' dir='ltr'>huiusmodi</span> <span class='ocrx_word' id='word_1_204' title='bbox 735 2125 875 2169; x_wconf 88' lang='lat' dir='ltr'>prefatos</span> <span class='ocrx_word' id='word_1_205' title='bbox 895 2125 990 2158; x_wconf 86' lang='lat' dir='ltr'>etiam</span> <span class='ocrx_word' id='word_1_206' title='bbox 1024 2132 1132 2158; x_wconf 83' lang='lat' dir='ltr'>sacros</span> <span class='ocrx_word' id='word_1_207' title='bbox 1156 2136 1206 2158; x_wconf 87' lang='lat' dir='ltr'>or-</span> 
     </span>
     <span class='ocr_line' id='line_1_44' title="bbox 455 2178 1206 2222; baseline 0.001 -11"><span class='ocrx_word' id='word_1_208' title='bbox 455 2179 725 2222; x_wconf 86' lang='lat' dir='ltr'>dinesaquolibet</span> <span class='ocrx_word' id='word_1_209' title='bbox 748 2178 887 2212; x_wconf 77' lang='lat' dir='ltr'>antistite</span> <span class='ocrx_word' id='word_1_210' title='bbox 900 2206 907 2220; x_wconf 94' lang='lat'>,</span> <span class='ocrx_word' id='word_1_211' title='bbox 925 2178 1059 2221; x_wconf 84' lang='lat' dir='ltr'>gratiam</span> <span class='ocrx_word' id='word_1_212' title='bbox 1076 2184 1106 2211; x_wconf 87' lang='lat' dir='ltr'>et.</span> <span class='ocrx_word' id='word_1_213' title='bbox 1120 2190 1206 2212; x_wconf 89' lang='lat' dir='ltr'>com-</span> 
     </span>
     <span class='ocr_line' id='line_1_45' title="bbox 457 2232 1203 2277; baseline 0.001 -11"><span class='ocrx_word' id='word_1_214' title='bbox 457 2234 644 2267; x_wconf 82' lang='lat' dir='ltr'>munionem</span> <span class='ocrx_word' id='word_1_215' title='bbox 683 2233 885 2277; x_wconf 85' lang='lat' dir='ltr'>Apostolicae</span> <span class='ocrx_word' id='word_1_216' title='bbox 918 2232 1008 2266; x_wconf 88' lang='lat' dir='ltr'>Sedis</span> <span class='ocrx_word' id='word_1_217' title='bbox 1044 2233 1203 2271; x_wconf 78' lang='lat' dir='ltr'>habente,</span> 
     </span>
     <span class='ocr_line' id='line_1_46' title="bbox 455 2286 1203 2330; baseline -0.001 -9"><span class='ocrx_word' id='word_1_218' title='bbox 455 2287 609 2321; x_wconf 89' lang='lat' dir='ltr'>ordinarii</span> <span class='ocrx_word' id='word_1_219' title='bbox 634 2288 696 2321; x_wconf 92' lang='lat' dir='ltr'>loci</span> <span class='ocrx_word' id='word_1_220' title='bbox 726 2286 858 2322; x_wconf 91' lang='lat' dir='ltr'>minime</span> <span class='ocrx_word' id='word_1_221' title='bbox 887 2286 1041 2330; x_wconf 86' lang='lat' dir='ltr'>requisita</span> <span class='ocrx_word' id='word_1_222' title='bbox 1056 2286 1203 2329; x_wconf 85' lang='lat' dir='ltr'>licentia,</span> 
     </span>
     <span class='ocr_line' id='line_1_47' title="bbox 456 2341 1206 2375; baseline 0.003 -2"><span class='ocrx_word' id='word_1_223' title='bbox 456 2341 488 2374; x_wconf 90' lang='lat' dir='ltr'>in</span> <span class='ocrx_word' id='word_1_224' title='bbox 503 2341 582 2375; x_wconf 87' lang='lat' dir='ltr'>locis</span> <span class='ocrx_word' id='word_1_225' title='bbox 602 2352 658 2375; x_wconf 88' lang='lat' dir='ltr'>seu</span> <span class='ocrx_word' id='word_1_226' title='bbox 691 2341 840 2375; x_wconf 80' lang='lat' dir='ltr'>domibus</span> <span class='ocrx_word' id='word_1_227' title='bbox 864 2341 1000 2374; x_wconf 84' lang='lat' dir='ltr'>fratrum</span> <span class='ocrx_word' id='word_1_228' title='bbox 1020 2341 1206 2375; x_wconf 87' lang='lat' dir='ltr'>huiusmodi</span> 
     </span>
    </p>
   </div>
   <div class='ocr_carea' id='block_1_7' title="bbox 456 2395 1208 2688">
    <p class='ocr_par' dir='ltr' id='par_1_9' title="bbox 456 2395 935 2441">
     <span class='ocr_line' id='line_1_48' title="bbox 456 2395 935 2441; baseline 0.002 -14"><span class='ocrx_word' id='word_1_229' title='bbox 456 2400 512 2428; x_wconf 85' lang='lat' dir='ltr'>aut</span> <span class='ocrx_word' id='word_1_230' title='bbox 532 2395 606 2428; x_wconf 84' lang='lat' dir='ltr'>alibi</span> <span class='ocrx_word' id='word_1_231' title='bbox 629 2396 775 2441; x_wconf 86' lang='lat' dir='ltr'>recipere</span> <span class='ocrx_word' id='word_1_232' title='bbox 799 2395 935 2440; x_wconf 84' lang='lat' dir='ltr'>possint.</span> 
     </span>
    </p>

    <p class='ocr_par' dir='ltr' id='par_1_10' title="bbox 457 2444 1208 2688">
     <span class='ocr_line' id='line_1_49' title="bbox 501 2444 1204 2490; baseline 0 -13"><span class='ocrx_word' id='word_1_233' title='bbox 501 2444 532 2478; x_wconf 88' lang='lat'>8.</span> <span class='ocrx_word' id='word_1_234' title='bbox 559 2445 597 2477; x_wconf 89' lang='lat' dir='ltr'>Et</span> <span class='ocrx_word' id='word_1_235' title='bbox 620 2444 754 2490; x_wconf 87' lang='lat' dir='ltr'>insuper</span> <span class='ocrx_word' id='word_1_236' title='bbox 774 2444 914 2479; x_wconf 87' lang='lat' dir='ltr'>sessione</span> <span class='ocrx_word' id='word_1_237' title='bbox 934 2454 997 2477; x_wconf 74' lang='lat' dir='ltr'>xxii</span> <span class='ocrx_word' id='word_1_238' title='bbox 1022 2444 1204 2486; x_wconf 85' lang='lat' dir='ltr'>decretum,</span> 
     </span>
     <span class='ocr_line' id='line_1_50' title="bbox 457 2493 1206 2538; baseline 0 -11"><span class='ocrx_word' id='word_1_239' title='bbox 457 2504 515 2537; x_wconf 88' lang='lat' dir='ltr'>per</span> <span class='ocrx_word' id='word_1_240' title='bbox 534 2493 621 2537; x_wconf 90' lang='lat' dir='ltr'>quod</span> <span class='ocrx_word' id='word_1_241' title='bbox 641 2495 799 2538; x_wconf 89' lang='lat' dir='ltr'>populum</span> <span class='ocrx_word' id='word_1_242' title='bbox 827 2505 922 2538; x_wconf 84' lang='lat' dir='ltr'>saepe</span> <span class='ocrx_word' id='word_1_243' title='bbox 942 2493 982 2527; x_wconf 88' lang='lat' dir='ltr'>ad</span> <span class='ocrx_word' id='word_1_244' title='bbox 1002 2504 1075 2527; x_wconf 86' lang='lat' dir='ltr'>suas</span> <span class='ocrx_word' id='word_1_245' title='bbox 1103 2495 1206 2527; x_wconf 88' lang='lat' dir='ltr'>eccle-</span> 
     </span>
     <span class='ocr_line' id='line_1_51' title="bbox 457 2543 1208 2584; baseline 0 -8"><span class='ocrx_word' id='word_1_246' title='bbox 457 2543 529 2584; x_wconf 91' lang='lat' dir='ltr'>sias,</span> <span class='ocrx_word' id='word_1_247' title='bbox 555 2543 667 2577; x_wconf 80' lang='lat' dir='ltr'>saltem</span> <span class='ocrx_word' id='word_1_248' title='bbox 688 2543 860 2577; x_wconf 83' lang='lat' dir='ltr'>dominicis</span> <span class='ocrx_word' id='word_1_249' title='bbox 880 2548 910 2576; x_wconf 89' lang='lat' dir='ltr'>et</span> <span class='ocrx_word' id='word_1_250' title='bbox 924 2543 1101 2576; x_wconf 86' lang='lat' dir='ltr'>maioribus</span> <span class='ocrx_word' id='word_1_251' title='bbox 1125 2544 1208 2577; x_wconf 82' lang='lat' dir='ltr'>festi-</span> 
     </span>
     <span class='ocr_line' id='line_1_52' title="bbox 457 2591 1207 2634; baseline 0 -9"><span class='ocrx_word' id='word_1_252' title='bbox 457 2593 501 2626; x_wconf 91' lang='lat' dir='ltr'>vis</span> <span class='ocrx_word' id='word_1_253' title='bbox 528 2591 653 2634; x_wconf 87' lang='lat' dir='ltr'>diebus,</span> <span class='ocrx_word' id='word_1_254' title='bbox 691 2592 862 2626; x_wconf 86' lang='lat' dir='ltr'>convenire</span> <span class='ocrx_word' id='word_1_255' title='bbox 883 2592 1000 2626; x_wconf 90' lang='lat' dir='ltr'>debere</span> <span class='ocrx_word' id='word_1_256' title='bbox 1020 2597 1140 2634; x_wconf 84' lang='lat' dir='ltr'>monet,</span> <span class='ocrx_word' id='word_1_257' title='bbox 1158 2592 1207 2626; x_wconf 88' lang='lat' dir='ltr'>in-</span> 
     </span>
     <span class='ocr_line' id='line_1_53' title="bbox 458 2641 1207 2688; baseline -0.001 -11"><span class='ocrx_word' id='word_1_258' title='bbox 458 2642 639 2687; x_wconf 82' lang='lat' dir='ltr'>sequendo,</span> <span class='ocrx_word' id='word_1_259' title='bbox 664 2643 813 2677; x_wconf 86' lang='lat' dir='ltr'>volumus</span> <span class='ocrx_word' id='word_1_260' title='bbox 832 2642 919 2688; x_wconf 88' lang='lat' dir='ltr'>quod</span> <span class='ocrx_word' id='word_1_261' title='bbox 946 2641 1097 2677; x_wconf 82' lang='lat' dir='ltr'>fratribus</span> <span class='ocrx_word' id='word_1_262' title='bbox 1122 2643 1207 2677; x_wconf 88' lang='lat' dir='ltr'>Men-</span> 
     </span>
    </p>
   </div>
   <div class='ocr_carea' id='block_1_8' title="bbox 1040 231 1393 258">
    <p class='ocr_par' dir='ltr' id='par_1_11' title="bbox 1040 231 1393 258">
     <span class='ocr_line' id='line_1_54' title="bbox 1040 231 1393 258; baseline 0.006 -2"><span class='ocrx_word' id='word_1_263' title='bbox 1040 232 1218 256; x_wconf 76' lang='lat' dir='ltr'>BULLARIUM</span> <span class='ocrx_word' id='word_1_264' title='bbox 1242 231 1393 258; x_wconf 71' lang='lat' dir='ltr'>ROMANUM</span> 
     </span>
    </p>
   </div>
   <div class='ocr_carea' id='block_1_9' title="bbox 1232 285 1998 1941">
    <p class='ocr_par' dir='ltr' id='par_1_12' title="bbox 1232 285 1998 1941">
     <span class='ocr_line' id='line_1_55' title="bbox 1232 285 1982 335; baseline 0.009 -17"><span class='ocrx_word' id='word_1_265' title='bbox 1232 285 1415 319; x_wconf 86' lang='lat' dir='ltr'>dicantibus</span> <span class='ocrx_word' id='word_1_266' title='bbox 1440 287 1624 335; x_wconf 82' lang='lat' dir='ltr'>huiusmodi</span> <span class='ocrx_word' id='word_1_267' title='bbox 1647 298 1711 323; x_wconf 92' lang='lat' dir='ltr'>non</span> <span class='ocrx_word' id='word_1_268' title='bbox 1741 291 1844 324; x_wconf 87' lang='lat' dir='ltr'>solum</span> <span class='ocrx_word' id='word_1_269' title='bbox 1870 291 1982 334; x_wconf 87' lang='lat' dir='ltr'>prohi-</span> 
     </span>
     <span class='ocr_line' id='line_1_56' title="bbox 1233 340 1984 384; baseline 0.011 -13"><span class='ocrx_word' id='word_1_270' title='bbox 1233 340 1301 372; x_wconf 82' lang='lat' dir='ltr'>beri</span> <span class='ocrx_word' id='word_1_271' title='bbox 1322 350 1386 373; x_wconf 87' lang='lat' dir='ltr'>non</span> <span class='ocrx_word' id='word_1_272' title='bbox 1409 341 1508 384; x_wconf 82' lang='lat' dir='ltr'>possit</span> <span class='ocrx_word' id='word_1_273' title='bbox 1534 352 1573 374; x_wconf 85' lang='lat' dir='ltr'>ne</span> <span class='ocrx_word' id='word_1_274' title='bbox 1599 342 1711 376; x_wconf 88' lang='lat' dir='ltr'>missas</span> <span class='ocrx_word' id='word_1_275' title='bbox 1740 350 1771 377; x_wconf 87' lang='lat' dir='ltr'>et</span> <span class='ocrx_word' id='word_1_276' title='bbox 1797 344 1860 378; x_wconf 88' lang='lat' dir='ltr'>alia</span> <span class='ocrx_word' id='word_1_277' title='bbox 1879 345 1984 379; x_wconf 83' lang='lat' dir='ltr'>divina</span> 
     </span>
     <span class='ocr_line' id='line_1_57' title="bbox 1234 394 1984 439; baseline 0.011 -13"><span class='ocrx_word' id='word_1_278' title='bbox 1234 394 1340 427; x_wconf 84' lang='lat' dir='ltr'>officia</span> <span class='ocrx_word' id='word_1_279' title='bbox 1366 394 1484 427; x_wconf 84' lang='lat' dir='ltr'>faciant</span> <span class='ocrx_word' id='word_1_280' title='bbox 1497 395 1530 428; x_wconf 92' lang='lat' dir='ltr'>in</span> <span class='ocrx_word' id='word_1_281' title='bbox 1547 406 1659 429; x_wconf 88' lang='lat' dir='ltr'>eorum</span> <span class='ocrx_word' id='word_1_282' title='bbox 1680 398 1836 439; x_wconf 82' lang='lat' dir='ltr'>ecclesiis,</span> <span class='ocrx_word' id='word_1_283' title='bbox 1858 411 1984 433; x_wconf 89' lang='lat' dir='ltr'>verum-</span> 
     </span>
     <span class='ocr_line' id='line_1_58' title="bbox 1235 447 1982 493; baseline 0.011 -14"><span class='ocrx_word' id='word_1_284' title='bbox 1235 447 1329 480; x_wconf 83' lang='lat' dir='ltr'>etiam</span> <span class='ocrx_word' id='word_1_285' title='bbox 1351 448 1381 480; x_wconf 88' lang='lat' dir='ltr'>in</span> <span class='ocrx_word' id='word_1_286' title='bbox 1397 448 1661 493; x_wconf 86' lang='lat' dir='ltr'>quibuscumque</span> <span class='ocrx_word' id='word_1_287' title='bbox 1675 451 1746 485; x_wconf 89' lang='lat' dir='ltr'>aliis</span> <span class='ocrx_word' id='word_1_288' title='bbox 1762 452 1817 484; x_wconf 89' lang='lat' dir='ltr'>ubi</span> <span class='ocrx_word' id='word_1_289' title='bbox 1827 453 1982 487; x_wconf 87' lang='lat' dir='ltr'>celebrari</span> 
     </span>
     <span class='ocr_line' id='line_1_59' title="bbox 1235 501 1985 548; baseline 0.011 -15"><span class='ocrx_word' id='word_1_290' title='bbox 1235 501 1347 534; x_wconf 82' lang='lat' dir='ltr'>missas</span> <span class='ocrx_word' id='word_1_291' title='bbox 1366 501 1495 535; x_wconf 86' lang='lat' dir='ltr'>solitum</span> <span class='ocrx_word' id='word_1_292' title='bbox 1518 509 1575 543; x_wconf 87' lang='lat' dir='ltr'>est,</span> <span class='ocrx_word' id='word_1_293' title='bbox 1598 503 1693 536; x_wconf 88' lang='lat' dir='ltr'>etiam</span> <span class='ocrx_word' id='word_1_294' title='bbox 1715 504 1792 548; x_wconf 89' lang='lat' dir='ltr'>ipsis</span> <span class='ocrx_word' id='word_1_295' title='bbox 1810 517 1876 540; x_wconf 90' lang='lat' dir='ltr'>non</span> <span class='ocrx_word' id='word_1_296' title='bbox 1895 518 1985 541; x_wconf 87' lang='lat' dir='ltr'>voca-</span> 
     </span>
     <span class='ocr_line' id='line_1_60' title="bbox 1236 554 1983 601; baseline 0.011 -15"><span class='ocrx_word' id='word_1_297' title='bbox 1236 554 1273 587; x_wconf 86' lang='lat' dir='ltr'>tis</span> <span class='ocrx_word' id='word_1_298' title='bbox 1297 565 1353 587; x_wconf 81' lang='lat' dir='ltr'>seu</span> <span class='ocrx_word' id='word_1_299' title='bbox 1374 555 1413 587; x_wconf 90' lang='lat' dir='ltr'>ad</span> <span class='ocrx_word' id='word_1_300' title='bbox 1429 555 1461 588; x_wconf 92' lang='lat' dir='ltr'>id</span> <span class='ocrx_word' id='word_1_301' title='bbox 1477 556 1649 600; x_wconf 87' lang='lat' dir='ltr'>requisitis,</span> <span class='ocrx_word' id='word_1_302' title='bbox 1672 558 1836 592; x_wconf 86' lang='lat' dir='ltr'>celebrare</span> <span class='ocrx_word' id='word_1_303' title='bbox 1846 560 1983 601; x_wconf 72' lang='lat' dir='ltr'>valeant,</span> 
     </span>
     <span class='ocr_line' id='line_1_61' title="bbox 1236 608 1985 653; baseline 0.009 -13"><span class='ocrx_word' id='word_1_304' title='bbox 1236 619 1272 641; x_wconf 86' lang='lat' dir='ltr'>ac</span> <span class='ocrx_word' id='word_1_305' title='bbox 1293 608 1387 641; x_wconf 87' lang='lat' dir='ltr'>etiam</span> <span class='ocrx_word' id='word_1_306' title='bbox 1410 609 1497 653; x_wconf 89' lang='lat' dir='ltr'>quod</span> <span class='ocrx_word' id='word_1_307' title='bbox 1518 611 1691 644; x_wconf 88' lang='lat' dir='ltr'>conciones</span> <span class='ocrx_word' id='word_1_308' title='bbox 1711 617 1742 645; x_wconf 86' lang='lat' dir='ltr'>et</span> <span class='ocrx_word' id='word_1_309' title='bbox 1760 612 1915 647; x_wconf 86' lang='lat' dir='ltr'>lectiones</span> <span class='ocrx_word' id='word_1_310' title='bbox 1935 625 1985 647; x_wconf 84' lang='lat' dir='ltr'>sa-</span> 
     </span>
     <span class='ocr_line' id='line_1_62' title="bbox 1237 662 1983 710; baseline 0.011 -17"><span class='ocrx_word' id='word_1_311' title='bbox 1237 672 1310 694; x_wconf 79' lang='lat' dir='ltr'>crae</span> <span class='ocrx_word' id='word_1_312' title='bbox 1331 662 1517 706; x_wconf 80' lang='lat' dir='ltr'>Scripturae</span> <span class='ocrx_word' id='word_1_313' title='bbox 1533 668 1560 696; x_wconf 90' lang='lat' dir='ltr'>et</span> <span class='ocrx_word' id='word_1_314' title='bbox 1574 674 1739 698; x_wconf 81' lang='lat' dir='ltr'>sermones</span> <span class='ocrx_word' id='word_1_315' title='bbox 1754 676 1813 710; x_wconf 90' lang='lat' dir='ltr'>pro</span> <span class='ocrx_word' id='word_1_316' title='bbox 1835 668 1983 709; x_wconf 87' lang='lat' dir='ltr'>mortuis,</span> 
     </span>
     <span class='ocr_line' id='line_1_63' title="bbox 1237 714 1987 766; baseline 0.011 -19"><span class='ocrx_word' id='word_1_317' title='bbox 1237 714 1331 748; x_wconf 87' lang='lat' dir='ltr'>etiam</span> <span class='ocrx_word' id='word_1_318' title='bbox 1345 715 1377 748; x_wconf 90' lang='lat' dir='ltr'>in</span> <span class='ocrx_word' id='word_1_319' title='bbox 1398 716 1553 757; x_wconf 74' lang='lat' dir='ltr'>ecclesiiS,</span> <span class='ocrx_word' id='word_1_320' title='bbox 1572 718 1688 758; x_wconf 87' lang='lat' dir='ltr'>facere;</span> <span class='ocrx_word' id='word_1_321' title='bbox 1711 729 1748 752; x_wconf 90' lang='lat' dir='ltr'>ac</span> <span class='ocrx_word' id='word_1_322' title='bbox 1767 720 1987 766; x_wconf 76' lang='lat' dir='ltr'>eleemosynas</span> 
     </span>
     <span class='ocr_line' id='line_1_64' title="bbox 1237 769 1988 813; baseline 0.009 -12"><span class='ocrx_word' id='word_1_323' title='bbox 1237 780 1294 813; x_wconf 89' lang='lat' dir='ltr'>pro</span> <span class='ocrx_word' id='word_1_324' title='bbox 1320 769 1520 803; x_wconf 83' lang='lat' dir='ltr'>celebrandis</span> <span class='ocrx_word' id='word_1_325' title='bbox 1540 771 1725 805; x_wconf 86' lang='lat' dir='ltr'>huiusmodi</span> <span class='ocrx_word' id='word_1_326' title='bbox 1746 773 1850 807; x_wconf 88' lang='lat' dir='ltr'>missis</span> <span class='ocrx_word' id='word_1_327' title='bbox 1868 779 1898 807; x_wconf 89' lang='lat' dir='ltr'>et</span> <span class='ocrx_word' id='word_1_328' title='bbox 1917 774 1988 808; x_wconf 82' lang='lat' dir='ltr'>aliis</span> 
     </span>
     <span class='ocr_line' id='line_1_65' title="bbox 1238 822 1986 868; baseline 0.011 -13"><span class='ocrx_word' id='word_1_329' title='bbox 1238 822 1350 855; x_wconf 75' lang='lat' dir='ltr'>[livinis</span> <span class='ocrx_word' id='word_1_330' title='bbox 1371 824 1484 857; x_wconf 80' lang='lat' dir='ltr'>officiis</span> <span class='ocrx_word' id='word_1_331' title='bbox 1504 825 1706 868; x_wconf 81' lang='lat' dir='ltr'>peragendis,</span> <span class='ocrx_word' id='word_1_332' title='bbox 1729 827 1754 859; x_wconf 85' lang='lat' dir='ltr'>si</span> <span class='ocrx_word' id='word_1_333' title='bbox 1774 827 1820 860; x_wconf 91' lang='lat' dir='ltr'>eis</span> <span class='ocrx_word' id='word_1_334' title='bbox 1839 827 1909 861; x_wconf 86' lang='lat' dir='ltr'>illas</span> <span class='ocrx_word' id='word_1_335' title='bbox 1929 829 1986 863; x_wconf 92' lang='lat' dir='ltr'>do-</span> 
     </span>
     <span class='ocr_line' id='line_1_66' title="bbox 1238 876 1987 926; baseline 0.012 -18"><span class='ocrx_word' id='word_1_336' title='bbox 1238 876 1306 909; x_wconf 89' lang='lat' dir='ltr'>nari</span> <span class='ocrx_word' id='word_1_337' title='bbox 1333 887 1388 910; x_wconf 89' lang='lat' dir='ltr'>seu</span> <span class='ocrx_word' id='word_1_338' title='bbox 1424 877 1562 922; x_wconf 87' lang='lat' dir='ltr'>relinqui</span> <span class='ocrx_word' id='word_1_339' title='bbox 1601 880 1785 923; x_wconf 82' lang='lat' dir='ltr'>contingat,</span> <span class='ocrx_word' id='word_1_340' title='bbox 1822 882 1987 926; x_wconf 86' lang='lat' dir='ltr'>recipere;</span> 
     </span>
     <span class='ocr_line' id='line_1_67' title="bbox 1239 931 1989 978; baseline 0.009 -15"><span class='ocrx_word' id='word_1_341' title='bbox 1239 941 1298 964; x_wconf 88' lang='lat' dir='ltr'>nec</span> <span class='ocrx_word' id='word_1_342' title='bbox 1310 941 1374 964; x_wconf 92' lang='lat' dir='ltr'>non</span> <span class='ocrx_word' id='word_1_343' title='bbox 1386 931 1499 964; x_wconf 86' lang='lat' dir='ltr'>missas</span> <span class='ocrx_word' id='word_1_344' title='bbox 1515 940 1545 968; x_wconf 89' lang='lat' dir='ltr'>et</span> <span class='ocrx_word' id='word_1_345' title='bbox 1555 932 1660 966; x_wconf 86' lang='lat' dir='ltr'>divina</span> <span class='ocrx_word' id='word_1_346' title='bbox 1670 934 1775 968; x_wconf 85' lang='lat' dir='ltr'>officia</span> <span class='ocrx_word' id='word_1_347' title='bbox 1790 935 1989 978; x_wconf 88' lang='lat' dir='ltr'>huiusmodi,</span> 
     </span>
     <span class='ocr_line' id='line_1_68' title="bbox 1239 984 1987 1031; baseline 0.011 -14"><span class='ocrx_word' id='word_1_348' title='bbox 1239 984 1333 1017; x_wconf 88' lang='lat' dir='ltr'>etiam</span> <span class='ocrx_word' id='word_1_349' title='bbox 1364 984 1396 1018; x_wconf 89' lang='lat' dir='ltr'>in</span> <span class='ocrx_word' id='word_1_350' title='bbox 1430 985 1544 1019; x_wconf 89' lang='lat' dir='ltr'>diebus</span> <span class='ocrx_word' id='word_1_351' title='bbox 1577 986 1748 1021; x_wconf 87' lang='lat' dir='ltr'>dominicis</span> <span class='ocrx_word' id='word_1_352' title='bbox 1775 989 1824 1022; x_wconf 93' lang='lat' dir='ltr'>vel</span> <span class='ocrx_word' id='word_1_353' title='bbox 1853 989 1987 1031; x_wconf 83' lang='lat' dir='ltr'>festivis,</span> 
     </span>
     <span class='ocr_line' id='line_1_69' title="bbox 1240 1038 1992 1086; baseline 0.011 -16"><span class='ocrx_word' id='word_1_354' title='bbox 1240 1038 1335 1071; x_wconf 87' lang='lat' dir='ltr'>etiam</span> <span class='ocrx_word' id='word_1_355' title='bbox 1370 1044 1544 1083; x_wconf 86' lang='lat' dir='ltr'>antequam</span> <span class='ocrx_word' id='word_1_356' title='bbox 1575 1046 1681 1074; x_wconf 83' lang='lat' dir='ltr'>rector</span> <span class='ocrx_word' id='word_1_357' title='bbox 1713 1042 1908 1086; x_wconf 85' lang='lat' dir='ltr'>parochialis</span> <span class='ocrx_word' id='word_1_358' title='bbox 1940 1056 1992 1078; x_wconf 89' lang='lat' dir='ltr'>ec-</span> 
     </span>
     <span class='ocr_line' id='line_1_70' title="bbox 1241 1092 1993 1139; baseline 0.011 -14"><span class='ocrx_word' id='word_1_359' title='bbox 1241 1092 1356 1126; x_wconf 89' lang='lat' dir='ltr'>clesiae</span> <span class='ocrx_word' id='word_1_360' title='bbox 1366 1093 1586 1134; x_wconf 86' lang='lat' dir='ltr'>celebraverit,</span> <span class='ocrx_word' id='word_1_361' title='bbox 1600 1095 1765 1139; x_wconf 81' lang='lat' dir='ltr'>celebrare</span> <span class='ocrx_word' id='word_1_362' title='bbox 1775 1102 1806 1130; x_wconf 90' lang='lat' dir='ltr'>et</span> <span class='ocrx_word' id='word_1_363' title='bbox 1825 1097 1942 1139; x_wconf 88' lang='lat' dir='ltr'>facere,</span> <span class='ocrx_word' id='word_1_364' title='bbox 1961 1103 1993 1133; x_wconf 85' lang='lat' dir='ltr'>et</span> 
     </span>
     <span class='ocr_line' id='line_1_71' title="bbox 1241 1146 1992 1190; baseline 0.009 -11"><span class='ocrx_word' id='word_1_365' title='bbox 1241 1146 1370 1190; x_wconf 87' lang='lat' dir='ltr'>quando</span> <span class='ocrx_word' id='word_1_366' title='bbox 1396 1146 1441 1180; x_wconf 87' lang='lat' dir='ltr'>eis</span> <span class='ocrx_word' id='word_1_367' title='bbox 1469 1147 1648 1189; x_wconf 84' lang='lat' dir='ltr'>videbitur,</span> <span class='ocrx_word' id='word_1_368' title='bbox 1681 1149 1778 1183; x_wconf 89' lang='lat' dir='ltr'>etiam</span> <span class='ocrx_word' id='word_1_369' title='bbox 1807 1150 1833 1183; x_wconf 91' lang='lat' dir='ltr'>si</span> <span class='ocrx_word' id='word_1_370' title='bbox 1861 1156 1940 1185; x_wconf 86' lang='lat' dir='ltr'>tunc</span> <span class='ocrx_word' id='word_1_371' title='bbox 1958 1152 1992 1186; x_wconf 90' lang='lat' dir='ltr'>in</span> 
     </span>
     <span class='ocr_line' id='line_1_72' title="bbox 1242 1200 1992 1250; baseline 0.009 -18"><span class='ocrx_word' id='word_1_372' title='bbox 1242 1200 1377 1233; x_wconf 81' lang='lat' dir='ltr'>eeclesia</span> <span class='ocrx_word' id='word_1_373' title='bbox 1401 1201 1577 1234; x_wconf 83' lang='lat' dir='ltr'>cathedrali</span> <span class='ocrx_word' id='word_1_374' title='bbox 1610 1203 1835 1246; x_wconf 85' lang='lat' dir='ltr'>praedicetur,</span> <span class='ocrx_word' id='word_1_375' title='bbox 1867 1205 1992 1250; x_wconf 88' lang='lat' dir='ltr'>praedi-</span> 
     </span>
     <span class='ocr_line' id='line_1_73' title="bbox 1242 1254 1993 1302; baseline 0.011 -16"><span class='ocrx_word' id='word_1_376' title='bbox 1242 1264 1328 1295; x_wconf 74' lang='lat' dir='ltr'>care,</span> <span class='ocrx_word' id='word_1_377' title='bbox 1346 1266 1383 1287; x_wconf 88' lang='lat' dir='ltr'>ae</span> <span class='ocrx_word' id='word_1_378' title='bbox 1399 1254 1495 1287; x_wconf 85' lang='lat' dir='ltr'>etiam</span> <span class='ocrx_word' id='word_1_379' title='bbox 1507 1255 1706 1300; x_wconf 87' lang='lat' dir='ltr'>quicumque</span> <span class='ocrx_word' id='word_1_380' title='bbox 1722 1258 1891 1302; x_wconf 86' lang='lat' dir='ltr'>utriusque</span> <span class='ocrx_word' id='word_1_381' title='bbox 1901 1270 1993 1294; x_wconf 88' lang='lat' dir='ltr'>sexus</span> 
     </span>
     <span class='ocr_line' id='line_1_74' title="bbox 1242 1307 1995 1355; baseline 0.011 -15"><span class='ocrx_word' id='word_1_382' title='bbox 1242 1307 1475 1349; x_wconf 81' lang='lat' dir='ltr'>christifideles,</span> <span class='ocrx_word' id='word_1_383' title='bbox 1496 1310 1593 1343; x_wconf 84' lang='lat' dir='ltr'>totius</span> <span class='ocrx_word' id='word_1_384' title='bbox 1607 1309 1683 1343; x_wconf 89' lang='lat' dir='ltr'>anni</span> <span class='ocrx_word' id='word_1_385' title='bbox 1698 1315 1857 1355; x_wconf 88' lang='lat' dir='ltr'>tempore,</span> <span class='ocrx_word' id='word_1_386' title='bbox 1873 1313 1945 1347; x_wconf 86' lang='lat' dir='ltr'>illas</span> <span class='ocrx_word' id='word_1_387' title='bbox 1963 1319 1995 1348; x_wconf 86' lang='lat' dir='ltr'>et</span> 
     </span>
     <span class='ocr_line' id='line_1_75' title="bbox 1242 1361 1993 1402; baseline 0.011 -8"><span class='ocrx_word' id='word_1_388' title='bbox 1242 1361 1296 1394; x_wconf 88' lang='lat' dir='ltr'>illa</span> <span class='ocrx_word' id='word_1_389' title='bbox 1314 1361 1346 1394; x_wconf 89' lang='lat' dir='ltr'>in</span> <span class='ocrx_word' id='word_1_390' title='bbox 1367 1363 1512 1396; x_wconf 85' lang='lat' dir='ltr'>ecclesiis</span> <span class='ocrx_word' id='word_1_391' title='bbox 1527 1363 1664 1398; x_wconf 84' lang='lat' dir='ltr'>fratrum</span> <span class='ocrx_word' id='word_1_392' title='bbox 1679 1364 1866 1400; x_wconf 87' lang='lat' dir='ltr'>huiusmodi</span> <span class='ocrx_word' id='word_1_393' title='bbox 1881 1367 1993 1402; x_wconf 88' lang='lat' dir='ltr'>audire</span> 
     </span>
     <span class='ocr_line' id='line_1_76' title="bbox 1242 1416 1993 1460; baseline 0.012 -13"><span class='ocrx_word' id='word_1_394' title='bbox 1242 1416 1376 1460; x_wconf 84' lang='lat' dir='ltr'>possint.</span> <span class='ocrx_word' id='word_1_395' title='bbox 1411 1417 1473 1460; x_wconf 88' lang='lat' dir='ltr'>Ipsi</span> <span class='ocrx_word' id='word_1_396' title='bbox 1498 1417 1722 1452; x_wconf 85' lang='lat' dir='ltr'>christifideles</span> <span class='ocrx_word' id='word_1_397' title='bbox 1745 1420 1908 1455; x_wconf 83' lang='lat' dir='ltr'>ullatenus</span> <span class='ocrx_word' id='word_1_398' title='bbox 1938 1421 1993 1456; x_wconf 90' lang='lat' dir='ltr'>de-</span> 
     </span>
     <span class='ocr_line' id='line_1_77' title="bbox 1244 1470 1994 1518; baseline 0.012 -17"><span class='ocrx_word' id='word_1_399' title='bbox 1244 1480 1342 1513; x_wconf 85' lang='lat' dir='ltr'>super</span> <span class='ocrx_word' id='word_1_400' title='bbox 1361 1470 1524 1503; x_wconf 82' lang='lat' dir='ltr'>molestari</span> <span class='ocrx_word' id='word_1_401' title='bbox 1560 1477 1616 1505; x_wconf 86' lang='lat' dir='ltr'>aut</span> <span class='ocrx_word' id='word_1_402' title='bbox 1644 1472 1792 1516; x_wconf 90' lang='lat' dir='ltr'>impediri</span> <span class='ocrx_word' id='word_1_403' title='bbox 1813 1484 1872 1518; x_wconf 88' lang='lat' dir='ltr'>per</span> <span class='ocrx_word' id='word_1_404' title='bbox 1903 1475 1994 1510; x_wconf 86' lang='lat' dir='ltr'>loco-</span> 
     </span>
     <span class='ocr_line' id='line_1_78' title="bbox 1244 1524 1994 1571; baseline 0.009 -15"><span class='ocrx_word' id='word_1_405' title='bbox 1244 1535 1316 1557; x_wconf 85' lang='lat' dir='ltr'>rum</span> <span class='ocrx_word' id='word_1_406' title='bbox 1346 1524 1526 1557; x_wconf 89' lang='lat' dir='ltr'>ordinarios</span> <span class='ocrx_word' id='word_1_407' title='bbox 1551 1536 1607 1558; x_wconf 81' lang='lat' dir='ltr'>seu</span> <span class='ocrx_word' id='word_1_408' title='bbox 1650 1532 1793 1561; x_wconf 86' lang='lat' dir='ltr'>rectores</span> <span class='ocrx_word' id='word_1_409' title='bbox 1824 1529 1994 1571; x_wconf 86' lang='lat' dir='ltr'>parochia-</span> 
     </span>
     <span class='ocr_line' id='line_1_79' title="bbox 1244 1578 1992 1628; baseline 0.009 -18"><span class='ocrx_word' id='word_1_410' title='bbox 1244 1578 1324 1611; x_wconf 87' lang='lat' dir='ltr'>lium</span> <span class='ocrx_word' id='word_1_411' title='bbox 1344 1579 1554 1612; x_wconf 85' lang='lat' dir='ltr'>ecclesiarum</span> <span class='ocrx_word' id='word_1_412' title='bbox 1582 1586 1635 1613; x_wconf 86' lang='lat' dir='ltr'>aut</span> <span class='ocrx_word' id='word_1_413' title='bbox 1655 1580 1735 1614; x_wconf 86' lang='lat' dir='ltr'>alios</span> <span class='ocrx_word' id='word_1_414' title='bbox 1755 1592 1992 1628; x_wconf 86' lang='lat' dir='ltr'>quoscumque,</span> 
     </span>
     <span class='ocr_line' id='line_1_80' title="bbox 1244 1632 1995 1676; baseline 0.008 -11"><span class='ocrx_word' id='word_1_415' title='bbox 1244 1632 1311 1665; x_wconf 87' lang='lat' dir='ltr'>ullo</span> <span class='ocrx_word' id='word_1_416' title='bbox 1337 1638 1442 1676; x_wconf 84' lang='lat' dir='ltr'>pacto,</span> <span class='ocrx_word' id='word_1_417' title='bbox 1465 1644 1561 1666; x_wconf 86' lang='lat' dir='ltr'>causa</span> <span class='ocrx_word' id='word_1_418' title='bbox 1576 1635 1623 1667; x_wconf 75' lang='lat' dir='ltr'>vel</span> <span class='ocrx_word' id='word_1_419' title='bbox 1651 1635 1833 1676; x_wconf 83' lang='lat' dir='ltr'>occasione,</span> <span class='ocrx_word' id='word_1_420' title='bbox 1856 1647 1922 1670; x_wconf 90' lang='lat' dir='ltr'>non</span> <span class='ocrx_word' id='word_1_421' title='bbox 1941 1648 1995 1671; x_wconf 89' lang='lat' dir='ltr'>va-</span> 
     </span>
     <span class='ocr_line' id='line_1_81' title="bbox 1245 1687 1996 1734; baseline 0.007 -15"><span class='ocrx_word' id='word_1_422' title='bbox 1245 1687 1332 1720; x_wconf 84' lang='lat' dir='ltr'>leant</span> <span class='ocrx_word' id='word_1_423' title='bbox 1356 1697 1412 1720; x_wconf 85' lang='lat' dir='ltr'>seu</span> <span class='ocrx_word' id='word_1_424' title='bbox 1433 1687 1583 1726; x_wconf 82' lang='lat' dir='ltr'>debeant;</span> <span class='ocrx_word' id='word_1_425' title='bbox 1608 1690 1663 1723; x_wconf 90' lang='lat' dir='ltr'>sed</span> <span class='ocrx_word' id='word_1_426' title='bbox 1691 1690 1825 1734; x_wconf 84' lang='lat' dir='ltr'>praefati</span> <span class='ocrx_word' id='word_1_427' title='bbox 1848 1690 1996 1724; x_wconf 86' lang='lat' dir='ltr'>christifi-</span> 
     </span>
     <span class='ocr_line' id='line_1_82' title="bbox 1246 1741 1996 1781; baseline 0.008 -9"><span class='ocrx_word' id='word_1_428' title='bbox 1246 1741 1345 1781; x_wconf 86' lang='lat' dir='ltr'>deles,</span> <span class='ocrx_word' id='word_1_429' title='bbox 1369 1741 1530 1775; x_wconf 87' lang='lat' dir='ltr'>audiendo</span> <span class='ocrx_word' id='word_1_430' title='bbox 1550 1743 1663 1776; x_wconf 85' lang='lat' dir='ltr'>missas</span> <span class='ocrx_word' id='word_1_431' title='bbox 1678 1750 1709 1777; x_wconf 88' lang='lat' dir='ltr'>et</span> <span class='ocrx_word' id='word_1_432' title='bbox 1723 1743 1785 1777; x_wconf 85' lang='lat' dir='ltr'>alia</span> <span class='ocrx_word' id='word_1_433' title='bbox 1805 1744 1909 1778; x_wconf 87' lang='lat' dir='ltr'>divina</span> <span class='ocrx_word' id='word_1_434' title='bbox 1928 1745 1996 1778; x_wconf 85' lang='lat' dir='ltr'>offi-</span> 
     </span>
     <span class='ocr_line' id='line_1_83' title="bbox 1246 1794 1997 1833; baseline 0.007 -6"><span class='ocrx_word' id='word_1_435' title='bbox 1246 1794 1293 1828; x_wconf 83' lang='lat' dir='ltr'>cia</span> <span class='ocrx_word' id='word_1_436' title='bbox 1314 1795 1347 1827; x_wconf 84' lang='lat' dir='ltr'>in</span> <span class='ocrx_word' id='word_1_437' title='bbox 1367 1797 1502 1830; x_wconf 86' lang='lat' dir='ltr'>ecclesia</span> <span class='ocrx_word' id='word_1_438' title='bbox 1522 1798 1657 1831; x_wconf 85' lang='lat' dir='ltr'>fratrum</span> <span class='ocrx_word' id='word_1_439' title='bbox 1676 1797 1864 1832; x_wconf 87' lang='lat' dir='ltr'>huiusmodi</span> <span class='ocrx_word' id='word_1_440' title='bbox 1883 1798 1997 1833; x_wconf 90' lang='lat' dir='ltr'>diebus</span> 
     </span>
     <span class='ocr_line' id='line_1_84' title="bbox 1246 1852 1997 1897; baseline 0.001 -12"><span class='ocrx_word' id='word_1_441' title='bbox 1246 1852 1494 1885; x_wconf 81' lang='lat' dir='ltr'>dominicis-aut</span> <span class='ocrx_word' id='word_1_442' title='bbox 1528 1852 1662 1892; x_wconf 77' lang='lat' dir='ltr'>festivis,</span> <span class='ocrx_word' id='word_1_443' title='bbox 1689 1857 1864 1897; x_wconf 87' lang='lat' dir='ltr'>praecepto</span> <span class='ocrx_word' id='word_1_444' title='bbox 1890 1853 1997 1886; x_wconf 85' lang='lat' dir='ltr'>Eccle-</span> 
     </span>
     <span class='ocr_line' id='line_1_85' title="bbox 1247 1905 1998 1941; baseline 0.001 -2"><span class='ocrx_word' id='word_1_445' title='bbox 1247 1905 1310 1939; x_wconf 81' lang='lat' dir='ltr'>siae</span> <span class='ocrx_word' id='word_1_446' title='bbox 1331 1906 1369 1939; x_wconf 92' lang='lat' dir='ltr'>de</span> <span class='ocrx_word' id='word_1_447' title='bbox 1399 1905 1462 1939; x_wconf 87' lang='lat' dir='ltr'>illis</span> <span class='ocrx_word' id='word_1_448' title='bbox 1487 1905 1655 1938; x_wconf 74' lang='lat' dir='ltr'>audiendis</span> <span class='ocrx_word' id='word_1_449' title='bbox 1680 1906 1868 1940; x_wconf 83' lang='lat' dir='ltr'>satisfecisse</span> <span class='ocrx_word' id='word_1_450' title='bbox 1888 1917 1998 1941; x_wconf 88' lang='lat' dir='ltr'>cense-</span> 
     </span>
    </p>
   </div>
   <div class='ocr_carea' id='block_1_10' title="bbox 1246 1965 1705 2006">
    <p class='ocr_par' dir='ltr' id='par_1_13' title="bbox 1246 1965 1705 2006">
     <span class='ocr_line' id='line_1_86' title="bbox 1246 1965 1705 2006; baseline 0.009 -14"><span class='ocrx_word' id='word_1_451' title='bbox 1246 1965 1352 1993; x_wconf 85' lang='lat' dir='ltr'>antur.</span> <span class='ocrx_word' id='word_1_452' title='bbox 1692 1991 1705 2006; x_wconf 78' lang='lat'>‚</span> 
     </span>
    </p>
   </div>
   <div class='ocr_carea' id='block_1_11' title="bbox 1247 2014 1998 2688">
    <p class='ocr_par' dir='ltr' id='par_1_14' title="bbox 1247 2014 1998 2331">
     <span class='ocr_line' id='line_1_87' title="bbox 1291 2014 1998 2061; baseline 0.006 -14"><span class='ocrx_word' id='word_1_453' title='bbox 1291 2014 1322 2047; x_wconf 68' lang='lat' dir='ltr'>t).</span> <span class='ocrx_word' id='word_1_454' title='bbox 1346 2014 1585 2048; x_wconf 82' lang='lat' dir='ltr'>Controversias</span> <span class='ocrx_word' id='word_1_455' title='bbox 1600 2020 1708 2048; x_wconf 85' lang='lat' dir='ltr'>autem</span> <span class='ocrx_word' id='word_1_456' title='bbox 1725 2026 1837 2049; x_wconf 90' lang='lat' dir='ltr'>omnes</span> <span class='ocrx_word' id='word_1_457' title='bbox 1852 2016 1891 2050; x_wconf 90' lang='lat' dir='ltr'>de</span> <span class='ocrx_word' id='word_1_458' title='bbox 1906 2027 1998 2061; x_wconf 84' lang='lat' dir='ltr'>prae-</span> 
     </span>
     <span class='ocr_line' id='line_1_88' title="bbox 1248 2069 1998 2115; baseline 0.003 -12"><span class='ocrx_word' id='word_1_459' title='bbox 1248 2069 1405 2110; x_wconf 83' lang='lat' dir='ltr'>cedentia,</span> <span class='ocrx_word' id='word_1_460' title='bbox 1420 2080 1513 2113; x_wconf 86' lang='lat' dir='ltr'>quae,</span> <span class='ocrx_word' id='word_1_461' title='bbox 1534 2069 1645 2103; x_wconf 89' lang='lat' dir='ltr'>eadem</span> <span class='ocrx_word' id='word_1_462' title='bbox 1663 2069 1802 2103; x_wconf 84' lang='lat' dir='ltr'>sessione</span> <span class='ocrx_word' id='word_1_463' title='bbox 1810 2080 1881 2111; x_wconf 86' lang='lat' dir='ltr'>xxv,</span> <span class='ocrx_word' id='word_1_464' title='bbox 1895 2070 1998 2115; x_wconf 82' lang='lat' dir='ltr'>capite</span> 
     </span>
     <span class='ocr_line' id='line_1_89' title="bbox 1247 2124 1998 2168; baseline 0.001 -11"><span class='ocrx_word' id='word_1_465' title='bbox 1247 2134 1322 2157; x_wconf 89' lang='lat' dir='ltr'>vero</span> <span class='ocrx_word' id='word_1_466' title='bbox 1342 2134 1407 2165; x_wconf 81' lang='lat' dir='ltr'>xm,</span> <span class='ocrx_word' id='word_1_467' title='bbox 1424 2134 1482 2168; x_wconf 88' lang='lat' dir='ltr'>per</span> <span class='ocrx_word' id='word_1_468' title='bbox 1509 2124 1697 2167; x_wconf 79' lang='lat' dir='ltr'>episcopum</span> <span class='ocrx_word' id='word_1_469' title='bbox 1718 2124 1885 2158; x_wconf 88' lang='lat' dir='ltr'>terminari</span> <span class='ocrx_word' id='word_1_470' title='bbox 1908 2135 1998 2158; x_wconf 87' lang='lat' dir='ltr'>man-</span> 
     </span>
     <span class='ocr_line' id='line_1_90' title="bbox 1247 2178 1997 2222; baseline 0.001 -11"><span class='ocrx_word' id='word_1_471' title='bbox 1247 2179 1377 2219; x_wconf 86' lang='lat' dir='ltr'>dantur,</span> <span class='ocrx_word' id='word_1_472' title='bbox 1403 2189 1468 2212; x_wconf 88' lang='lat' dir='ltr'>non</span> <span class='ocrx_word' id='word_1_473' title='bbox 1488 2178 1549 2211; x_wconf 82' lang='lat' dir='ltr'>nisi</span> <span class='ocrx_word' id='word_1_474' title='bbox 1578 2179 1730 2212; x_wconf 86' lang='lat' dir='ltr'>durantes</span> <span class='ocrx_word' id='word_1_475' title='bbox 1750 2186 1817 2222; x_wconf 76' lang='lat' dir='ltr'>per·</span> <span class='ocrx_word' id='word_1_476' title='bbox 1835 2179 1928 2212; x_wconf 90' lang='lat' dir='ltr'>illum</span> <span class='ocrx_word' id='word_1_477' title='bbox 1948 2179 1997 2212; x_wconf 89' lang='lat' dir='ltr'>di-</span> 
     </span>
     <span class='ocr_line' id='line_1_91' title="bbox 1249 2232 1996 2277; baseline 0.003 -12"><span class='ocrx_word' id='word_1_478' title='bbox 1249 2232 1333 2273; x_wconf 86' lang='lat' dir='ltr'>rimi,</span> <span class='ocrx_word' id='word_1_479' title='bbox 1364 2232 1469 2266; x_wconf 85' lang='lat' dir='ltr'>finitas</span> <span class='ocrx_word' id='word_1_480' title='bbox 1488 2237 1595 2266; x_wconf 86' lang='lat' dir='ltr'>autem</span> <span class='ocrx_word' id='word_1_481' title='bbox 1616 2233 1707 2266; x_wconf 88' lang='lat' dir='ltr'>nullo</span> <span class='ocrx_word' id='word_1_482' title='bbox 1734 2236 1828 2277; x_wconf 85' lang='lat' dir='ltr'>pacto</span> <span class='ocrx_word' id='word_1_483' title='bbox 1851 2232 1996 2267; x_wconf 82' lang='lat' dir='ltr'>innovari</span> 
     </span>
     <span class='ocr_line' id='line_1_92' title="bbox 1248 2281 1810 2331; baseline 0 -11"><span class='ocrx_word' id='word_1_484' title='bbox 1248 2298 1341 2331; x_wconf 86' lang='lat' dir='ltr'>posse</span> <span class='ocrx_word' id='word_1_485' title='bbox 1361 2286 1541 2320; x_wconf 86' lang='lat' dir='ltr'>statuimus.</span> <span class='ocrx_word' id='word_1_486' title='bbox 1795 2281 1810 2299; x_wconf 74' lang='lat'><strong>‘</strong></span> 
     </span>
    </p>

    <p class='ocr_par' dir='ltr' id='par_1_15' title="bbox 1248 2340 1997 2688">
     <span class='ocr_line' id='line_1_93' title="bbox 1292 2340 1996 2385; baseline 0.001 -11"><span class='ocrx_word' id='word_1_487' title='bbox 1292 2341 1345 2375; x_wconf 82' lang='lat'>10.</span> <span class='ocrx_word' id='word_1_488' title='bbox 1368 2341 1525 2385; x_wconf 86' lang='lat' dir='ltr'>Cumque,</span> <span class='ocrx_word' id='word_1_489' title='bbox 1537 2341 1613 2374; x_wconf 85' lang='lat' dir='ltr'>licet</span> <span class='ocrx_word' id='word_1_490' title='bbox 1624 2346 1721 2385; x_wconf 86' lang='lat' dir='ltr'>caput</span> <span class='ocrx_word' id='word_1_491' title='bbox 1733 2350 1764 2374; x_wconf 69' lang='lat' dir='ltr'>&gt;u</span> <span class='ocrx_word' id='word_1_492' title='bbox 1775 2340 1924 2375; x_wconf 86' lang='lat' dir='ltr'>sessionis</span> <span class='ocrx_word' id='word_1_493' title='bbox 1937 2351 1996 2375; x_wconf 81' lang='lat' dir='ltr'>xxv</span> 
     </span>
     <span class='ocr_line' id='line_1_94' title="bbox 1248 2394 1995 2439; baseline 0.001 -10"><span class='ocrx_word' id='word_1_494' title='bbox 1248 2400 1364 2429; x_wconf 86' lang='lat' dir='ltr'>statuat</span> <span class='ocrx_word' id='word_1_495' title='bbox 1394 2395 1480 2439; x_wconf 89' lang='lat' dir='ltr'>quod</span> <span class='ocrx_word' id='word_1_496' title='bbox 1516 2395 1549 2428; x_wconf 89' lang='lat' dir='ltr'>in</span> <span class='ocrx_word' id='word_1_497' title='bbox 1585 2394 1732 2429; x_wconf 89' lang='lat' dir='ltr'>domibus</span> <span class='ocrx_word' id='word_1_498' title='bbox 1763 2394 1906 2428; x_wconf 91' lang='lat' dir='ltr'>virorum</span> <span class='ocrx_word' id='word_1_499' title='bbox 1939 2406 1995 2430; x_wconf 89' lang='lat' dir='ltr'>seu</span> 
     </span>
     <span class='ocr_line' id='line_1_95' title="bbox 1249 2444 1996 2489; baseline 0.003 -12"><span class='ocrx_word' id='word_1_500' title='bbox 1249 2445 1436 2486; x_wconf 88' lang='lat' dir='ltr'>mulierum,</span> <span class='ocrx_word' id='word_1_501' title='bbox 1459 2444 1578 2489; x_wconf 88' lang='lat' dir='ltr'>quibus</span> <span class='ocrx_word' id='word_1_502' title='bbox 1588 2444 1770 2478; x_wconf 89' lang='lat' dir='ltr'>animarum</span> <span class='ocrx_word' id='word_1_503' title='bbox 1782 2454 1996 2488; x_wconf 88' lang='lat' dir='ltr'>personarum</span> 
     </span>
     <span class='ocr_line' id='line_1_96' title="bbox 1248 2493 1996 2536; baseline 0 -8"><span class='ocrx_word' id='word_1_504' title='bbox 1248 2495 1463 2528; x_wconf 85' lang='lat' dir='ltr'>saecularium</span> <span class='ocrx_word' id='word_1_505' title='bbox 1485 2505 1563 2527; x_wconf 87' lang='lat' dir='ltr'>cura</span> <span class='ocrx_word' id='word_1_506' title='bbox 1592 2494 1754 2536; x_wconf 88' lang='lat' dir='ltr'>imminet,</span> <span class='ocrx_word' id='word_1_507' title='bbox 1778 2493 1872 2533; x_wconf 88' lang='lat' dir='ltr'>nulli,</span> <span class='ocrx_word' id='word_1_508' title='bbox 1900 2493 1996 2528; x_wconf 89' lang='lat' dir='ltr'>etiam</span> 
     </span>
     <span class='ocr_line' id='line_1_97' title="bbox 1249 2542 1994 2586; baseline -0.004 -8"><span class='ocrx_word' id='word_1_509' title='bbox 1249 2544 1288 2577; x_wconf 88' lang='lat' dir='ltr'>ad</span> <span class='ocrx_word' id='word_1_510' title='bbox 1308 2550 1424 2578; x_wconf 88' lang='lat' dir='ltr'>nutum</span> <span class='ocrx_word' id='word_1_511' title='bbox 1445 2543 1647 2584; x_wconf 85' lang='lat' dir='ltr'>amovibiles,</span> <span class='ocrx_word' id='word_1_512' title='bbox 1677 2543 1755 2576; x_wconf 86' lang='lat' dir='ltr'>inibi</span> <span class='ocrx_word' id='word_1_513' title='bbox 1787 2542 1994 2586; x_wconf 85' lang='lat' dir='ltr'>deputentur,</span> 
     </span>
     <span class='ocr_line' id='line_1_98' title="bbox 1248 2593 1997 2636; baseline 0.001 -11"><span class='ocrx_word' id='word_1_514' title='bbox 1248 2594 1309 2627; x_wconf 87' lang='lat' dir='ltr'>nisi</span> <span class='ocrx_word' id='word_1_515' title='bbox 1334 2595 1373 2627; x_wconf 91' lang='lat' dir='ltr'>dc</span> <span class='ocrx_word' id='word_1_516' title='bbox 1403 2593 1557 2627; x_wconf 87' lang='lat' dir='ltr'>ordinarii</span> <span class='ocrx_word' id='word_1_517' title='bbox 1587 2603 1765 2633; x_wconf 86' lang='lat' dir='ltr'>consensu,</span> <span class='ocrx_word' id='word_1_518' title='bbox 1796 2603 1833 2625; x_wconf 89' lang='lat' dir='ltr'>ac</span> <span class='ocrx_word' id='word_1_519' title='bbox 1868 2593 1997 2636; x_wconf 84' lang='lat' dir='ltr'>praevio</span> 
     </span>
     <span class='ocr_line' id='line_1_99' title="bbox 1250 2642 1997 2688; baseline -0.001 -11"><span class='ocrx_word' id='word_1_520' title='bbox 1250 2644 1396 2678; x_wconf 80' lang='lat' dir='ltr'>examine</span> <span class='ocrx_word' id='word_1_521' title='bbox 1419 2643 1605 2678; x_wconf 86' lang='lat' dir='ltr'>huiusmodi</span> <span class='ocrx_word' id='word_1_522' title='bbox 1630 2642 1855 2688; x_wconf 85' lang='lat' dir='ltr'>praecedente,</span> <span class='ocrx_word' id='word_1_523' title='bbox 1880 2642 1920 2676; x_wconf 90' lang='lat' dir='ltr'>ad</span> <span class='ocrx_word' id='word_1_524' title='bbox 1939 2653 1997 2676; x_wconf 85' lang='lat' dir='ltr'>cu-</span> 
     </span>
    </p>
   </div>
   <div class='ocr_carea' id='block_1_12' title="bbox 1998 238 2180 267">
    <p class='ocr_par' dir='ltr' id='par_1_16' title="bbox 1998 238 2180 267">
     <span class='ocr_line' id='line_1_100' title="bbox 1998 238 2180 267; baseline 0.005 -1"><span class='ocrx_word' id='word_1_525' title='bbox 1998 238 2049 266; x_wconf 78' lang='lat' dir='ltr'>An.</span> <span class='ocrx_word' id='word_1_526' title='bbox 2066 239 2096 267; x_wconf 90' lang='lat' dir='ltr'>C.</span> <span class='ocrx_word' id='word_1_527' title='bbox 2113 239 2180 267; x_wconf 73' lang='lat'>¹567</span> 
     </span>
    </p>
   </div>
   <div class='ocr_carea' id='block_1_13' title="bbox 2012 2030 2194 2085">
    <p class='ocr_par' dir='ltr' id='par_1_17' title="bbox 2012 2030 2194 2085">
     <span class='ocr_line' id='line_1_101' title="bbox 2026 2030 2194 2054; baseline 0.012 -2"><span class='ocrx_word' id='word_1_528' title='bbox 2026 2030 2144 2054; x_wconf 71' lang='lat' dir='ltr'>melai-atio</span> <span class='ocrx_word' id='word_1_529' title='bbox 2154 2037 2194 2054; x_wconf 83' lang='lat' dir='ltr'>uo·-</span> 
     </span>
     <span class='ocr_line' id='line_1_102' title="bbox 2012 2063 2158 2085; baseline -0.007 -1"><span class='ocrx_word' id='word_1_530' title='bbox 2012 2069 2044 2084; x_wconf 71' lang='lat' dir='ltr'>nae</span> <span class='ocrx_word' id='word_1_531' title='bbox 2050 2063 2158 2085; x_wconf 56' lang='lat' dir='ltr'>molestia.</span> 
     </span>
    </p>
   </div>
   <div class='ocr_carea' id='block_1_14' title="bbox 2012 2355 2196 2411">
    <p class='ocr_par' dir='ltr' id='par_1_18' title="bbox 2012 2355 2196 2411">
     <span class='ocr_line' id='line_1_103' title="bbox 2024 2355 2196 2378; baseline 0.006 -1"><span class='ocrx_word' id='word_1_532' title='bbox 2024 2355 2145 2378; x_wconf 68' lang='lat' dir='ltr'>Dochi-atio</span> <span class='ocrx_word' id='word_1_533' title='bbox 2157 2356 2196 2378; x_wconf 74' lang='lat' dir='ltr'>do-</span> 
     </span>
     <span class='ocr_line' id='line_1_104' title="bbox 2012 2388 2194 2411; baseline 0 -1"><span class='ocrx_word' id='word_1_534' title='bbox 2012 2389 2069 2410; x_wconf 74' lang='lat' dir='ltr'>cimae</span> <span class='ocrx_word' id='word_1_535' title='bbox 2076 2388 2194 2411; x_wconf 31' lang='lat' dir='ltr'>molestiae*</span> 
     </span>
    </p>
   </div>
  </div>
 </body>
</html>
