2237 3100
70 270 119 296 An.
137 269 167 296 C.
186 269 252 297 156⁷

92 595 157 623 Magis
173 597 250 617 idoneo

67 631 89 649 ει
135 627 250 655 approbato

66 657 197 680 conterenda
213 663 251 680 ec-

65 689 138 711 etesia.

91 1079 214 1101 Nominatus
239 1086 250 1100 11

64 1114 154 1139 patrono
179 1111 204 1132 ab
225 1117 251 1132 e-

64 1143 152 1170 piscopo
185 1142 250 1163 debet

64 1173 154 1194 institui.

91 1399 172 1421 Diversi
188 1405 249 1421 casus

63 1432 244 1458 praesentationis

65 1465 85 1482 61
100 1463 246 1484 institutionis.

87 2069 139 2096 Quid
148 2070 247 2093 51133611-

60 2101 107 2121 dum
143 2100 163 2120 in
197 2104 246 2119 casu

61 2129 217 2157 appellationis.

955 264 1023 290 PIUS
1042 264 1062 288 V
1081 264 1128 288 PP.

269 323 293 356 si
313 332 396 365 opus
416 321 487 361 erit,
511 321 667 354 rationem
685 320 819 353 reddere
837 324 1019 353 teneantur:

1712 252 1776 288 607

1107 317 1120 357 ξ
1143 315 1190 349 10.
1212 315 1243 348 Si
1269 321 1377 348 tamen
1392 314 1473 347 adeo
1490 313 1595 356 exigui
1609 313 1755 347 redditus
1771 315 1821 348 di-

1840 262 1890 288 An.
1915 261 2023 290 (3.11567

1865 323 1946 349 Quibus
1961 325 1981 345 in
1991 330 2023 345 ea·

1839 354 1895 374 sibus
1911 354 1935 374 ab
1951 355 2023 375 huius-

268 386 286 408 a
306 385 381 419 qua,
405 374 431 407 si
452 374 529 418 quid
551 380 662 407 contra
682 374 825 407 officium
843 373 1021 406 6051601556
1063 375 1120 403 ctat
1135 369 1328 413 parochialis
1340 367 1472 407 sueriffl,
1488 372 1520 400 Ut
1534 368 1740 400 [OUUShUiUS
1751 379 1822 402 0³3-
1838 388 1893 407 modi
1908 388 1966 414 praxi
1986 393 2022 407 re-

268 433 472 471 compertum
498 428 604 468 suerit,
620 428 758 471 graviter
779 427 923 459 eiusdem
956 427 1022 469 epi-

268 481 357 525 scopi
377 482 510 514 arbitrio
532 481 639 525 puniri
662 481 795 524 possint.

311 535 326 578 §
351 535 381 568 6.
414 535 547 568 Ρ61·3610
573 540 683 578 postea
712 534 869 571 examine,
898 525 1020 566 renun-

267 588 394 621 cientur
423 594 646 632 quotcumque
667 587 705 619 ab
726 587 775 620 liis
807 586 914 620 idonei
936 586 1021 619 iudi-

267 642 329 674 cati
357 642 475 674 fuerint
503 646 623 680 aetate,
654 641 816 679 moribus,
855 641 1018 680 doctrina,

266 694 440 739 prudentia
460 699 490 727 et
510 694 579 726 aliis
600 694 696 726 rebus
716 694 755 726 ad
775 699 941 727 vacantem
968 705 1021 726 60-

267 748 398 781 clesiam
419 747 665 790 gubernandam
681 747 887 791 opportunis,
902 758 938 779 ex
959 747 1022 779 1115-

266 812 329 844 que
346 801 519 844 episcopus
540 811 614 833 eum
636 800 743 842 eligat,
766 811 862 844 quem
887 800 1022 834 caeteris

266 855 368 898 magis
387 854 542 887 idoneum
565 854 764 895 iudicaverit,
795 860 890 897 atque
917 853 963 886 illi
992 858 1020 886 et

265 918 332 941 non
352 907 444 940 alteri
466 908 594 940 collatio
616 908 771 940 660165136
788 907 827 940 ab
843 918 881 940 eo
898 907 962 946 fiat,
983 908 1022 940 ad

266 971 362 1005 quem
385 961 541 1005 spectabit
562 972 631 993 63111
654 961 814 994 conferre.

310 1015 325 1058 ἓ
345 1014 376 1048 7.
392 1014 423 1047 Si
438 1024 513 1047 vero
528 1014 798 1058 iurispatronatus
814 1012 1022 1047 ecclesiastici

266 1068 339 1108 erit,
368 1078 405 1101 30
438 1068 596 1101 institutio
623 1069 661 1100 ad
687 1068 877 1111 episcopum
903 1073 931 1100 et
957 1078 1022 1100 non

266 1122 363 1155 alium
386 1121 556 1166 pertineat,
574 1122 598 1154 is
610 1133 707 1165 quem
726 1127 881 1165 patronus
900 1120 1024 1163 dignio-

265 1186 335 1208 rem
356 1175 439 1208 inter
455 1175 607 1218 probatos
623 1176 661 1207 ab
680 1174 955 1208 examinatoribus
976 1174 1023 1207 iu-

265 1228 396 1269 dicabit,
418 1229 571 1272 episcopo
589 1239 622 1261 se
640 1234 846 1272 praesentare
861 1234 1020 1268 teneatur,

265 1287 300 1316 ut
321 1282 359 1315 ab
381 1293 419 1315 eo
439 1282 636 1315 instituatur.

310 1337 324 1380 ἓ
345 1335 375 1370 8.
399 1335 477 1369 Cum
504 1346 578 1369 vero
600 1336 759 1368 institutio
780 1336 818 1368 ab
840 1335 903 1368 alio
924 1346 1021 1378 quam

264 1389 303 1422 ab
319 1389 473 1434 episcopo
496 1389 554 1422 erit
575 1389 734 1427 facienda,
759 1394 834 1421 tunc
851 1389 1023 1432 episcopus

265 1443 353 1476 solus
369 1453 406 1475 ex
417 1442 522 1486 dignis
536 1443 632 1485 eligat
646 1442 838 1485 digniorem,
855 1452 952 1484 quem
969 1452 1024 1485 pa-

262 1501 377 1529 tronus
397 1495 426 1529 ei
453 1501 646 1539 praesentet,
670 1496 709 1527 ad
738 1505 835 1538 quem
864 1494 1022 1527 institutio

264 1555 398 1594 spectat.
422 1550 514 1588 Quod
535 1550 560 1582 si
578 1548 1022 1593 iurispatronatuslaicorum

263 1604 371 1644 fuerit,
386 1604 512 1644 debeat,
535 1603 591 1647 qui
612 1616 629 1636 a
646 1609 782 1647 pati-ono
799 1607 1022 1646 praesentatus

263 1657 335 1699 erit,
359 1658 398 1690 ab
418 1658 539 1691 eisdem
554 1657 726 1701 deputatis,
750 1662 784 1689 ut
810 1667 924 1700 supra,
948 1666 1020 1688 exa-

263 1711 394 1752 minari,
419 1717 450 1744 et
468 1722 547 1751 non,
562 1711 623 1744 nisi
635 1711 772 1744 idoneus
788 1715 938 1754 repertus
952 1712 1021 1742 sue-

262 1763 316 1804 rit,
353 1763 491 1802 admitti;
515 1763 547 1794 111
579 1762 797 1805 omnibusque
828 1760 1022 1804 supradictis

263 1812 404 1853 casibus,
426 1822 491 1845 non
514 1811 667 1855 cuiquam
684 1811 775 1844 alteri
797 1820 895 1853 quam
912 1810 966 1842 uni
985 1820 1021 1842 ex

261 1861 435 1905 praedictis
446 1861 633 1894 examinatis
646 1866 676 1893 et
696 1860 734 1893 ab
747 1858 1022 1892 examinatoribus

260 1911 460 1955 approbatis,
492 1910 579 1944 iuxta
616 1909 840 1953 supradictum
872 1908 1018 1948 modum,

261 1960 301 1994 de
321 1960 458 1993 ecclesia
479 1959 698 2004 provideatur.

306 2010 320 2054 ἓ
341 2009 373 2044 9.
395 2009 459 2043 Nec
489 2008 732 2053 praedictorum
762 2007 1020 2040 examinatorum

261 2059 464 2099 relationem,
487 2058 663 2102 quominus
684 2056 933 2100 exequutionem
963 2057 1019 2090 ha-

260 2108 346 2148 beat,
369 2108 435 2141 ulla
456 2107 617 2140 devolutio
638 2112 693 2139 3111,
715 2106 901 2149 appellatio,
925 2106 1019 2140 etiam

261 2157 300 2190 ad
333 2168 392 2190 nos
421 2162 451 2190 et
476 2156 590 2190 Sedem
618 2155 836 2199 Apostolicam
862 2155 925 2188 sive
951 2156 1021 2190 eius

260 2207 382 2250 legatos
409 2211 465 2239 aut
489 2206 699 2248 vice-legatos
724 2210 775 2237 3111
804 2205 943 2238 1111110105
963 2217 1019 2239 5611

260 2256 431 2300 episcopos
446 2255 495 2288 vel
514 2254 782 2298 metropolitanos
797 2260 852 2287 3111
867 2254 1020 2297 primates

259 2307 309 2339 vel
336 2305 537 2350 patriarchas
558 2303 759 2348 interposita,
788 2303 945 2348 impediat
965 2311 1017 2337 aut

260 2355 455 2400 suspendat,
485 2353 631 2398 alioquin
651 2352 810 2394 vicarius,
840 2364 937 2397 quem
965 2365 1018 2387 66-

260 2405 377 2439 clesiae
394 2403 517 2437 vacanti
536 2408 608 2436 ante
626 2403 798 2447 episcopus
813 2403 946 2437 arbitrio
960 2415 1018 2437 suo

260 2453 300 2488 ad
319 2452 631 2497 tempusdeputavit,
651 2452 700 2485 vel
717 2453 824 2485 forsan
840 2458 949 2496 postea
966 2453 1019 2486 (16-

259 2502 398 2548 putabit,
421 2502 460 2535 ab
477 2502 546 2536 61115
570 2501 727 2534 ecelesiae
743 2502 889 2535 custodia
910 2506 940 2535 et
961 2503 1018 2535 ad-

259 2552 498 2586 ministratione
524 2561 589 2584 non
615 2555 814 2591 amoveatur,
841 2551 945 2584 donec
972 2552 1017 2585 61-

260 2601 334 2635 dem
358 2606 414 2635 aut
442 2600 548 2641 alteri,
579 2600 634 2644 qui
659 2599 814 2643 probatus
839 2605 870 2633 et
898 2600 1018 2634 electus

261 2650 370 2691 fuerit,
393 2655 428 2684 ut
448 2660 546 2694 supra
572 2650 610 2683 sit
631 2648 809 2694 provisum.

1063 423 1247 456 minationis
1268 432 1400 465 operam
1422 432 1487 454 non
1513 422 1627 460 ferant,
1651 426 1705 454 aut
1725 432 1822 455 nemo
1872 456 1895 470 ur

1062 477 1098 508 sit
1126 477 1180 519 qui
1204 487 1235 509 se
1257 475 1395 508 examini
1416 480 1551 518 quaerat
1577 474 1750 514 subiicere,
1768 481 1824 508 aut

1062 530 1102 561 ob
1128 535 1254 572 apertas
1276 528 1430 561 factiones
1451 539 1506 560 5611
1524 526 1666 567 dissidia,
1690 538 1772 570 quae
1790 528 1822 560 in

1062 582 1224 625 aliquibus
1246 582 1324 615 10015
1344 581 1567 625 reperiuntur,
1591 580 1683 614 facile
1700 581 1823 623 gravio-

1063 646 1112 667 res
1134 635 1219 668 rixae
1236 646 1272 668 36
1291 636 1451 668 tumultus
1467 634 1590 678 possint
1605 634 1748 674 excitari,
1768 645 1823 677 po-

1062 688 1136 721 terit
1166 688 1367 728 ordinarius,
1396 688 1421 720 si
1443 699 1501 732 pro
1533 699 1590 720 sua
1625 688 1823 721 conscientia

1063 752 1138 774 cum
1173 742 1405 785 deputatorum
1435 741 1571 774 consilio
1596 741 1639 774 ita
1672 741 1822 784 expedire

1062 795 1282 833 arbitrabitur,
1305 796 1365 828 hac
1390 795 1493 828 forma
1510 794 1639 835 omissa,
1663 794 1821 839 privatum

1062 848 1149 880 aliud
1185 859 1338 888 examen,
1375 848 1510 881 caeteris
1530 854 1639 881 tamen
1664 853 1699 881 ut
1725 858 1823 892 supra

1063 902 1208 941 servatis,
1227 902 1395 934 adbibere.

1107 956 1121 998 ξ
1144 955 1195 988 lt.
1217 955 1339 988 Licebit
1356 954 1453 987 etiam
1473 955 1594 998 synodo
1615 954 1820 998 provinciali,

1065 1008 1090 1040 si
1111 1019 1194 1052 qmte
1215 1009 1247 1041 in
1267 1008 1461 1052 supradictis
1476 1008 1562 1041 circa
1578 1008 1824 1041 examinationis

1063 1062 1200 1095 formam
1219 1063 1366 1096 addenda
1390 1062 1621 1095 remittendave
1651 1072 1720 1095 esse
1750 1073 1824 1095 cen-

1064 1116 1175 1155 suerit,
1201 1116 1380 1160 prm'idere.

1107 1170 1122 1212 ξ
1147 1169 1196 1202 12.
1220 1169 1257 1202 Et
1278 1174 1310 1202 ut
1333 1179 1486 1212 praesens
1506 1175 1614 1201 nostra
1635 1169 1822 1203 constitutio

1063 1222 1201 1255 firmiter
1222 1228 1252 1255 et
1276 1222 1427 1255 inviolate
1447 1222 1487 1255 ab
1508 1222 1661 1255 omnibus
1676 1222 1824 1255 observe-

1063 1280 1136 1315 tur,
1174 1275 1303 1308 easdem
1337 1275 1499 1308 dictorum
1534 1275 1823 1318 praedecessorum

1064 1328 1312 1361 constitutiones
1327 1328 1524 1367 innovando,
1542 1328 1732 1361 auctoritate
1749 1339 1825 1372 apo-

1063 1382 1194 1421 stolica,
1232 1388 1345 1415 tenore
1379 1382 1616 1425 praesentium,
1655 1392 1767 1415 omnes
1794 1388 1825 1415 et

1064 1435 1206 1478 singulas
1236 1436 1435 1475 collationes,
1459 1436 1671 1479 provisiones,
1700 1435 1825 1468 institu-

1063 1487 1167 1520 tiones
1192 1494 1221 1521 et
1237 1488 1365 1532 quasvis
1385 1488 1462 1521 alias
1483 1487 1709 1531 dispositiones
1727 1498 1823 1531 paro-

1064 1541 1219 1573 chialium
1247 1542 1459 1574 ecclesiarum
1480 1542 1519 1574 ab
1541 1541 1662 1574 eisdem
1696 1541 1823 1584 episco-

1063 1595 1111 1637 pis
1140 1606 1177 1627 36
1209 1595 1376 1639 quibusvis
1406 1595 1476 1627 aliis
1502 1594 1726 1635 collatoribus,
1757 1600 1823 1628 tam

1063 1648 1235 1682 ordinariis
1268 1660 1365 1692 quam
1398 1648 1564 1691 delegatis,
1601 1649 1697 1682 etiam
1718 1648 1823 1682 dictae

1062 1702 1226 1735 Romanae
1246 1703 1408 1736 Ecclesiae
1426 1702 1655 1743 cardinalibus,
1676 1713 1713 1735 ac
1734 1703 1823 1736 Sedis

1063 1757 1265 1799 Α111051611636
1286 1757 1398 1800 legatis
1417 1758 1464 1789 vel
1486 1757 1620 1797 nuntiis,
1644 1762 1772 1800 praeter
1792 1762 1823 1790 et

1063 1816 1175 1843 contra
1198 1812 1334 1843 formam
1358 1811 1535 1854 praesentis
1556 1816 1685 1844 nostrae
1706 1811 1824 1844 consti-

1063 1863 1207 1905 tutionis,
1235 1864 1425 1908 praesertim
1446 1865 1478 1897 111
1499 1865 1647 1898 examine
1668 1876 1727 1909 per
1743 1875 1822 1899 con-

1062 1929 1195 1951 cursum
1216 1918 1376 1959 faciendo,
1396 1919 1633 1963 praescriptum
1650 1924 1722 1962 post
1739 1925 1821 1953 tem-

1062 1982 1123 2015 pus
1148 1971 1231 2004 insra
1259 1983 1447 2016 expressum
1482 1972 1667 2012 faciendas,
1694 1973 1819 2013 nullas,

1061 2024 1168 2058 irritas
1199 2036 1236 2058 36
1268 2026 1388 2059 1111111115
1424 2026 1550 2059 roboris
1583 2026 1630 2059 vel
1664 2027 1820 2060 momenti

1062 2079 1129 2111 fore
1150 2084 1180 2112 et
1200 2090 1280 2120 esse,
1296 2079 1491 2122 nullumque
1509 2079 1644 2123 provisis
1660 2089 1715 2112 seu
1732 2079 1821 2112 insti-

1061 2133 1138 2166 tutis
1158 2133 1208 2166 ius
1221 2133 1430 2169 auttitulum,
1452 2138 1481 2165 et
1503 2134 1700 2173 coloratum,
1718 2133 1819 2176 possi-

1061 2187 1158 2220 dendi
1180 2187 1347 2231 praebere,
1372 2192 1401 2219 et
1422 2186 1625 2230 parochiales
1653 2187 1817 2226 ecclesias,

1060 2247 1095 2274 ut
1116 2242 1207 2284 prius
1227 2247 1300 2274 ante
1322 2241 1513 2273 collationes
1526 2239 1819 2274 huiusmodivaca-

1060 2294 1146 2334 bant,
1168 2305 1204 2327 ex
1231 2298 1309 2327 tunc
1338 2304 1451 2327 vacare
1472 2292 1679 2326 decernimus
1705 2298 1736 2326 et
1762 2294 1819 2327 de—

1060 2348 1235 2387 claramus,
1250 2348 1389 2391 illaeque
1411 2357 1523 2379 01111165
1539 2346 1584 2380 510
1601 2356 1661 2390 pro
1672 2352 1819 2391 tempore

1059 2408 1218 2442 vacantes,
1248 2402 1273 2434 si
1294 2402 1478 2445 episcopus,
1511 2400 1567 2443 qui
1597 2411 1709 2433 curam
1742 2401 1819 2434 (11611

1060 2452 1215 2485 examinis
1234 2452 1354 2485 habere
1375 2451 1481 2490 debet,
1504 2450 1679 2494 praemissa
1689 2461 1755 2484 non
1772 2452 1818 2485 se-

1060 2501 1156 2540 cerit,
1185 2502 1223 2534 ad
1258 2501 1327 2534 61115
1352 2499 1658 2544 metropolitanum,
1690 2499 1714 2533 si
1742 2511 1817 2534 vero

1059 2551 1326 2595 archiepiscopus
1356 2549 1441 2582 idem
1462 2549 1569 2583 facere
1589 2550 1817 2594 praetermise-

1058 2599 1111 2639 rit,
1150 2600 1189 2632 ad
1224 2599 1314 2633 Sedis
1343 2598 1546 2642 Apostolicae
1572 2598 1817 2643 dispositionem

1059 2648 1244 2692 specialiter
1264 2648 1484 2681 devolvantur.

1840 419 1918 439 vedere
1936 419 2023 445 permit·

1839 453 1867 470 tal

1865 965 1962 993 Synoduu
1984 965 2025 987 alta

1840 1001 1910 1026 potest
1936 999 2022 1020 addere.

1866 1179 1977 1201 Clausutne
1989 1182 2023 1202 tir-

1840 1211 1933 1231 mitatem
1948 1214 1969 1232 61
1986 1212 2024 1232 ob-

1839 1243 1966 1263 servantiam
1975 1248 2026 1270 prae-

1840 1274 1908 1294 sentis
1919 1275 2024 1295 constitu-

1841 1305 1904 1325 tionis
1919 1305 2023 1326 inducen-

1840 1338 1880 1357 tes.
