<?xml version="1.0" encoding="UTF-8"?>
<!DOCTYPE html PUBLIC "-//W3C//DTD XHTML 1.0 Transitional//EN"
    "http://www.w3.org/TR/xhtml1/DTD/xhtml1-transitional.dtd">
<html xmlns="http://www.w3.org/1999/xhtml" xml:lang="en" lang="en">
 <head>
  <title>
</title>
<meta http-equiv="Content-Type" content="text/html;charset=utf-8" />
  <meta name='ocr-system' content='tesseract 3.04.00' />
  <meta name='ocr-capabilities' content='ocr_page ocr_carea ocr_par ocr_line ocrx_word'/>
</head>
<body>
  <div class='ocr_page' id='page_1' title='image "./bullarumdiplomat07cath_0509.png"; bbox 0 0 2237 3100; ppageno 0'>
   <div class='ocr_carea' id='block_1_1' title="bbox 67 296 251 327">
    <p class='ocr_par' dir='ltr' id='par_1_1' title="bbox 67 296 251 327">
     <span class='ocr_line' id='line_1_1' title="bbox 67 296 251 327; baseline -0.011 0"><span class='ocrx_word' id='word_1_1' title='bbox 67 299 115 327; x_wconf 75' lang='lat' dir='ltr'>An.</span> <span class='ocrx_word' id='word_1_2' title='bbox 134 297 163 326; x_wconf 87' lang='lat' dir='ltr'>C.</span> <span class='ocrx_word' id='word_1_3' title='bbox 182 296 251 326; x_wconf 72' lang='lat'>¹5⁶6</span> 
     </span>
    </p>
   </div>
   <div class='ocr_carea' id='block_1_2' title="bbox 62 785 248 931">
    <p class='ocr_par' dir='ltr' id='par_1_2' title="bbox 76 785 248 806">
     <span class='ocr_line' id='line_1_2' title="bbox 76 785 248 806; baseline 0 0"><span class='ocrx_word' id='word_1_4' title='bbox 76 785 97 806; x_wconf 68' lang='lat' dir='ltr'>S,</span> <span class='ocrx_word' id='word_1_5' title='bbox 105 785 190 806; x_wconf 76' lang='lat' dir='ltr'>Carolus</span> <span class='ocrx_word' id='word_1_6' title='bbox 200 785 248 806; x_wconf 83' lang='lat' dir='ltr'>Bor-</span> 
     </span>
    </p>

    <p class='ocr_par' dir='ltr' id='par_1_3' title="bbox 62 822 247 931">
     <span class='ocr_line' id='line_1_3' title="bbox 64 822 247 844; baseline 0 -7"><span class='ocrx_word' id='word_1_7' title='bbox 64 822 161 838; x_wconf 73' lang='lat' dir='ltr'>romaeus</span> <span class='ocrx_word' id='word_1_8' title='bbox 184 823 247 844; x_wconf 76' lang='lat' dir='ltr'>syno-</span> 
     </span>
     <span class='ocr_line' id='line_1_4' title="bbox 63 848 246 870; baseline 0 -1"><span class='ocrx_word' id='word_1_9' title='bbox 63 849 110 869; x_wconf 83' lang='lat' dir='ltr'>dum</span> <span class='ocrx_word' id='word_1_10' title='bbox 146 848 246 870; x_wconf 66' lang='lat' dir='ltr'>Mediola-</span> 
     </span>
     <span class='ocr_line' id='line_1_5' title="bbox 62 881 247 900; baseline -0.005 0"><span class='ocrx_word' id='word_1_11' title='bbox 62 885 152 900; x_wconf 75' lang='lat' dir='ltr'>nensem</span> <span class='ocrx_word' id='word_1_12' title='bbox 188 881 247 900; x_wconf 74' lang='lat' dir='ltr'>cete-</span> 
     </span>
     <span class='ocr_line' id='line_1_6' title="bbox 64 911 117 931; baseline 0 0"><span class='ocrx_word' id='word_1_13' title='bbox 64 911 117 931; x_wconf 72' lang='lat' dir='ltr'>brat.</span> 
     </span>
    </p>
   </div>
   <div class='ocr_carea' id='block_1_3' title="bbox 60 2455 244 2647">
    <p class='ocr_par' dir='ltr' id='par_1_4' title="bbox 60 2455 244 2647">
     <span class='ocr_line' id='line_1_7' title="bbox 88 2455 243 2476; baseline 0 0"><span class='ocrx_word' id='word_1_14' title='bbox 88 2455 136 2476; x_wconf 83' lang='lat' dir='ltr'>Eius</span> <span class='ocrx_word' id='word_1_15' title='bbox 166 2459 243 2476; x_wconf 73' lang='lat' dir='ltr'>statuta</span> 
     </span>
     <span class='ocr_line' id='line_1_8' title="bbox 61 2492 244 2510; baseline -0.005 0"><span class='ocrx_word' id='word_1_16' title='bbox 61 2492 82 2510; x_wconf 77' lang='lat' dir='ltr'>et</span> <span class='ocrx_word' id='word_1_17' title='bbox 92 2494 185 2510; x_wconf 79' lang='lat' dir='ltr'>canones</span> <span class='ocrx_word' id='word_1_18' title='bbox 195 2495 244 2509; x_wconf 85' lang='lat' dir='ltr'>cou-</span> 
     </span>
     <span class='ocr_line' id='line_1_9' title="bbox 61 2519 243 2542; baseline -0.011 0"><span class='ocrx_word' id='word_1_19' title='bbox 61 2522 127 2542; x_wconf 72' lang='lat' dir='ltr'>firmat</span> <span class='ocrx_word' id='word_1_20' title='bbox 134 2519 182 2541; x_wconf 77' lang='lat' dir='ltr'>Pius</span> <span class='ocrx_word' id='word_1_21' title='bbox 191 2523 212 2540; x_wconf 82' lang='lat' dir='ltr'>et</span> <span class='ocrx_word' id='word_1_22' title='bbox 219 2520 243 2540; x_wconf 81' lang='lat' dir='ltr'>ab</span> 
     </span>
     <span class='ocr_line' id='line_1_10' title="bbox 60 2554 243 2576; baseline -0.022 0"><span class='ocrx_word' id='word_1_23' title='bbox 60 2554 155 2576; x_wconf 71' lang='lat' dir='ltr'>omnibus</span> <span class='ocrx_word' id='word_1_24' title='bbox 196 2557 243 2573; x_wconf 61' lang='lat' dir='ltr'>exe·</span> 
     </span>
     <span class='ocr_line' id='line_1_11' title="bbox 61 2587 243 2613; baseline -0.022 -6"><span class='ocrx_word' id='word_1_25' title='bbox 61 2587 155 2613; x_wconf 77' lang='lat' dir='ltr'>quutioni</span> <span class='ocrx_word' id='word_1_26' title='bbox 186 2590 243 2604; x_wconf 73' lang='lat' dir='ltr'>inau-</span> 
     </span>
     <span class='ocr_line' id='line_1_12' title="bbox 61 2620 228 2647; baseline -0.018 -6"><span class='ocrx_word' id='word_1_27' title='bbox 61 2622 103 2641; x_wconf 71' lang='lat' dir='ltr'>dari</span> <span class='ocrx_word' id='word_1_28' title='bbox 120 2620 228 2647; x_wconf 69' lang='lat' dir='ltr'>praeripit.</span> 
     </span>
    </p>
   </div>
   <div class='ocr_carea' id='block_1_4' title="bbox 950 294 1130 320">
    <p class='ocr_par' dir='ltr' id='par_1_5' title="bbox 950 294 1130 320">
     <span class='ocr_line' id='line_1_13' title="bbox 950 294 1130 320; baseline -0.006 0"><span class='ocrx_word' id='word_1_29' title='bbox 950 294 1018 320; x_wconf 83' lang='lat' dir='ltr'>PIUS</span> <span class='ocrx_word' id='word_1_30' title='bbox 1041 294 1060 318; x_wconf 93' lang='lat' dir='ltr'>V</span> <span class='ocrx_word' id='word_1_31' title='bbox 1084 295 1130 319; x_wconf 76' lang='lat' dir='ltr'>FP.</span> 
     </span>
    </p>
   </div>
   <div class='ocr_carea' id='block_1_5' title="bbox 258 349 1011 2645">
    <p class='ocr_par' dir='ltr' id='par_1_6' title="bbox 261 349 1011 719">
     <span class='ocr_line' id='line_1_14' title="bbox 267 349 1008 394; baseline -0.004 -9"><span class='ocrx_word' id='word_1_32' title='bbox 267 351 327 385; x_wconf 87' lang='lat' dir='ltr'>tior</span> <span class='ocrx_word' id='word_1_33' title='bbox 360 350 503 385; x_wconf 88' lang='lat' dir='ltr'>occurrit</span> <span class='ocrx_word' id='word_1_34' title='bbox 531 356 566 383; x_wconf 89' lang='lat' dir='ltr'>ut</span> <span class='ocrx_word' id='word_1_35' title='bbox 593 349 861 394; x_wconf 54' lang='lat' dir='ltr'>ordinationes&amp;</span> <span class='ocrx_word' id='word_1_36' title='bbox 881 354 1008 389; x_wconf 90' lang='lat' dir='ltr'>statuta,</span> 
     </span>
     <span class='ocr_line' id='line_1_15' title="bbox 262 403 1011 450; baseline -0.004 -12"><span class='ocrx_word' id='word_1_37' title='bbox 262 416 344 450; x_wconf 88' lang='lat' dir='ltr'>quae</span> <span class='ocrx_word' id='word_1_38' title='bbox 363 405 449 439; x_wconf 87' lang='lat' dir='ltr'>cirea</span> <span class='ocrx_word' id='word_1_39' title='bbox 467 405 530 437; x_wconf 83' lang='lat' dir='ltr'>iarn</span> <span class='ocrx_word' id='word_1_40' title='bbox 551 404 673 437; x_wconf 89' lang='lat' dir='ltr'>dudum</span> <span class='ocrx_word' id='word_1_41' title='bbox 697 403 887 436; x_wconf 86' lang='lat' dir='ltr'>labascentis</span> <span class='ocrx_word' id='word_1_42' title='bbox 907 409 937 436; x_wconf 82' lang='lat' dir='ltr'>et</span> <span class='ocrx_word' id='word_1_43' title='bbox 958 414 1011 446; x_wconf 90' lang='lat' dir='ltr'>pe-</span> 
     </span>
     <span class='ocr_line' id='line_1_16' title="bbox 262 456 1010 502; baseline -0.001 -10"><span class='ocrx_word' id='word_1_44' title='bbox 262 470 302 493; x_wconf 92' lang='lat' dir='ltr'>ne</span> <span class='ocrx_word' id='word_1_45' title='bbox 322 459 493 492; x_wconf 79' lang='lat' dir='ltr'>convulsae</span> <span class='ocrx_word' id='word_1_46' title='bbox 508 457 695 502; x_wconf 83' lang='lat' dir='ltr'>disciplinae</span> <span class='ocrx_word' id='word_1_47' title='bbox 711 456 945 490; x_wconf 87' lang='lat' dir='ltr'>ecclesiasticae</span> <span class='ocrx_word' id='word_1_48' title='bbox 963 468 1010 490; x_wconf 87' lang='lat' dir='ltr'>rc-</span> 
     </span>
     <span class='ocr_line' id='line_1_17' title="bbox 262 510 1011 557; baseline -0.004 -11"><span class='ocrx_word' id='word_1_49' title='bbox 262 513 459 546; x_wconf 88' lang='lat' dir='ltr'>stitutionem</span> <span class='ocrx_word' id='word_1_50' title='bbox 480 513 657 557; x_wconf 80' lang='lat' dir='ltr'>prudenter</span> <span class='ocrx_word' id='word_1_51' title='bbox 676 510 759 544; x_wconf 86' lang='lat' dir='ltr'>edita</span> <span class='ocrx_word' id='word_1_52' title='bbox 779 510 874 543; x_wconf 83' lang='lat' dir='ltr'>fuisse</span> <span class='ocrx_word' id='word_1_53' title='bbox 895 521 1011 554; x_wconf 76' lang='lat' dir='ltr'>cogno-</span> 
     </span>
     <span class='ocr_line' id='line_1_18' title="bbox 261 564 1009 610; baseline -0.005 -10"><span class='ocrx_word' id='word_1_54' title='bbox 261 566 392 607; x_wconf 82' lang='lat' dir='ltr'>scimus,</span> <span class='ocrx_word' id='word_1_55' title='bbox 414 567 453 599; x_wconf 88' lang='lat' dir='ltr'>ab</span> <span class='ocrx_word' id='word_1_56' title='bbox 473 566 624 599; x_wconf 88' lang='lat' dir='ltr'>omnibus</span> <span class='ocrx_word' id='word_1_57' title='bbox 644 565 744 610; x_wconf 86' lang='lat' dir='ltr'>ipsius</span> <span class='ocrx_word' id='word_1_58' title='bbox 768 564 928 598; x_wconf 79' lang='lat' dir='ltr'>Ecclesiae</span> <span class='ocrx_word' id='word_1_59' title='bbox 949 564 1009 597; x_wconf 91' lang='lat' dir='ltr'>mi-</span> 
     </span>
     <span class='ocr_line' id='line_1_19' title="bbox 262 618 1011 664; baseline -0.004 -10"><span class='ocrx_word' id='word_1_60' title='bbox 262 620 368 654; x_wconf 89' lang='lat' dir='ltr'>nistris</span> <span class='ocrx_word' id='word_1_61' title='bbox 397 619 584 654; x_wconf 79' lang='lat' dir='ltr'>obedienter</span> <span class='ocrx_word' id='word_1_62' title='bbox 611 619 711 664; x_wconf 80' lang='lat' dir='ltr'>recipi</span> <span class='ocrx_word' id='word_1_63' title='bbox 741 623 771 652; x_wconf 84' lang='lat' dir='ltr'>et</span> <span class='ocrx_word' id='word_1_64' title='bbox 790 618 1011 652; x_wconf 77' lang='lat' dir='ltr'>indifferenter</span> 
     </span>
     <span class='ocr_line' id='line_1_20' title="bbox 261 674 663 719; baseline -0.002 -11"><span class='ocrx_word' id='word_1_65' title='bbox 261 674 422 708; x_wconf 88' lang='lat' dir='ltr'>observari</span> <span class='ocrx_word' id='word_1_66' title='bbox 437 685 663 719; x_wconf 88' lang='lat' dir='ltr'>procuremus.</span> 
     </span>
    </p>

    <p class='ocr_par' dir='ltr' id='par_1_7' title="bbox 258 726 1011 2391">
     <span class='ocr_line' id='line_1_21' title="bbox 305 726 1011 771; baseline -0.004 -10"><span class='ocrx_word' id='word_1_67' title='bbox 305 728 320 771; x_wconf 63' lang='grc' dir='ltr'>ξ</span> <span class='ocrx_word' id='word_1_68' title='bbox 341 727 371 761; x_wconf 87' lang='grc'>1.</span> <span class='ocrx_word' id='word_1_69' title='bbox 394 728 473 762; x_wconf 92' lang='lat' dir='ltr'>Cum</span> <span class='ocrx_word' id='word_1_70' title='bbox 498 727 618 771; x_wconf 88' lang='lat' dir='ltr'>itaque,</span> <span class='ocrx_word' id='word_1_71' title='bbox 640 727 721 760; x_wconf 88' lang='lat' dir='ltr'>sicut</span> <span class='ocrx_word' id='word_1_72' title='bbox 740 726 936 771; x_wconf 86' lang='lat' dir='ltr'>accepimus,</span> <span class='ocrx_word' id='word_1_73' title='bbox 954 736 1011 758; x_wconf 91' lang='lat' dir='ltr'>nu-</span> 
     </span>
     <span class='ocr_line' id='line_1_22' title="bbox 262 779 1007 826; baseline -0.003 -12"><span class='ocrx_word' id='word_1_74' title='bbox 262 792 320 826; x_wconf 91' lang='lat' dir='ltr'>per</span> <span class='ocrx_word' id='word_1_75' title='bbox 345 782 376 814; x_wconf 91' lang='lat' dir='ltr'>in</span> <span class='ocrx_word' id='word_1_76' title='bbox 401 781 588 825; x_wconf 83' lang='lat' dir='ltr'>provinciali</span> <span class='ocrx_word' id='word_1_77' title='bbox 618 781 737 826; x_wconf 76' lang='lat' dir='ltr'>synodo</span> <span class='ocrx_word' id='word_1_78' title='bbox 769 779 1007 820; x_wconf 82' lang='lat' dir='ltr'>Mediolanensi,</span> 
     </span>
     <span class='ocr_line' id='line_1_23' title="bbox 261 834 1010 869; baseline -0.001 -1"><span class='ocrx_word' id='word_1_79' title='bbox 261 835 378 869; x_wconf 87' lang='lat' dir='ltr'>dilecto</span> <span class='ocrx_word' id='word_1_80' title='bbox 407 836 473 869; x_wconf 87' lang='lat' dir='ltr'>filio</span> <span class='ocrx_word' id='word_1_81' title='bbox 502 842 610 869; x_wconf 87' lang='lat' dir='ltr'>nostro</span> <span class='ocrx_word' id='word_1_82' title='bbox 639 835 753 869; x_wconf 86' lang='lat' dir='ltr'>Carolo</span> <span class='ocrx_word' id='word_1_83' title='bbox 774 834 856 867; x_wconf 87' lang='lat' dir='ltr'>tituli</span> <span class='ocrx_word' id='word_1_84' title='bbox 877 834 1010 867; x_wconf 78' lang='lat' dir='ltr'>Sanctae</span> 
     </span>
     <span class='ocr_line' id='line_1_24' title="bbox 261 888 1009 934; baseline -0.003 -12"><span class='ocrx_word' id='word_1_85' title='bbox 261 889 422 930; x_wconf 82' lang='lat' dir='ltr'>Praxedis,</span> <span class='ocrx_word' id='word_1_86' title='bbox 440 890 626 934; x_wconf 75' lang='lat' dir='ltr'>presby-tero</span> <span class='ocrx_word' id='word_1_87' title='bbox 648 888 801 922; x_wconf 79' lang='lat' dir='ltr'>cardinali</span> <span class='ocrx_word' id='word_1_88' title='bbox 816 888 1009 922; x_wconf 88' lang='lat' dir='ltr'>Borromaeo</span> 
     </span>
     <span class='ocr_line' id='line_1_25' title="bbox 262 942 1011 988; baseline -0.001 -12"><span class='ocrx_word' id='word_1_89' title='bbox 262 949 461 988; x_wconf 89' lang='lat' dir='ltr'>nuncupato,</span> <span class='ocrx_word' id='word_1_90' title='bbox 483 944 539 988; x_wconf 89' lang='lat' dir='ltr'>qui</span> <span class='ocrx_word' id='word_1_91' title='bbox 560 944 715 977; x_wconf 88' lang='lat' dir='ltr'>ecclesiae</span> <span class='ocrx_word' id='word_1_92' title='bbox 727 942 953 976; x_wconf 81' lang='lat' dir='ltr'>Mediolanensi</span> <span class='ocrx_word' id='word_1_93' title='bbox 974 954 1011 975; x_wconf 76' lang='lat' dir='ltr'>ex</span> 
     </span>
     <span class='ocr_line' id='line_1_26' title="bbox 261 996 1010 1041; baseline -0.003 -10"><span class='ocrx_word' id='word_1_94' title='bbox 261 997 468 1032; x_wconf 75' lang='lat' dir='ltr'>concessione</span> <span class='ocrx_word' id='word_1_95' title='bbox 502 1003 533 1031; x_wconf 89' lang='lat' dir='ltr'>et</span> <span class='ocrx_word' id='word_1_96' title='bbox 566 997 801 1041; x_wconf 78' lang='lat' dir='ltr'>dispensatione</span> <span class='ocrx_word' id='word_1_97' title='bbox 836 996 1010 1040; x_wconf 88' lang='lat' dir='ltr'>apostolica</span> 
     </span>
     <span class='ocr_line' id='line_1_27' title="bbox 260 1050 1009 1095; baseline -0.004 -10"><span class='ocrx_word' id='word_1_98' title='bbox 260 1062 398 1095; x_wconf 69' lang='lat' dir='ltr'>pl&#39;aeesse</span> <span class='ocrx_word' id='word_1_99' title='bbox 409 1052 618 1095; x_wconf 80' lang='lat' dir='ltr'>dignoscitur,</span> <span class='ocrx_word' id='word_1_100' title='bbox 631 1050 676 1083; x_wconf 92' lang='lat' dir='ltr'>illi</span> <span class='ocrx_word' id='word_1_101' title='bbox 691 1050 902 1095; x_wconf 80' lang='lat' dir='ltr'>praesidente,</span> <span class='ocrx_word' id='word_1_102' title='bbox 913 1061 1009 1094; x_wconf 88' lang='lat' dir='ltr'>quam</span> 
     </span>
     <span class='ocr_line' id='line_1_28' title="bbox 260 1105 1009 1151; baseline -0.001 -13"><span class='ocrx_word' id='word_1_103' title='bbox 260 1106 400 1151; x_wconf 88' lang='lat' dir='ltr'>plurima</span> <span class='ocrx_word' id='word_1_104' title='bbox 416 1106 628 1140; x_wconf 88' lang='lat' dir='ltr'>saluberrima</span> <span class='ocrx_word' id='word_1_105' title='bbox 644 1111 758 1138; x_wconf 84' lang='lat' dir='ltr'>statuta</span> <span class='ocrx_word' id='word_1_106' title='bbox 774 1110 803 1137; x_wconf 86' lang='lat' dir='ltr'>et</span> <span class='ocrx_word' id='word_1_107' title='bbox 819 1105 958 1143; x_wconf 86' lang='lat' dir='ltr'>decreta,</span> <span class='ocrx_word' id='word_1_108' title='bbox 971 1105 1009 1137; x_wconf 92' lang='lat' dir='ltr'>ad</span> 
     </span>
     <span class='ocr_line' id='line_1_29' title="bbox 260 1158 1011 1194; baseline -0.001 -1"><span class='ocrx_word' id='word_1_109' title='bbox 260 1170 366 1193; x_wconf 87' lang='lat' dir='ltr'>mores</span> <span class='ocrx_word' id='word_1_110' title='bbox 377 1159 570 1194; x_wconf 88' lang='lat' dir='ltr'>dilectorum</span> <span class='ocrx_word' id='word_1_111' title='bbox 585 1159 728 1192; x_wconf 87' lang='lat' dir='ltr'>filiorum</span> <span class='ocrx_word' id='word_1_112' title='bbox 744 1158 821 1191; x_wconf 89' lang='lat' dir='ltr'>cleri</span> <span class='ocrx_word' id='word_1_113' title='bbox 837 1158 1011 1192; x_wconf 84' lang='lat' dir='ltr'>saecularis</span> 
     </span>
     <span class='ocr_line' id='line_1_30' title="bbox 260 1212 1009 1257; baseline 0 -12"><span class='ocrx_word' id='word_1_114' title='bbox 260 1213 356 1247; x_wconf 89' lang='lat' dir='ltr'>totius</span> <span class='ocrx_word' id='word_1_115' title='bbox 375 1213 557 1257; x_wconf 83' lang='lat' dir='ltr'>provinciae</span> <span class='ocrx_word' id='word_1_116' title='bbox 577 1212 819 1245; x_wconf 88' lang='lat' dir='ltr'>Mediolanensis</span> <span class='ocrx_word' id='word_1_117' title='bbox 831 1212 1009 1245; x_wconf 85' lang='lat' dir='ltr'>reforman-</span> 
     </span>
     <span class='ocr_line' id='line_1_31' title="bbox 259 1265 1009 1311; baseline -0.001 -12"><span class='ocrx_word' id='word_1_118' title='bbox 259 1266 316 1299; x_wconf 87' lang='lat' dir='ltr'>dos</span> <span class='ocrx_word' id='word_1_119' title='bbox 334 1266 535 1311; x_wconf 85' lang='lat' dir='ltr'>pertinentia,</span> <span class='ocrx_word' id='word_1_120' title='bbox 547 1272 577 1299; x_wconf 88' lang='lat' dir='ltr'>et.</span> <span class='ocrx_word' id='word_1_121' title='bbox 592 1265 779 1310; x_wconf 84' lang='lat' dir='ltr'>praesertim</span> <span class='ocrx_word' id='word_1_122' title='bbox 799 1265 1009 1307; x_wconf 86' lang='lat' dir='ltr'>honestatem,</span> 
     </span>
     <span class='ocr_line' id='line_1_32' title="bbox 260 1320 1009 1361; baseline 0.001 -9"><span class='ocrx_word' id='word_1_123' title='bbox 260 1320 421 1361; x_wconf 83' lang='lat' dir='ltr'>decorem,</span> <span class='ocrx_word' id='word_1_124' title='bbox 447 1320 669 1361; x_wconf 86' lang='lat' dir='ltr'>reverentiam,</span> <span class='ocrx_word' id='word_1_125' title='bbox 697 1325 886 1353; x_wconf 87' lang='lat' dir='ltr'>ornamenta</span> <span class='ocrx_word' id='word_1_126' title='bbox 906 1321 1009 1353; x_wconf 87' lang='lat' dir='ltr'>eccle-</span> 
     </span>
     <span class='ocr_line' id='line_1_33' title="bbox 259 1373 1009 1417; baseline -0.001 -10"><span class='ocrx_word' id='word_1_127' title='bbox 259 1373 395 1415; x_wconf 85' lang='lat' dir='ltr'>siastica,</span> <span class='ocrx_word' id='word_1_128' title='bbox 414 1385 541 1408; x_wconf 88' lang='lat' dir='ltr'>necnon</span> <span class='ocrx_word' id='word_1_129' title='bbox 562 1374 682 1415; x_wconf 90' lang='lat' dir='ltr'>locum,</span> <span class='ocrx_word' id='word_1_130' title='bbox 707 1379 844 1417; x_wconf 90' lang='lat' dir='ltr'>tempus,</span> <span class='ocrx_word' id='word_1_131' title='bbox 876 1374 1009 1407; x_wconf 88' lang='lat' dir='ltr'>modum</span> 
     </span>
     <span class='ocr_line' id='line_1_34' title="bbox 259 1428 1009 1472; baseline 0.001 -12"><span class='ocrx_word' id='word_1_132' title='bbox 259 1428 401 1472; x_wconf 85' lang='lat' dir='ltr'>aliasque</span> <span class='ocrx_word' id='word_1_133' title='bbox 429 1428 686 1462; x_wconf 82' lang='lat' dir='ltr'>circumstantias</span> <span class='ocrx_word' id='word_1_134' title='bbox 710 1428 742 1460; x_wconf 93' lang='lat' dir='ltr'>in</span> <span class='ocrx_word' id='word_1_135' title='bbox 776 1428 1009 1461; x_wconf 86' lang='lat' dir='ltr'>ecclesiastico-</span> 
     </span>
     <span class='ocr_line' id='line_1_35' title="bbox 259 1482 1011 1523; baseline 0.001 -9"><span class='ocrx_word' id='word_1_136' title='bbox 259 1492 331 1515; x_wconf 85' lang='lat' dir='ltr'>rum</span> <span class='ocrx_word' id='word_1_137' title='bbox 344 1489 618 1516; x_wconf 87' lang='lat' dir='ltr'>sacramentorum</span> <span class='ocrx_word' id='word_1_138' title='bbox 634 1482 922 1523; x_wconf 81' lang='lat' dir='ltr'>administratione,</span> <span class='ocrx_word' id='word_1_139' title='bbox 937 1482 1011 1515; x_wconf 91' lang='lat' dir='ltr'>mis—</span> 
     </span>
     <span class='ocr_line' id='line_1_36' title="bbox 260 1536 1010 1580; baseline 0.003 -12"><span class='ocrx_word' id='word_1_140' title='bbox 260 1547 432 1580; x_wconf 84' lang='lat' dir='ltr'>sarumque</span> <span class='ocrx_word' id='word_1_141' title='bbox 453 1537 669 1571; x_wconf 86' lang='lat' dir='ltr'>celebratione</span> <span class='ocrx_word' id='word_1_142' title='bbox 689 1536 897 1577; x_wconf 79' lang='lat' dir='ltr'>observanda,</span> <span class='ocrx_word' id='word_1_143' title='bbox 912 1547 948 1570; x_wconf 84' lang='lat' dir='ltr'>ac</span> <span class='ocrx_word' id='word_1_144' title='bbox 965 1546 1010 1570; x_wconf 87' lang='lat' dir='ltr'>se-</span> 
     </span>
     <span class='ocr_line' id='line_1_37' title="bbox 259 1585 1009 1635; baseline -0.001 -11"><span class='ocrx_word' id='word_1_145' title='bbox 259 1585 417 1635; x_wconf 83' lang='lat' dir='ltr'>pulturas,</span> <span class='ocrx_word' id='word_1_146' title='bbox 432 1591 598 1632; x_wconf 79' lang='lat' dir='ltr'>funeralia,</span> <span class='ocrx_word' id='word_1_147' title='bbox 615 1590 846 1635; x_wconf 88' lang='lat' dir='ltr'>processiones,</span> <span class='ocrx_word' id='word_1_148' title='bbox 857 1590 944 1624; x_wconf 72' lang='lat' dir='ltr'>verbi</span> <span class='ocrx_word' id='word_1_149' title='bbox 955 1591 1009 1624; x_wconf 90' lang='lat' dir='ltr'>Dei</span> 
     </span>
     <span class='ocr_line' id='line_1_38' title="bbox 259 1644 1011 1690; baseline -0.001 -11"><span class='ocrx_word' id='word_1_150' title='bbox 259 1646 432 1680; x_wconf 88' lang='lat' dir='ltr'>conciones</span> <span class='ocrx_word' id='word_1_151' title='bbox 453 1657 510 1680; x_wconf 90' lang='lat' dir='ltr'>seu</span> <span class='ocrx_word' id='word_1_152' title='bbox 535 1644 802 1690; x_wconf 82' lang='lat' dir='ltr'>praedicationes,</span> <span class='ocrx_word' id='word_1_153' title='bbox 825 1656 1011 1689; x_wconf 87' lang='lat' dir='ltr'>repraesen-</span> 
     </span>
     <span class='ocr_line' id='line_1_39' title="bbox 259 1699 1009 1742; baseline -0.001 -10"><span class='ocrx_word' id='word_1_154' title='bbox 259 1700 407 1742; x_wconf 79' lang='lat' dir='ltr'>tationes,</span> <span class='ocrx_word' id='word_1_155' title='bbox 430 1700 616 1733; x_wconf 76' lang='lat' dir='ltr'>exuviarum</span> <span class='ocrx_word' id='word_1_156' title='bbox 637 1699 831 1739; x_wconf 81' lang='lat' dir='ltr'>decentiam,</span> <span class='ocrx_word' id='word_1_157' title='bbox 852 1699 933 1732; x_wconf 87' lang='lat' dir='ltr'>vitae</span> <span class='ocrx_word' id='word_1_158' title='bbox 950 1700 1009 1732; x_wconf 83' lang='lat' dir='ltr'>lio-</span> 
     </span>
     <span class='ocr_line' id='line_1_40' title="bbox 260 1753 1010 1798; baseline -0.001 -12"><span class='ocrx_word' id='word_1_159' title='bbox 260 1759 426 1795; x_wconf 88' lang='lat' dir='ltr'>nestatem,</span> <span class='ocrx_word' id='word_1_160' title='bbox 449 1753 675 1798; x_wconf 78' lang='lat' dir='ltr'>frugalitatem,</span> <span class='ocrx_word' id='word_1_161' title='bbox 694 1763 821 1786; x_wconf 86' lang='lat' dir='ltr'>morum</span> <span class='ocrx_word' id='word_1_162' title='bbox 838 1753 1010 1786; x_wconf 85' lang='lat' dir='ltr'>correctio-</span> 
     </span>
     <span class='ocr_line' id='line_1_41' title="bbox 260 1806 1010 1848; baseline 0 -9"><span class='ocrx_word' id='word_1_163' title='bbox 260 1818 333 1840; x_wconf 92' lang='lat' dir='ltr'>nem</span> <span class='ocrx_word' id='word_1_164' title='bbox 354 1814 385 1841; x_wconf 86' lang='lat' dir='ltr'>et</span> <span class='ocrx_word' id='word_1_165' title='bbox 405 1806 671 1848; x_wconf 87' lang='lat' dir='ltr'>moderationem,</span> <span class='ocrx_word' id='word_1_166' title='bbox 693 1807 833 1840; x_wconf 82' lang='lat' dir='ltr'>arcliivia</span> <span class='ocrx_word' id='word_1_167' title='bbox 849 1812 880 1840; x_wconf 90' lang='lat' dir='ltr'>et</span> <span class='ocrx_word' id='word_1_168' title='bbox 895 1807 956 1840; x_wconf 86' lang='lat' dir='ltr'>alia</span> <span class='ocrx_word' id='word_1_169' title='bbox 971 1807 1010 1840; x_wconf 87' lang='lat' dir='ltr'>ad</span> 
     </span>
     <span class='ocr_line' id='line_1_42' title="bbox 259 1861 1009 1905; baseline -0.003 -11"><span class='ocrx_word' id='word_1_170' title='bbox 259 1861 503 1905; x_wconf 88' lang='lat' dir='ltr'>scripturarum,</span> <span class='ocrx_word' id='word_1_171' title='bbox 514 1862 633 1895; x_wconf 90' lang='lat' dir='ltr'>iurium</span> <span class='ocrx_word' id='word_1_172' title='bbox 650 1867 680 1894; x_wconf 89' lang='lat' dir='ltr'>et</span> <span class='ocrx_word' id='word_1_173' title='bbox 696 1861 831 1894; x_wconf 89' lang='lat' dir='ltr'>aliorum</span> <span class='ocrx_word' id='word_1_174' title='bbox 848 1861 1009 1894; x_wconf 88' lang='lat' dir='ltr'>bonorum</span> 
     </span>
     <span class='ocr_line' id='line_1_43' title="bbox 259 1915 1008 1951; baseline -0.003 -3"><span class='ocrx_word' id='word_1_175' title='bbox 259 1916 550 1949; x_wconf 88' lang='lat' dir='ltr'>ecclesiasticorum</span> <span class='ocrx_word' id='word_1_176' title='bbox 572 1915 856 1951; x_wconf 78' lang='lat' dir='ltr'>conservationem,</span> <span class='ocrx_word' id='word_1_177' title='bbox 883 1924 1008 1947; x_wconf 82' lang='lat' dir='ltr'>necnon</span> 
     </span>
     <span class='ocr_line' id='line_1_44' title="bbox 260 1969 1010 2012; baseline -0.001 -11"><span class='ocrx_word' id='word_1_178' title='bbox 260 1970 424 2002; x_wconf 78' lang='lat' dir='ltr'>fructuum</span> <span class='ocrx_word' id='word_1_179' title='bbox 437 1996 444 2009; x_wconf 94' lang='lat'>,</span> <span class='ocrx_word' id='word_1_180' title='bbox 467 1969 651 2002; x_wconf 87' lang='lat' dir='ltr'>reddituum</span> <span class='ocrx_word' id='word_1_181' title='bbox 672 1974 702 2002; x_wconf 86' lang='lat' dir='ltr'>et</span> <span class='ocrx_word' id='word_1_182' title='bbox 723 1974 934 2012; x_wconf 76' lang='lat' dir='ltr'>proventuum</span> <span class='ocrx_word' id='word_1_183' title='bbox 960 1979 1010 2001; x_wconf 87' lang='lat' dir='ltr'>ec-</span> 
     </span>
     <span class='ocr_line' id='line_1_45' title="bbox 259 2022 1006 2067; baseline -0.001 -12"><span class='ocrx_word' id='word_1_184' title='bbox 259 2023 511 2056; x_wconf 86' lang='lat' dir='ltr'>clesiasticorum</span> <span class='ocrx_word' id='word_1_185' title='bbox 521 2023 790 2067; x_wconf 74' lang='lat' dir='ltr'>dispensationem</span> <span class='ocrx_word' id='word_1_186' title='bbox 804 2022 1006 2066; x_wconf 89' lang='lat' dir='ltr'>pertinentia,</span> 
     </span>
     <span class='ocr_line' id='line_1_46' title="bbox 260 2076 1010 2121; baseline -0.001 -12"><span class='ocrx_word' id='word_1_187' title='bbox 260 2087 324 2109; x_wconf 91' lang='lat' dir='ltr'>non</span> <span class='ocrx_word' id='word_1_188' title='bbox 345 2077 452 2110; x_wconf 89' lang='lat' dir='ltr'>minus</span> <span class='ocrx_word' id='word_1_189' title='bbox 469 2076 616 2120; x_wconf 77' lang='lat' dir='ltr'>religiose</span> <span class='ocrx_word' id='word_1_190' title='bbox 632 2088 728 2121; x_wconf 88' lang='lat' dir='ltr'>quain</span> <span class='ocrx_word' id='word_1_191' title='bbox 750 2077 909 2120; x_wconf 83' lang='lat' dir='ltr'>sapienter</span> <span class='ocrx_word' id='word_1_192' title='bbox 928 2076 1010 2109; x_wconf 91' lang='lat' dir='ltr'>ordi-</span> 
     </span>
     <span class='ocr_line' id='line_1_47' title="bbox 258 2130 1009 2174; baseline -0.001 -11"><span class='ocrx_word' id='word_1_193' title='bbox 258 2136 331 2163; x_wconf 87' lang='lat' dir='ltr'>nata</span> <span class='ocrx_word' id='word_1_194' title='bbox 352 2131 482 2170; x_wconf 85' lang='lat' dir='ltr'>fuerint,</span> <span class='ocrx_word' id='word_1_195' title='bbox 500 2142 600 2174; x_wconf 81' lang='lat' dir='ltr'>quae,</span> <span class='ocrx_word' id='word_1_196' title='bbox 622 2142 696 2164; x_wconf 91' lang='lat' dir='ltr'>cum</span> <span class='ocrx_word' id='word_1_197' title='bbox 714 2141 777 2163; x_wconf 91' lang='lat' dir='ltr'>non</span> <span class='ocrx_word' id='word_1_198' title='bbox 799 2131 902 2163; x_wconf 80' lang='lat' dir='ltr'>solum</span> <span class='ocrx_word' id='word_1_199' title='bbox 924 2130 1009 2163; x_wconf 78' lang='lat' dir='ltr'>licita</span> 
     </span>
     <span class='ocr_line' id='line_1_48' title="bbox 258 2183 1008 2225; baseline 0 -8"><span class='ocrx_word' id='word_1_200' title='bbox 258 2190 289 2217; x_wconf 86' lang='lat' dir='ltr'>et</span> <span class='ocrx_word' id='word_1_201' title='bbox 316 2185 462 2225; x_wconf 85' lang='lat' dir='ltr'>honesta,</span> <span class='ocrx_word' id='word_1_202' title='bbox 504 2184 558 2218; x_wconf 91' lang='lat' dir='ltr'>sed</span> <span class='ocrx_word' id='word_1_203' title='bbox 583 2184 677 2217; x_wconf 86' lang='lat' dir='ltr'>etiam</span> <span class='ocrx_word' id='word_1_204' title='bbox 701 2183 934 2218; x_wconf 85' lang='lat' dir='ltr'>ecclesiasticae</span> <span class='ocrx_word' id='word_1_205' title='bbox 963 2184 1008 2217; x_wconf 91' lang='lat' dir='ltr'>rei</span> 
     </span>
     <span class='ocr_line' id='line_1_49' title="bbox 258 2237 1009 2282; baseline 0 -12"><span class='ocrx_word' id='word_1_206' title='bbox 258 2238 435 2282; x_wconf 90' lang='lat' dir='ltr'>plurimum</span> <span class='ocrx_word' id='word_1_207' title='bbox 453 2238 542 2271; x_wconf 85' lang='lat' dir='ltr'>utilia</span> <span class='ocrx_word' id='word_1_208' title='bbox 558 2243 588 2271; x_wconf 88' lang='lat' dir='ltr'>et</span> <span class='ocrx_word' id='word_1_209' title='bbox 603 2238 749 2282; x_wconf 89' lang='lat' dir='ltr'>apprime</span> <span class='ocrx_word' id='word_1_210' title='bbox 764 2237 937 2270; x_wconf 85' lang='lat' dir='ltr'>laudabilia</span> <span class='ocrx_word' id='word_1_211' title='bbox 949 2238 1009 2271; x_wconf 83' lang='lat' dir='ltr'>exi-</span> 
     </span>
     <span class='ocr_line' id='line_1_50' title="bbox 258 2291 1007 2335; baseline -0.001 -10"><span class='ocrx_word' id='word_1_212' title='bbox 258 2297 352 2333; x_wconf 83' lang='lat' dir='ltr'>stant,</span> <span class='ocrx_word' id='word_1_213' title='bbox 375 2292 414 2325; x_wconf 88' lang='lat' dir='ltr'>ab</span> <span class='ocrx_word' id='word_1_214' title='bbox 435 2292 584 2325; x_wconf 87' lang='lat' dir='ltr'>omnibus</span> <span class='ocrx_word' id='word_1_215' title='bbox 614 2291 669 2325; x_wconf 90' lang='lat' dir='ltr'>Dei</span> <span class='ocrx_word' id='word_1_216' title='bbox 694 2291 847 2324; x_wconf 83' lang='lat' dir='ltr'>ministris</span> <span class='ocrx_word' id='word_1_217' title='bbox 866 2292 1007 2335; x_wconf 86' lang='lat' dir='ltr'>aequali-</span> 
     </span>
     <span class='ocr_line' id='line_1_51' title="bbox 259 2345 643 2391; baseline -0.003 -12"><span class='ocrx_word' id='word_1_218' title='bbox 259 2351 306 2379; x_wconf 90' lang='lat' dir='ltr'>ter</span> <span class='ocrx_word' id='word_1_219' title='bbox 326 2346 453 2391; x_wconf 80' lang='lat' dir='ltr'>expedit</span> <span class='ocrx_word' id='word_1_220' title='bbox 472 2345 643 2379; x_wconf 78' lang='lat' dir='ltr'>observari.</span> 
     </span>
    </p>

    <p class='ocr_par' dir='ltr' id='par_1_8' title="bbox 258 2399 1008 2645">
     <span class='ocr_line' id='line_1_52' title="bbox 301 2399 1007 2444; baseline -0.004 -10"><span class='ocrx_word' id='word_1_221' title='bbox 301 2400 366 2444; x_wconf 55' lang='lat'>§⁸2</span> <span class='ocrx_word' id='word_1_222' title='bbox 390 2400 471 2433; x_wconf 86' lang='lat' dir='ltr'>Hinc</span> <span class='ocrx_word' id='word_1_223' title='bbox 499 2399 649 2444; x_wconf 85' lang='lat' dir='ltr'>estquod</span> <span class='ocrx_word' id='word_1_224' title='bbox 680 2410 749 2439; x_wconf 79' lang='lat' dir='ltr'>nos,</span> <span class='ocrx_word' id='word_1_225' title='bbox 777 2399 935 2432; x_wconf 88' lang='lat' dir='ltr'>bonorum</span> <span class='ocrx_word' id='word_1_226' title='bbox 962 2399 1007 2433; x_wconf 91' lang='lat' dir='ltr'>ci-</span> 
     </span>
     <span class='ocr_line' id='line_1_53' title="bbox 258 2453 1007 2497; baseline -0.003 -10"><span class='ocrx_word' id='word_1_227' title='bbox 258 2453 343 2487; x_wconf 85' lang='lat' dir='ltr'>vium</span> <span class='ocrx_word' id='word_1_228' title='bbox 379 2454 531 2491; x_wconf 82' lang='lat' dir='ltr'>utilitati,</span> <span class='ocrx_word' id='word_1_229' title='bbox 560 2453 783 2497; x_wconf 86' lang='lat' dir='ltr'>honestatique</span> <span class='ocrx_word' id='word_1_230' title='bbox 811 2453 1007 2497; x_wconf 86' lang='lat' dir='ltr'>reipublicae</span> 
     </span>
     <span class='ocr_line' id='line_1_54' title="bbox 259 2502 1008 2548; baseline -0.001 -11"><span class='ocrx_word' id='word_1_231' title='bbox 259 2514 425 2548; x_wconf 89' lang='lat' dir='ltr'>nunquam</span> <span class='ocrx_word' id='word_1_232' title='bbox 445 2503 611 2546; x_wconf 77' lang='lat' dir='ltr'>refragari,</span> <span class='ocrx_word' id='word_1_233' title='bbox 629 2504 683 2536; x_wconf 85' lang='lat' dir='ltr'>sed</span> <span class='ocrx_word' id='word_1_234' title='bbox 699 2502 814 2535; x_wconf 83' lang='lat' dir='ltr'>sanctis</span> <span class='ocrx_word' id='word_1_235' title='bbox 829 2503 949 2545; x_wconf 88' lang='lat' dir='ltr'>patriae</span> <span class='ocrx_word' id='word_1_236' title='bbox 966 2504 1008 2536; x_wconf 82' lang='lat' dir='ltr'>lc-</span> 
     </span>
     <span class='ocr_line' id='line_1_55' title="bbox 258 2551 1008 2597; baseline -0.001 -11"><span class='ocrx_word' id='word_1_237' title='bbox 258 2554 351 2597; x_wconf 83' lang='lat' dir='ltr'>gibus</span> <span class='ocrx_word' id='word_1_238' title='bbox 370 2555 507 2588; x_wconf 87' lang='lat' dir='ltr'>libenter</span> <span class='ocrx_word' id='word_1_239' title='bbox 526 2554 749 2597; x_wconf 85' lang='lat' dir='ltr'>obtemperare</span> <span class='ocrx_word' id='word_1_240' title='bbox 774 2551 890 2584; x_wconf 83' lang='lat' dir='ltr'>debere</span> <span class='ocrx_word' id='word_1_241' title='bbox 907 2553 1008 2585; x_wconf 86' lang='lat' dir='ltr'>consi-</span> 
     </span>
     <span class='ocr_line' id='line_1_56' title="bbox 258 2602 1006 2645; baseline 0.001 -10"><span class='ocrx_word' id='word_1_242' title='bbox 258 2604 417 2645; x_wconf 83' lang='lat' dir='ltr'>derantes,</span> <span class='ocrx_word' id='word_1_243' title='bbox 440 2615 475 2637; x_wconf 84' lang='lat' dir='ltr'>ac</span> <span class='ocrx_word' id='word_1_244' title='bbox 496 2614 607 2637; x_wconf 85' lang='lat' dir='ltr'>eorum</span> <span class='ocrx_word' id='word_1_245' title='bbox 629 2608 820 2635; x_wconf 81' lang='lat' dir='ltr'>statutorum</span> <span class='ocrx_word' id='word_1_246' title='bbox 845 2607 873 2633; x_wconf 79' lang='lat' dir='ltr'>et</span> <span class='ocrx_word' id='word_1_247' title='bbox 895 2602 1006 2636; x_wconf 76' lang='lat' dir='ltr'>decre-</span> 
     </span>
    </p>
   </div>
   <div class='ocr_carea' id='block_1_6' title="bbox 259 2652 1006 2746">
    <p class='ocr_par' dir='ltr' id='par_1_9' title="bbox 259 2652 1006 2746">
     <span class='ocr_line' id='line_1_57' title="bbox 261 2652 1006 2697; baseline -0.001 -12"><span class='ocrx_word' id='word_1_248' title='bbox 261 2659 367 2686; x_wconf 89' lang='lat' dir='ltr'>torum</span> <span class='ocrx_word' id='word_1_249' title='bbox 395 2654 651 2697; x_wconf 87' lang='lat' dir='ltr'>praedictorum,</span> <span class='ocrx_word' id='word_1_250' title='bbox 673 2652 1006 2694; x_wconf 66' lang='lat' dir='ltr'>documentorunnjlue</span> 
     </span>
     <span class='ocr_line' id='line_1_58' title="bbox 259 2701 1006 2746; baseline -0.001 -11"><span class='ocrx_word' id='word_1_251' title='bbox 259 2703 399 2746; x_wconf 84' lang='lat' dir='ltr'>desuper</span> <span class='ocrx_word' id='word_1_252' title='bbox 428 2703 649 2736; x_wconf 80' lang='lat' dir='ltr'>confectorum</span> <span class='ocrx_word' id='word_1_253' title='bbox 674 2706 703 2735; x_wconf 88' lang='lat' dir='ltr'>et</span> <span class='ocrx_word' id='word_1_254' title='bbox 730 2701 801 2734; x_wconf 89' lang='lat' dir='ltr'>inde</span> <span class='ocrx_word' id='word_1_255' title='bbox 822 2706 1006 2735; x_wconf 81' lang='lat' dir='ltr'>secutorum</span> 
     </span>
    </p>
   </div>
   <div class='ocr_carea' id='block_1_7' title="bbox 1694 284 1757 318">
    <p class='ocr_par' dir='ltr' id='par_1_10' title="bbox 1694 284 1757 318">
     <span class='ocr_line' id='line_1_59' title="bbox 1694 284 1757 318; baseline 0 -1"><span class='ocrx_word' id='word_1_256' title='bbox 1694 284 1757 318; x_wconf 73' lang='lat'>459</span> 
     </span>
    </p>
   </div>
   <div class='ocr_carea' id='block_1_8' title="bbox 1049 347 1804 2737">
    <p class='ocr_par' dir='ltr' id='par_1_11' title="bbox 1049 347 1804 2737">
     <span class='ocr_line' id='line_1_60' title="bbox 1058 347 1802 393; baseline -0.004 -11"><span class='ocrx_word' id='word_1_257' title='bbox 1058 355 1196 389; x_wconf 82' lang='lat' dir='ltr'>tenores,</span> <span class='ocrx_word' id='word_1_258' title='bbox 1219 349 1257 382; x_wconf 85' lang='lat' dir='ltr'>de</span> <span class='ocrx_word' id='word_1_259' title='bbox 1277 348 1395 393; x_wconf 82' lang='lat' dir='ltr'>quibus</span> <span class='ocrx_word' id='word_1_260' title='bbox 1424 348 1550 391; x_wconf 81' lang='lat' dir='ltr'>plenam</span> <span class='ocrx_word' id='word_1_261' title='bbox 1572 353 1600 380; x_wconf 88' lang='lat' dir='ltr'>et</span> <span class='ocrx_word' id='word_1_262' title='bbox 1621 347 1802 380; x_wconf 85' lang='lat' dir='ltr'>distinctam</span> 
     </span>
     <span class='ocr_line' id='line_1_61' title="bbox 1052 401 1801 446; baseline -0.003 -11"><span class='ocrx_word' id='word_1_263' title='bbox 1052 403 1311 437; x_wconf 84' lang='lat' dir='ltr'>informationem</span> <span class='ocrx_word' id='word_1_264' title='bbox 1332 415 1349 436; x_wconf 89' lang='lat' dir='ltr'>a</span> <span class='ocrx_word' id='word_1_265' title='bbox 1370 402 1533 446; x_wconf 87' lang='lat' dir='ltr'>praedicto</span> <span class='ocrx_word' id='word_1_266' title='bbox 1559 401 1671 434; x_wconf 81' lang='lat' dir='ltr'>Carolo</span> <span class='ocrx_word' id='word_1_267' title='bbox 1697 401 1801 434; x_wconf 88' lang='lat' dir='ltr'>cardi-</span> 
     </span>
     <span class='ocr_line' id='line_1_62' title="bbox 1054 455 1802 498; baseline -0.004 -8"><span class='ocrx_word' id='word_1_268' title='bbox 1054 457 1124 489; x_wconf 84' lang='lat' dir='ltr'>nale</span> <span class='ocrx_word' id='word_1_269' title='bbox 1162 462 1313 490; x_wconf 88' lang='lat' dir='ltr'>oretenus</span> <span class='ocrx_word' id='word_1_270' title='bbox 1346 456 1438 490; x_wconf 89' lang='lat' dir='ltr'>nobis</span> <span class='ocrx_word' id='word_1_271' title='bbox 1469 455 1566 489; x_wconf 89' lang='lat' dir='ltr'>factas</span> <span class='ocrx_word' id='word_1_272' title='bbox 1603 455 1802 498; x_wconf 78' lang='lat' dir='ltr'>accepimus,</span> 
     </span>
     <span class='ocr_line' id='line_1_63' title="bbox 1052 508 1802 556; baseline -0.004 -12"><span class='ocrx_word' id='word_1_273' title='bbox 1052 511 1265 554; x_wconf 74' lang='lat' dir='ltr'>praesentibus</span> <span class='ocrx_word' id='word_1_274' title='bbox 1280 523 1337 556; x_wconf 90' lang='lat' dir='ltr'>pro</span> <span class='ocrx_word' id='word_1_275' title='bbox 1358 511 1554 545; x_wconf 85' lang='lat' dir='ltr'>sufficienter</span> <span class='ocrx_word' id='word_1_276' title='bbox 1574 508 1730 554; x_wconf 79' lang='lat' dir='ltr'>expressis</span> <span class='ocrx_word' id='word_1_277' title='bbox 1746 509 1802 541; x_wconf 82' lang='lat' dir='ltr'>lia-</span> 
     </span>
     <span class='ocr_line' id='line_1_64' title="bbox 1052 562 1803 610; baseline -0.004 -13"><span class='ocrx_word' id='word_1_278' title='bbox 1052 565 1176 604; x_wconf 85' lang='lat' dir='ltr'>bentes,</span> <span class='ocrx_word' id='word_1_279' title='bbox 1199 571 1288 598; x_wconf 88' lang='lat' dir='ltr'>motu</span> <span class='ocrx_word' id='word_1_280' title='bbox 1308 565 1440 610; x_wconf 87' lang='lat' dir='ltr'>proprio</span> <span class='ocrx_word' id='word_1_281' title='bbox 1458 570 1488 598; x_wconf 86' lang='lat' dir='ltr'>et</span> <span class='ocrx_word' id='word_1_282' title='bbox 1511 575 1548 598; x_wconf 76' lang='lat' dir='ltr'>ex</span> <span class='ocrx_word' id='word_1_283' title='bbox 1568 569 1655 598; x_wconf 89' lang='lat' dir='ltr'>certa</span> <span class='ocrx_word' id='word_1_284' title='bbox 1672 562 1803 597; x_wconf 86' lang='lat' dir='ltr'>scientia</span> 
     </span>
     <span class='ocr_line' id='line_1_65' title="bbox 1052 618 1803 663; baseline -0.003 -11"><span class='ocrx_word' id='word_1_285' title='bbox 1052 625 1169 659; x_wconf 88' lang='lat' dir='ltr'>nostra,</span> <span class='ocrx_word' id='word_1_286' title='bbox 1180 620 1287 653; x_wconf 91' lang='lat' dir='ltr'>omnia</span> <span class='ocrx_word' id='word_1_287' title='bbox 1304 627 1333 654; x_wconf 87' lang='lat' dir='ltr'>et</span> <span class='ocrx_word' id='word_1_288' title='bbox 1353 620 1477 663; x_wconf 77' lang='lat' dir='ltr'>singula</span> <span class='ocrx_word' id='word_1_289' title='bbox 1492 624 1617 657; x_wconf 87' lang='lat' dir='ltr'>statuta,</span> <span class='ocrx_word' id='word_1_290' title='bbox 1628 618 1803 651; x_wconf 87' lang='lat' dir='ltr'>ordinatio-</span> 
     </span>
     <span class='ocr_line' id='line_1_66' title="bbox 1052 672 1803 718; baseline -0.001 -13"><span class='ocrx_word' id='word_1_291' title='bbox 1052 684 1108 706; x_wconf 88' lang='lat' dir='ltr'>nes</span> <span class='ocrx_word' id='word_1_292' title='bbox 1128 678 1158 706; x_wconf 89' lang='lat' dir='ltr'>et</span> <span class='ocrx_word' id='word_1_293' title='bbox 1177 673 1305 707; x_wconf 85' lang='lat' dir='ltr'>decreta</span> <span class='ocrx_word' id='word_1_294' title='bbox 1330 674 1361 708; x_wconf 91' lang='lat' dir='ltr'>in</span> <span class='ocrx_word' id='word_1_295' title='bbox 1383 674 1568 717; x_wconf 67' lang='lat' dir='ltr'>particulari</span> <span class='ocrx_word' id='word_1_296' title='bbox 1595 672 1715 718; x_wconf 73' lang='lat' dir='ltr'>synodo</span> <span class='ocrx_word' id='word_1_297' title='bbox 1740 673 1803 705; x_wconf 85' lang='lat' dir='ltr'>Me—</span> 
     </span>
     <span class='ocr_line' id='line_1_67' title="bbox 1052 727 1803 771; baseline -0.001 -12"><span class='ocrx_word' id='word_1_298' title='bbox 1052 727 1240 767; x_wconf 88' lang='lat' dir='ltr'>diolanensi,</span> <span class='ocrx_word' id='word_1_299' title='bbox 1258 728 1300 760; x_wconf 80' lang='lat' dir='ltr'>sic</span> <span class='ocrx_word' id='word_1_300' title='bbox 1324 733 1354 761; x_wconf 87' lang='lat' dir='ltr'>ut</span> <span class='ocrx_word' id='word_1_301' title='bbox 1381 728 1570 771; x_wconf 84' lang='lat' dir='ltr'>praefertur,</span> <span class='ocrx_word' id='word_1_302' title='bbox 1592 727 1676 760; x_wconf 90' lang='lat' dir='ltr'>edita</span> <span class='ocrx_word' id='word_1_303' title='bbox 1696 732 1726 759; x_wconf 89' lang='lat' dir='ltr'>et</span> <span class='ocrx_word' id='word_1_304' title='bbox 1747 737 1803 769; x_wconf 90' lang='lat' dir='ltr'>pu-</span> 
     </span>
     <span class='ocr_line' id='line_1_68' title="bbox 1052 779 1804 826; baseline -0.001 -13"><span class='ocrx_word' id='word_1_305' title='bbox 1052 780 1181 821; x_wconf 87' lang='lat' dir='ltr'>blicata,</span> <span class='ocrx_word' id='word_1_306' title='bbox 1196 792 1244 821; x_wconf 83' lang='lat' dir='ltr'>ae,</span> <span class='ocrx_word' id='word_1_307' title='bbox 1255 787 1353 826; x_wconf 86' lang='lat' dir='ltr'>prout</span> <span class='ocrx_word' id='word_1_308' title='bbox 1369 781 1421 814; x_wconf 90' lang='lat' dir='ltr'>illa</span> <span class='ocrx_word' id='word_1_309' title='bbox 1433 786 1645 821; x_wconf 82' lang='lat' dir='ltr'>concernunt,</span> <span class='ocrx_word' id='word_1_310' title='bbox 1665 781 1696 813; x_wconf 89' lang='lat' dir='ltr'>in</span> <span class='ocrx_word' id='word_1_311' title='bbox 1712 779 1804 813; x_wconf 84' lang='lat' dir='ltr'>dictis</span> 
     </span>
     <span class='ocr_line' id='line_1_69' title="bbox 1054 834 1801 873; baseline -0.001 -6"><span class='ocrx_word' id='word_1_312' title='bbox 1054 834 1255 867; x_wconf 84' lang='lat' dir='ltr'>documentis</span> <span class='ocrx_word' id='word_1_313' title='bbox 1284 840 1445 873; x_wconf 88' lang='lat' dir='ltr'>contenta,</span> <span class='ocrx_word' id='word_1_314' title='bbox 1463 835 1494 867; x_wconf 92' lang='lat' dir='ltr'>in</span> <span class='ocrx_word' id='word_1_315' title='bbox 1511 835 1661 868; x_wconf 86' lang='lat' dir='ltr'>omnibus</span> <span class='ocrx_word' id='word_1_316' title='bbox 1688 841 1715 868; x_wconf 90' lang='lat' dir='ltr'>et</span> <span class='ocrx_word' id='word_1_317' title='bbox 1737 834 1801 866; x_wconf 91' lang='lat' dir='ltr'>siu-</span> 
     </span>
     <span class='ocr_line' id='line_1_70' title="bbox 1052 888 1800 933; baseline -0.001 -12"><span class='ocrx_word' id='word_1_318' title='bbox 1052 888 1135 932; x_wconf 76' lang='lat' dir='ltr'>gulis</span> <span class='ocrx_word' id='word_1_319' title='bbox 1155 888 1309 929; x_wconf 86' lang='lat' dir='ltr'>ecclesiis,</span> <span class='ocrx_word' id='word_1_320' title='bbox 1340 888 1545 932; x_wconf 86' lang='lat' dir='ltr'>prioratibus,</span> <span class='ocrx_word' id='word_1_321' title='bbox 1558 888 1800 933; x_wconf 71' lang='lat' dir='ltr'>praeposituris,</span> 
     </span>
     <span class='ocr_line' id='line_1_71' title="bbox 1052 941 1804 986; baseline -0.001 -11"><span class='ocrx_word' id='word_1_322' title='bbox 1052 941 1264 985; x_wconf 84' lang='lat' dir='ltr'>hospitalibus</span> <span class='ocrx_word' id='word_1_323' title='bbox 1285 948 1313 976; x_wconf 89' lang='lat' dir='ltr'>et</span> <span class='ocrx_word' id='word_1_324' title='bbox 1330 942 1399 975; x_wconf 84' lang='lat' dir='ltr'>aliis</span> <span class='ocrx_word' id='word_1_325' title='bbox 1414 941 1474 986; x_wconf 86' lang='lat' dir='ltr'>piis</span> <span class='ocrx_word' id='word_1_326' title='bbox 1490 942 1567 975; x_wconf 85' lang='lat' dir='ltr'>locis</span> <span class='ocrx_word' id='word_1_327' title='bbox 1583 943 1804 975; x_wconf 82' lang='lat' dir='ltr'>ecclesiasticis</span> 
     </span>
     <span class='ocr_line' id='line_1_72' title="bbox 1053 996 1802 1038; baseline -0.001 -9"><span class='ocrx_word' id='word_1_328' title='bbox 1053 997 1272 1030; x_wconf 87' lang='lat' dir='ltr'>saecularibus</span> <span class='ocrx_word' id='word_1_329' title='bbox 1291 997 1338 1029; x_wconf 72' lang='lat' dir='ltr'>vel</span> <span class='ocrx_word' id='word_1_330' title='bbox 1360 996 1453 1029; x_wconf 88' lang='lat' dir='ltr'>etiam</span> <span class='ocrx_word' id='word_1_331' title='bbox 1483 997 1685 1038; x_wconf 72' lang='lat' dir='ltr'>regulariluis</span> <span class='ocrx_word' id='word_1_332' title='bbox 1714 1008 1802 1029; x_wconf 64' lang='lat' dir='ltr'>eom-</span> 
     </span>
     <span class='ocr_line' id='line_1_73' title="bbox 1054 1049 1801 1094; baseline -0.003 -11"><span class='ocrx_word' id='word_1_333' title='bbox 1054 1050 1222 1091; x_wconf 86' lang='lat' dir='ltr'>mendatis,</span> <span class='ocrx_word' id='word_1_334' title='bbox 1246 1050 1341 1083; x_wconf 88' lang='lat' dir='ltr'>etiam</span> <span class='ocrx_word' id='word_1_335' title='bbox 1362 1049 1454 1083; x_wconf 89' lang='lat' dir='ltr'>nobis</span> <span class='ocrx_word' id='word_1_336' title='bbox 1470 1055 1497 1082; x_wconf 86' lang='lat' dir='ltr'>et</span> <span class='ocrx_word' id='word_1_337' title='bbox 1514 1050 1714 1094; x_wconf 77' lang='lat' dir='ltr'>Apostolicae</span> <span class='ocrx_word' id='word_1_338' title='bbox 1731 1050 1801 1083; x_wconf 75' lang='lat' dir='ltr'>Sedi</span> 
     </span>
     <span class='ocr_line' id='line_1_74' title="bbox 1052 1103 1803 1144; baseline -0.003 -7"><span class='ocrx_word' id='word_1_339' title='bbox 1052 1104 1235 1137; x_wconf 86' lang='lat' dir='ltr'>immediate</span> <span class='ocrx_word' id='word_1_340' title='bbox 1266 1103 1432 1144; x_wconf 87' lang='lat' dir='ltr'>subiectis,</span> <span class='ocrx_word' id='word_1_341' title='bbox 1460 1103 1556 1136; x_wconf 88' lang='lat' dir='ltr'>etiam</span> <span class='ocrx_word' id='word_1_342' title='bbox 1574 1104 1695 1136; x_wconf 83' lang='lat' dir='ltr'>nultius</span> <span class='ocrx_word' id='word_1_343' title='bbox 1715 1104 1803 1137; x_wconf 72' lang='lat' dir='ltr'>dioe-</span> 
     </span>
     <span class='ocr_line' id='line_1_75' title="bbox 1053 1157 1803 1202; baseline -0.004 -10"><span class='ocrx_word' id='word_1_344' title='bbox 1053 1159 1144 1199; x_wconf 85' lang='lat' dir='ltr'>cesis,</span> <span class='ocrx_word' id='word_1_345' title='bbox 1157 1164 1212 1192; x_wconf 87' lang='lat' dir='ltr'>aut</span> <span class='ocrx_word' id='word_1_346' title='bbox 1231 1159 1309 1192; x_wconf 86' lang='lat' dir='ltr'>alias</span> <span class='ocrx_word' id='word_1_347' title='bbox 1320 1157 1627 1202; x_wconf 86' lang='lat' dir='ltr'>quomodocumque</span> <span class='ocrx_word' id='word_1_348' title='bbox 1640 1158 1803 1201; x_wconf 77' lang='lat' dir='ltr'>exemptis,</span> 
     </span>
     <span class='ocr_line' id='line_1_76' title="bbox 1052 1211 1804 1256; baseline -0.001 -12"><span class='ocrx_word' id='word_1_349' title='bbox 1052 1212 1085 1245; x_wconf 89' lang='lat' dir='ltr'>in</span> <span class='ocrx_word' id='word_1_350' title='bbox 1101 1212 1246 1246; x_wconf 84' lang='lat' dir='ltr'>universa</span> <span class='ocrx_word' id='word_1_351' title='bbox 1268 1211 1431 1256; x_wconf 85' lang='lat' dir='ltr'>provincia</span> <span class='ocrx_word' id='word_1_352' title='bbox 1460 1211 1623 1254; x_wconf 90' lang='lat' dir='ltr'>praedicta</span> <span class='ocrx_word' id='word_1_353' title='bbox 1653 1212 1804 1245; x_wconf 85' lang='lat' dir='ltr'>constitu-</span> 
     </span>
     <span class='ocr_line' id='line_1_77' title="bbox 1053 1266 1803 1310; baseline -0.001 -11"><span class='ocrx_word' id='word_1_354' title='bbox 1053 1267 1103 1307; x_wconf 86' lang='lat' dir='ltr'>tis,</span> <span class='ocrx_word' id='word_1_355' title='bbox 1126 1278 1163 1300; x_wconf 87' lang='lat' dir='ltr'>ae</span> <span class='ocrx_word' id='word_1_356' title='bbox 1183 1277 1240 1310; x_wconf 89' lang='lat' dir='ltr'>per</span> <span class='ocrx_word' id='word_1_357' title='bbox 1263 1276 1488 1310; x_wconf 83' lang='lat' dir='ltr'>quoscumque</span> <span class='ocrx_word' id='word_1_358' title='bbox 1509 1276 1620 1298; x_wconf 88' lang='lat' dir='ltr'>corum</span> <span class='ocrx_word' id='word_1_359' title='bbox 1653 1266 1803 1299; x_wconf 81' lang='lat' dir='ltr'>ecclesia—</span> 
     </span>
     <span class='ocr_line' id='line_1_78' title="bbox 1052 1319 1804 1364; baseline -0.001 -11"><span class='ocrx_word' id='word_1_360' title='bbox 1052 1331 1125 1353; x_wconf 90' lang='lat' dir='ltr'>rum</span> <span class='ocrx_word' id='word_1_361' title='bbox 1146 1326 1173 1353; x_wconf 91' lang='lat' dir='ltr'>et</span> <span class='ocrx_word' id='word_1_362' title='bbox 1196 1321 1343 1353; x_wconf 82' lang='lat' dir='ltr'>locorum</span> <span class='ocrx_word' id='word_1_363' title='bbox 1365 1320 1536 1364; x_wconf 86' lang='lat' dir='ltr'>praelatos,</span> <span class='ocrx_word' id='word_1_364' title='bbox 1560 1319 1698 1360; x_wconf 84' lang='lat' dir='ltr'>abbates,</span> <span class='ocrx_word' id='word_1_365' title='bbox 1720 1321 1804 1364; x_wconf 87' lang='lat' dir='ltr'>prio-</span> 
     </span>
     <span class='ocr_line' id='line_1_79' title="bbox 1052 1373 1802 1418; baseline -0.001 -11"><span class='ocrx_word' id='word_1_366' title='bbox 1052 1385 1114 1410; x_wconf 70' lang='lat' dir='ltr'>res,</span> <span class='ocrx_word' id='word_1_367' title='bbox 1133 1375 1343 1418; x_wconf 87' lang='lat' dir='ltr'>praepositos,</span> <span class='ocrx_word' id='word_1_368' title='bbox 1366 1379 1518 1414; x_wconf 79' lang='lat' dir='ltr'>rectores,</span> <span class='ocrx_word' id='word_1_369' title='bbox 1537 1373 1802 1417; x_wconf 78' lang='lat' dir='ltr'>supe1·iores,mi-</span> 
     </span>
     <span class='ocr_line' id='line_1_80' title="bbox 1053 1427 1803 1473; baseline -0.001 -12"><span class='ocrx_word' id='word_1_370' title='bbox 1053 1429 1182 1468; x_wconf 89' lang='lat' dir='ltr'>nistros,</span> <span class='ocrx_word' id='word_1_371' title='bbox 1215 1428 1366 1473; x_wconf 85' lang='lat' dir='ltr'>capitula,</span> <span class='ocrx_word' id='word_1_372' title='bbox 1401 1427 1572 1460; x_wconf 82' lang='lat' dir='ltr'>canonicos</span> <span class='ocrx_word' id='word_1_373' title='bbox 1600 1434 1626 1460; x_wconf 91' lang='lat' dir='ltr'>et</span> <span class='ocrx_word' id='word_1_374' title='bbox 1651 1439 1803 1472; x_wconf 65' lang='lat' dir='ltr'>personas</span> 
     </span>
     <span class='ocr_line' id='line_1_81' title="bbox 1054 1482 1800 1523; baseline -0.003 -7"><span class='ocrx_word' id='word_1_375' title='bbox 1054 1484 1253 1523; x_wconf 84' lang='lat' dir='ltr'>saeculares,</span> <span class='ocrx_word' id='word_1_376' title='bbox 1281 1488 1335 1515; x_wconf 87' lang='lat' dir='ltr'>aut</span> <span class='ocrx_word' id='word_1_377' title='bbox 1370 1482 1421 1514; x_wconf 90' lang='lat' dir='ltr'>illa</span> <span class='ocrx_word' id='word_1_378' title='bbox 1454 1492 1489 1514; x_wconf 82' lang='lat' dir='ltr'>ex</span> <span class='ocrx_word' id='word_1_379' title='bbox 1525 1482 1730 1515; x_wconf 69' lang='lat' dir='ltr'>concessione</span> <span class='ocrx_word' id='word_1_380' title='bbox 1757 1483 1800 1514; x_wconf 75' lang='lat' dir='ltr'>rel</span> 
     </span>
     <span class='ocr_line' id='line_1_82' title="bbox 1052 1535 1802 1581; baseline -0.001 -12"><span class='ocrx_word' id='word_1_381' title='bbox 1052 1536 1288 1581; x_wconf 83' lang='lat' dir='ltr'>dispensatione</span> <span class='ocrx_word' id='word_1_382' title='bbox 1308 1535 1482 1579; x_wconf 82' lang='lat' dir='ltr'>apostolica</span> <span class='ocrx_word' id='word_1_383' title='bbox 1516 1536 1546 1567; x_wconf 90' lang='lat' dir='ltr'>in</span> <span class='ocrx_word' id='word_1_384' title='bbox 1579 1536 1802 1569; x_wconf 84' lang='lat' dir='ltr'>commendam</span> 
     </span>
     <span class='ocr_line' id='line_1_83' title="bbox 1052 1590 1801 1625; baseline -0.003 -1"><span class='ocrx_word' id='word_1_385' title='bbox 1052 1597 1104 1624; x_wconf 88' lang='lat' dir='ltr'>aut</span> <span class='ocrx_word' id='word_1_386' title='bbox 1127 1590 1434 1624; x_wconf 85' lang='lat' dir='ltr'>administrationem</span> <span class='ocrx_word' id='word_1_387' title='bbox 1460 1590 1653 1625; x_wconf 72' lang='lat' dir='ltr'>obtinentes,</span> <span class='ocrx_word' id='word_1_388' title='bbox 1680 1590 1801 1624; x_wconf 85' lang='lat' dir='ltr'>etiamsi</span> 
     </span>
     <span class='ocr_line' id='line_1_84' title="bbox 1051 1644 1801 1688; baseline -0.001 -10"><span class='ocrx_word' id='word_1_389' title='bbox 1051 1646 1152 1679; x_wconf 89' lang='lat' dir='ltr'>dictae</span> <span class='ocrx_word' id='word_1_390' title='bbox 1182 1646 1272 1679; x_wconf 84' lang='lat' dir='ltr'>Sedis</span> <span class='ocrx_word' id='word_1_391' title='bbox 1307 1645 1446 1685; x_wconf 90' lang='lat' dir='ltr'>notarii,</span> <span class='ocrx_word' id='word_1_392' title='bbox 1473 1644 1596 1681; x_wconf 71' lang='lat' dir='ltr'>acoliti,</span> <span class='ocrx_word' id='word_1_393' title='bbox 1625 1646 1801 1688; x_wconf 79' lang='lat' dir='ltr'>cappellani</span> 
     </span>
     <span class='ocr_line' id='line_1_85' title="bbox 1054 1698 1801 1737; baseline -0.003 -4"><span class='ocrx_word' id='word_1_394' title='bbox 1054 1712 1089 1733; x_wconf 85' lang='lat' dir='ltr'>ac</span> <span class='ocrx_word' id='word_1_395' title='bbox 1111 1701 1273 1733; x_wconf 84' lang='lat' dir='ltr'>Romanae</span> <span class='ocrx_word' id='word_1_396' title='bbox 1284 1699 1398 1732; x_wconf 89' lang='lat' dir='ltr'>Curiae</span> <span class='ocrx_word' id='word_1_397' title='bbox 1410 1698 1574 1737; x_wconf 79' lang='lat' dir='ltr'>officiales,</span> <span class='ocrx_word' id='word_1_398' title='bbox 1593 1699 1688 1731; x_wconf 88' lang='lat' dir='ltr'>ctiam</span> <span class='ocrx_word' id='word_1_399' title='bbox 1700 1699 1801 1731; x_wconf 83' lang='lat' dir='ltr'>officia</span> 
     </span>
     <span class='ocr_line' id='line_1_86' title="bbox 1053 1752 1802 1794; baseline -0.004 -7"><span class='ocrx_word' id='word_1_400' title='bbox 1053 1765 1110 1787; x_wconf 88' lang='lat' dir='ltr'>sua</span> <span class='ocrx_word' id='word_1_401' title='bbox 1120 1760 1193 1787; x_wconf 88' lang='lat' dir='ltr'>actu</span> <span class='ocrx_word' id='word_1_402' title='bbox 1215 1758 1410 1794; x_wconf 82' lang='lat' dir='ltr'>exercentes,</span> <span class='ocrx_word' id='word_1_403' title='bbox 1432 1752 1526 1785; x_wconf 89' lang='lat' dir='ltr'>etiam</span> <span class='ocrx_word' id='word_1_404' title='bbox 1548 1752 1720 1785; x_wconf 85' lang='lat' dir='ltr'>familiares</span> <span class='ocrx_word' id='word_1_405' title='bbox 1744 1763 1802 1785; x_wconf 92' lang='lat' dir='ltr'>no-</span> 
     </span>
     <span class='ocr_line' id='line_1_87' title="bbox 1053 1806 1803 1847; baseline -0.003 -6"><span class='ocrx_word' id='word_1_406' title='bbox 1053 1808 1107 1841; x_wconf 87' lang='lat' dir='ltr'>stri</span> <span class='ocrx_word' id='word_1_407' title='bbox 1129 1814 1158 1841; x_wconf 86' lang='lat' dir='ltr'>et</span> <span class='ocrx_word' id='word_1_408' title='bbox 1179 1807 1323 1841; x_wconf 90' lang='lat' dir='ltr'>continui</span> <span class='ocrx_word' id='word_1_409' title='bbox 1340 1807 1585 1847; x_wconf 83' lang='lat' dir='ltr'>commensales,</span> <span class='ocrx_word' id='word_1_410' title='bbox 1613 1806 1707 1839; x_wconf 88' lang='lat' dir='ltr'>etiam</span> <span class='ocrx_word' id='word_1_411' title='bbox 1732 1817 1803 1839; x_wconf 75' lang='lat' dir='ltr'>rere</span> 
     </span>
     <span class='ocr_line' id='line_1_88' title="bbox 1053 1860 1803 1905; baseline -0.004 -10"><span class='ocrx_word' id='word_1_412' title='bbox 1053 1868 1082 1895; x_wconf 88' lang='lat' dir='ltr'>et</span> <span class='ocrx_word' id='word_1_413' title='bbox 1106 1862 1229 1905; x_wconf 87' lang='lat' dir='ltr'>antiqui</span> <span class='ocrx_word' id='word_1_414' title='bbox 1247 1867 1299 1894; x_wconf 87' lang='lat' dir='ltr'>aut</span> <span class='ocrx_word' id='word_1_415' title='bbox 1316 1861 1393 1894; x_wconf 87' lang='lat' dir='ltr'>alias</span> <span class='ocrx_word' id='word_1_416' title='bbox 1409 1861 1442 1893; x_wconf 91' lang='lat' dir='ltr'>in</span> <span class='ocrx_word' id='word_1_417' title='bbox 1462 1860 1578 1893; x_wconf 90' lang='lat' dir='ltr'>nostris</span> <span class='ocrx_word' id='word_1_418' title='bbox 1598 1870 1654 1893; x_wconf 86' lang='lat' dir='ltr'>seu</span> <span class='ocrx_word' id='word_1_419' title='bbox 1674 1871 1803 1893; x_wconf 69' lang='lat' dir='ltr'>venera-</span> 
     </span>
     <span class='ocr_line' id='line_1_89' title="bbox 1053 1913 1804 1949; baseline -0.003 -1"><span class='ocrx_word' id='word_1_420' title='bbox 1053 1916 1167 1949; x_wconf 89' lang='lat' dir='ltr'>bilium</span> <span class='ocrx_word' id='word_1_421' title='bbox 1189 1916 1323 1948; x_wconf 82' lang='lat' dir='ltr'>fratrum</span> <span class='ocrx_word' id='word_1_422' title='bbox 1344 1920 1529 1948; x_wconf 89' lang='lat' dir='ltr'>nostrorum</span> <span class='ocrx_word' id='word_1_423' title='bbox 1550 1913 1581 1947; x_wconf 80' lang='lat' dir='ltr'>S.</span> <span class='ocrx_word' id='word_1_424' title='bbox 1595 1914 1630 1946; x_wconf 74' lang='lat' dir='ltr'>P..</span> <span class='ocrx_word' id='word_1_425' title='bbox 1651 1914 1684 1946; x_wconf 76' lang='lat' dir='ltr'>E.</span> <span class='ocrx_word' id='word_1_426' title='bbox 1704 1914 1804 1947; x_wconf 90' lang='lat' dir='ltr'>cardi-</span> 
     </span>
     <span class='ocr_line' id='line_1_90' title="bbox 1054 1968 1804 2014; baseline -0.005 -11"><span class='ocrx_word' id='word_1_427' title='bbox 1054 1970 1176 2003; x_wconf 88' lang='lat' dir='ltr'>nalium</span> <span class='ocrx_word' id='word_1_428' title='bbox 1197 1975 1227 2004; x_wconf 89' lang='lat' dir='ltr'>et</span> <span class='ocrx_word' id='word_1_429' title='bbox 1247 1970 1430 2014; x_wconf 87' lang='lat' dir='ltr'>praedictae</span> <span class='ocrx_word' id='word_1_430' title='bbox 1451 1969 1540 2002; x_wconf 80' lang='lat' dir='ltr'>Sedis</span> <span class='ocrx_word' id='word_1_431' title='bbox 1555 1968 1689 2001; x_wconf 78' lang='lat' dir='ltr'>servitiis</span> <span class='ocrx_word' id='word_1_432' title='bbox 1710 1974 1737 2001; x_wconf 86' lang='lat' dir='ltr'>et</span> <span class='ocrx_word' id='word_1_433' title='bbox 1753 1968 1804 2000; x_wconf 68' lang='lat' dir='ltr'>ol»</span> 
     </span>
     <span class='ocr_line' id='line_1_91' title="bbox 1053 2024 1802 2068; baseline -0.005 -11"><span class='ocrx_word' id='word_1_434' title='bbox 1053 2024 1171 2068; x_wconf 87' lang='lat' dir='ltr'>sequiis</span> <span class='ocrx_word' id='word_1_435' title='bbox 1204 2024 1385 2057; x_wconf 80' lang='lat' dir='ltr'>insistentes</span> <span class='ocrx_word' id='word_1_436' title='bbox 1406 2024 1552 2063; x_wconf 79' lang='lat' dir='ltr'>existant,</span> <span class='ocrx_word' id='word_1_437' title='bbox 1579 2034 1658 2065; x_wconf 73' lang='lat' dir='ltr'>quo:-</span> <span class='ocrx_word' id='word_1_438' title='bbox 1680 2033 1802 2057; x_wconf 67' lang='lat' dir='ltr'>omues,</span> 
     </span>
     <span class='ocr_line' id='line_1_92' title="bbox 1053 2078 1804 2120; baseline -0.001 -10"><span class='ocrx_word' id='word_1_439' title='bbox 1053 2078 1174 2111; x_wconf 89' lang='lat' dir='ltr'>ratione</span> <span class='ocrx_word' id='word_1_440' title='bbox 1185 2078 1418 2112; x_wconf 79' lang='lat' dir='ltr'>beneficiorum</span> <span class='ocrx_word' id='word_1_441' title='bbox 1436 2087 1718 2120; x_wconf 80' lang='lat' dir='ltr'>quorumcumque</span> <span class='ocrx_word' id='word_1_442' title='bbox 1735 2087 1804 2119; x_wconf 74' lang='lat' dir='ltr'>per-</span> 
     </span>
     <span class='ocr_line' id='line_1_93' title="bbox 1051 2130 1802 2173; baseline -0.003 -9"><span class='ocrx_word' id='word_1_443' title='bbox 1051 2133 1192 2165; x_wconf 88' lang='lat' dir='ltr'>sonalem</span> <span class='ocrx_word' id='word_1_444' title='bbox 1206 2132 1409 2165; x_wconf 85' lang='lat' dir='ltr'>residentiam</span> <span class='ocrx_word' id='word_1_445' title='bbox 1426 2130 1671 2173; x_wconf 69' lang='lat' dir='ltr'>rerprirentium,</span> <span class='ocrx_word' id='word_1_446' title='bbox 1688 2130 1719 2161; x_wconf 94' lang='lat' dir='ltr'>in</span> <span class='ocrx_word' id='word_1_447' title='bbox 1736 2130 1802 2162; x_wconf 78' lang='lat' dir='ltr'>dic-</span> 
     </span>
     <span class='ocr_line' id='line_1_94' title="bbox 1050 2183 1803 2230; baseline -0.004 -12"><span class='ocrx_word' id='word_1_448' title='bbox 1050 2191 1080 2218; x_wconf 93' lang='lat' dir='ltr'>ta</span> <span class='ocrx_word' id='word_1_449' title='bbox 1102 2185 1264 2229; x_wconf 82' lang='lat' dir='ltr'>provincia</span> <span class='ocrx_word' id='word_1_450' title='bbox 1282 2197 1340 2230; x_wconf 86' lang='lat' dir='ltr'>per</span> <span class='ocrx_word' id='word_1_451' title='bbox 1352 2196 1406 2218; x_wconf 87' lang='lat' dir='ltr'>eos</span> <span class='ocrx_word' id='word_1_452' title='bbox 1430 2184 1669 2227; x_wconf 80' lang='lat' dir='ltr'>quomodolibet</span> <span class='ocrx_word' id='word_1_453' title='bbox 1693 2183 1803 2216; x_wconf 80' lang='lat' dir='ltr'>obten-</span> 
     </span>
     <span class='ocr_line' id='line_1_95' title="bbox 1051 2237 1801 2279; baseline -0.003 -8"><span class='ocrx_word' id='word_1_454' title='bbox 1051 2245 1156 2272; x_wconf 87' lang='lat' dir='ltr'>torum</span> <span class='ocrx_word' id='word_1_455' title='bbox 1185 2246 1215 2273; x_wconf 90' lang='lat' dir='ltr'>et</span> <span class='ocrx_word' id='word_1_456' title='bbox 1248 2239 1510 2279; x_wconf 80' lang='lat' dir='ltr'>obtinendoruin,</span> <span class='ocrx_word' id='word_1_457' title='bbox 1533 2239 1592 2270; x_wconf 76' lang='lat' dir='ltr'>suli</span> <span class='ocrx_word' id='word_1_458' title='bbox 1626 2237 1801 2277; x_wconf 83' lang='lat' dir='ltr'>sententiis,</span> 
     </span>
     <span class='ocr_line' id='line_1_96' title="bbox 1050 2290 1800 2337; baseline -0.005 -12"><span class='ocrx_word' id='word_1_459' title='bbox 1050 2293 1194 2326; x_wconf 86' lang='lat' dir='ltr'>censuris</span> <span class='ocrx_word' id='word_1_460' title='bbox 1214 2299 1241 2326; x_wconf 87' lang='lat' dir='ltr'>et</span> <span class='ocrx_word' id='word_1_461' title='bbox 1265 2292 1376 2337; x_wconf 84' lang='lat' dir='ltr'>poenis</span> <span class='ocrx_word' id='word_1_462' title='bbox 1396 2304 1413 2325; x_wconf 92' lang='lat' dir='ltr'>a</span> <span class='ocrx_word' id='word_1_463' title='bbox 1439 2291 1576 2324; x_wconf 82' lang='lat' dir='ltr'>concilio</span> <span class='ocrx_word' id='word_1_464' title='bbox 1603 2290 1800 2327; x_wconf 79' lang='lat' dir='ltr'>Tridentino,</span> 
     </span>
     <span class='ocr_line' id='line_1_97' title="bbox 1050 2346 1799 2391; baseline -0.001 -12"><span class='ocrx_word' id='word_1_465' title='bbox 1050 2347 1185 2391; x_wconf 85' lang='lat' dir='ltr'>aliisque</span> <span class='ocrx_word' id='word_1_466' title='bbox 1206 2347 1304 2381; x_wconf 80' lang='lat' dir='ltr'>sacris</span> <span class='ocrx_word' id='word_1_467' title='bbox 1325 2346 1505 2380; x_wconf 79' lang='lat' dir='ltr'>canonibus</span> <span class='ocrx_word' id='word_1_468' title='bbox 1525 2351 1636 2378; x_wconf 77' lang='lat' dir='ltr'>eontra</span> <span class='ocrx_word' id='word_1_469' title='bbox 1657 2356 1720 2378; x_wconf 90' lang='lat' dir='ltr'>non</span> <span class='ocrx_word' id='word_1_470' title='bbox 1751 2356 1799 2378; x_wconf 83' lang='lat' dir='ltr'>re-</span> 
     </span>
     <span class='ocr_line' id='line_1_98' title="bbox 1052 2399 1800 2444; baseline -0.004 -11"><span class='ocrx_word' id='word_1_471' title='bbox 1052 2400 1190 2434; x_wconf 86' lang='lat' dir='ltr'>sidentes</span> <span class='ocrx_word' id='word_1_472' title='bbox 1211 2401 1281 2434; x_wconf 88' lang='lat' dir='ltr'>latis</span> <span class='ocrx_word' id='word_1_473' title='bbox 1307 2406 1336 2434; x_wconf 90' lang='lat' dir='ltr'>ct</span> <span class='ocrx_word' id='word_1_474' title='bbox 1357 2400 1525 2444; x_wconf 78' lang='lat' dir='ltr'>impositis,</span> <span class='ocrx_word' id='word_1_475' title='bbox 1544 2399 1581 2431; x_wconf 93' lang='lat' dir='ltr'>ad</span> <span class='ocrx_word' id='word_1_476' title='bbox 1599 2399 1800 2443; x_wconf 84' lang='lat' dir='ltr'>personalem</span> 
     </span>
     <span class='ocr_line' id='line_1_99' title="bbox 1050 2452 1801 2498; baseline -0.004 -12"><span class='ocrx_word' id='word_1_477' title='bbox 1050 2455 1253 2488; x_wconf 82' lang='lat' dir='ltr'>residentiam</span> <span class='ocrx_word' id='word_1_478' title='bbox 1288 2454 1429 2487; x_wconf 87' lang='lat' dir='ltr'>districte</span> <span class='ocrx_word' id='word_1_479' title='bbox 1450 2465 1508 2498; x_wconf 76' lang='lat' dir='ltr'>per</span> <span class='ocrx_word' id='word_1_480' title='bbox 1537 2453 1684 2485; x_wconf 81' lang='lat' dir='ltr'>locorum</span> <span class='ocrx_word' id='word_1_481' title='bbox 1717 2452 1801 2485; x_wconf 88' lang='lat' dir='ltr'>ordi-</span> 
     </span>
     <span class='ocr_line' id='line_1_100' title="bbox 1050 2502 1800 2547; baseline -0.001 -12"><span class='ocrx_word' id='word_1_482' title='bbox 1050 2503 1156 2537; x_wconf 89' lang='lat' dir='ltr'>narios</span> <span class='ocrx_word' id='word_1_483' title='bbox 1175 2516 1230 2537; x_wconf 89' lang='lat' dir='ltr'>seu</span> <span class='ocrx_word' id='word_1_484' title='bbox 1253 2514 1365 2537; x_wconf 88' lang='lat' dir='ltr'>eorum</span> <span class='ocrx_word' id='word_1_485' title='bbox 1382 2503 1413 2535; x_wconf 88' lang='lat' dir='ltr'>in</span> <span class='ocrx_word' id='word_1_486' title='bbox 1429 2502 1652 2547; x_wconf 84' lang='lat' dir='ltr'>spiritualibus</span> <span class='ocrx_word' id='word_1_487' title='bbox 1666 2502 1800 2535; x_wconf 72' lang='lat' dir='ltr'>vicarios</span> 
     </span>
     <span class='ocr_line' id='line_1_101' title="bbox 1049 2551 1799 2596; baseline -0.003 -11"><span class='ocrx_word' id='word_1_488' title='bbox 1049 2554 1214 2595; x_wconf 76' lang='lat' dir='ltr'>generales</span> <span class='ocrx_word' id='word_1_489' title='bbox 1234 2554 1335 2587; x_wconf 77' lang='lat' dir='ltr'>dictae</span> <span class='ocrx_word' id='word_1_490' title='bbox 1349 2552 1543 2596; x_wconf 66' lang='lat' dir='ltr'>&#39;prminciae</span> <span class='ocrx_word' id='word_1_491' title='bbox 1570 2551 1639 2595; x_wconf 74' lang='lat' dir='ltr'>cogi</span> <span class='ocrx_word' id='word_1_492' title='bbox 1660 2557 1686 2584; x_wconf 89' lang='lat' dir='ltr'>et</span> <span class='ocrx_word' id='word_1_493' title='bbox 1711 2562 1799 2583; x_wconf 89' lang='lat' dir='ltr'>com-</span> 
     </span>
     <span class='ocr_line' id='line_1_102' title="bbox 1051 2601 1798 2645; baseline -0.005 -12"><span class='ocrx_word' id='word_1_494' title='bbox 1051 2603 1124 2645; x_wconf 81' lang='lat' dir='ltr'>pelli</span> <span class='ocrx_word' id='word_1_495' title='bbox 1146 2603 1306 2639; x_wconf 70' lang='lat' dir='ltr'>volumus:</span> <span class='ocrx_word' id='word_1_496' title='bbox 1330 2614 1386 2634; x_wconf 68' lang='lat' dir='ltr'>nec</span> <span class='ocrx_word' id='word_1_497' title='bbox 1409 2602 1454 2634; x_wconf 75' lang='lat' dir='ltr'>eis</span> <span class='ocrx_word' id='word_1_498' title='bbox 1475 2601 1734 2633; x_wconf 76' lang='lat' dir='ltr'>constitutionem</span> <span class='ocrx_word' id='word_1_499' title='bbox 1759 2602 1798 2631; x_wconf 73' lang='lat' dir='ltr'>n·-</span> 
     </span>
     <span class='ocr_line' id='line_1_103' title="bbox 1049 2651 1797 2694; baseline -0.003 -12"><span class='ocrx_word' id='word_1_500' title='bbox 1049 2651 1117 2684; x_wconf 77' lang='lat' dir='ltr'>licis</span> <span class='ocrx_word' id='word_1_501' title='bbox 1151 2651 1380 2685; x_wconf 63' lang='lat' dir='ltr'>recordationis·</span> <span class='ocrx_word' id='word_1_502' title='bbox 1399 2651 1532 2694; x_wconf 73' lang='lat' dir='ltr'>Eugenii</span> <span class='ocrx_word' id='word_1_503' title='bbox 1553 2651 1611 2683; x_wconf 79' lang='lat' dir='ltr'>PP.</span> <span class='ocrx_word' id='word_1_504' title='bbox 1636 2651 1683 2690; x_wconf 67' lang='grc' dir='ltr'>Π,</span> <span class='ocrx_word' id='word_1_505' title='bbox 1706 2661 1797 2693; x_wconf 71' lang='lat' dir='ltr'>prac-</span> 
     </span>
     <span class='ocr_line' id='line_1_104' title="bbox 1049 2699 1796 2737; baseline -0.004 -5"><span class='ocrx_word' id='word_1_506' title='bbox 1049 2700 1225 2735; x_wconf 84' lang='lat' dir='ltr'>dccessoris</span> <span class='ocrx_word' id='word_1_507' title='bbox 1246 2701 1357 2737; x_wconf 79' lang='lat' dir='ltr'>nostri,</span> <span class='ocrx_word' id='word_1_508' title='bbox 1390 2701 1420 2733; x_wconf 88' lang='lat' dir='ltr'>in</span> <span class='ocrx_word' id='word_1_509' title='bbox 1452 2702 1588 2733; x_wconf 70' lang='lat' dir='ltr'>savorem</span> <span class='ocrx_word' id='word_1_510' title='bbox 1628 2699 1796 2732; x_wconf 81' lang='lat' dir='ltr'>curialium</span> 
     </span>
    </p>
   </div>
   <div class='ocr_carea' id='block_1_9' title="bbox 1820 292 2002 320">
    <p class='ocr_par' dir='ltr' id='par_1_12' title="bbox 1820 292 2002 320">
     <span class='ocr_line' id='line_1_105' title="bbox 1820 292 2002 320; baseline 0.011 -2"><span class='ocrx_word' id='word_1_511' title='bbox 1820 292 1868 318; x_wconf 81' lang='lat' dir='ltr'>An.</span> <span class='ocrx_word' id='word_1_512' title='bbox 1887 293 1914 320; x_wconf 84' lang='lat' dir='ltr'>C.</span> <span class='ocrx_word' id='word_1_513' title='bbox 1936 292 2002 320; x_wconf 72' lang='lat'>1566</span> 
     </span>
    </p>
   </div>
  </div>
 </body>
</html>
