2237 3100
27 272 76 301 An.
92 271 120 299 C.
142 269 208 298 ¹563

61 2131 143 2153 Erectio
159 2130 216 2153 L'rbi-

34 2167 105 2185 nuten.
120 2164 216 2184 ccclesiae

36 2195 55 2216 in
71 2195 199 2221 metropolit.

887 270 954 294 PlL'S
978 269 1008 293 u·
1032 269 1080 292 PP.

1657 252 1722 287 253

223 329 254 358 et
273 310 321 357 ad*
339 334 435 368 quam
463 323 541 357 alias
561 334 725 367 regressus
745 334 801 357 seu
826 333 973 357 accessus
1017 319 1185 354 inferiores
1201 318 1279 352 inibi
1290 317 1458 361 dignitates
1469 316 1615 355 existant,
1627 326 1686 360 pro
1702 325 1766 348 uno

223 383 254 412 et
272 377 446 421 ingressus,
460 389 518 422 per
537 389 662 411 cessum
677 378 726 411 vel
747 378 912 411 decessum
925 378 972 410 di-

223 431 264 465 cti
292 431 405 465 Felicis
432 432 595 477 episcopi,
624 443 661 465 ac
681 432 787 465 forsan
808 432 839 464 in
870 438 973 465 certos

222 485 302 519 alios
330 491 407 519 tunc
428 496 594 529 expressos
614 491 754 522 eventus,
776 486 892 519 dilecto
905 485 972 518 filio

222 544 332 573 nostro
349 539 430 573 Iulio
451 540 482 573 S.
505 540 589 573 Petri
609 541 648 574 ad
668 539 813 581 Vincula,
836 541 973 573 diacono

223 594 377 627 cardinali
388 593 426 627 de
446 593 568 627 Urbino
580 600 779 637 nuncupato,
799 594 974 638 apostolica

222 647 412 682 auctoritate
441 658 613 681 concessus
634 647 754 689 extitit,
785 648 868 681 inter
897 648 974 681 alias

222 702 350 739 illarum
364 701 502 745 partium
524 703 723 736 cathedrales
739 703 889 736 ecclesias
901 702 975 735 insi-

222 767 317 801 gnem
345 766 381 789 ac
402 755 544 789 nobilem
557 783 564 795 ,
588 766 715 789 necnon
735 757 892 790 civitatem
913 756 973 789 du-

224 816 313 844 catus
332 809 426 843 titulo
463 811 732 854 egregiarumque
763 821 973 855 personarum

223 864 430 897 multitudine
464 864 600 905 celebri,
630 875 667 897 ac
702 865 779 897 cleri
808 871 839 898 et
863 864 974 908 populi

224 918 454 952 numerositate
474 918 670 959 decoratam,
688 929 723 951 ac
740 919 976 963 metropolitica

224 973 423 1018 praelatione
445 973 560 1006 merito
571 973 699 1016 dignam
711 974 855 1006 existere.
870 973 976 1012 Quod-

224 1038 287 1071 que
308 1027 333 1059 si
353 1027 489 1060 ecclesia
504 1027 573 1071 ipsa
582 1027 800 1060 Urbinatensis
811 1027 843 1060 in
856 1032 976 1060 metro-

225 1081 401 1126 politanam
411 1081 483 1115 etin
493 1093 530 1115 ea
549 1093 613 1115 una
633 1077 974 1125 archipfiesbyteratus,

226 1141 256 1169 et
271 1136 332 1169 alia
343 1135 530 1169 diaconatus
539 1136 551 1164 v1
561 1135 799 1179 nuncupandae
810 1135 978 1179 dignitates

226 1190 439 1233 eligerentur3
461 1200 589 1223 necnon
609 1188 792 1230 Calliensis,
823 1189 977 1232 Senogal-

226 1243 354 1284 liensis,
380 1233 596 1283 pisaurensis,
626 1242 975 1286 Forosemproniensis,

226 1296 466 1331 Feretranensis
474 1302 503 1330 et
514 1296 751 1339 Eugubinensis
767 1296 977 1330 ecclesiarum

226 1352 458 1395 praefatarum,
479 1362 515 1384 ac
536 1350 582 1383 illi
607 1362 666 1395 pro
692 1357 836 1395 tempore
856 1350 978 1395 praesi-

227 1404 372 1438 dentium
392 1405 611 1448 praelatorum
637 1415 763 1437 necnon
786 1404 978 1437 dilectorum

226 1457 370 1491 filiorum
382 1458 459 1491 cleri
481 1464 511 1491 et
530 1458 643 1502 populi
655 1458 817 1491 civitatum
839 1465 869 1492 et
894 1459 979 1491 dioe-

227 1522 337 1545 cesum
359 1512 546 1545 earumdem
563 1512 846 1546 commoditatibus
866 1518 895 1546 et
920 1512 980 1545 uti-

227 1565 370 1599 litatibus
390 1565 569 1609 plurimum
589 1566 827 1607 consuleretur,
842 1578 878 1599 cx
889 1567 980 1599 hiset

227 1618 392 1652 nonnullis
420 1618 665 1652 rationabilibus
689 1620 814 1661 causis,
837 1622 980 1665 praefato

228 1671 308 1706 Iulio
342 1673 518 1713 cardinali,
554 1673 609 1717 qui
641 1684 769 1707 mensae
805 1675 980 1719 episcopali

228 1726 330 1760 (lictae
356 1726 509 1760 ecclesiae
536 1726 769 1766 Urbinatensis,
787 1728 871 1760 ultra
896 1728 982 1761 illius

228 1781 352 1813 fructus
361 1791 497 1819 annuos,
508 1780 682 1824 quingenta
691 1780 717 1817 ²2,
727 1787 755 1814 et
763 1782 982 1827 archipresby-

228 1834 342 1866 teratui
364 1839 504 1875 centum,
521 1839 551 1867 et
571 1835 739 1868 decanatui
752 1836 902 1879 praefatis
921 1836 981 1869 alia

229 1893 358 1921 centum
380 1894 482 1929 scuta,
505 1900 542 1921 ex
561 1889 655 1921 bonis
675 1889 982 1932 suispatrimoniali-

228 1936 300 1977 bus,
310 1947 368 1980 pro
384 1937 514 1970 illarum
530 1938 615 1977 dote,
634 1937 799 1970 annuatim
815 1938 941 1971 donavit
953 1944 981 1971 et

229 1986 407 2029 assignavit,
425 1988 486 2020 boc
502 1998 708 2031 summopere
719 1987 933 2028 desiderante,
946 1999 982 2021 ac

229 2035 322 2068 nobis
342 2036 482 2080 desuper
502 2036 715 2080 supplicante.

274 2084 289 2127 ξ
309 2084 340 2118 2.
364 2085 478 2118 Habita
498 2096 596 2130 super
616 2086 665 2118 his
695 2097 769 2118 cum
790 2086 982 2119 venerabili-

230 2133 291 2166 bus
301 2134 453 2168 sratribus
468 2135 585 2168 nostris
601 2135 831 2168 deliberatione
843 2141 981 2176 matura,

231 2184 270 2216 ad
290 2183 519 2227 omnipotentis
538 2183 593 2216 Dei
613 2184 741 2217 laudem
763 2190 792 2217 et
811 2184 981 2224 honorem,

231 2243 358 2266 necnon
375 2233 645 2267 totiusmilitantis
660 2233 820 2267 Ecclesiae
832 2234 981 2277 gloriam,

232 2283 406 2326 praefatam
428 2282 594 2316 ecclesiam
614 2282 857 2316 Urbinatenscm
876 2283 907 2315 in
920 2295 984 2317 mc-

231 2332 543 2375 tropolitanamcum
565 2331 832 2376 archiepiscopali
853 2332 985 2376 dignita-

233 2384 262 2412 te
282 2391 319 2414 ac
347 2381 533 2414 omnimoda
550 2381 770 2414 iurisdictione
791 2386 818 2414 et
840 2382 985 2425 superio-

233 2430 344 2471 ritate,
366 2442 493 2464 necnon
520 2430 608 2475 pallii
633 2436 661 2463 et
684 2430 790 2463 crucis
811 2431 981 2471 delatione,

233 2489 270 2512 ac
289 2479 359 2513 aliis
380 2479 626 2524 metropoliticis
640 2479 795 2522 insigniis,
810 2491 935 2513 necnon
953 2480 984 2512 in

234 2538 270 2560 ea
290 2539 392 2562 unum
412 2529 758 2573 archiprcsbyteratum
777 2540 836 2573 pro
856 2540 921 2563 uno
931 2540 984 2562 ar-

235 2577 486 2623 chipresbytero,
504 2590 540 2612 ac
560 2589 662 2611 unum
683 2578 886 2620 decanatum,
902 2590 984 2623 quae

271 2632 282 2658 ¹
305 2633 466 2664 Decawitus,
486 2632 630 2668 Ughellius.
670 2632 686 2658 2
706 2632 917 2665 Quinquaqinta,
944 2632 983 2659 U-

234 2671 344 2706 ghellius
363 2672 400 2707 (a.
423 2673 470 2707 r).

1016 375 1150 413 decano,
1173 373 1228 416 qui
1244 377 1316 416 post
1334 371 1542 416 praeposittiin
1556 369 1766 403 etsubdiaco-

1016 439 1106 468 num,
1119 439 1156 461 ac
1167 433 1240 461 ante
1249 437 1362 460 omnes
1374 425 1546 459 canonicos
1557 424 1701 458 eiusdem
1714 435 1766 457 ec-

1016 482 1121 515 clesiae
1142 481 1360 514 [rhinatensis
1380 481 1509 513 stallum
1530 480 1561 513 in
1583 480 1696 519 choro,
1719 480 1767 512 lo-

1016 546 1156 578 cumque
1168 546 1203 568 ac
1216 546 1326 568 vocem
1339 534 1370 567 in
1383 534 1525 577 capitulo
1542 534 1641 578 ipsius
1662 534 1766 566 eccle-

1016 589 1070 622 size
1082 589 1233 629 habeant,
1248 589 1285 621 de
1294 589 1438 632 ipsorum
1449 588 1583 622 fratrum
1595 587 1729 621 consilio
1739 592 1768 621 et

1017 642 1203 676 auctoritate
1216 642 1404 687 apostolica,
1418 647 1528 675 tenore
1538 641 1768 686 praesentium,

1017 703 1173 740 perpetuo
1194 696 1349 739 erigimus
1369 702 1397 730 et
1418 696 1625 729 instituimus.

1063 750 1077 792 ἓ
1107 749 1137 783 3.
1170 750 1212 782 Αο
1243 750 1346 783 eidem
1377 750 1530 784 ecclesiae
1565 750 1768 784 Urbinatensi

1017 803 1219 844 Galliensem,
1233 804 1479 847 Senogalliens,
1502 803 1699 844 Pisaurens„
1712 803 1769 837 Fo-

1018 857 1290 900 rosemproniens.
1307 885 1314 898 ,
1351 858 1573 892 Feretranens.
1588 885 1595 897 ,
1626 859 1770 902 Eugubi-

1018 922 1107 944 nens.
1143 910 1283 944 civitates
1302 917 1333 945 et
1353 912 1528 951 dioeceses,
1546 923 1620 946 cum
1642 912 1770 946 illarum

1018 964 1165 997 districtu
1187 969 1216 997 et
1236 965 1410 1004 territorio,
1426 976 1484 1009 pro
1505 965 1573 999 eius
1594 966 1769 1009 provincia:

1018 1029 1054 1051 ac
1076 1018 1239 1061 praesules
1260 1029 1318 1061 pro
1338 1024 1484 1062 tempore
1505 1019 1686 1061 existentes,
1713 1031 1771 1064 pro

1019 1071 1084 1104 suis
1113 1071 1323 1114 suffraganeis
1343 1072 1523 1116 episcopis,
1544 1083 1670 1106 necnon
1691 1074 1772 1107 dile-

1020 1131 1087 1158 ctos
1103 1124 1186 1157 filios
1206 1125 1345 1168 capitula
1365 1125 1509 1170 ipsarum
1529 1126 1771 1169 Calliensis‚Se-

1020 1178 1234 1221 nogalliensis,
1247 1179 1458 1219 pisaurensis,
1470 1179 1773 1224 Forosempronien-

1021 1231 1074 1273 sis,
1094 1232 1344 1273 Feretranensis,
1364 1234 1600 1277 Eugubinensis
1621 1235 1772 1269 ecclesia-

1022 1296 1115 1326 rum,
1138 1297 1174 1319 ac
1196 1287 1319 1319 clerum
1348 1292 1378 1320 et
1406 1288 1565 1331 populum
1585 1287 1771 1330 Calliensis‚

1021 1339 1281 1381 Senogalliensis,
1305 1341 1515 1381 pisaurensis,
1542 1342 1773 1387 Forosernpro-

1021 1393 1405 1437 niensis,Eugubinensis,
1417 1395 1773 1429 Feretranensiscivita-

1022 1452 1089 1479 tum
1103 1453 1131 1480 et
1145 1448 1331 1481 dioecesum
1348 1459 1406 1493 pro
1423 1449 1488 1481 suis
1508 1449 1770 1493 provincialibus:

1021 1499 1210 1534 Galliensem
1230 1502 1395 1542 videlicet,
1419 1502 1651 1545 Senogallien.,
1667 1503 1775 1536 Pisau-

1023 1565 1090 1587 ren.
1106 1582 1113 1594 ,
1144 1555 1446 1599 Forosempronien.
1483 1562 1513 1589 et
1544 1556 1750 1590 Feretranen.
1767 1584 1774 1598 ,

1023 1619 1061 1641 ex
1077 1619 1163 1642 nunc
1183 1609 1415 1643 venerabilium
1433 1606 1567 1643 srat'rum
1589 1616 1773 1644 nostrorum

1023 1662 1198 1703 Calliensis,
1212 1663 1470 1707 Senogalliensis,
1488 1664 1698 1706 pisaurensis,
1717 1665 1774 1698 Fo-

1023 1717 1774 1763 rosemproniensisetFeretranensisepiscopo-

1025 1780 1095 1801 rum
1115 1770 1153 1802 ad
1170 1771 1229 1803 hoc
1246 1782 1396 1814 expresso
1411 1772 1585 1805 accedente
1601 1784 1772 1811 consensu.

1025 1823 1285 1865 Eugubinensem
1297 1836 1372 1858 vero
1384 1825 1536 1859 ecclesias
1551 1827 1721 1870 praefatas,
1740 1838 1777 1859 ex

1025 1887 1111 1909 nunc
1131 1883 1226 1921 prout
1244 1889 1281 1912 ex
1301 1884 1377 1912 tunc
1398 1885 1426 1912 et
1448 1890 1464 1912 e
1485 1885 1608 1920 contra,
1628 1891 1702 1913 curn
1723 1892 1776 1914 ve-

1025 1930 1176 1963 nerabilis
1209 1931 1316 1965 fratris
1342 1933 1443 1966 nostri
1473 1933 1605 1966 Mariani
1634 1934 1777 1979 episcopi

1025 1983 1186 2027 Eugubini
1198 1991 1225 2018 et
1236 1986 1302 2026 (cui
1311 1986 1388 2019 alias
1400 1997 1577 2030 regressus,
1589 1998 1737 2021 accessus
1748 1993 1778 2021 et

1026 2037 1187 2079 ingressus
1207 2039 1245 2072 ad
1268 2039 1370 2083 ipsam
1382 2040 1551 2073 ecclesiam
1573 2041 1778 2084 Eugubinen-

1025 2102 1104 2131 sem,
1118 2091 1150 2124 in
1166 2098 1270 2126 certos
1280 2098 1357 2126 tunc
1368 2104 1535 2137 expressos
1545 2100 1675 2128 eventus
1695 2095 1779 2128 dicta

1025 2145 1214 2179 auctoritate
1228 2157 1400 2180 concessus
1410 2147 1481 2190 suit)
1493 2148 1600 2181 dilecti
1610 2148 1667 2181 filii
1678 2149 1778 2182 nostri

1026 2198 1132 2231 iacobi
1162 2200 1193 2233 S.
1220 2201 1337 2234 Mariae
1357 2201 1390 2233 in
1410 2201 1579 2234 Cosmedin
1601 2202 1778 2246 presbyteri

1027 2252 1197 2287 cardinalis
1231 2255 1269 2288 de
1300 2255 1434 2288 Sabellis
1466 2257 1644 2300 nuncupati
1669 2267 1777 2290 acces-

1027 2307 1101 2339 serit
1113 2318 1273 2349 assensus,
1291 2309 1370 2342 alias
1385 2309 1486 2353 ipsius
1502 2310 1656 2344 ecclesiae
1673 2311 1778 2354 Eugu-

1026 2359 1167 2395 binensis
1176 2363 1338 2396 vacatione
1349 2374 1407 2407 pro
1417 2369 1563 2408 tempore
1572 2372 1775 2406 occurrente,

1026 2421 1184 2459 perpetuo
1205 2417 1414 2451 concedimus
1433 2422 1462 2450 et
1480 2417 1690 2461 assignamus.

1071 2469 1135 2511 gli.
1162 2471 1293 2504 Necnon
1320 2482 1448 2505 mensae
1473 2471 1649 2518 episcopali
1674 2475 1777 2508 eccle-

1027 2517 1090 2550 siae
1110 2519 1329 2553 Urbinatcnsis
1349 2520 1536 2554 huiusmodi
1552 2522 1736 2566 quingenta,
1749 2529 1777 2556 et

1026 2568 1352 2613 archipresb'yoeratui
1383 2576 1528 2611 centum,
1559 2578 1589 2604 et
1609 2573 1778 2606 decanatui

1027 2617 1177 2658 praefatis
1204 2618 1265 2651 alia
1294 2625 1424 2652 centum
1454 2613 1544 2653 scuta
1569 2631 1628 2664 per
1655 2621 1777 2655 dictum

1026 2665 1143 2699 Iulium
1163 2667 1372 2710 cardinalem,
1390 2674 1426 2702 ut
1443 2669 1637 2714 praefertur,
1659 2670 1776 2704 donata

1782 261 1830 287 An.
1849 260 1878 287 C.
1898 261 1964 288 1565

1810 755 1918 776 Ecclesiae
1926 754 1967 774 su(-

1783 791 1887 816 lraganeae
1903 791 1921 811 ei
1937 796 1970 810 as-

1785 825 1889 848 signatae.

1820 2478 1859 2498 Dus
1870 2476 1977 2499 ecclesia·

1793 2513 1812 2530 et
1829 2510 1920 2536 capituli.
