2237 3100
88 207 138 234 An⁴
155 206 185 233 C.
204 206 271 234 ¹560

111 584 177 606 Causa
191 586 268 607 eonsti-

85 616 180 638 tutionis.

80 1338 207 1360 clericorum
228 1339 263 1360 ho·

79 1375 118 1393 na.
141 1375 166 1390 οι
190 1369 264 1390 illicita

79 1401 221 1426 negotiatione
229 1400 262 1421 vel

78 1431 131 1450 alias
145 1433 219 1451 contra
229 1437 262 1451 sa·

77 1467 124 1482 cros
168 1467 261 1482 canones

78 1493 215 1519 acquisita,ad
226 1492 263 1513 Ca-

77 1529 155 1545 mertum
173 1524 263 1551 Aposto-

76 1555 141 1577 licam
156 1558 261 1583 spectant.

955 198 1022 222 PIUS
1046 198 1076 221 IV
1102 196 1137 218 ΓΡ
1143 212 1148 217 .

285 257 325 290 ab
345 254 507 299 aliquibus
523 252 684 297 usurpari,
697 258 752 285 aut
767 263 865 297 super
880 252 925 286 eis
940 251 1037 285 dubia

284 310 392 353 aliqua
412 308 489 342 oriri
514 307 693 350 contingat⁷
716 306 757 339 ita
778 311 905 340 nostrae
930 307 1036 340 decla·

284 362 416 397 rationis
450 361 592 395 remedio
627 360 870 404 provideamus,
899 361 986 404 quod
1019 372 1036 394 a

283 417 412 451 nemine
442 416 580 459 desuper
606 414 741 447 dubium
762 413 892 458 aliquod
921 414 1036 447 deduci

283 471 392 517 possit.

327 525 392 569 gl.
420 522 499 557 Cum
533 523 657 566 itaque,
688 522 771 555 sicut
804 521 1000 566 accepimus,
1019 533 1036 555 a

282 577 447 613 nonnullis
467 581 609 610 vertatur
639 575 670 608 in
704 574 839 608 dubium
867 586 906 608 an
932 586 982 608 res
1006 580 1036 608 et

281 633 367 667 bona
386 643 444 677 per
464 631 610 669 clericos,
629 629 725 663 etiam
746 629 777 662 in
798 629 896 662 sacris
917 629 1034 662 ordini-

282 688 342 721 bus
354 685 555 725 constitutos‚
570 695 607 718 ex
618 683 840 727 negociatione
856 682 967 715 illicita
981 688 1036 716 aut

282 741 359 774 alias
379 745 491 773 contra
512 749 619 772 sacros
639 747 779 771 canones
799 736 966 780 acquisita,
989 737 1034 769 uti

281 794 384 839 spolia
416 794 463 827 vel
497 792 574 825 alias
603 792 642 824 ad
671 791 837 825 Cameram
857 790 1034 834 praefatam

280 848 351 881 iure
383 846 526 890 legitimo
561 850 707 889 spectare
740 849 770 877 et
795 843 957 888 pertinere
978 844 1034 877 de-

279 902 393 942 beant,
416 911 490 939 nos,
520 910 631 933 omnes
655 899 792 942 desuper
817 897 1035 931 haesitationis

280 955 430 988 materias
449 955 651 992 submovere,
669 963 705 985 ac
726 950 983 985 cavillationibus
1004 956 1035 985 et

280 1007 543 1042 altercationibus
575 1018 611 1039 ac
644 1005 754 1038 litibus
779 1004 860 1037 viam
882 1006 1033 1049 praeclu-

280 1063 366 1103 dere,
385 1067 415 1095 et
434 1060 572 1104 denique
593 1058 722 1091 malitiis
742 1068 868 1098 eorum,
892 1058 947 1101 qui
963 1058 1034 1091 iura

279 1115 382 1149 dictae
410 1115 561 1148 Gamerae
595 1122 752 1155 usurpare
786 1116 950 1155 satagunt,
975 1112 1032 1146 ob-

279 1169 376 1209 viare,
400 1168 541 1211 aliasque
576 1165 608 1198 in
642 1164 827 1209 praemissis
850 1170 1032 1210 opportune

281 1222 447 1267 providere
464 1220 617 1253 volentes.

321 1276 336 1318 ἓ
357 1275 386 1308 2.
423 1274 508 1307 Motu
542 1272 676 1317 proprio
701 1276 732 1305 et
757 1283 793 1305 ex
816 1276 903 1306 certa
924 1277 1033 1306 nostra

278 1328 410 1362 scientia
434 1339 470 1361 ac
490 1327 529 1361 de
554 1327 749 1370 apostolicae
780 1327 942 1370 potestatis
963 1327 1032 1371 ple-

277 1382 435 1422 nitudine,
446 1380 651 1414 decernimus
668 1385 698 1413 ct
713 1379 915 1414 declaramus
925 1380 1032 1413 onmia

278 1441 308 1470 et
328 1436 452 1479 singula
472 1446 523 1468 res
544 1440 575 1468 et
592 1435 689 1475 bona,
704 1434 939 1478 cuiuscumque
955 1446 1033 1478 qua-

277 1490 374 1524 litatis
394 1494 425 1524 et
444 1488 629 1533 quantitatis
649 1488 827 1530 existentia,
850 1499 886 1521 ac
907 1488 938 1521 in
964 1489 1033 1533 qui-

278 1544 384 1578 busvis
408 1543 595 1587 regionibus
619 1548 650 1576 et
674 1543 781 1586 regnis
803 1554 839 1576 ac
860 1543 1030 1581 dominiis,

277 1604 342 1632 tam
354 1598 433 1631 citra
442 1609 539 1642 quam
555 1598 639 1630 ultra
655 1602 780 1630 montes
795 1602 826 1630 et
842 1597 943 1630 maria
958 1608 1034 1630 con—

278 1652 436 1692 sistentia,
459 1663 517 1696 per
541 1651 669 1696 quosvis
703 1651 851 1693 clericos,
874 1655 937 1684 tam
963 1662 1031 1684 sae-

279 1706 405 1739 culares
433 1716 531 1749 quam
564 1704 771 1749 quorumvis,
795 1705 890 1737 etiam
911 1704 1032 1738 Mendi-

279 1759 434 1800 cantium,
457 1758 612 1792 Ordinum
633 1769 669 1791 ac
695 1758 883 1791 militiarum
904 1759 1031 1801 regula-

279 1824 342 1853 res,
360 1813 455 1847 etiam
474 1813 505 1846 in
523 1813 621 1847 sacris
641 1813 809 1846 ordinibus
830 1813 1030 1853 constitutos,

279 1867 514 1912 cuiuscumque
530 1873 630 1902 status
649 1867 771 1901 ordinis
791 1873 821 1900 et
841 1867 1032 1901 conditionis

279 1923 408 1963 fuerint,
432 1934 469 1957 ac
489 1922 769 1967 archiepiscopali,
788 1922 963 1966 episcopali
985 1922 1032 1955 vel

279 1977 341 2010 alia
361 1977 474 2010 maiori
496 1977 648 2020 dignitate
668 1977 901 2021 praefulgeant,
925 1988 960 2009 ex
981 1988 1033 2009 ne-

278 2031 457 2076 gociatione
484 2031 593 2064 illicita
621 2037 675 2064 aut
700 2031 777 2064 alias
798 2036 909 2064 contra
927 2042 1032 2064 sacros

279 2096 420 2119 canones
431 2085 676 2128 quomodolibet
695 2084 863 2127 acquisita,
875 2095 957 2128 quae
974 2096 1032 2128 pro

280 2144 444 2183 tempore,
467 2143 539 2184 post
557 2138 680 2172 obitum
693 2149 823 2178 eorum,
846 2138 913 2181 qui,
936 2139 1031 2172 etiam

279 2205 316 2227 ex
350 2194 499 2227 facultate
539 2203 636 2236 quam
670 2193 843 2226 habuerint
877 2194 1029 2234 testandi,

279 2248 408 2282 condito
440 2252 648 2287 testamento,
671 2246 773 2280 ubivis
802 2248 949 2281 locorum
976 2249 1031 2281 de-

279 2302 432 2336 cesserint
465 2307 491 2335 et
524 2301 697 2341 decedent,
720 2306 773 2333 aut
808 2301 925 2345 quibus
945 2301 1028 2341 illos,

278 2356 373 2390 etiam
385 2356 430 2389 eis
445 2355 632 2394 viventibus,
656 2354 772 2397 privari
793 2360 823 2387 et
843 2355 888 2387 eis
904 2356 1031 2389 destitui

279 2405 464 2449 contigerit,
492 2410 523 2437 et
548 2404 735 2447 praesertim
770 2404 931 2447 quondam
966 2406 1030 2437 An-

277 2456 364 2488 dreae
383 2454 489 2498 Iapiro
514 2454 553 2487 de
588 2454 704 2486 Sancto
735 2453 852 2487 Ioanne
882 2454 1031 2487 Rotundo

278 2503 455 2549 presbyteri
477 2514 531 2536 seu
558 2502 717 2546 religiosi,
740 2508 827 2535 extra
855 2503 1030 2536 Romanam

279 2554 408 2588 Curiam
424 2553 463 2587 ad
474 2553 561 2587 illam
579 2553 686 2587 forsan
701 2552 858 2586 veniendo
874 2553 1028 2595 defuncti,

278 2604 434 2639 hactenus
448 2608 684 2648 remanserunt,
701 2608 869 2640 remanent
884 2608 915 2639 et
929 2614 1032 2640 rema-

1744 185 1784 219 79

1078 248 1212 287 nebunt,
1225 247 1263 279 ad
1280 246 1424 279 eamdem
1441 245 1607 279 Camcram
1620 252 1650 280 et
1662 256 1725 279 non
1742 246 1832 287 alios,

1079 302 1173 335 etiam
1204 301 1235 334 in
1268 299 1432 344 quibusvis
1462 299 1713 339 cathedralibus,
1736 300 1830 334 ctiam

1079 354 1333 399 metropolitanis
1357 359 1388 387 et
1413 354 1589 397 collegiatis
1613 365 1649 387 ac
1675 353 1744 387 aliis
1779 366 1831 388 ec-

1079 409 1194 449 clesiis,
1218 407 1429 449 monasteriis,
1458 407 1683 451 hospitalibus,
1712 407 1833 442 militiis

1078 462 1257 506 ceterisque
1289 460 1456 494 beneficiis
1485 460 1726 501 ecclesiasticis,
1757 473 1831 495 cum

1078 527 1168 557 cura,
1190 514 1411 548 saecularibus
1427 519 1457 547 et
1472 514 1659 558 quorumvis
1676 514 1831 548 Ordinum

1078 569 1292 613 regularibus,
1314 568 1595 613 qualitercumque
1625 568 1831 612 qualificatis,

1077 634 1293 665 successoreS,
1311 623 1365 656 illa
1386 623 1418 656 in
1435 623 1577 663 titulum,
1591 623 1829 663 commendam,

1077 677 1398 717 administrationem‚
1417 676 1677 711 commissionem
1688 682 1744 711 aut
1755 678 1832 712 alias

1076 730 1320 775 quomodolibet
1340 742 1398 774 pro
1417 736 1560 775 tempore
1581 730 1773 773 obtinentes,
1797 742 1831 765 e-

1076 784 1181 817 tiamsi
1215 784 1254 816 ad
1288 784 1359 823 illa,
1388 784 1494 826 vigore
1520 784 1636 828 prioris
1656 785 1757 826 tituli,
1781 785 1832 818 ius

1076 837 1279 881 regrediendi
1300 848 1357 871 seu
1377 838 1551 871 accedendi
1576 838 1738 882 aliquibus
1758 849 1832 873 con-

1076 902 1202 925 cessum
1224 891 1338 933 fuerit,
1362 896 1521 935 spectasse
1550 896 1581 924 et
1613 897 1771 935 spectare,
1794 904 1831 926 ac

1076 946 1134 979 sub
1152 946 1283 979 nominc
1301 945 1479 989 spoliorum
1494 945 1613 986 venire,
1632 946 1763 991 illaque,
1786 947 1832 980 uti

1076 1000 1177 1044 spolia
1193 1000 1232 1032 ad
1242 999 1409 1033 Cameram
1422 1000 1523 1044 ipsam
1540 999 1744 1043 pertinentia,
1758 1011 1832 1045 per-

1075 1060 1173 1099 petuo
1189 1053 1296 1098 colligi
1312 1059 1342 1087 et
1358 1054 1544 1098 recuperari
1565 1053 1719 1098 potuisse,
1738 1065 1831 1099 posse

1075 1119 1111 1141 ac
1132 1108 1260 1142 debere.

1119 1161 1185 1205 §3
1222 1162 1259 1195 Et
1287 1161 1329 1195 ita
1360 1172 1417 1205 per
1446 1172 1671 1206 quoscumque
1690 1161 1828 1203 iudices,

1075 1216 1185 1260 quavis
1205 1216 1395 1250 auctoritate
1417 1217 1598 1260 fungentes,
1620 1215 1652 1249 in
1672 1227 1830 1261 quacum-

1074 1281 1137 1313 que
1172 1270 1339 1311 instantia,
1362 1270 1486 1303 sublata
1519 1270 1565 1303 eis
1599 1270 1710 1314 quavis
1739 1270 1831 1304 aliter

1075 1324 1237 1357 iudicandi
1259 1330 1289 1357 et
1309 1323 1543 1368 interpretandi
1564 1324 1713 1357 facultate
1734 1329 1765 1358 et
1775 1335 1830 1357 au-

1075 1378 1233 1419 ctoritate,
1252 1378 1388 1412 iudicari
1409 1384 1439 1411 et
1458 1378 1585 1411 definiri
1603 1378 1738 1419 debere,
1756 1390 1831 1412 nec-

1075 1442 1139 1464 non
1160 1432 1288 1465 irritum
1310 1437 1341 1465 et
1360 1433 1455 1465 inane
1482 1431 1641 1476 quidquid
1661 1442 1754 1465 secus
1778 1443 1830 1465 su-

1075 1497 1132 1530 per
1152 1486 1202 1519 his
1234 1498 1251 1519 a
1285 1498 1461 1531 quoquam,
1485 1485 1595 1530 quavis
1621 1486 1827 1526 auctoritate,

1075 1540 1212 1574 scienter
1244 1541 1291 1574 vel
1321 1541 1517 1584 ignoranter,
1537 1540 1707 1584 contigerit
1731 1545 1830 1574 atten-

1076 1595 1146 1628 tari.

1118 1649 1132 1692 ξ
1149 1648 1179 1681 4.
1204 1649 1387 1683 Mandantes
1407 1649 1524 1682 dilecto
1545 1648 1611 1683 filio
1626 1654 1736 1683 nostro
1754 1649 1829 1683 Gui-

1074 1704 1149 1737 doni
1169 1704 1317 1744 Ascanio,
1340 1704 1474 1737 Sanctae
1494 1704 1609 1737 Mariae
1629 1704 1660 1737 in
1680 1703 1829 1738 Via-Lata

1074 1758 1209 1792 diacono
1231 1757 1385 1792 cardinali
1406 1759 1444 1791 de
1461 1758 1576 1791 Sancta
1596 1758 1690 1791 Flora
1705 1768 1832 1792 nuncu-

1074 1817 1167 1857 pato,
1190 1813 1367 1845 camerario
1389 1817 1498 1845 nostro
1524 1817 1555 1845 et
1580 1812 1649 1845 cius
1669 1812 1701 1844 in
1722 1823 1829 1845 came-

1074 1867 1212 1901 rariatus
1241 1867 1347 1900 officio
1378 1866 1639 1907 successoribus,
1672 1872 1831 1910 quatenus

1075 1921 1177 1965 spolia
1209 1921 1290 1965 ipsa,
1324 1925 1420 1965 prout
1453 1920 1514 1953 alia
1547 1920 1649 1965 ipsius
1677 1920 1830 1954 Gamerae

1075 1976 1160 2017 iura,
1191 1976 1271 2020 exigi
1308 1980 1338 2009 et
1371 1975 1570 2019 recuperari,
1592 1986 1629 2009 ac
1647 1980 1830 2019 praesentes

1074 2030 1300 2064 inviolabiliter
1328 2030 1490 2064 observari
1525 2030 1638 2070 faciat,
1660 2040 1720 2063 nec
1753 2041 1827 2074 per-

1076 2085 1178 2118 mittat
1193 2084 1360 2118 Cameram
1381 2084 1482 2129 ipsam
1498 2084 1546 2117 vel
1564 2094 1621 2128 pro
1640 2094 1677 2116 ea
1699 2088 1829 2127 agentes

1074 2139 1213 2183 desuper
1243 2139 1338 2172 modo
1368 2139 1476 2181 aliquo
1502 2137 1676 2178 molestari,
1699 2143 1827 2181 pertur-

1074 2193 1142 2225 bari
1163 2198 1215 2226 aut
1237 2193 1426 2237 inquietari,
1454 2192 1705 2225 contradictores
1729 2203 1827 2235 quos-

1074 2247 1151 2280 libet
1170 2253 1200 2280 et
1225 2247 1362 2280 rebelles
1389 2258 1446 2291 per
1466 2257 1619 2279 censuras
1648 2252 1679 2279 et
1709 2257 1828 2290 poenas

1074 2301 1316 2341 ecclesiasticas,
1339 2305 1369 2334 et
1402 2301 1617 2345 appellatione
1639 2301 1824 2344 postposita,

1074 2356 1326 2399 compescendo,
1346 2365 1472 2388 necnon
1492 2355 1641 2398 legitimis
1667 2366 1764 2400 super
1779 2356 1828 2389 his

1074 2406 1229 2439 habendis
1249 2405 1377 2439 servatis
1398 2405 1612 2448 processibus,
1631 2415 1783 2438 censuras
1798 2410 1829 2438 et

1074 2466 1193 2500 poenas
1227 2456 1312 2499 ipsas
1342 2454 1437 2487 etiam
1472 2454 1592 2487 iteratis
1625 2453 1748 2487 vicibus
1772 2465 1827 2498 ag-

1073 2506 1244 2549 gravando,
1268 2505 1412 2538 invocato
1434 2504 1528 2538 etiam
1549 2505 1588 2537 ad
1608 2504 1682 2545 hoc,
1705 2503 1729 2537 si
1745 2514 1827 2548 opus

1074 2555 1182 2595 fuerit,
1205 2554 1322 2587 auxilio
1343 2553 1466 2587 brachii
1487 2552 1673 2587 saecularis.

1117 2604 1132 2649 ς
1152 2604 1183 2639 5.
1205 2603 1275 2639 Non
1295 2603 1495 2639 obstantibus
1514 2602 1615 2639 felicis
1631 2601 1825 2638 recordatio-

1849 195 1898 221 An.
1916 195 1945 222 C.
1965 196 2031 223 1560

1873 1179 1985 1201 Decretum
2003 1180 2030 1201 ir-

1845 1212 1918 1233 ritans.

1890 1668 2029 1690 Executorum

1845 1700 1951 1727 deputatio
1968 1700 2024 1722 etfa-

1844 1731 1942 1754 cultates.
