2237 3100
235 245 285 273 Au.
301 244 333 272 C.
350 243 418 272 ¹569

262 812 340 831 Causae
358 811 419 830 huius

237 843 402 864 constitutionis-

475 233 540 268 740

744 293 870 328 CXXIV.

433 372 625 406 Iudaeorum
645 370 786 413 erpulsz‘o
807 369 845 401 ab
870 367 1016 399 omnihus
1040 366 1115 399 locis
1128 367 1180 399 do-

477 426 576 458 minii
607 424 641 457 S.
674 424 712 456 R.
743 422 784 455 E.
813 421 939 464 eiusque
962 420 1178 459 subditorum,

474 482 698 520 praeterquam
718 476 757 508 ab
776 475 853 508 urbe
872 474 975 507 Roma
998 478 1027 506 et
1051 473 1182 506 civitate

477 532 628 564 Anconae
642 530 669 561 1.

521 619 583 647 Pius
603 617 743 653 episcopus
762 623 859 646 servus
878 622 1018 645 servorum
1036 615 1093 649 Dei,

574 672 608 700 ad
630 672 793 707 perpetuam
812 670 852 699 rei
870 669 1038 698 memoriam.

478 753 699 786 Hebraeorum
719 762 796 795 gens
817 752 883 785 sola
903 751 1066 795 quondam
1087 760 1106 784 a
1124 750 1184 783 Do-

434 807 522 840 mino
544 808 655 846 electa,
675 817 758 851 quae
774 805 890 838 divinis
911 804 1049 848 eloquiis
1064 804 1180 844 infusa,

434 861 623 895 coelestium
657 860 883 904 mysteriorum
907 858 1069 902 particeps
1088 862 1181 897 esset,

434 920 590 959 quantum
611 914 726 947 ceteris
750 912 901 946 omnibus
920 912 1023 955 gratia
1038 917 1068 945 et
1082 911 1184 955 digni-

435 974 496 1001 tate
516 968 678 1008 excelluit,
705 972 828 1000 tantum
859 971 979 1010 postea,
1006 965 1183 999 increduli-

434 1022 506 1056 tatis
530 1032 607 1055 suae
627 1021 754 1061 merito,
776 1025 959 1064 contempta
975 1026 1005 1052 et
1029 1019 1184 1062 neglecta,

436 1076 468 1108 in
488 1086 642 1120 praeceps
662 1074 780 1108 meruit
803 1073 979 1113 deturbari,
1006 1073 1106 1116 quod,
1128 1073 1183 1106 ad—

435 1130 580 1163 veniente
601 1128 757 1173 temporis
778 1127 990 1172 plenitudine,
1012 1127 1134 1171 persida
1155 1132 1186 1160 et

436 1184 559 1226 ingrata
572 1193 667 1215 suum
680 1182 929 1225 Redemptorem
942 1180 1073 1223 indigna
1083 1185 1185 1213 morte

436 1242 640 1281 peremptum
652 1235 749 1279 impie
761 1234 953 1278 reprobarit.
967 1234 1090 1267 Amisso
1098 1245 1186 1267 nam-

436 1302 499 1335 que
519 1289 712 1329 sacerdotio,
730 1288 808 1332 legis
821 1287 1012 1321 auctoritate
1028 1288 1186 1332 adempta,

437 1344 578 1388 propriis
599 1343 729 1376 disiecta
750 1342 890 1383 sedibus,
909 1352 1001 1385 quaS,
1023 1347 1187 1385 tamquam

438 1399 486 1431 lae
511 1403 541 1431 et
574 1398 637 1430 mel
668 1397 824 1436 fluentes,
856 1395 1127 1429 clementissimus
1158 1401 1189 1428 et

438 1451 689 1494 benignissimus
699 1451 782 1483 Deus
794 1451 856 1483 iam
866 1450 939 1482 inde
948 1460 964 1482 a
976 1449 1079 1493 prima
1088 1449 1189 1492 ipsius

439 1505 543 1547 gentis
567 1504 691 1548 origine
716 1503 761 1537 illi
785 1508 1052 1548 praeparaverat,
1087 1508 1188 1536 terra-

441 1570 513 1591 rum
534 1558 645 1592 orbem
679 1563 725 1591 tot
757 1557 819 1590 iam
845 1557 981 1590 saeculis
1005 1567 1187 1601 pererrans,

442 1613 538 1645 invisa
553 1639 560 1653 ,
587 1611 714 1656 probris
748 1610 1016 1654 contumeliisque
1040 1610 1191 1644 omnibus

442 1666 580 1705 obiecta,
603 1665 711 1698 foedas
731 1670 762 1698 et
781 1665 916 1698 infames
935 1675 1079 1708 quasque
1093 1669 1188 1705 artes,

442 1721 561 1764 quibus
581 1720 697 1752 samem
716 1719 852 1752 tolerare
874 1718 983 1761 possit,
998 1717 1084 1750 haud
1100 1729 1192 1751 secus

443 1785 540 1818 quam
567 1773 721 1806 vilissima
746 1772 918 1816 mancipia,
946 1772 1074 1815 cogitur
1093 1777 1191 1805 attre-

444 1835 542 1861 ctare.
565 1827 626 1861 Sed
647 1827 820 1860 christiana
841 1826 954 1870 pietaS‚
981 1826 1068 1859 hune
1088 1827 1192 1859 inelu-

445 1882 595 1915 ctabilem
620 1891 729 1913 casum
750 1880 782 1912 in
816 1880 928 1923 primis
949 1880 1192 1920 commiserans,

446 1937 534 1968 illam
554 1935 728 1968 humanius
748 1933 821 1967 satis
841 1934 927 1978 apud
962 1944 994 1966 sc
1022 1944 1114 1978 passa
1149 1939 1195 1967 est

447 1989 611 2029 diversari,
629 1993 664 2021 ut
683 1988 815 2028 seilicet,
830 1988 944 2020 crebro
965 1987 1051 2020 illius
1066 1987 1195 2028 intuitu,

447 2042 608 2076 Passionis
640 2041 825 2075 Dominicae
862 2041 1017 2074 memoria
1050 2040 1194 2074 fidelium

449 2096 551 2129 oculis
575 2095 776 2139 frequentius
800 2093 1002 2134 obversetur,
1035 2094 1197 2138 simulque

450 2161 487 2183 ea
506 2149 660 2193 exemplis
677 2175 685 2189 ‚
712 2147 856 2192 doctrina
875 2174 882 2188 ,
905 2147 1036 2180 monitis
1055 2147 1094 2180 ad
1118 2159 1196 2181 con-

449 2203 629 2236 versionem
645 2207 674 2235 et
683 2202 831 2241 salutem,
844 2211 926 2245 quae
936 2200 1080 2243 reliquiis
1090 2202 1197 2242 Israel,

450 2257 628 2301 prophetae
652 2256 805 2296 oraculo,
827 2255 935 2287 sutura
965 2260 1022 2295 est,
1059 2255 1199 2299 amplius

451 2310 615 2351 invitetur3
641 2321 659 2342 a
682 2320 768 2352 qua,
800 2308 837 2348 si,
864 2307 1115 2341 christianorum
1148 2319 1198 2342 se-

452 2364 547 2397 dibus
571 2364 709 2408 explosa,
735 2363 775 2396 ad
799 2373 852 2396 eas
875 2368 985 2405 gentes
1004 2373 1086 2405 quae
1106 2363 1199 2396 Chri-

454 2422 537 2449 stum
566 2428 631 2450 non
655 2422 775 2450 norunt
805 2416 986 2456 diverteret,
1010 2416 1111 2459 magis
1132 2427 1199 2449 ma-

454 2470 566 2514 gisque
591 2471 695 2504 aliena
728 2470 890 2504 reddetur.
912 2470 1139 2503 Verumtamen
1161 2470 1200 2502 il-

456 2524 561 2556 lorum
577 2524 735 2567 impietas,
751 2523 896 2567 pessimis
911 2522 1064 2556 omnibus
1079 2523 1202 2556 artibus

493 2600 503 2625 1
523 2599 560 2625 De
577 2599 683 2626 materia
696 2599 854 2626 ludaeorum
867 2598 927 2626 vide
944 2598 1015 2626 Pauli
1031 2598 1066 2627 tv
1099 2600 1200 2625 consti-

458 2643 585 2670 tutionem
599 2651 638 2677 ιν,
656 2644 722 2671 Cum
741 2646 831 2677 nimis,
849 2647 912 2672 tom.
930 2651 968 2677 vi,
986 2643 1110 2679 pag.z198.

1021 236 1200 263 BULLARIUM
1223 236 1374 262 ROMANUM

1221 289 1389 331 instructa,
1410 299 1514 334 usque
1534 299 1572 323 eo
1591 290 1747 334 processit
1765 295 1802 324 ut
1820 290 1896 331 iam,
1908 301 1967 335 pro

1222 343 1387 377 communi
1429 348 1614 377 nostrorum
1656 345 1757 377 salute
1773 370 1783 384 ‚
1824 345 1971 388 expediat

1222 397 1299 430 tanti
1317 397 1419 430 morbi
1431 397 1493 430 vim
1510 397 1607 431 celeri
1623 397 1766 430 remedio
1783 398 1967 441 prohibere.

1222 451 1323 491 Nam,
1354 456 1390 484 ut
1423 456 1486 484 tam
1520 451 1621 484 multa
1653 461 1826 483 usurarum
1850 461 1970 494 genera

1223 504 1409 538 omittamus
1426 531 1434 545 ,
1478 504 1597 549 quibus
1632 504 1764 537 hebraei
1805 505 1971 547 egentium

1223 557 1474 591 christianorum
1494 557 1704 591 substantiam
1737 567 1972 602 usquequaque

1224 611 1477 654 exinaniverunt,
1499 611 1710 655 perspicuum
1731 610 1805 644 satis
1822 616 1973 654 putamus

1224 667 1278 698 eos
1302 665 1411 698 surum
1437 671 1467 698 et
1491 665 1652 698 latronum
1673 670 1857 708 receptores
1877 669 1973 709 atque

1225 719 1409 763 participes,
1421 719 1475 762 qui
1491 730 1635 763 quasque
1646 729 1696 752 res
1709 718 1795 752 abiis
1804 718 1974 763 subreptas

1225 778 1255 806 et
1276 773 1477 815 interversas,
1506 784 1572 806 non
1604 773 1700 806 modo
1734 773 1886 817 profanas
1918 773 1974 806 sed

1225 826 1321 859 etiam
1342 826 1448 859 divino
1474 827 1575 860 cultui
1601 826 1785 867 servientes,
1808 836 1849 859 ne
1873 825 1973 860 inter-

1225 886 1417 921 noscantur,
1444 885 1499 913 aut
1531 880 1570 913 ad
1609 885 1738 924 tempus
1770 880 1974 924 supprimere

1225 939 1280 966 aut
1304 934 1367 967 alio
1387 934 1560 967 transferre
1581 939 1636 967 aut
1663 933 1796 967 omnino
1821 933 1974 967 transfor-

1226 997 1313 1020 mare
1338 993 1496 1020 conantur
1513 998 1521 1027 ;
1557 986 1704 1031 plerique
1728 987 1846 1029 etiam,
1868 987 1975 1031 speeie

1226 1041 1408 1074 tractandae
1433 1041 1479 1074 rei
1505 1041 1637 1085 proprio
1668 1041 1820 1075 exercitio
1859 1051 1974 1075 conve-

1226 1095 1344 1128 nientis
1361 1121 1368 1135 ,
1404 1095 1614 1128 honestarum
1649 1095 1822 1129 mulierum
1862 1095 1976 1129 domos

1227 1148 1422 1189 ambientes,
1444 1149 1561 1182 multas
1580 1148 1776 1193 turpissimis
1805 1149 1977 1183 lenociniis

1228 1202 1454 1247 praecipitant3
1475 1203 1627 1246 quodque
1647 1202 1793 1236 omnium
1814 1202 1976 1246 pernicio-

1228 1256 1389 1289 sissimum
1410 1261 1468 1297 est,
1491 1256 1679 1299 sortilegiis,
1703 1255 1978 1290 incantationibus

1229 1310 1426 1354 magicisque
1452 1310 1736 1354 superstitionibus
1755 1315 1786 1343 et
1809 1310 1978 1344 maleficiis

1229 1363 1347 1404 dediti,
1368 1363 1627 1407 quamplurimos
1646 1363 1793 1397 incautos
1811 1368 1907 1408 atque
1927 1363 1978 1396 in-

1230 1417 1340 1451 firmos
1364 1417 1498 1450 Satanae
1519 1417 1699 1460 praestigiis
1718 1417 1896 1459 inducunt,
1922 1418 1978 1462 qui

1231 1471 1362 1504 credant
1399 1476 1551 1504 eventura
1585 1471 1811 1515 praenunciari
1830 1499 1837 1513 ,
1872 1472 1977 1513 furta,

1231 1525 1411 1565 thesauros,
1427 1535 1478 1558 res
1497 1524 1621 1558 abditas
1640 1525 1788 1566 revelari,
1814 1525 1980 1570 multaque

1231 1583 1397 1623 praeterea
1418 1578 1567 1621 cognosci
1584 1589 1690 1623 posse,
1712 1589 1854 1623 quorum
1871 1589 1912 1613 ne
1931 1579 1980 1612 in-

1232 1632 1406 1675 vestigandi
1433 1632 1565 1676 quidem
1586 1632 1721 1665 facultas
1753 1632 1812 1665 ulli
1847 1633 1981 1667 omnino

1233 1686 1418 1720 mortalium
1439 1691 1485 1719 est
1504 1686 1671 1730 permissa.
1694 1685 1859 1719 Postremo
1874 1685 1983 1729 cogni-

1233 1745 1301 1774 tum
1323 1740 1399 1773 satis
1418 1744 1449 1773 et
1468 1740 1668 1783 exploratum
1693 1739 1861 1780 habemns,
1884 1750 1982 1784 quam

1235 1794 1364 1837 indigne
1383 1793 1499 1827 Christi
1519 1803 1637 1827 nomen
1656 1793 1736 1826 haec
1752 1803 1901 1836 perversa
1910 1804 1983 1838 pro-

1235 1848 1345 1892 genies
1376 1848 1476 1888 serat,
1502 1857 1599 1891 quam
1620 1846 1734 1880 infesta
1753 1847 1906 1881 omnibus
1929 1847 1982 1889 sit,

1236 1902 1290 1946 qui
1310 1902 1372 1935 hoc
1392 1902 1523 1935 nomine
1544 1906 1729 1942 censentur,
1752 1901 1872 1945 quibus
1891 1901 1983 1935 deni-

1236 1967 1298 2000 que
1328 1956 1408 1989 dolis
1442 1955 1572 1988 illorum
1604 1955 1686 1988 vitae
1719 1955 1902 1988 insidietur.
1929 1955 1985 1989 His

1237 2010 1372 2053 aliisque
1384 2008 1578 2052 gravissimis
1597 2009 1695 2042 rebus
1715 2008 1856 2050 adducti,
1877 2013 1908 2042 et
1926 2019 1985 2042 au-

1237 2063 1437 2107 gescentium
1457 2062 1602 2107 quotidie
1622 2062 1661 2096 ad
1682 2061 1844 2096 civitatum
1864 2067 1987 2097 nostra-

1239 2128 1311 2151 rum
1332 2117 1510 2162 perniciem
1545 2117 1703 2150 scelerum
1729 2116 1881 2159 gravitate
1915 2126 1988 2160 per-

1239 2172 1343 2211 moti,
1370 2170 1547 2213 cogitantes
1579 2175 1745 2214 praeterea
1769 2169 1986 2213 supradictam

1239 2230 1366 2269 gentem
1385 2251 1392 2265 ,
1419 2229 1547 2269 praeter
1574 2224 1756 2257 mediocres
1788 2233 1825 2256 ex
1859 2222 1988 2256 Oriente

1240 2284 1450 2319 commeatus,
1463 2277 1545 2311 nulli
1559 2277 1760 2322 reipublicae
1774 2282 1902 2310 nostrae
1913 2276 1986 2310 usui

1241 2344 1322 2373 esse3
1343 2332 1460 2366 nostris
1476 2342 1551 2365 vero
1571 2330 1712 2376 populis,
1726 2331 1781 2374 qui
1798 2330 1986 2374 praesertim

1241 2399 1259 2421 a
1278 2387 1370 2420 nobis
1401 2386 1566 2429 aliquanto
1591 2385 1781 2419 remotiores
1804 2389 1890 2425 sunt,
1912 2394 1989 2417 eon-

1242 2436 1417 2470 dueibilius
1448 2437 1516 2469 fore
1554 2435 1641 2468 illius
1674 2445 1792 2468 nomen
1811 2461 1819 2474 ,
1854 2433 1985 2476 flagitia,

1242 2486 1388 2519 miserias
1412 2485 1542 2519 aliunde
1575 2484 1614 2517 ad
1643 2494 1676 2517 se
1710 2483 1827 2516 relatas
1861 2483 1987 2524 audire,

1243 2546 1340 2578 quam
1360 2535 1427 2568 ullo
1448 2533 1611 2567 charitatis
1631 2532 1761 2567 stimulo
1782 2541 1851 2564 eam
1872 2531 1906 2564 in
1930 2541 1989 2564 suo

1243 2585 1396 2628 deinceps
1419 2584 1492 2616 sinu
1511 2587 1547 2615 ut
1565 2583 1699 2616 antehac
1719 2580 1899 2614 confovere.

1287 2633 1302 2677 ἓ
1321 2633 1352 2666 1.
1376 2632 1570 2667 Auctoritate
1585 2629 1818 2677 praesentium,
1832 2627 1990 2674 praecipi-

1981 236 2032 265 Αιι.
2049 237 2078 265 C.
2092 236 2159 266 tuoe
