2237 3100
251 286 299 313 An,
321 285 351 313 c.
368 287 433 315 ¹562
492 277 556 312 166

782 340 853 373 LVI.

449 413 572 447 Contra
591 412 791 454 franclzi'tias
811 412 847 444 in
871 410 950 443 Urbe
970 411 1195 449 acclamantes,

490 471 546 500 aut
572 467 645 499 illas
669 477 728 509 pro
759 465 1019 506 maIefactoribtts
1055 465 1099 496 ret
1127 473 1198 495 (tere

489 521 594 553 altene
615 520 779 552 adstrictis
815 522 954 550 tenentes
977 518 1042 549 sire
1065 516 1197 550 Curiam

491 575 525 606 m
542 584 651 606 corum
676 577 810 615 captura
831 571 1050 614 impedientes.

535 651 596 678 Pius
612 650 751 684 episcopus
766 655 863 676 servus
880 655 1019 676 servotum
1037 647 1096 679 Dei,

607 700 641 727 ad
659 698 785 727 futuram
802 699 843 727 rei
861 698 1030 726 memoriam.

487 766 573 799 Inter
592 771 726 806 ceteras,
748 766 876 809 quibus,
895 766 1086 799 exiniuncto
1107 766 1198 799 nobis

444 820 638 864 apostolicae
659 820 818 854 servitutis
833 820 951 860 officio,
966 820 1092 853 assidue
1107 821 1197 863 angi-

444 884 529 914 mur,
549 885 654 915 curas,
674 875 726 907 illa
736 874 828 908 nobis
847 874 1023 918 praecipue
1036 875 1194 914 cordiest,

444 934 477 960 ut
497 929 581 962 alma
601 928 682 962 Urbs
694 934 814 968 nostra,
832 928 871 960 ad
883 938 979 970 quam
992 938 1104 961 omnes
1115 928 1197 961 chri-

443 980 594 1015 stissdeles
613 993 650 1014 ex
671 981 826 1015 universis
846 981 957 1014 mundi
971 981 1124 1025 partibus,
1145 993 1197 1015 ve-

442 1034 499 1068 luti
525 1036 563 1068 ad
593 1035 787 1068 tutissimum
818 1035 997 1077 refugium,
1016 1035 1195 1075 confluunt,

442 1088 632 1122 facinorosis
652 1089 839 1122 hominibus
860 1094 1036 1132 expurgata
1056 1094 1085 1122 et
1105 1089 1197 1133 peni-

442 1147 493 1174 tus
513 1153 612 1175 vacua
629 1148 828 1186 permaneat,
851 1142 931 1175 acin
949 1153 985 1175 ea
997 1142 1073 1175 boni
1085 1154 1198 1176 omnes

442 1195 549 1238 quieta
580 1196 750 1229 securitate
776 1197 942 1233 fruantur,
971 1196 1064 1229 malis
1091 1202 1197 1230 autem

442 1250 567 1287 nullus.
600 1261 665 1294 quo
690 1261 721 1283 se
748 1250 915 1283 confovere
941 1250 1080 1293 possint,
1107 1251 1199 1283 locus

442 1303 655 1346 relinquatur.
674 1304 709 1336 Et
726 1304 758 1335 hi
781 1303 835 1347 qui
848 1315 865 1336 a
884 1303 1197 1346 magistratibusius-

443 1356 623 1390 dicentibus
633 1357 785 1390 iustitiam
795 1357 961 1390 consecuti
971 1358 1102 1397 fuerint,
1114 1358 1199 1391 illius

442 1410 536 1442 etiam
557 1410 779 1444 executionem
794 1411 906 1451 libere,
921 1416 956 1443 ut
971 1411 1073 1451 decet,
1088 1418 1198 1444 contra

443 1464 686 1504 ‹fomlcmnatos
709 1464 909 1508 ubicumque
920 1474 975 1497 eos
996 1475 1120 1497 morani
1138 1471 1199 1497 tra-

442 1516 518 1550 here
540 1517 722 1560 contigerit,
742 1523 996 1562 consequantur.

487 1570 501 1613 ἓ
512 1570 526 1602 l
537 1597 542 1602 .
555 1571 636 1604 Sane
651 1582 737 1613 cum,
752 1582 816 1605 non
827 1572 893 1604 sine
904 1569 1002 1604 animi
1019 1570 1119 1604 nostri
1129 1582 1199 1615 per-

245 1622 430 1676 conffiffitffoffl¹¹⁸
442 1624 646 1667 turbatione,
673 1625 895 1670 acceperimus
915 1624 1108 1665 nonnullos,
1135 1630 1197 1657 tam

444 1678 484 1712 ob
505 1679 641 1712 crimina
662 1691 719 1724 per
738 1679 825 1724 ipsos
842 1678 1023 1717 commissa,
1043 1689 1140 1721 quam
1159 1679 1198 1711 ob

443 1732 547 1765 debita
558 1738 733 1774 contracta,
747 1733 805 1766 sibi
814 1732 915 1777 ipsisa
927 1732 1081 1765 ministris
1092 1738 1121 1765 et
1130 1744 1198 1765 exe-

442 1787 609 1820 cutoribus
626 1787 765 1821 iustitiae
786 1787 947 1825 timentes,
968 1786 1007 1819 ad
1027 1786 1122 1819 aedes
1135 1797 1199 1819 ma-

440 1846 586 1883 gnatum,
600 1846 629 1874 et
640 1841 829 1885 praesertim
841 1841 872 1874 S.
887 1841 922 1873 R.
938 1841 971 1873 E.
985 1840 1196 1873 cardinalium

441 1901 469 1928 et
491 1901 656 1928 oratorum
678 1895 877 1940 principum,
900 1894 946 1928 uti
973 1895 1043 1927 loca
1068 1905 1085 1926 a
1106 1893 1198 1927 dictis

440 1949 579 1982 iustitiae
595 1949 750 1982 ministris
762 1954 841 1988 tuta,
860 1948 986 1981 tametsi
998 1948 1197 1981 contrarium

440 2014 508 2036 esse
528 2003 671 2043 deberet,
695 2004 727 2035 in
747 2003 815 2035 dies
836 2003 1011 2045 confugere
1033 2007 1063 2035 et
1083 2001 1116 2033 in
1136 2001 1198 2033 illis

439 2068 471 2090 se
492 2057 636 2101 recipere
658 2063 689 2090 et
705 2058 887 2096 confovere,
900 2056 1010 2099 sicque
1022 2055 1198 2097 impunitos

437 2111 633 2154 quandoque
663 2111 808 2151 evadere,
832 2115 862 2143 ct
883 2109 1060 2143 creditores
1081 2120 1196 2141 execu-

438 2164 524 2198 tione
540 2175 654 2198 eorum
666 2164 863 2198 creditorum
881 2168 914 2196 ut
937 2163 1116 2207 plurimum
1133 2163 1198 2195 fru-

397 2251 407 2260 ,
437 2217 543 2251 strari.

483 2272 497 2315 ἕ
517 2272 548 2305 02.
572 2272 609 2304 Et
624 2272 711 2312 licet,
724 2272 763 2305 ad
779 2270 967 2304 huiusmodi
984 2271 1120 2303 abusum
1143 2280 1196 2302 ex-

290 2332 355 2368 luins
393 2332 422 2354 ¹11
437 2325 639 2369 tirpandum,
671 2336 688 2358 a
717 2325 818 2358 felicis
853 2323 1087 2358 recordationis
1113 2323 1196 2356 Iulio

236 2363 363 2416 {mediam
375 2369 423 2390 Μ’
437 2380 520 2422 Papa
538 2380 587 2418 Ill,
611 2380 857 2423 praedecessore
882 2384 991 2412 nostro
1007 2405 1013 2418 ,
1037 2377 1195 2420 quaedam

438 2432 623 2466 constitutio
645 2433 728 2465 edita
746 2432 852 2473 fuerit,
880 2432 994 2465 talium
1019 2436 1127 2464 tamen
1150 2431 1195 2463 iu-

439 2481 556 2514 stitiam
578 2481 768 2524 fugientium
788 2481 1000 2514 temeritatem
1018 2480 1049 2512 in
1070 2485 1193 2512 tantum

437 2530 624 2569 excrevisse,
645 2536 680 2563 ut
700 2541 763 2563 non
785 2531 889 2563 solum
911 2541 943 2563 se
963 2530 996 2562 in
1012 2528 1195 2561 dictisloeis

438 2579 596 2623 recipere,
611 2579 664 2611 sed
677 2579 773 2612 etiam
787 2579 851 2619 illa,
869 2578 967 2612 veluti
988 2577 1125 2611 iustitiae
1137 2577 1195 2609 mi-

437 2628 523 2661 nime
544 2628 687 2661 subiecta
701 2655 708 2669 ,
731 2627 917 2660 franchitias
945 2627 1108 2671 appellare
1129 2636 1193 2658 non

437 2678 647 2718 erubescant,
679 2683 843 2720 tamquam
875 2676 908 2709 in
930 2675 1069 2719 praefata
1090 2675 1193 2716 Urbe,

277 818 394 841 Exordium.

1047 283 1226 310 BULLARIUM
1249 281 1399 307 ROMANUM

1243 336 1275 368 in
1296 346 1359 380 qua
1380 335 1533 368 Summus
1552 332 1697 367 Pontifex
1717 343 1791 367 cum
1812 343 1903 366 sacro
1923 342 1994 365 car-

1242 390 1398 422 dinalium
1415 388 1550 431 collegio
1561 387 1680 421 residet
1689 393 1730 428 et,
1740 393 1775 421 ut
1787 387 1902 422 Christi
1913 388 1995 421 vica-

1242 443 1320 482 rius,
1336 448 1400 476 toto
1409 442 1479 476 orbi
1495 442 1678 485 exemplum
1690 441 1828 476 iustitiae
1840 442 1994 486 praebere

1241 498 1351 537 delict,
1373 498 1495 541 asylum
1517 502 1547 530 et
1575 497 1778 541 receptacula
1803 496 1995 540 delinquen-

1242 551 1321 584 tium
1338 562 1373 583 ac
1385 551 1450 583 suis
1460 550 1574 583 debitis
1583 550 1763 583 satisfacere
1776 550 1995 583 recusantium

1242 616 1309 637 esse
1331 605 1497 645 toleretur,
1516 615 1621 647 neque
1639 603 1783 637 executio
1800 603 1938 637 iustitiae
1955 603 1995 636 li-

1241 659 1316 692 bere
1351 658 1420 691 fieri
1448 659 1560 691 valeat.
1590 658 1668 691 Rem
1701 658 1833 702 quidem
1865 657 1996 702 pessimi

1240 713 1395 755 valdeque
1412 712 1584 755 perniciosi
1605 712 1754 756 exempli,
1777 723 1860 755 quae
1880 722 1946 745 non
1957 711 1996 744 ab

1241 766 1318 810 ipsis
1327 766 1545 799 cardinalibus
1553 771 1582 799 et
1595 766 1791 807 oratoribus,
1805 770 1916 810 utpote
1928 776 1996 798 mo-

1241 820 1337 853 destis
1358 825 1387 853 et
1408 819 1547 853 iustitiae
1569 819 1757 860 cultoribus,
1780 819 1834 852 sed
1851 819 1996 863 plerum-

1240 884 1302 917 que
1330 873 1476 917 ipsorum
1502 873 1710 906 familiarium
1736 873 1833 917 culpa
1857 877 1887 906 et
1913 873 1995 907 sacto

1241 927 1410 971 processit.

1283 981 1298 1024 ξ
1318 980 1349 1013 3.
1368 981 1440 1021 Nos,
1457 981 1599 1013 volentes
1617 985 1681 1013 tam
1703 990 1851 1014 enormes
1861 985 1891 1013 et
1910 980 1997 1014 dete·

1241 1034 1370 1067 standos
1390 1035 1510 1068 abusus
1529 1033 1793 1078 penitustollere,
1813 1039 1913 1077 utque
1925 1034 1997 1068 nul-

1240 1088 1290 1120 lus
1310 1088 1465 1131 improbis
1492 1093 1579 1121 tutus
1603 1088 1694 1121 locus
1719 1087 1825 1127 detur,
1847 1088 1902 1121 sed
1922 1098 1996 1121 exe-

1241 1146 1369 1174 cutores
1389 1141 1528 1175 iustitiae
1549 1141 1667 1185 passim
1693 1146 1723 1174 et
1741 1140 1862 1184 ubique
1883 1151 1997 1174 eorum

1241 1194 1385 1228 osticium
1402 1195 1503 1228 libere
1515 1200 1545 1228 et
1557 1195 1716 1239 intrepide
1730 1194 1843 1238 exequi
1858 1195 1995 1236 valeant,

1241 1248 1420 1291 providere,
1444 1254 1533 1282 motu
1550 1247 1682 1293 proprio
1693 1253 1723 1281 et
1734 1259 1771 1281 ex
1786 1253 1874 1281 certa
1894 1248 1998 1282 scien-

1242 1301 1293 1341 tia,
1303 1302 1387 1335 aede
1399 1302 1593 1346 apostolicae
1610 1302 1774 1345 potestatis
1784 1301 1996 1346 plenitudine,

1242 1365 1353 1388 omnes
1375 1355 1406 1388 in
1419 1355 1786 1399 primisconstitutiones
1807 1355 1893 1389 circa
1904 1366 1998 1400 prae-

1242 1408 1348 1448 missa,
1372 1415 1435 1441 tam
1458 1420 1515 1452 per
1534 1408 1736 1453 praedictum
1756 1409 1886 1450 Iulium,
1900 1420 1998 1453 quam

1242 1472 1465 1506 quoscumque
1486 1462 1566 1495 alios
1582 1462 1755 1495 Pontifices
1773 1463 1999 1506 praedecesso-

1242 1526 1292 1548 res
1302 1521 1429 1549 nostros
1440 1516 1552 1557 editas,
1572 1526 1646 1549 cum
1656 1515 1807 1549 omnibus
1823 1521 1853 1549 et
1864 1515 1998 1560 singulis

1242 1569 1387 1603 censuris
1408 1575 1438 1603 et
1450 1569 1562 1613 poenis
1582 1569 1615 1602 in
1628 1569 1672 1603 eis
1693 1569 1864 1610 contentis,
1877 1580 1996 1614 appro-

1241 1623 1352 1656 bantes
1372 1629 1402 1657 et
1428 1623 1635 1664 innovantes,
1664 1624 1724 1657 hac
1745 1624 1777 1657 in
1802 1629 1996 1668 perpetuum

1242 1677 1376 1710 valitura
1397 1677 1636 1718 constitutione,
1660 1676 1822 1711 sancimus
1842 1682 1878 1711 ut
1888 1678 1997 1711 nullus

1241 1731 1279 1764 de
1305 1737 1428 1772 cetero,
1456 1732 1693 1774 cuiuscumque
1719 1731 1758 1764 sit
1781 1730 1942 1774 dignitatis
1966 1735 1997 1765 et

1242 1785 1517 1828 przeeniinentiae,
1539 1785 1599 1818 sub
1620 1785 1849 1828 indignationis
1868 1790 1997 1820 nostrae

1242 1844 1270 1872 et
1286 1839 1356 1872 aliis
1376 1839 1500 1872 arbitrii
1521 1838 1621 1872 nostri
1642 1839 1766 1882 poenis,
1789 1839 1885 1872 aedes
1905 1850 1997 1883 prae-

1242 1892 1357 1933 dictas,
1385 1899 1440 1926 aut
1469 1893 1530 1926 alia
1559 1903 1786 1936 quaecumque
1816 1893 1887 1926 loca
1907 1894 1995 1927 fran-

1242 1941 1354 1974 chitias
1375 1942 1538 1986 appellare
1559 1942 1685 1975 audeat..
1714 1942 1866 1985 Nullique
1891 1942 1995 1976 cardi-

1240 1990 1362 2023 nalium
1384 1995 1414 2023 et
1438 1995 1603 2023 oratorum
1625 1996 1655 2023 et
1683 1995 1881 2033 magnatum,
1900 1991 1996 2025 etiam

1241 2039 1265 2071 si
1286 2040 1386 2072 nostri
1417 2051 1473 2073 seu
1493 2039 1629 2073 Romani
1650 2040 1813 2074 Pontificis
1833 2051 1892 2085 pro
1917 2046 1996 2074 tem-

1242 2099 1319 2131 pore
1336 2089 1515 2122 secundum
1537 2100 1667 2122 earnem
1692 2095 1836 2133 nepotes,
1856 2095 1912 2123 aut
1931 2090 1995 2124 alio

1241 2138 1526 2181 consanguinitatis
1539 2150 1595 2171 seu
1613 2138 1773 2172 affinitatis
1781 2139 1910 2173 vinculo
1920 2149 1995 2173 con-

1241 2186 1339 2220 iuncti
1362 2187 1493 2228 fuerint,
1516 2187 1699 2229 familiares,
1712 2193 1767 2221 aut
1778 2188 1897 2222 aliasin
1907 2188 1994 2232 ipso-

1240 2247 1312 2268 rum
1334 2237 1483 2269 domibus
1503 2242 1740 2271 commorantes
1757 2249 1813 2271 seu
1834 2237 1913 2271 locis
1933 2237 1995 2270 cir-

1241 2285 1441 2327 cumvicinis,
1465 2286 1687 2320 malefactores
1703 2286 1874 2330 quoslibet,
1897 2286 1993 2320 etiam

1240 2345 1304 2367 non
1325 2336 1570 2376 condemnatos,
1598 2341 1654 2369 aut
1672 2347 1731 2380 pro
1756 2336 1870 2369 debitis
1890 2336 1991 2369 ohno-

1239 2384 1317 2424 xios,
1346 2391 1456 2418 contra
1483 2396 1564 2428 quos
1586 2390 1691 2418 tamen
1712 2385 1861 2418 mandata
1880 2396 1993 2419 execu-

1240 2433 1311 2474 tixa,
1329 2435 1367 2467 ad
1385 2435 1568 2468 instantiam
1584 2435 1793 2475 creditorum,
1818 2435 1947 2469 decreta
1962 2441 1993 2470 et

1240 2484 1377 2516 relaxata
1389 2484 1562 2524 extiterint,
1576 2490 1611 2517 ut
1622 2495 1676 2518 eos
1687 2496 1703 2517 a
1716 2484 1866 2518 manibus
1876 2485 1991 2518 Curiae

1239 2533 1389 2573 eximant,
1412 2540 1590 2578 receptare,
1603 2535 1649 2567 vel
1665 2534 1753 2574 alias,
1773 2534 1831 2567 sub
1851 2539 1990 2568 assertae

1239 2581 1427 2615 srancliitiae
1449 2588 1626 2627 praetextu,
1641 2588 1803 2616 secutores
1817 2583 1987 2625 ireddere,

1237 2631 1284 2663 rel
1305 2637 1491 2665 [met-utores
1507 2632 1644 2665 iustitiae
1667 2642 1731 2675 quo
1748 2632 1855 2666 minus
1874 2643 1989 2666 eorum

1274 2685 1285 2711 1
1307 2685 1426 2718 Securos,
1448 2685 1563 2713 Cherub.
1586 2685 1624 2720 (n.
1645 2685 1693 2720 T.).

2009 275 2063 305 An.
2079 276 2109 306 c.
2127 274 2195 305 ¹⁵62
2233 299 2237 316 ,

2220 350 2237 517 ἶ

2023 978 2062 1001 Hie
2072 978 2134 1001 Pont.
2149 986 2197 1008 pro-

2011 1011 2070 1032 hibit.
2086 1012 2197 1033 confirmat

2010 1042 2198 1064 eitranchtttane-

2010 1075 2058 1095 neri
2072 1077 2107 1095 aut
2122 1074 2197 1095 accla-

2011 1107 2064 1128 mari
2085 1104 2192 1133 prohibet.
