2237 3100
57 250 108 276 Αη.
126 247 153 275 C.
174 247 240 275 ¹560

84 626 130 648 lun
169 628 240 648 amnia

55 660 110 685 exigi
125 658 215 683 mand-13

95 1262 192 1283 uratum
229 1268 240 1282 ι

56 1299 186 1320 quacumque
203 1300 241 1313 nn—

55 1327 129 1350 tisme,
146 1330 166 1345 ει
182 1329 239 1345 eitra

56 1361 157 1383 tempora,
187 1362 241 1376 cun-

56 1387 111 1407 cedi!
128 1387 145 1411 1;

81 1849 238 1878 &emptionem

57 1888 67 1902 ι
82 1882 175 1907 decima,
187 1882 239 1902 sub-

55 1914 111 1934 oid-is
127 1916 163 1932 ets.
181 1914 240 1934 elar-

55 1944 116 1970 git-13

934 245 1001 272 plns
1021 248 1050 271 iv
1070 245 1107 269 rr
1719 235 1755 269 51

253 298 538 345 terasapostolicas
563 298 805 342 quomodolibet
833 298 1005 340 concessis,

252 354 298 388 uti
312 381 320 395 ,
355 365 392 388 ac
425 352 589 399 privilegia
623 353 804 397 prioribus,
839 353 1004 392 baiulivis,

253 407 517 451 praeceptoribus
546 411 577 440 et
605 407 757 439 fratribus
778 406 928 451 praefatis
949 417 1007 450 pro

253 467 398 504 tempore
419 470 571 494 concessa
589 460 633 493 eis
654 461 822 494 observare
839 461 942 492 faeere
955 460 1007 493 de-

254 515 349 548 beant
364 520 393 547 et
415 519 598 548 teneantur.

296 568 312 611 ἓ
333 568 384 601 6-1.
417 569 461 601 Ae
476 568 547 601 iura
572 569 826 602 mortuariorum
847 573 878 601 et
896 578 1008 600 vacan-

254 621 346 660 tium,
369 631 497 655 necnon
515 622 766 665 arreragiorum,
784 622 1008 665 passagiorum

253 679 284 706 et
302 673 441 707 aliorum
467 685 772 718 quorumcumque,
797 676 836 707 ita
860 682 892 708 ut
913 686 1008 718 quae-

253 727 296 760 ris
312 738 470 772 personae
483 755 490 769 ,
513 729 748 771 cuiuscumque
774 728 1008 762 ecclesiasticae

252 780 415 823 dignitatis
439 782 620 818 existentes,
656 781 810 814 beneficia
842 781 1008 825 hospitalis

252 833 437 867 huiusmodi
472 845 530 878 pro
556 840 700 878 tempore
731 834 928 873 obtinentes,
955 834 1008 867 illa

251 886 374 920 solvere
394 887 527 920 omnino
550 893 758 921 teneanturet
775 887 918 920 adstricti
932 887 1005 925 sint,

251 951 289 973 ac
300 940 392 980 adid,
414 941 509 974 etiam
531 942 590 974 suh
606 941 789 980 sententiis,
813 941 958 974 censuris
979 947 1009 974 et

253 994 365 1037 poenis
385 995 628 1035 ecclesiasticis,
651 1005 688 1028 ac
718 994 813 1033 alias,
836 994 921 1027 iuxta
957 1006 1010 1028 eo-

253 1048 401 1081 rumdem
423 1048 598 1093 privilegia,
626 1047 812 1092 privationis
837 1053 864 1081 et
889 1059 1008 1093 appre-

254 1100 430 1142 hensionis,
452 1101 547 1135 etiam
567 1101 814 1142 beneficiorum,
838 1101 876 1134 ad
894 1112 1009 1135 manus

252 1164 327 1186 suas
336 1154 487 1188 remediis
495 1154 565 1197 cogi
574 1154 706 1197 possint,
716 1154 793 1187 solvi
802 1155 1004 1189 mandamus.

255 1313 438 1354 iuhvorum,
460 1313 620 1358 priorum,
644 1320 892 1359 praeceptorum
914 1322 942 1349 et
960 1316 1007 1349 di-

254 1365 295 1400 cti
328 1366 494 1411 hospitalis
527 1368 642 1402 fratres
677 1369 857 1413 cappellani
892 1381 908 1402 a
929 1381 1008 1415 quo-

253 1429 393 1465 cumque
413 1421 572 1455 catholico
592 1422 744 1463 antistite,
768 1423 826 1455 suh
846 1423 1007 1458 Romanae

252 1473 342 1507 Sedis
362 1474 545 1508 obedientia
573 1475 762 1516 constituto,
790 1487 898 1509 sacros
924 1477 1008 1510 ordi-

251 1537 323 1568 nes,
345 1527 440 1561 etiam
462 1534 549 1562 extra
571 1534 717 1573 tempora
744 1540 760 1561 a
782 1530 851 1563 iure
873 1536 1005 1570 statuta,

251 1580 355 1614 tribus
366 1581 478 1615 diebus
493 1582 622 1623 festivis,
646 1583 822 1626 suscipere,
840 1584 918 1617 etin
939 1585 1008 1628 qui·
1030 1598 1031 1602 ¹

251 1633 376 1674 busvis,
400 1641 464 1668 tam
497 1636 714 1670 saecularium
751 1648 847 1681 quam
883 1639 1009 1681 regula·
1029 1652 1031 1656 ⁴

252 1688 355 1729 rium,
382 1689 542 1742 ecclesiis,
564 1691 686 1734 absque
707 1691 845 1724 alicuius
862 1692 1006 1728 licentia.

252 1741 348 1775 etiam
364 1743 396 1776 in
410 1744 502 1776 altari
523 1744 675 1788 portatili,
688 1745 852 1778 celebrare
866 1752 1005 1789 possent.

297 1795 312 1839 ἓ
331 1796 385 1830 63.
412 1797 476 1830 Nec
500 1797 633 1831 omnino
654 1799 770 1842 aliquis
795 1809 832 1831 ex
854 1799 1006 1841 praedicti

252 1848 421 1894 hospitalis
440 1851 605 1892 fratribus,
628 1852 764 1887 donatis,
786 1852 1006 1889 servitoribus,

251 1903 395 1937 vassallis
412 1910 443 1937 et
462 1905 585 1938 colonis
611 1905 642 1938 in
663 1904 872 1949 prioratibus.
896 1906 1009 1939 baiuli-

251 1956 397 1998 vafibus,
420 1959 640 1995 commendis,
663 1959 832 1995 domibus.
858 1960 1009 1994 membris

252 2016 307 2044 aut
327 2011 398 2045 aliis
420 2013 584 2055 quibusvis
601 2012 776 2052 benefieiis,
793 2013 931 2056 praediis
947 2014 1009 2046 sive

251 2065 404 2108 grangiis,
417 2067 725 2110 quomodocumque
754 2078 770 2099 a
797 2066 882 2099 dicto
902 2066 1009 2112 bospi-

252 2118 307 2150 tali
327 2118 599 2163 dependentibus,
626 2121 657 2154 iu
682 2120 943 2164 quilmscmnque
964 2122 1010 2154 lo-

253 2170 317 2212 cis,
341 2173 401 2205 sub
421 2184 708 2218 quorumcumque
730 2173 986 2218 patriarcharum
1000 2201 1007 2211 ,

252 2224 492 2270 episcoporum,
510 2227 767 2267 universitatum,
791 2227 1008 2271 hospitalium,

251 2283 415 2312 rectorum
442 2280 651 2314 ecclesiarum
674 2280 829 2313 limitibus
859 2286 885 2312 et
919 2281 1010 2315 iuris-

252 2330 391 2366 dictione
419 2333 618 2373 constitutis‚
641 2334 783 2367 decimas
799 2340 852 2367 aut
880 2334 1010 2367 canoni-

253 2390 323 2413 cam
358 2381 541 2425 portionem
577 2393 633 2415 seu
673 2383 872 2416 caritativum
908 2384 1010 2417 subsi-

252 2428 342 2462 dium
375 2436 430 2463 aut
464 2436 595 2475 quartas
628 2437 831 2476 nuncupatas
851 2444 906 2466 seu
932 2432 1010 2465 alias

251 2488 477 2523 quascumque
497 2480 649 2513 collectas
668 2480 716 2512 vel
741 2480 1006 2520 contributiones,

256 2533 321 2560 tam
342 2539 379 2561 ex
399 2529 541 2572 antiquis
562 2539 675 2562 eorum
696 2529 833 2562 culturis
847 2540 943 2573 quam
961 2541 1010 2562 re-

287 2595 300 2621 1
319 2594 375 2621 Hoc
391 2595 545 2622 moderatur
561 2595 642 2621 cone.
659 2595 820 2623 Trid..sess.
837 2603 886 2625 vu,
905 2598 940 2622 De
956 2597 1007 2623 Re-

251 2638 345 2672 fer-nn,
365 2647 424 2675 cap.
439 2641 480 2667 tt.

1051 305 1159 332 center
1176 298 1270 331 cultis
1285 298 1462 334 novalibus.
1475 298 1571 332 alicui
1583 298 1696 341 quovis
1708 299 1804 333 modo

1051 353 1171 385 solvere
1192 357 1339 385 teneatur
1358 379 1364 388 ,
1394 364 1411 384 a
1431 352 1549 395 quibus
1564 351 1715 385 omnihus
1732 363 1803 385 exa-

1051 405 1221 445 ctionibus,
1242 411 1338 448 atque
1359 404 1454 438 etiam
1472 410 1535 437 tam
1548 416 1628 438 novo
1645 405 1802 445 subsidio,

1050 459 1166 492 dilecto
1185 459 1251 492 tilio
1268 465 1376 492 nostro
1393 459 1554 503 Philippo,
1576 459 1803 504 Hispaniarum

1052 512 1135 554 regi,
1159 511 1190 544 in
1211 511 1276 545 suis
1296 512 1403 554 regnis
1425 522 1482 555 per
1501 523 1726 556 quoscumque
1741 512 1804 546 Ro-

1052 575 1163 598 manos
1192 565 1363 598 Pontifices
1392 565 1655 609 praedecessores
1678 570 1805 599 nostros

1051 630 1204 652 concesso
1223 646 1230 659 ‚
1253 630 1350 664 quam
1372 620 1529 652 canonica
1563 619 1714 663 portione
1748 630 1804 653 seu

1050 677 1164 714 quarta
1185 678 1368 716 nuncupata
1392 673 1423 704 in
1444 672 1597 706 Franciae
1615 673 1723 716 regnis
1743 683 1804 707 nu-

1051 736 1108 768 per
1134 726 1302 768 imposita,
1336 736 1463 759 necnon
1497 738 1513 758 a
1541 726 1804 771 quibuscumque

1050 778 1120 811 aliis
1141 780 1358 819 facultatibus,
1396 779 1526 822 regibus
1559 780 1747 814 huiusmodi
1776 787 1807 814 et

1051 832 1120 865 aliis
1132 833 1333 876 principibus
1345 834 1505 866 concessis
1525 834 1572 867 vel
1593 834 1807 868 concedendis

1052 885 1082 918 in
1104 886 1266 923 intumum,
1291 887 1398 919 omnia
1425 887 1502 920 dicti
1528 887 1694 931 hospitalis
1714 888 1805 927 loca,

1053 944 1083 972 ut
1110 940 1303 983 praefertur,
1326 951 1453 974 necnon
1482 941 1693 974 ecclesiarum
1724 952 1805 985 quo-

1051 992 1291 1036 modocumque
1307 1004 1325 1026 a
1345 993 1431 1027 dicto
1448 994 1599 1038 hospitali
1619 995 1805 1039 dependen-

1051 1046 1132 1078 tium
1153 1046 1290 1080 fabricas
1314 1047 1415 1080 libera
1445 1053 1475 1080 et
1502 1047 1637 1088 liberas,
1661 1055 1806 1092 exempta

1028 1142 1030 1147 Ι
1051 1104 1080 1132 et
1101 1106 1276 1144 exemptas,
1294 1101 1379 1134 sicut,
1400 1112 1456 1144 per
1472 1101 1736 1144 praedecessores
1752 1113 1807 1135 no-

1028 1150 1031 1155 ’
1051 1158 1132 1186 stros
1152 1154 1314 1188 Romanos
1333 1154 1504 1188 Pontifices
1523 1154 1633 1195 fuisse,
1653 1156 1693 1187 ita
1710 1156 1806 1189 modo

298 1206 313 1250 ἓ
333 1206 386 1240 62.
417 1207 547 1241 Necnon
577 1207 813 1251 exemptionem
839 1213 869 1241 et
893 1208 1008 1242 libera-
1029 1243 1030 1246 ,

254 1260 374 1295 tionem
395 1260 585 1304 praedictas,
608 1261 650 1294 ita
671 1261 758 1304 quod
779 1261 933 1305 magistri,
954 1262 1008 1295 ba-
1028 1270 1030 1289 ῑ

1051 1218 1120 1240 esse
1139 1207 1344 1241 declaramus
1364 1212 1393 1241 et
1413 1208 1574 1241 volumus.

1097 1262 1111 1304 ,ξ
1131 1260 1184 1294 64.
1213 1261 1372 1295 Addentes
1391 1263 1478 1305 quod
1499 1262 1633 1306 praefati
1655 1262 1806 1306 magister

1050 1320 1081 1348 et
1100 1321 1288 1356 conventus,
1303 1315 1437 1358 priores
1455 1315 1598 1355 baiulivi,
1618 1322 1807 1360 praecepto-

1028 1409 1030 1413 γ
1050 1379 1101 1401 res
1121 1374 1173 1402 aut
1195 1369 1394 1412 quicumque
1414 1369 1466 1401 alii
1488 1380 1525 1402 ex
1545 1368 1621 1403 dicti
1640 1369 1807 1413 hospitalis

1053 1422 1214 1463 fratribus,
1239 1434 1295 1466 per
1315 1433 1540 1466 quoscumque
1568 1423 1716 1456 locorum
1751 1429 1804 1456 aut

1051 1482 1211 1509 terrarum
1233 1476 1393 1514 dominos.
1417 1481 1479 1509 tam
1506 1477 1689 1521 spirituales
1709 1488 1805 1520 quam

1052 1530 1260 1573 temporales,
1275 1530 1369 1563 etiam
1388 1530 1413 1563 si
1430 1530 1528 1573 regali
1550 1530 1704 1574 dignitate
1725 1541 1806 1574 prae-

1052 1584 1205 1626 fulgeant,
1228 1583 1324 1617 etiam
1346 1583 1377 1616 in
1398 1584 1492 1617 terris
1508 1589 1636 1617 sanctae.
1654 1584 1806 1617 Romana·

1050 1636 1211 1669 Ecclesiae
1231 1636 1328 1679 (sicut
1348 1636 1425 1670 alias
1445 1649 1503 1681 per
1523 1649 1596 1671 suas
1623 1637 1698 1670 olim
1727 1638 1807 1670 Pau-

1052 1691 1101 1722 lus
1114 1681 1160 1729 ΠΙ,
1184 1690 1413 1733 praedecessor
1432 1696 1550 1730 noster,
1578 1696 1805 1733 concesserat).

1029 1758 1031 1789 {
1051 1744 1090 1776 ab
1120 1744 1315 1777 extractione
1335 1744 1489 1777 frumenti
1506 1772 1512 1785 ,
1542 1745 1656 1777 hordei
1678 1750 1708 1777 et
1726 1744 1806 1780 vini,

1052 1798 1125 1834 olei,
1148 1798 1350 1841 leguminum
1372 1805 1401 1831 et
1422 1799 1610 1841 qimrumvis
1643 1798 1805 1831 fructuum

1052 1856 1146 1894 atque
1168 1850 1263 1884 etiam
1281 1852 1508 1895 pecuniarum,
1532 1864 1566 1885 ex
1589 1851 1804 1896 prioratibus.

1052 1904 1293 1946 baiulivatibus‚
1317 1905 1526 1945 commendis,
1552 1905 1718 1946 membris,
1754 1906 1808 1938 do-

1052 1958 1169 1999 mibus,
1183 1959 1324 2002 grangiis
1341 1959 1449 1993 aliisve
1466 1960 1623 2004 praedicti
1641 1959 1808 2004 hospitalis

1052 2012 1131 2045 locis
1153 2013 1522 2056 provenientium,nullo
1540 2024 1695 2056 umquam
1712 2012 1808 2046 modo

1052 2065 1202 2110 impediri
1224 2066 1357 2110 possint,
1376 2077 1441 2109 «clito
1463 2067 1571 2099 minus
1587 2066 1730 2110 praefata
1741 2077 1809 2099 om-

1052 2119 1117 2159 nia,
1140 2130 1198 2163 pro
1224 2131 1280 2152 sua
1306 2129 1528 2163 possessorum
1563 2120 1739 2159 voluntate,
1777 2119 1809 2152 in

1052 2184 1277 2217 quaecumque
1299 2173 1443 2206 fidelium
1474 2175 1555 2214 loca,
1583 2174 1622 2206 ab
1647 2173 1735 2206 omni
1756 2186 1810 2217 pr·

1052 2227 1156 2270 dagio‚
1172 2227 1256 2260 datio
1273 2238 1329 2260 seu
1342 2232 1454 2264 tracta,
1467 2238 1548 2270 quae
1565 2226 1696 2267 dicitur,
1709 2226 1809 2260 libera

1052 2286 1078 2313 et
1111 2286 1269 2325 exempta,
1301 2281 1421 2314 valeant
1455 2286 1674 2325 asporture,et
1711 2281 1806 2321 bona,

1052 2334 1146 2367 etiam
1174 2334 1429 2378 patrimonialia,
1458 2333 1621 2377 magistri,
1653 2334 1808 2367 baiulivo-

1053 2399 1137 2427 rum,
1162 2388 1324 2432 priorum,
1348 2394 1596 2432 praeceptorum
1619 2394 1646 2421 et
1673 2388 1806 2421 fratrum

1051 2448 1087 2470 ac
1117 2437 1254 2470 aliarum
1277 2447 1489 2479 personarum
1517 2436 1723 2477 huiusmodi,
1744 2442 1808 2469 tam

1051 2485 1208 2529 acquisita
1228 2496 1326 2529 quam
1351 2486 1383 2518 in
1409 2491 1574 2530 posterum
1595 2485 1807 2529 acquirenda,

1053 2540 1107 2567 aut
1136 2534 1198 2567 illis
1227 2535 1340 2577 quovis
1361 2535 1476 2572 modo,
1498 2535 1594 2569 etiam
1621 2546 1659 2568 ex
1678 2545 1809 2568 conces-

1052 2583 1142 2617 sione
1163 2584 1341 2628 apostolica
1360 2585 1409 2617 vel
1429 2585 1620 2627 magistrali,
1647 2583 1809 2628 pertinen-

1051 2633 1105 2673 tia,
1120 2644 1156 2665 ex
1174 2632 1224 2666 die
1240 2633 1375 2668 emissae.
1390 2644 1449 2676 per
1459 2634 1587 2667 eosdem
1604 2632 1805 2675 magistrum,

1821 245 1869 270 Au.
1886 244 1915 269 C.
1935 244 2005 270 ⁴560

1874 1273 2005 1298 riningas

1822 1305 1946 1325 extrahens
1961 1304 2006 1323 tita-

1822 1337 1853 1357 ὼι,
1862 1336 1996 1362 pecuniane*

1822 1366 1899 1392 absque
1908 1367 1962 1386 §.³22
1971 1368 2007 1386 2:5-

1821 1398 1872 1419 baffi
