2237 3100
261 329 310 356 An.
327 329 357 355 c.
373 321 437 355 ¹567

299 1673 440 1700 tndutgenms

259 1706 341 1726 eisdem
364 1706 440 1731 elai-gi<

260 1741 301 1760 tun

498 316 562 351 549.

453 381 706 415 confessionibus
717 390 796 419 esse,
816 385 846 413 ct
860 380 993 412 verbum
1008 378 1063 412 Dei
1079 379 1200 423 populo

456 435 639 478 praedicare
659 439 801 478 oporteat
816 460 822 473 ,
844 433 930 476 quod
947 433 984 465 de
997 437 1113 470 cetero,
1131 443 1200 475 per-

455 489 559 532 petuis
580 488 694 520 suturis
715 486 926 529 temporibus,
944 485 1016 529 ipsi,
1044 486 1126 519 sieut
1148 485 1199 518 alii

455 542 553 585 quiin
575 540 726 574 strictiori
741 541 891 572 clausura
906 545 1063 583 perpetuo
1084 539 1200 578 vivunt,

454 606 489 628 ac
514 606 585 628 cum
607 594 720 627 ceteris
746 592 837 626 Urbis
857 599 983 627 nostrae
1004 598 1034 626 et
1054 593 1200 637 Neapoli-

455 654 545 680 tanae
563 647 854 691 praedictaru1n,ae
867 647 1002 680 aliarum
1025 647 1198 687 civitatum,

456 707 612 733 terrarum
640 707 667 733 et
697 702 856 738 locorum,
891 701 924 732 in
953 700 1071 743 quibus
1099 700 1201 733 dictae

454 765 567 788 eorum
593 755 759 794 ecelesiae,
796 755 910 787 domus
939 759 968 786 et
989 754 1059 786 loca
1079 760 1150 787 sunt
1173 759 1202 786 et

454 814 548 841 erunt
567 808 806 851 quomodolibet
830 808 860 840 iu
882 808 1039 847 futurum,
1058 807 1202 851 personis

455 861 690 902 ecclesiasticis,
730 867 793 894 tam
832 861 1069 901 saecularibus,
1104 872 1201 905 quam

456 916 671 959 praefatorum
700 921 730 949 et
754 916 892 949 aliorum
918 926 1202 958 quorumcumque

454 969 609 1002 Ordinum
623 970 837 1013 regularibus,
856 969 1147 1013 processionaliter,
1171 969 1201 1001 in

454 1033 566 1056 eorum
593 1023 852 1067 processionibus
872 1022 1010 1066 publicis
1029 1023 1076 1055 vel
1098 1023 1201 1065 priva-

456 1077 504 1117 tis,
531 1078 626 1110 etiam
647 1077 856 1117 solemnibus,
879 1083 933 1110 aut
963 1082 1048 1110 extra
1074 1077 1144 1109 illas
1164 1077 1201 1109 de

457 1141 513 1174 per
545 1142 578 1164 se
612 1131 827 1164 incedendum
854 1131 984 1163 minime
1014 1136 1199 1171 teneantur,

455 1195 513 1217 nec
533 1185 570 1217 ad
592 1185 634 1225 id,
657 1184 780 1218 etiamsi
797 1190 901 1218 certae
922 1196 1077 1229 personae
1093 1184 1202 1217 liuius-

456 1238 553 1277 modi,
577 1244 639 1271 tam
656 1239 693 1271 de
715 1239 783 1271 iure
804 1239 851 1271 vel
872 1244 1000 1279 statuto,
1024 1249 1120 1282 quam
1142 1250 1202 1271 usu

454 1298 484 1324 et
509 1293 759 1331 consuetudine,
794 1303 831 1325 ae
860 1292 938 1324 alias
958 1291 1204 1335 quomodolibet

454 1346 657 1389 astrigantur,
669 1345 767 1385 inviti,
778 1345 898 1389 quavis,
908 1346 1002 1379 etiam
1013 1346 1200 1390 apostolica,

453 1399 641 1432 auctoritato
662 1399 743 1441 cogi,
764 1399 888 1432 moneri
904 1400 952 1431 vel
970 1398 1131 1442 compelli,
1144 1409 1203 1432 uec

455 1459 624 1498 propterea
648 1453 810 1496 aliquibus
835 1453 1058 1487 ecclesiasticis
1079 1459 1203 1486 senten-

455 1506 516 1548 tiis,
538 1507 684 1540 censuris
704 1512 732 1540 et
755 1507 867 1551 poenis
889 1506 1036 1540 innodari
1048 1507 1094 1539 vel
1112 1507 1202 1550 ligari

456 1561 590 1604 possint.

499 1614 513 1658 ξ
536 1615 590 1648 19.
619 1616 661 1648 Ac
691 1614 785 1647 etiam
806 1614 940 1657 singulis
965 1625 1001 1646 ex
1029 1614 1116 1657 ipsis,
1148 1614 1203 1658 qui

456 1675 519 1701 tam
541 1669 571 1701 in
592 1679 705 1701 eorum
736 1668 874 1712 propriis
903 1668 1047 1701 ccelesiis
1068 1674 1098 1701 et
1127 1668 1205 1701 loeis

456 1722 636 1761 existentes,
654 1733 750 1765 quam
773 1723 865 1755 etiam
887 1722 1013 1765 quoties
1033 1733 1068 1755 ac
1089 1734 1203 1766 quam-

457 1777 524 1817 diu,
547 1787 605 1820 pro
617 1776 782 1819 quibusvis
798 1777 893 1809 rebus
914 1776 1204 1813 etcausis,‹.lesuo-

458 1841 528 1863 rum
541 1829 796 1873 congreeationis
805 1829 1011 1872 Regularium
1019 1830 1204 1863 huiusmodi

457 1883 660 1927 superiorum
687 1883 824 1923 lieentia,
846 1883 954 1923 iussu,
978 1883 1204 1916 commissione

458 1938 504 1970 vel
530 1938 692 1977 mandato,
716 1937 854 1981 propriis
873 1938 1017 1971 eeclesiis
1033 1938 1079 1970 vel
1101 1938 1204 1970 domi-

458 1991 517 2024 bus
537 1991 709 2031 abfuerint,
728 1998 756 2024 et
773 1992 810 2024 ad
832 1992 959 2035 quaevis
976 1991 1034 2024 alia
1052 1992 1202 2031 civitates,

458 2045 588 2089 oppida,
616 2050 715 2078 terras
733 2051 762 2078 et
777 2046 846 2077 loca
868 2045 1028 2078 declinare
1050 2051 1080 2078 et
1100 2056 1154 2078 eos
1172 2045 1205 2077 il-

458 2099 499 2131 lic
533 2110 610 2139 esse,
636 2110 672 2131 ac
702 2099 795 2132 etiam
818 2109 1006 2142 permanere
1028 2099 1204 2141 contigerit,

458 2152 788 2195 quadragesimalibus
808 2158 838 2185 et
857 2152 1021 2196 quibusvis
1041 2153 1111 2185 aliis
1130 2152 1205 2185 anni

459 2207 656 2250 temporibus
685 2212 779 2250 atque
804 2206 928 2241 diebus,
951 2206 1124 2238 stationum
1151 2206 1205 2238 ba-

458 2260 620 2293 silicarum
642 2266 671 2293 et
691 2259 899 2293 ecclesiarum
927 2259 1027 2292 dietae
1053 2260 1144 2292 Urbis
1177 2265 1205 2292 et

459 2319 545 2347 extra
580 2314 665 2347 illius
695 2324 815 2353 muros,
848 2319 942 2355 atque
963 2313 1054 2345 dietis
1075 2324 1205 2346 eorum-

460 2367 530 2400 dem
557 2367 814 2410 congregationis
843 2373 872 2400 et
901 2366 970 2399 aliis
995 2367 1205 2409 quibuscum-

460 2432 522 2465 que
542 2421 686 2455 eeclesiis
707 2427 735 2454 et
752 2421 840 2461 locis,
857 2420 991 2463 illasque
1012 2426 1039 2452 et
1063 2419 1112 2452 illa
1134 2420 1205 2452 visi-

461 2475 600 2507 tantibus
646 2485 870 2509 concessarum
910 2473 1204 2516 indulgentiarum,

463 2529 624 2573 propriam
646 2529 812 2562 ecclesiam
848 2527 909 2561 sive
943 2527 1119 2560 oratorium
1154 2534 1207 2560 aut

463 2588 559 2610 unam
580 2578 673 2610 aliam
708 2577 882 2617 civitatum,
913 2576 1119 2620 oppidorum,
1148 2582 1207 2608 ter-

462 2637 570 2659 rarum
596 2633 623 2659 et
644 2628 803 2667 locorum,
826 2627 865 2659 ad
885 2636 979 2669 quac,
1001 2631 1033 2658 ut
1057 2626 1206 2668 praemit-

462 2676 550 2717 titur,
571 2676 796 2709 declinaverint
823 2681 852 2708 et
876 2675 930 2708 ubi
960 2673 1205 2718 permanserint,

461 2732 516 2760 aut
546 2726 577 2759 in
607 2725 651 2759 eis
675 2725 818 2769 quinque
845 2725 892 2757 vel
926 2728 1075 2768 quatuor,
1111 2722 1134 2754 si
1164 2728 1207 2755 tot

1045 324 1222 349 BULLARIUM
1246 324 1395 349 ROMANUM

1242 382 1358 417 extent,
1385 382 1440 409 aut
1470 377 1622 420 pauciora
1646 377 1756 411 altaria
1785 378 1896 411 devote
1907 364 1990 411 evisi-

1242 431 1349 471 tando,
1362 437 1391 463 et
1412 431 1508 463 semel
1522 431 1601 474 psal.
1616 431 1775 470 Miserere,
1789 437 1848 465 etc.
1867 437 1897 464 et
1914 431 1991 464 Ora-

1244 484 1361 517 tionem
1393 483 1591 517 Dominicam
1617 489 1647 516 et
1667 484 1897 517 Salutationem
1928 485 1990 517 An-

1242 538 1376 578 eelicam
1399 543 1427 570 et
1453 538 1638 581 Symbolum
1673 539 1911 581 Apostolorum,
1934 549 1992 582 pro

1244 591 1326 624 felici
1344 596 1425 623 statu
1447 597 1475 623 et
1493 591 1733 624 conservatione
1754 591 1918 625 militantis
1932 592 1991 625 Ec-

1243 644 1357 677 clesiae
1379 649 1409 677 et
1428 645 1618 677 exaltatione
1635 644 1708 677 fidei
1731 644 1919 685 catholicae,
1936 655 1993 678 no-

1244 704 1307 730 stra
1333 709 1463 742 quoque
1494 703 1521 731 et
1554 708 1776 731 successorum
1807 703 1993 731 nostrorum

1243 752 1464 785 Romanorum
1492 752 1685 785 Pontificum
1711 762 1993 795 quorumcumque

1243 806 1455 849 prosperitate
1477 805 1652 846 recitando,
1675 816 1787 839 omnes
1807 811 1837 839 et
1853 806 1994 849 singulas

1245 859 1459 902 indulgentias
1491 865 1518 892 et
1554 865 1760 903 peccatorum
1791 859 1994 893 remissiones

1243 912 1442 946 visitantibus
1460 913 1608 946 basilicas
1624 919 1651 946 et
1669 913 1746 946 alias
1762 914 1922 957 praefatae
1938 913 1994 946 Ur-

1244 966 1291 999 bis
1311 972 1339 999 et
1359 973 1445 1000 extra
1466 967 1551 999 illius
1571 978 1682 999 muros
1697 967 1735 999 ad
1758 967 1789 999 id
1813 967 1992 1010 deputatas,

1244 1030 1280 1052 ac
1319 1019 1463 1063 ipsorum
1496 1021 1754 1064 congregationis
1792 1026 1822 1053 et
1855 1020 1992 1054 aliorum

1244 1085 1540 1118 quormncumspie,
1564 1080 1626 1107 tam
1646 1075 1677 1107 in
1698 1075 1782 1107 Urbe
1799 1080 1829 1108 et
1843 1075 1993 1119 Neapoli-

1245 1133 1316 1160 tana
1332 1140 1428 1172 quam
1445 1128 1515 1161 aliis
1536 1128 1724 1169 civitatibus,
1746 1128 1850 1170 terris,
1869 1128 1996 1173 oppidis

1244 1187 1271 1214 et
1294 1182 1371 1215 loeis
1397 1183 1482 1223 sitas,
1505 1183 1656 1216 ecclesias
1670 1182 1870 1216 visitantibus
1884 1209 1894 1223 ,
1918 1193 1995 1216 con-

1244 1246 1348 1268 cessas
1373 1241 1624 1280 consequantur,
1653 1247 1732 1279 quas
1758 1246 1995 1280 consequeren-

1245 1294 1296 1321 tur
1315 1295 1343 1321 et
1366 1290 1519 1333 consequi
1541 1295 1668 1333 possent
1698 1289 1722 1323 si
1753 1290 1887 1333 singulis
1916 1295 1996 1323 tem-

1246 1342 1377 1385 poribus
1397 1349 1426 1376 et
1448 1343 1561 1376 diebus
1585 1343 1778 1387 supradictis
1798 1343 1946 1376 basilicas
1967 1349 1997 1377 et

1245 1396 1321 1429 alias
1342 1397 1434 1430 Urbis
1455 1398 1636 1441 praedictae
1656 1409 1692 1431 ac
1708 1403 1796 1431 extra
1816 1397 1902 1431 illius
1927 1408 1997 1430 mu-

1245 1461 1307 1489 ros,
1328 1461 1453 1484 necnon
1472 1451 1502 1483 in
1523 1451 1731 1495 Neapolitana
1747 1456 1774 1484 et
1798 1437 1868 1484 a'liis
1887 1451 1995 1485 eivita-

1245 1504 1339 1545 tibus,
1363 1504 1501 1549 oppidis,
1520 1504 1601 1537 villis
1613 1510 1643 1538 et
1663 1504 1741 1538 locis
1754 1505 1902 1549 praefatis
1922 1505 1996 1538 sitas

1246 1558 1396 1591 eeclesias
1417 1558 1629 1602 personaliter
1656 1558 1831 1599 visitarent,
1863 1570 1899 1592 ac
1925 1570 1995 1592 om-

1246 1613 1298 1645 nia
1316 1618 1343 1645 et
1365 1613 1502 1655 singula,
1520 1624 1615 1656 quae,
1647 1623 1704 1656 pro
1732 1612 1919 1646 huiusmodi
1946 1612 1996 1646 in-

1246 1666 1416 1708 dulgentiis
1432 1666 1677 1710 consequendis,
1691 1666 1934 1710 quomodolibet
1949 1677 1997 1700 re·

1246 1719 1430 1763 quiruntur,
1471 1720 1695 1763 adimplerent,
1732 1719 1908 1764 apostolica
1937 1731 1995 1752 au-

1247 1773 1392 1806 ctoritate
1419 1773 1590 1816 praedicta,
1619 1773 1828 1806 concedimus
1843 1778 1874 1806 et
1888 1773 1995 1806 indul-

1246 1838 1369 1869 gemus,
1405 1838 1441 1859 ac
1462 1827 1555 1860 etiam
1587 1832 1742 1871 perpetuo
1776 1825 1947 1860 statuimus
1967 1832 1995 1860 et

1247 1881 1445 1914 ordinamus.

1290 1935 1305 1976 ξ
1329 1935 1382 1967 20.
1405 1935 1618 1967 Deeernentes
1654 1940 1838 1978 praesentes
1872 1940 1997 1967 nostras

1247 1989 1366 2024 literas,
1384 2000 1465 2032 quae
1482 1989 1520 2021 ad
1533 1989 1660 2032 plenam
1677 1988 1900 2032 probationem
1918 1999 1998 2032 prae-

1248 2042 1416 2075 missorum
1448 2042 1592 2075 omnium
1619 2048 1649 2075 et
1669 2042 1884 2085 singulorum,
1903 2042 1944 2075 ita
1962 2047 1997 2075 ut

1248 2097 1335 2129 nulla
1357 2096 1501 2140 probatio
1523 2096 1555 2128 in
1579 2096 1777 2128 contrarium
1798 2096 1995 2136 adn‘tittatur,

1249 2150 1418 2187 sufficiant,
1447 2161 1504 2182 uec
1533 2150 1571 2182 ad
1594 2149 1623 2181 id
1645 2149 1778 2182 alterius
1798 2149 1997 2194 probationis

1247 2203 1481 2236 adminiculum
1504 2201 1623 2245 requiri
1658 2202 1781 2242 debeat,
1815 2213 1852 2235 ac
1885 2203 1996 2236 eadem

1249 2257 1419 2300 praemissa
1461 2268 1517 2288 seu
1547 2267 1660 2289 eorum
1688 2255 1807 2299 aliqua*
1821 2256 1858 2289 de
1883 2256 1995 2289 subre-

1249 2311 1365 2354 ptionis
1380 2312 1425 2343 vel
1444 2310 1641 2354 obreptionis
1665 2316 1718 2343 aut
1740 2310 1893 2343 nullitatis
1911 2309 1995 2350 vitio,

1248 2377 1304 2397 seu
1325 2365 1510 2398 intentionis
1530 2371 1656 2397 nostrae
1677 2364 1800 2397 defectu
1818 2363 1919 2396 notari
1939 2374 1993 2396 seu

1250 2418 1430 2461 impugnari
1456 2428 1518 2450 nou
1542 2429 1642 2460 posse,
1664 2418 1717 2450 sed
1739 2427 1864 2460 semper
1894 2416 1994 2449 valida

1249 2477 1275 2503 et
1299 2472 1438 2504 etticacia
1460 2471 1604 2504 ‹fxistei-e:
1627 2482 1662 2503 ae
1681 2471 1798 2503 eisdem
1819 2481 1994 2513 congrega-

1250 2524 1326 2557 tioni
1344 2531 1373 2558 et,
1390 2525 1474 2557 illius
1495 2525 1706 2567 Regularibus
1726 2524 1856 2556 Clericis
1876 2529 1906 2556 et
1925 2524 1996 2556 aliis

1251 2573 1393 2617 personis
1419 2573 1606 2616 suffragari,
1628 2579 1658 2606 et
1682 2573 1740 2605 sub
1765 2572 1877 2613 nullis,
1900 2573 1993 2605 etiam

1250 2628 1350 2656 totum
1368 2624 1554 2655 earmmlem
1573 2622 1787 2665 praesentium
1804 2627 1947 2654 tenorem
1965 2622 1994 2654 in

1251 2683 1282 2705 sc
1304 2671 1554 2712 continentibus,
1574 2670 1838 2709 revocationibus,
1861 2681 1995 2714 suspen-

1251 2721 1406 2761 sionibus,
1429 2720 1699 2763 derogationibus,
1721 2725 1773 2752 aut
1791 2719 1861 2753 aliis
1883 2719 1996 2753 altera-

2006 319 2054 351 An.
2072 323 2102 351 c.
2120 315 2188 351 156¹?

2010 1950 2119 1971 Clausulas
2135 1955 2195 1976 prae<

2011 1982 2128 2002 servatius
2147 1981 2194 2002 hutt-

2012 2012 2081 2033 bullae
2099 2014 2193 2040 apponit.
