2237 3100
35 301 83 328 Αιι.
105 300 134 328 C.
149 302 215 329 ¹362

96 1909 211 1930 Advocatio

29 1946 136 1962 causarum
165 1947 211 1961 mo-

29 1973 115 1993 nasterii
127 1977 169 1992 non
181 1972 213 1991 in-

29 2006 153 2024 structarum
175 2008 213 2023 co-

29 2040 72 2055 ram
82 2040 213 2062 quocumque

30 2065 97 2086 iudice
126 2069 214 2086 verten-

30 2098 79 2118 tium
103 2103 148 2118 cum
167 2098 214 2124 qui-

29 2127 155 2155 buscumque
190 2134 214 2148 e-

30 2159 78 2180 tiam
96 2159 215 2187 privilegia-

909 298 976 323 puts
995 298 1026 322 tv
1044 297 1092 321 PP.

228 353 359 387 titarum
383 352 422 386 de
442 352 539 393 Urbe,
570 353 720 398 illiusque
747 353 913 389 moniales,
945 354 985 385 ob

229 407 299 440 lites
314 412 344 440 et
355 407 558 451 quaestiones
570 408 687 451 quibus
698 408 737 441 ad
755 408 876 441 diversa
892 407 985 440 Urbis

229 460 424 501 tribunalia,
454 462 623 495 occasione
647 462 809 495 bonorum
840 462 985 495 meretri-

230 525 303 548 cum
316 514 488 547 curialium
502 521 528 547 et
547 515 682 548 aliarum
701 525 985 558 quarumcumque

228 568 404 601 mulierum
425 568 626 601 inhonestam
653 569 746 601 vitam
773 568 934 611 agentium
956 573 984 600 ct

228 622 267 654 ab
279 621 427 655 intestato
443 622 682 664 decedentium,
696 633 751 655 seu
765 633 846 666 quae
866 622 984 655 eisdem

228 675 435 715 monialibus,
458 675 542 708 iuxta
564 676 700 709 sormam
725 676 985 709 selicisrecorda-

228 729 324 762 tionis
344 729 458 762 Leonis
477 729 581 773 Papae
599 730 624 762 X
642 735 668 762 et
692 730 829 763 aliorum
850 729 985 773 praede-

229 793 394 817 cessorum
415 789 613 825 nostrorum,
633 788 756 827 partem
769 784 908 816 debitam
920 794 986 816 non

228 836 414 869 donaverint
435 837 482 869 vel
502 837 702 880 reliquerint,
718 838 765 870 vel
786 837 863 870 alias
884 837 985 870 dictae

227 889 335 923 bullae
364 901 429 923 non
459 890 690 929 satisfecerint,
713 902 748 924 ac
774 891 982 930 locationum,

227 953 396 981 censuum,
424 943 647 982 donationum,
675 935 921 983 haereditatum,
944 944 987 976 le-

227 1003 375 1040 gatorum
407 1001 437 1030 et
475 997 674 1031 diversarum
696 998 832 1030 aliarum
858 1008 982 1037 rerum,

226 1055 290 1083 tam
312 1050 344 1082 in
369 1050 493 1093 agendo
513 1062 610 1094 quam
638 1051 850 1088 defendendo,
879 1051 983 1094 ipsum

228 1103 459 1137 monasterium
495 1110 746 1144 concernentes,
771 1109 799 1137 et
829 1104 868 1137 ad
904 1103 985 1136 illud

226 1167 262 1190 ac
288 1157 357 1190 eius
377 1156 534 1191 moniales
553 1158 732 1202 praedictas
752 1158 864 1200 quovis
888 1157 984 1190 modo

225 1215 416 1254 spectantes,
439 1211 556 1254 iugiter
575 1211 758 1255 implicatae
788 1211 922 1244 existant
956 1216 984 1243 et

225 1265 467 1308 quamplurima
492 1265 608 1298 damna
638 1270 667 1297 et
696 1265 903 1297 incommoda
931 1276 986 1309 pa-

225 1317 357 1360 tiantur,
376 1329 411 1351 ac
433 1318 596 1362 impensae
617 1318 681 1351 litis
692 1318 847 1358 valorem,
865 1319 903 1351 de
921 1330 984 1362 qua

226 1381 285 1414 pro
310 1376 456 1415 tempore
472 1371 590 1415 agitur,
612 1382 847 1416 saepenumero
868 1383 986 1416 exupe-

225 1434 309 1465 rare,
327 1430 434 1469 atque,
446 1430 579 1469 propter
594 1425 779 1458 huiusmodi
797 1425 983 1459 diuturnam

226 1478 432 1521 pendentiam
455 1484 485 1512 et
505 1478 635 1511 illarum
661 1478 871 1522 expeditionis
891 1479 985 1513 tardi-

225 1535 323 1565 tatem
337 1558 344 1572 ,
374 1532 481 1576 ipsum
515 1531 747 1565 monasterium
785 1543 802 1565 a
836 1533 985 1576 plurimis

226 1584 317 1618 annis
327 1585 405 1618 citra
417 1585 526 1618 multis
538 1585 652 1618 debitis
667 1585 846 1619 involutum
859 1586 984 1627 existat,

226 1637 268 1671 ita
289 1643 323 1670 ut
342 1638 391 1671 vix
411 1638 450 1671 ab
471 1639 516 1672 eis
537 1638 635 1682 possit
660 1638 824 1682 explicari,
852 1645 905 1672 aut
927 1641 984 1673 ha-

225 1690 302 1724 bere
329 1692 415 1725 unde
444 1692 531 1725 illius
551 1703 648 1725 onera
670 1697 699 1725 et
730 1691 888 1725 dictarum
920 1705 985 1727 mo-

226 1744 361 1778 nialium
373 1745 526 1779 alimenta
542 1745 742 1789 proveniant,
761 1746 821 1778 nisi
838 1747 876 1779 de
889 1747 984 1779 celeri

227 1804 258 1831 et
278 1805 463 1843 opportuno
489 1799 633 1832 remedio
660 1799 875 1843 provideatur.

271 1853 286 1896 ἓ
315 1853 346 1885 l.
370 1853 443 1893 Nos,
469 1854 701 1887 monasterium
728 1853 984 1887 Convertitarum

227 1906 477 1950 praedictarum,
502 1907 532 1939 in
554 1918 617 1950 quo
644 1907 796 1940 mulieres
817 1908 923 1940 carnis
947 1908 984 1940 li-

228 1959 375 1993 bidinum
387 1966 417 1993 et.
438 1961 622 1994 licentiosae
634 1961 713 1993 vitae
730 1966 821 1993 antea
840 1967 985 2001 assuetre,

229 2013 391 2046 caritative
416 2014 630 2058 recipiuntur,
653 2019 681 2046 et
704 2014 735 2046 in
756 2014 839 2046 viam
859 2013 986 2047 Domini

230 2065 426 2110 diriguntur,
449 2078 627 2110 earumque
645 2072 673 2100 et
691 2067 761 2099 illas
781 2067 985 2109 sequentium

230 2119 412 2153 animarum
441 2126 569 2154 aeterna
600 2121 686 2153 salus
715 2126 858 2163 paratur,
881 2125 985 2153 tanto-

230 2184 293 2217 que
318 2173 487 2218 hospitalia
515 2179 546 2207 et
569 2174 631 2206 alia
652 2174 704 2217 pia
729 2174 797 2207 loca
819 2173 850 2205 in
869 2173 987 2216 quihus

229 2226 346 2260 Christi
367 2238 538 2271 paupereS,
562 2233 625 2260 tam
647 2226 767 2259 infirmi
784 2237 879 2270 qnam
898 2227 985 2267 alias,

229 2280 442 2323 recipiuntur,
469 2281 601 2314 aluntur
622 2285 650 2313 et
669 2280 911 2323 cooperiuntur,
933 2291 985 2314 ex-

229 2334 346 2367 cellere
362 2340 482 2378 quanto
503 2335 628 2367 animae
650 2339 680 2366 et
700 2345 819 2378 corpus
831 2339 859 2367 et
881 2340 986 2367 cetera

231 2392 357 2421 terrena
377 2389 594 2425 antecellunt:
617 2399 652 2420 ar
679 2398 790 2420 earum
812 2393 985 2431 pauperta-

229 2440 314 2474 tibus
343 2447 374 2475 et
407 2441 670 2475 indemnitatilms
704 2446 836 2484 paterna
871 2441 986 2484 pietate

1675 286 1739 320 173

1027 362 1076 384 sas
1093 351 1175 385 inter
1191 351 1312 385 dictum
1330 350 1561 384 monasterium
1582 354 1612 383 et
1627 349 1783 383 moniales

1027 406 1206 448 praedictas
1239 406 1301 439 sive
1335 416 1445 439 earum
1481 405 1713 448 gubernatores
1745 415 1782 437 ac

1028 465 1254 502 procuratores
1283 466 1314 494 ct
1342 465 1471 504 agentes
1501 465 1531 493 et
1559 470 1782 503 quascumque

1027 513 1116 553 alias,
1134 515 1228 547 etiam
1241 515 1431 557 singulares,
1446 524 1610 558 personas,
1635 513 1780 556 collegia,

1028 568 1259 609 universitates,
1282 569 1459 608 societates,
1472 568 1566 601 etiam
1588 567 1640 612 pia
1656 572 1686 599 et
1707 566 1782 599 reli-

1027 620 1114 662 giosa
1135 622 1215 662 loca,
1247 622 1483 666 cuiuscumque
1512 626 1623 661 status,
1650 620 1780 663 gradus,

1028 674 1150 707 ordinis
1166 681 1195 708 et
1215 676 1387 719 qualitatis,
1406 674 1619 719 privilegiatas
1639 679 1669 707 et
1686 674 1781 718 privi-

1028 727 1154 770 legiata.
1183 736 1246 762 tam
1262 741 1371 763 eoram
1392 734 1518 762 sanctae
1539 729 1702 762 Romanae
1722 728 1782 762 Ec-

1028 782 1143 815 clesiae
1174 783 1374 822 camerario,
1405 793 1533 816 necnon
1572 783 1719 816 auditore
1753 787 1783 815 et

1027 836 1230 879 praesidente
1256 848 1292 869 ac
1318 836 1443 869 clericis
1468 836 1620 869 Gamerae
1649 837 1783 880 Aposto-

1028 888 1108 923 licae
1137 900 1264 922 necnon
1288 889 1408 922 vicario
1438 895 1468 922 et
1498 890 1713 932 gubernatore
1747 900 1784 923 ac

1028 948 1173 976 senatore
1198 943 1301 983 Urbis,
1323 944 1556 987 capitaneoque
1577 948 1607 976 et
1622 943 1691 977 aliis
1711 944 1783 988 qui-

1026 996 1229 1039 buscumque
1251 996 1431 1036 iudicibus,
1454 996 1626 1029 ordinariis
1646 1003 1676 1030 et
1696 997 1783 1031 dele-

1026 1049 1117 1090 gatis,
1148 1050 1243 1082 etiam
1273 1060 1444 1082 causarum
1473 1049 1584 1082 Palatii
1609 1051 1782 1093 Apostolici

1027 1102 1240 1143 auditoribus,
1260 1114 1295 1136 ac
1308 1108 1435 1136 sanctae
1446 1102 1609 1136 Romanae
1621 1104 1782 1138 Ecclesiae

1027 1156 1244 1197 cardinalibus
1273 1167 1360 1189 nunc
1389 1162 1419 1189 et
1447 1167 1507 1200 pro
1541 1162 1687 1200 tempore
1716 1158 1781 1191 exi—

1026 1210 1193 1251 stentibus,
1204 1210 1373 1243 occasione
1384 1220 1669 1253 quorumcumque
1680 1211 1783 1244 bono-

1026 1273 1099 1295 rum
1125 1269 1155 1295 et
1176 1274 1285 1296 rerum
1307 1263 1529 1307 supradictum
1551 1268 1783 1297 monasterium

1027 1321 1055 1349 et
1076 1315 1162 1349 illius
1182 1317 1338 1350 moniales
1354 1322 1381 1349 et
1403 1317 1483 1349 alios
1505 1316 1697 1360 praedictos,
1719 1323 1783 1351 tam

1026 1369 1224 1403 coniunctim
1255 1381 1351 1413 quam
1378 1369 1514 1409 divisim,
1542 1380 1578 1403 ac
1599 1375 1663 1403 tam
1684 1371 1783 1404 active

1026 1434 1123 1467 quam
1144 1424 1266 1468 passive
1288 1422 1566 1463 concernentium,
1583 1430 1614 1457 et
1635 1423 1674 1456 ad
1689 1434 1783 1468 prae-

1027 1477 1147 1510 dictum
1178 1477 1410 1510 monasterium
1432 1481 1463 1509 et
1495 1476 1651 1510 moniales
1676 1477 1785 1511 huius·

1027 1531 1113 1563 modi
1133 1530 1387 1574 quomodolibet,
1408 1535 1438 1563 et
1465 1529 1503 1562 de
1524 1530 1677 1563 interesse
1698 1530 1783 1575 ipsa-

1027 1595 1098 1618 rum
1120 1584 1428 1627 quomodocumque
1452 1589 1481 1616 et
1502 1583 1784 1627 qualitercumque

1027 1648 1183 1681 apparere
1197 1637 1293 1681 possit
1307 1636 1542 1681 spectantium,
1569 1636 1600 1669 in
1625 1647 1784 1680 quaeum-

1027 1702 1090 1734 que
1112 1691 1260 1723 instantia
1273 1690 1450 1727 interillos,
1465 1699 1591 1723 necnon
1603 1690 1664 1723 alia
1683 1701 1784 1734 aeque

1027 1746 1074 1778 vel
1093 1745 1193 1787 magis
1213 1744 1265 1788 pia
1282 1744 1363 1781 loca,
1387 1743 1621 1783 universitates,
1636 1744 1782 1788 collegia,

1027 1798 1335 1842 quomodocumque
1357 1796 1566 1841 privilegiata,
1589 1797 1711 1838 viduas,
1729 1809 1786 1842 pu-

1028 1852 1122 1896 pillos
1147 1856 1177 1884 et
1205 1851 1282 1883 alias
1301 1861 1468 1895 personas,
1497 1851 1591 1883 etiam
1613 1856 1785 1894 exemptas,

1028 1905 1215 1949 pendentes,
1229 1904 1464 1947 cuiuscumque
1476 1903 1649 1947 qualitatis,
1673 1909 1782 1941 status,

1028 1958 1151 1991 ordinis
1165 1958 1214 1991 vel
1235 1957 1427 1991 conditionis
1448 1962 1475 1990 et
1497 1962 1631 1990 naturae
1652 1957 1786 1990 existen-

1028 2018 1085 2049 tes,
1108 2012 1203 2044 etiam
1235 2012 1372 2044 maiores
1406 2011 1577 2054 expressis,
1610 2011 1643 2043 in
1673 2011 1784 2044 eodem

1028 2070 1109 2098 statu
1136 2071 1166 2098 et
1191 2065 1348 2105 terminis,
1376 2065 1407 2097 in
1432 2064 1550 2108 quibus
1577 2064 1787 2108 reperiuntur

1027 2119 1217 2162 (dummodo
1252 2119 1426 2151 instructae
1447 2129 1511 2151 non
1533 2118 1619 2161 sint),
1642 2124 1697 2151 aut
1716 2118 1787 2151 illas

1028 2184 1063 2205 ac
1085 2183 1197 2205 omnes
1216 2172 1294 2206 alias
1314 2178 1341 2205 et
1364 2172 1506 2214 singulas
1526 2173 1564 2205 de
1581 2177 1688 2205 cetero
1704 2172 1788 2205 inter

1029 2227 1259 2259 monasterium
1273 2232 1300 2259 et
1315 2226 1471 2259 moniales
1486 2225 1685 2266 huiusmodi,
1700 2225 1787 2258 illius

1027 2279 1272 2323 gubernatores,
1299 2284 1529 2324 procuratores
1549 2284 1577 2312 et
1600 2284 1730 2322 agentes
1750 2289 1786 2312 ac

1028 2333 1232 2376 supradictos
1252 2339 1282 2366 et
1303 2333 1381 2366 alios
1398 2343 1622 2376 quoscumque
1647 2343 1786 2376 quomo-

1028 2386 1160 2425 dolibet,
1190 2392 1254 2420 tam
1276 2387 1375 2420 active
1394 2398 1491 2430 quam
1512 2386 1634 2430 passive
1655 2397 1786 2419 moven-

1028 2440 1093 2480 das,
1114 2441 1229 2474 harum
1256 2441 1337 2474 serie
1357 2441 1560 2474 advocamus.

1798 296 1849 322 An.
1867 296 1896 324 C.
1916 294 1983 323 ¹562

230 2490 445 2524 favorabiliter
456 2491 638 2527 consulere3
657 2495 684 2522 et
703 2495 734 2522 ut
749 2490 787 2522 ab
799 2490 985 2523 huiusmodi

229 2538 407 2583 dispendiis
418 2545 448 2572 et
463 2539 610 2584 expensis
639 2538 856 2581 quantocitius
877 2540 985 2572 suble-

230 2594 344 2621 ventur
381 2589 550 2633 providere
581 2589 731 2625 volentes,
765 2593 853 2620 motu
890 2589 985 2621 simili

230 2643 261 2671 et
276 2639 314 2671 de
335 2643 421 2671 certa
437 2638 579 2679 scientia,
600 2649 636 2670 ac
657 2638 695 2670 de
716 2638 909 2681 apostolicae
927 2648 985 2681 po-

230 2687 349 2720 testatis
359 2687 571 2730 plenitudine,
583 2697 696 2720 omnes
711 2691 739 2720 et
753 2686 896 2729 singulas
911 2697 987 2720 cau-

1072 2490 1086 2532 g
1111 2489 1142 2522 2.
1174 2490 1218 2522 Ac
1247 2489 1463 2523 venerabilem
1484 2490 1615 2522 fratrem
1637 2491 1783 2522 nostrum
1827 2500 1937 2526 Deputatio
1963 2503 1983 2521 οι

1028 2539 1200 2579 loannem,
1232 2539 1423 2583 episcopum
1453 2539 1683 2579 Sabinensem,
1711 2549 1784 2571 san·
1799 2530 1985 2582 ss‘}{¹¹¹¹²¹d⁹,{,{¹r¹[}{,}

1028 2592 1096 2620 ctae
1132 2588 1293 2621 Romanae
1320 2588 1479 2621 Ecclesiae
1501 2588 1696 2621 cardinalem
1718 2588 1783 2620 Mo-
1799 2598 1913 2628 caus-runi
1963 2596 1984 2613 et

1028 2646 1144 2669 ronum
1170 2642 1414 2680 nuncupatum,
1434 2637 1626 2670 modernum
1661 2641 1691 2669 et
1725 2646 1783 2679 pro
1798 2626 1926 2675 ffiffiffffm
1941 2629 1986 2644 '²¹⁰'

1027 2691 1172 2729 ῙΕΙΠΡΟΓΕ
1197 2686 1384 2720 existentem
1419 2692 1635 2729 ρΙῸὶΘΟῐΟΓΘῙὙΙ
1670 2694 1781 2717 mona-
