2237 3100
0 318 40 345 tn.
57 317 85 345 C.
105 316 171 344 1562

19 970 128 991 clausulae
143 969 177 990 de-

0 1002 118 1027 egamriae.

857 313 924 338 PIUS
948 313 979 337 IV
1003 313 1050 337 PP.

1617 301 1679 336 197

187 367 297 411 quavis
316 366 504 400 auctoritate
532 367 717 411 fungenteS,
747 368 840 401 etiam
863 379 937 400 cau-
978 365 1111 398 indultis
1133 369 1162 397 et
1182 364 1283 398 literis
1310 364 1504 409 apostolicis,
1526 364 1730 408 generalibus

187 432 295 455 sarum
311 421 420 454 Palatii
437 421 608 465 Apostolici
626 421 787 455 auditores
803 433 839 455 ac
856 421 938 455 eius-

188 475 260 508 dem
280 480 407 508 sanctae
426 475 589 509 Romanae
609 475 769 508 Ecclesiae
790 475 936 508 cardina-

187 529 244 570 les,
267 528 391 562 sublata
411 529 456 562 eis
476 535 506 563 et
526 541 639 563 eorum
671 529 801 563 cuilibet
827 528 937 572 quavis

188 582 281 616 aliter
302 583 465 616 iudicandi
486 589 516 616 et
536 583 767 628 interpretandi
787 583 937 615 facultate

188 642 219 670 et
238 637 439 679 auctoritate,
462 637 596 671 iudicari
618 644 648 671 et
663 636 789 673 definiri
806 636 935 672 debere,

188 690 315 723 irritum
351 701 480 735 quoque
501 697 531 724 et
551 692 644 724 inane
669 690 825 734 quidquid
846 700 938 722 secus

189 755 287 789 super
306 744 355 777 his
375 756 393 777 a
412 755 589 788 quoquam,
602 744 711 788 quavis
735 743 936 781 auctoritate,

188 798 325 833 scienter
348 800 397 833 vel
422 799 628 842 ignoranter,
651 798 818 842 contigerit
837 802 938 830 atten-

188 853 259 886 tari.

234 907 249 951 ἓ
268 907 322 941 ⁶28.
348 908 417 941 Non
438 908 638 941 obstantibus
658 906 941 941 constitutionibus

192 965 223 994 et
246 961 504 995 ordinationibus
537 961 737 1005 apostolicis,
770 960 941 1004 privilegiis

193 1026 322 1059 quoque
343 1021 373 1049 et
396 1016 527 1049 indultis
554 1016 656 1049 eidem
688 1015 801 1048 maiori
830 1014 941 1058 poeni-

194 1069 341 1103 tentiario
362 1081 398 1103 ac
424 1070 493 1103 eius
518 1070 644 1110 ofticio,
680 1069 774 1102 etiam
805 1069 836 1101 in
857 1069 942 1103 illius

194 1124 356 1157 erectione
377 1129 407 1157 et
426 1124 636 1164 institutione,
660 1123 755 1157 etiam
769 1128 857 1156 motu
870 1135 943 1167 pro-

192 1177 281 1221 prio,
312 1177 576 1211 consistorialiter
604 1188 640 1210 ac
661 1178 699 1210 de
720 1178 855 1209 fratrum
891 1189 943 1211 eo-

192 1231 330 1264 rundem
351 1230 485 1264 consilio
506 1236 537 1264 et
561 1242 705 1270 assensn,
729 1231 788 1264 sub
809 1231 943 1274 quibus-

194 1295 334 1328 cumque
354 1285 520 1318 tenoribus
536 1289 566 1317 et
585 1285 708 1325 formis,
731 1295 768 1317 ac
785 1296 858 1317 cum
875 1285 944 1329 qui-

193 1337 300 1372 busvis
321 1338 474 1372 clausulis
494 1343 524 1371 et
543 1338 691 1377 decretis,
706 1338 738 1371 in
759 1349 876 1381 genere
897 1339 944 1371 vel

194 1391 226 1425 in
259 1392 364 1437 specie
385 1398 415 1426 et
444 1392 522 1425 alias
556 1393 818 1435 quomodolibet,
849 1393 942 1426 etiam

195 1457 253 1491 per
285 1446 386 1480 felicis
418 1446 649 1480 recordationis
682 1446 862 1489 Eugenium
895 1447 942 1487 IV,

195 1500 318 1533 Sixtum
339 1500 434 1533 etiam
459 1500 495 1533 IV
517 1505 547 1533 et
578 1500 715 1533 Paulum
736 1500 775 1532 Ill
809 1511 846 1533 ac
867 1500 946 1533 alios

197 1564 420 1598 quoscumque
441 1553 602 1586 Romanos
622 1553 793 1587 Pontifices
814 1553 948 1597 praede-

197 1617 342 1640 cessores
362 1612 489 1640 nostros
509 1618 545 1639 ac
566 1607 661 1639 etiam
688 1617 746 1640 nos
773 1607 944 1646 concessis,

197 1661 383 1706 approbatis
417 1666 447 1694 et
481 1660 653 1701 innovatis,
681 1672 717 1694 ac
747 1661 884 1693 decretis
919 1666 948 1693 et

197 1715 343 1749 censuris
363 1715 395 1747 in
416 1715 478 1748 illis
500 1715 666 1758 appositis.
696 1715 819 1754 Quibus
844 1716 948 1748 omni-

196 1769 269 1811 hus,
291 1769 384 1802 etiam
400 1769 443 1810 si,
467 1780 525 1813 pro
556 1768 685 1802 illorum
708 1769 877 1802 sufficienti
898 1770 949 1801 de-

198 1823 375 1866 rogatione,
406 1823 445 1856 de
466 1823 527 1856 illis
548 1834 728 1866 eorumque
755 1822 829 1855 totis
857 1828 947 1855 teno-

198 1878 288 1911 ribus
307 1877 465 1922 specialis,
489 1877 649 1921 specifica,
672 1877 834 1910 individua
856 1884 885 1911 et
901 1890 949 1911 ex-

199 1943 309 1976 pressa
328 1943 365 1965 ac
389 1932 428 1964 de
454 1931 551 1964 verbo
572 1931 610 1964 ad
633 1931 776 1971 verbum,
807 1942 870 1963 non
891 1943 948 1964 au-

199 1991 262 2019 tem
284 1997 342 2030 per
361 1986 522 2019 clausulas
541 1985 707 2028 generales
728 1985 811 2017 idem
834 1984 950 2029 impor-

200 2044 314 2081 tantes,
336 2039 456 2072 mentio
477 2050 532 2071 seu
553 2038 683 2082 quaevis
706 2038 767 2070 alia
789 2038 950 2081 expressio

201 2092 362 2134 habenda,
389 2098 443 2125 aut
463 2092 569 2136 aliqua
589 2091 650 2124 alia
670 2091 824 2135 exquisita
851 2092 951 2124 forma

201 2147 241 2181 ad
257 2148 318 2179 hoc
335 2146 487 2179 servanda
503 2146 596 2186 foret,
620 2151 746 2178 tenores
766 2144 951 2178 huiusmodi

203 2200 424 2244 praesentibus
440 2210 498 2243 pro
513 2198 710 2231 sufficienter
725 2198 881 2241 expressis
898 2198 953 2231 ha-

202 2255 324 2296 bentes,
352 2253 414 2286 illis
437 2253 514 2285 alias
535 2252 566 2285 in
587 2264 644 2285 suo
665 2252 781 2285 robore
801 2263 951 2295 perman-

204 2308 305 2349 suris,
322 2308 388 2343 ,hac
416 2307 484 2339 vice
514 2306 694 2343 dumtaxat,
722 2305 904 2349 specialiter
924 2311 954 2339 et

205 2373 353 2407 expresse
377 2362 589 2403 derogamus,
622 2358 790 2392 contrariis
819 2359 952 2403 quibus-

206 2427 357 2461 cumque.
394 2416 455 2449 Aut
475 2415 500 2447 si
523 2413 703 2458 aliquibus,
740 2413 955 2447 communiter

206 2471 253 2503 vel
281 2470 414 2509 divisim,
435 2469 474 2502 ab
495 2468 606 2501 eadem
629 2467 668 2500 sit
688 2467 767 2500 Sede
794 2466 953 2500 indultum

206 2519 293 2562 quod
314 2518 472 2559 interdici,
496 2516 648 2561 suspendi
669 2517 717 2549 vel
734 2516 954 2548 excommuni-

207 2568 272 2602 cari
301 2579 365 2602 non
393 2568 515 2613 possint
543 2578 600 2611 per
631 2566 737 2598 literas
766 2565 956 2609 apostolicas

207 2628 271 2650 non
292 2617 443 2651 facientes
458 2618 588 2661 plenam
604 2620 634 2648 ct
655 2625 836 2658 expressam
857 2626 893 2647 ac
918 2615 955 2647 de

206 2667 303 2701 verbo
324 2668 362 2701 ad
387 2668 520 2700 verbum
550 2667 588 2699 de
619 2666 743 2699 indulto
771 2664 957 2697 huiusmodi

208 2717 414 2757 mentionem,
427 2722 458 2750 et
468 2715 666 2761 quibuslibet
685 2714 755 2748 aliis
774 2714 958 2758 privilegiis,

986 420 1033 452 vel
1054 418 1256 463 specialibus,
1272 428 1556 462 quorumcumque
1580 424 1729 452 tenorum

979 474 1123 513 existant,
1138 484 1195 517 per
1202 484 1286 516 quae,
1299 473 1520 517 praesentibus
1531 484 1594 506 non
1606 484 1730 517 expres-

979 537 1011 558 sa
1028 528 1075 559 vel
1097 527 1235 560 totaliter
1254 538 1319 560 non
1335 527 1466 567 inserta,
1488 527 1621 560 effectus
1636 538 1730 571 prae-

979 580 1116 613 sentium
1164 581 1312 624 impediri
1353 582 1453 615 valeat
1489 581 1733 624 quomodolibet

979 637 1026 669 vel
1046 636 1179 676 ditl'erri,
1203 636 1285 668 etde
1301 636 1419 679 quibus
1434 647 1638 680 quorumque
1659 636 1732 669 totis

980 691 1146 723 tenoribus
1161 690 1311 735 specifica
1324 719 1331 732 ,
1354 691 1517 725 individua
1540 698 1570 726 et
1585 703 1733 737 expressa

980 755 1015 777 ac
1036 745 1074 777 de
1090 746 1186 778 verbo
1211 746 1248 778 ad
1277 746 1409 778 verbum
1432 746 1580 779 habenda
1595 752 1681 780 'esset
1701 747 1732 780 in

981 798 1100 831 eisdem
1121 798 1220 832 literis
1241 799 1359 833 mentio
1383 800 1539 843 specialis.

1025 854 1039 896 ξ
1055 853 1107 885 029.
1121 853 1275 886 Utautem
1288 860 1473 898 praesentes
1489 854 1599 888 literae
1611 854 1649 887 ad
1667 865 1733 888 om-

982 906 1072 940 nium
1088 907 1233 940 notitiam
1246 908 1458 949 deducantur,
1471 914 1501 941 et
1511 920 1634 950 omnes,
1654 920 1734 952 quo-

982 972 1055 994 rum
1068 961 1199 994 interest
1217 963 1265 995 vel
1286 962 1580 1007 interesse'poterit,
1600 964 1733 997 omnino

983 1016 1138 1057 afficiant,
1170 1017 1318 1050 volumus
1348 1023 1378 1050 et
1403 1017 1593 1050 mandamus
1613 1018 1683 1050 illas
1702 1017 1734 1050 in

983 1070 1095 1103 Palatii
1116 1069 1411 1114 liost1²i};l1]ostolici
1438 1081 1474 1102 ac
1502 1070 1599 1103 officii
1620 1071 1734 1103 Poeni-

984 1123 1352 1167 tentiariaessliuiusmodi
1377 1123 1473 1156 valvis
1493 1128 1523 1156 et
1542 1123 1609 1156 acie
1626 1123 1736 1167 Campi

985 1177 1096 1210 Florae
1112 1177 1209 1219 atligi,
1232 1183 1262 1210 et
1277 1188 1335 1221 per
1350 1176 1480 1220 aliquod
1498 1177 1652 1220 temporis
1669 1188 1738 1221 spa-

985 1231 1083 1270 tium,
1112 1232 1221 1265 relicta
1246 1231 1364 1265 ibidem
1394 1232 1502 1276 copia,
1530 1232 1678 1273 detineri,
1703 1237 1739 1264 ut

986 1285 1018 1326 ii,
1055 1297 1136 1328 quos
1169 1285 1278 1319 literae
1316 1285 1403 1329 ipsae
1447 1290 1648 1319 concernunt
1682 1297 1738 1319 seu

987 1350 1183 1372 concernere
1205 1345 1357 1383 poterunt
1376 1338 1619 1383 quomodolibet
1639 1338 1672 1372 in
1691 1340 1740 1372 fu-

988 1397 1115 1433 turum,
1152 1393 1239 1436 quod
1267 1393 1305 1426 ad
1333 1393 1478 1437 ipsorum
1508 1391 1653 1425 notitiam
1674 1403 1738 1426 non

988 1446 1202 1490 pervenerint,
1230 1447 1276 1479 vel
1306 1446 1376 1479 illas
1410 1445 1637 1489 ignoraverint,
1674 1456 1739 1489 quo

989 1499 1096 1532 minus
1115 1510 1169 1532 eos
1189 1505 1323 1540 arctent,
1347 1499 1480 1544 perinde
1501 1510 1537 1532 ac
1558 1499 1583 1533 si
1603 1499 1649 1533 eis
1669 1510 1740 1544 per-

989 1553 1142 1585 sonaliter
1174 1553 1336 1587 intimatae
1366 1554 1481 1595 forent,
1509 1553 1631 1586 nullam
1665 1563 1739 1597 pos-

989 1606 1049 1638 sint
1070 1606 1307 1640 excusationem
1333 1607 1542 1650 praetendere
1576 1607 1623 1640 vel
1649 1606 1740 1650 igno-

990 1660 1125 1693 rantiam
1147 1661 1304 1704 allegare3
1331 1672 1405 1694 cum
1427 1671 1490 1694 non
1512 1661 1549 1693 sit
1569 1660 1740 1694 verisimile

990 1714 1075 1756 apud
1114 1726 1168 1748 eos
1201 1726 1368 1749 remanere
1414 1715 1614 1758 incognitum
1654 1714 1741 1758 quod

990 1773 1053 1799 tam
1075 1774 1220 1811 patenter
1239 1769 1376 1802 extiterit
1396 1769 1609 1813 publicatum.

1034 1823 1048 1864 ᾗ
1067 1822 1120 1855 30.
1153 1822 1237 1855 Nulli
1261 1834 1336 1866 ergo
1357 1823 1489 1856 omnino
1511 1823 1680 1856 hominum
1701 1822 1740 1856 li-

991 1881 1060 1908 ceat
1094 1877 1176 1909 lianc
1211 1877 1359 1920 paginam
1394 1882 1580 1910 nostrorum
1615 1877 1741 1917 statuti,

992 1929 1213 1971 ordinationis,
1236 1931 1420 1973 voluntatis,
1447 1930 1657 1972 inhibitionis,
1688 1932 1743 1964 de-

992 1983 1082 2024 creti,
1105 1984 1321 2027 derogationis
1341 1990 1371 2018 et
1392 1985 1533 2018 mandati
1555 1985 1741 2029 infringere,

992 2038 1040 2069 vel
1060 2037 1088 2069 ei
1109 2049 1189 2071 ausu
1216 2039 1386 2073 temerario
1412 2039 1584 2072 contraire.
1621 2039 1653 2072 Si
1673 2039 1744 2082 quis

993 2096 1099 2124 autem
1126 2093 1187 2125 hoe
1207 2097 1362 2125 attentare
1384 2092 1644 2137 praesumpserit,
1662 2092 1744 2125 indi-

993 2146 1179 2188 gnationem
1196 2147 1427 2191 omnipotentis
1442 2147 1497 2180 Dei
1514 2158 1551 2180 ac
1576 2147 1744 2180 beatorum

994 2199 1076 2232 Petri
1102 2206 1132 2233 et
1160 2201 1250 2234 Pauli
1277 2202 1498 2245 apostolorum
1533 2201 1602 2234 eius
1628 2211 1660 2233 se
1690 2210 1746 2233 no-

994 2253 1073 2287 verit
1093 2253 1314 2288 incursurum.

1038 2308 1152 2341 Datum
1174 2309 1306 2349 Romae,
1329 2309 1414 2353 apud
1435 2308 1467 2342 S.
1495 2309 1637 2349 Petrum,
1661 2319 1745 2342 anno

995 2363 1226 2397 Incarnationis
1246 2363 1427 2397 dominicae
1454 2362 1624 2396 millesimo
1653 2363 1746 2406 quin-

995 2417 1171 2460 gentesimo
1210 2417 1404 2461 sexagesimo
1437 2417 1594 2458 secundo,
1631 2422 1747 2460 quarto

996 2478 1096 2501 nonas
1108 2468 1194 2509 maii,
1219 2469 1423 2512 pontificatus
1434 2468 1533 2501 nostri
1546 2478 1630 2501 anno
1639 2468 1743 2501 tertio.

1040 2519 1068 2560 ’ἶ-
1095 2518 1160 2560 Ego
1186 2518 1258 2550 Plus
1287 2517 1464 2550 catholicae
1491 2516 1651 2551 Ecclesiae
1679 2516 1746 2561 epi-

998 2578 1124 2610 scopus.

1041 2616 1225 2658 Srqmmtm·
1243 2617 1490 2659 subscriptiones
1514 2616 1745 2655 cardinalimn,

999 2668 1027 2697 el
1043 2664 1230 2707 publicatio.

1043 2718 1103 2748 Dat.
1127 2718 1174 2748 die
1195 2720 1214 2749 4
1232 2720 1300 2749 maii
1323 2719 1408 2755 1562,
1431 2718 1533 2758 pontis.
1557 2728 1633 2750 anno
1656 2726 1697 2749 ιιι.

1743 314 1794 341 An.
1813 311 1841 339 C.
1861 311 1927 340 1562

1776 870 1849 891 Forma
1865 874 1886 891 et
1901 870 1934 891 et-

1749 902 1816 923 {ectus
1840 902 1933 929 publica-

1750 935 1820 955 tionis.

1784 1834 1868 1855 Sanctio
1890 1838 1943 1861 poe-

1759 1866 1820 1886 nadis.
