2237 3100
90 235 139 261 An.
156 233 185 261 C.
205 232 272 261 15672

109 1361 131 1382 Et
155 1368 196 1383 uon
217 1363 267 1383 resi-

82 1394 175 1414 dentium
214 1394 270 1415 bona

82 1425 110 1445 uti
119 1425 217 1452 spoliaad
229 1426 269 1445 Ca-

84 1461 160 1476 meram
169 1460 268 1483 spectare

81 1488 193 1511 decernit,
225 1494 265 1508 non

83 1521 165 1540 attenta
180 1520 267 1540 lieentia

82 1551 181 1574 testandi,
199 1551 215 1571 xi
232 1558 267 1571 ex-

82 1584 114 1601 tia
129 1582 265 1603 residentiam

82 1613 221 1633 decesserint.

971 234 1038 258 PIUS
1058 235 1088 257 lv
1107 233 1154 257 PP.

290 285 532 330 praeeminentia
552 285 846 329 praefulgentibus,
869 286 968 319 dictas
989 298 1041 320 ee-
1063 297 1065 310 ε

288 339 400 372 elesias
421 339 453 371 in
475 339 701 373 commendam
720 340 767 372 vel
788 340 1040 373 administratio·
1063 349 1065 355 ¹

287 403 374 433 nem,
388 399 443 426 aut
462 393 525 426 alio
537 393 648 436 quovis
669 393 799 427 nomine
812 394 1040 431 obtinentibus,
1062 438 1064 445 ,

287 453 318 480 et
338 447 407 480 aliis
431 447 690 491 quibuscumque
710 448 909 481 beneficiatis
929 460 1039 481 curam

286 500 469 534 animarum
489 501 701 541 habentibus,
722 502 793 545 qui,
816 502 900 535 iuxta
922 502 1041 536 decreti

286 565 385 599 super
396 555 567 588 residentia
584 555 614 588 in
632 556 771 589 concilio
788 556 951 600 praedicto
969 568 1041 601 pro-

287 609 421 652 mulgati
441 614 599 649 tenorem,
624 611 826 653 personalem
848 610 880 642 in
902 610 968 643 suis
988 621 1040 643 ec-

287 662 392 696 clesiis
418 662 625 696 residentiam
660 664 764 697 facere
787 669 984 705 tenerentur,
1009 664 1040 696 in

286 715 401 749 virtute
422 722 549 749 sanctae
575 717 790 757 obedientiae,
813 718 896 750 ultra
922 728 1042 761 poenas

288 769 319 802 in
341 770 426 804 dieto
446 771 575 804 decreto
596 772 723 804 concilii
745 778 922 811 contentas,
945 772 1039 805 etiam

286 824 346 857 sub
366 824 551 868 privationis
584 836 698 859 eorum
724 838 740 859 a
762 826 918 869 regimine
939 831 969 859 et
988 827 1042 859 ad-

287 877 520 912 ministratione
538 880 749 912 eeclesiarum
763 891 907 920 suarum,
919 891 955 913 ac
971 879 1041 913 aliis

286 938 396 965 nostro
426 937 456 965 et
476 943 534 976 pro
555 938 701 977 tempore
722 927 885 966 existentis
904 933 1041 967 Romani

286 984 448 1018 Pontifieis
467 986 662 1019 successoris
696 986 795 1019 nostri
828 986 959 1020 arbitrio
980 987 1040 1019 im-

285 1038 451 1081 ponendis,
472 1040 602 1082 poenis,
627 1039 769 1072 districte
789 1040 1038 1084 praecipiendo,

284 1102 342 1134 per
366 1092 542 1135 apostoliea
568 1092 686 1136 scripta
719 1093 910 1126 mandamus
930 1100 1041 1137 quate-

284 1155 355 1185 nus,
377 1145 464 1178 omni
495 1156 586 1179 mora
607 1152 761 1187 cessante,
786 1146 817 1178 in
839 1146 957 1180 eisdem
975 1148 1041 1181 suis

285 1199 438 1240 eeclesiis,
460 1200 545 1232 iuxta
565 1201 702 1233 formam
737 1206 765 1233 et
796 1206 942 1234 tenorem
964 1201 1039 1234 dicti

284 1252 426 1293 concilii,
449 1253 664 1297 personaliter
684 1253 859 1286 resideant.

328 1307 342 1349 ἓ
362 1305 393 1339 3.
430 1306 467 1338 Et
490 1306 714 1344 nihilominus,
736 1307 760 1339 si
782 1318 864 1350 quos
890 1308 1039 1341 mandato

284 1366 394 1393 nostro
410 1360 608 1401 huiusmodi,
625 1361 711 1404 quod
733 1361 825 1401 absit,
840 1372 904 1395 non
927 1373 1039 1405 parere

285 1413 467 1457 contigerit,
491 1426 530 1448 ne
551 1415 645 1447 etiam
668 1415 745 1447 tales
766 1415 913 1448 absentes
929 1416 1040 1449 melio-

284 1467 327 1500 ris
348 1469 379 1500 in
399 1468 460 1501 hac
481 1475 570 1512 parte
588 1468 798 1510 conditionis,
821 1481 918 1513 quain
941 1471 1037 1503 ceteri

283 1522 313 1554 in
335 1522 401 1556 suis
430 1523 573 1556 eeclesiis
603 1524 779 1556 residentes
808 1524 956 1563 existant,
978 1525 1036 1557 has·

281 1581 389 1609 nostra
423 1584 580 1620 perpetuo
610 1577 744 1610 valitura
775 1579 957 1617 sanctione,
982 1589 1038 1621 per

281 1636 465 1673 praesentes
495 1631 666 1665 statuimus
687 1637 717 1664 et
737 1632 927 1665 ordinamus
951 1632 1037 1675 quod

280 1683 433 1728 deinceps
453 1685 563 1719 onmia
583 1690 614 1719 et
634 1685 761 1728 singula
782 1686 911 1718 mobilia
933 1691 960 1719 et
981 1686 1037 1718 im-

282 1738 413 1771 mobilia
427 1766 434 1779 ,
458 1738 552 1772 etiam
575 1739 606 1771 in
627 1739 711 1773 Urbe
733 1740 778 1772 vel
805 1740 874 1772 eius
890 1739 1035 1772 districtu

280 1791 444 1825 existentia
464 1798 495 1826 et
515 1793 722 1831 sonim-entia,
736 1805 787 1826 res
803 1799 829 1826 et
850 1794 946 1829 bona,
967 1794 1035 1827 iura

280 1851 311 1878 et
329 1845 483 1887 actiones,
502 1847 738 1890 cuiuscumque
758 1847 922 1890 qualitatis
938 1853 965 1880 et
982 1858 1035 1880 va-

279 1900 356 1933 loris
385 1911 422 1934 ac
447 1901 647 1945 ubicumque
667 1902 814 1934 locorum
851 1902 1035 1942 consistant,

279 1954 317 1987 ad
338 1955 549 1998 patriarchas,
571 1955 736 1999 primates,
759 1955 1033 2000 archiepiscopos,

279 2007 450 2052 episcopos
483 2014 514 2042 et
546 2009 626 2043 alios
659 2020 902 2053 quoscumque,
939 2010 1033 2042 etiam

278 2062 389 2106 quavis
420 2063 630 2103 auctoritate,
664 2063 834 2106 dignitate,
870 2063 971 2106 gradu
1006 2069 1033 2096 et

279 2115 524 2160 przeeminentia
533 2116 782 2160 praefulgentes,
793 2117 944 2150 eeclesias
954 2128 1035 2161 prse-

278 2168 380 2203 dictas
396 2169 428 2202 in
444 2170 574 2203 titulum
592 2170 639 2203 vel
652 2170 875 2203 commendam
893 2170 955 2203 sive
981 2171 1035 2203 ad-

281 2222 547 2256 ministrationem
582 2228 638 2256 aut
670 2223 733 2256 alio
758 2224 870 2266 quovis
903 2224 1033 2257 nomine

277 2277 468 2317 obtinentes,
479 2283 508 2310 et
524 2277 603 2310 alios
618 2288 842 2322 quoscumque
862 2278 1033 2312 beneficia-

278 2336 325 2364 tos
345 2342 457 2364 curam
478 2331 659 2364 animarum
682 2331 847 2371 habentes,
870 2332 925 2375 qui
947 2338 1032 2365 extra

279 2384 457 2428 praedictas
479 2385 630 2418 ecelesias
660 2396 696 2417 ac
730 2384 913 2425 dioeceses,
937 2385 1031 2418 etiam

278 2433 311 2467 in
331 2434 476 2467 Romana
500 2434 596 2467 Curia
623 2439 677 2467 aut
710 2434 785 2467 alibi
811 2434 979 2474 degentes,
1003 2440 1030 2467 et

279 2483 364 2516 iuxta
380 2484 547 2517 decretum
569 2490 597 2516 et
620 2484 755 2516 sormam
777 2484 904 2516 concilii
923 2484 1032 2517 huius-

279 2532 364 2565 modi
387 2543 451 2565 non
473 2532 667 2574 residentes,
698 2532 913 2572 decesserint,
935 2533 1031 2576 perti-

278 2580 396 2622 nentia,
413 2586 443 2614 et
456 2592 513 2625 per
529 2581 600 2615 illos
621 2592 753 2613 suarum
772 2581 982 2614 ecelesiarum
995 2592 1030 2614 ac

1087 292 1192 325 tuum,
1216 285 1514 330 praepositurarum
1536 292 1565 319 et
1586 287 1724 320 aliorum
1745 288 1841 321 bene-

1087 340 1235 373 ficiorum
1258 340 1570 381 ecelesiasticorum,
1594 352 1668 373 eum
1704 353 1781 375 cura
1812 348 1841 374 et

1084 394 1151 426 sine
1187 406 1281 435 cura,
1304 394 1519 428 saecularium
1556 401 1583 427 et
1616 396 1838 438 regularium,

1084 459 1167 491 quae
1200 448 1245 480 illi
1279 448 1525 492 quomodolibet
1559 449 1778 489 obtinuerint,
1805 461 1840 482 ai·

1084 501 1262 543 fructuum,
1285 502 1468 536 reddituum
1496 508 1525 535 et
1556 508 1769 546 proventuum
1791 514 1843 536 ec-

1084 555 1351 596 clesiasticorum,
1371 567 1498 589 necnon
1515 556 1708 600 pensionum
1722 567 1843 589 annua-

1084 617 1156 639 rum
1178 608 1236 640 sibi
1259 620 1356 652 super
1375 609 1534 642 similibus
1555 609 1725 651 fructibus,
1736 601 1842 643 'reddi-

1086 660 1169 694 tibus
1194 668 1220 694 et
1248 663 1456 706 proventibus
1482 669 1715 697 reservatarum
1740 669 1771 696 et
1790 675 1840 696 as-

1084 715 1303 757 signatarum,
1327 717 1496 751 occasione
1516 718 1660 762 quaesita
1673 745 1680 758 ,
1703 718 1796 751 etiam
1816 717 1841 749 si

1084 768 1269 801 facultatem
1291 771 1463 814 specialem
1495 771 1533 804 de
1564 771 1626 803 illis
1650 777 1704 804 aut
1726 782 1839 804 eorum

1084 828 1173 865 parte
1195 824 1329 856 testandi
1351 831 1379 857 et
1401 825 1478 857 alias
1503 825 1603 858 libere
1628 825 1839 869 disponendi,

1084 888 1101 909 a
1122 876 1214 909 nobis
1235 882 1265 909 et
1284 888 1301 909 a
1322 878 1585 922 quibuscumque
1601 879 1671 912 aliis
1687 879 1840 912 Romanis

1083 930 1293 963 Pontificibus
1328 932 1630 974 praedecessoribus
1655 939 1685 966 et
1711 945 1839 966 sueces-

1084 983 1210 1016 soribus
1227 984 1354 1024 nostris,
1374 986 1468 1018 etiam
1488 997 1561 1018 cnm
1584 986 1738 1019 clausulis
1753 987 1839 1030 quod

1084 1036 1250 1070 facultates
1266 1038 1452 1072 huiusmodi
1470 1040 1612 1073 revocari
1631 1051 1694 1073 non
1705 1046 1837 1083 queant,

1084 1091 1218 1135 aliisque
1235 1092 1435 1126 irritantibus
1456 1094 1603 1133 decretis,
1627 1094 1837 1131 obtinuerint,

1083 1150 1113 1177 et
1134 1145 1164 1177 in
1185 1145 1246 1177 vim
1269 1146 1397 1179 illarum
1419 1147 1584 1180 literarum
1607 1148 1746 1191 desuper
1763 1159 1840 1181 eon-

1083 1198 1240 1232 seetarum
1279 1200 1317 1232 de
1353 1200 1449 1233 rebus
1483 1207 1510 1233 et
1537 1201 1630 1234 bonis
1649 1201 1837 1244 huiusmodi

1060 1267 1062 1273 ι
1083 1251 1211 1296 iamque
1232 1253 1469 1297 disposuerint,
1491 1260 1654 1297 tamquam
1676 1255 1778 1299 spolia
1798 1255 1836 1288 ad

1082 1304 1247 1339 Cameram
1259 1307 1475 1350 Apostoliram
1491 1307 1631 1350 legitime
1642 1309 1833 1352 pertineant.

1125 1360 1140 1403 ξ
1160 1360 1190 1392 4.
1215 1360 1383 1404 Lien-atque
1400 1361 1523 1394 dilectis
1544 1362 1617 1394 filiis
1638 1362 1794 1395 moderno
1806 1368 1832 1395 et

1082 1424 1141 1456 pro
1163 1419 1305 1458 tempore
1322 1415 1466 1448 existenti
1486 1415 1708 1449 commissario
1725 1423 1833 1449 nostro

1080 1469 1221 1506 generali
1238 1475 1265 1501 et
1284 1469 1348 1502 suis
1363 1469 1466 1502 dietae
1488 1470 1640 1503 Gamerae
1661 1469 1833 1513 deputatis,

1081 1521 1111 1553 in
1133 1528 1281 1555 eventum
1303 1523 1453 1556 decessus
1472 1523 1680 1562 huiusmodi,
1704 1524 1832 1557 solitum

1080 1574 1295 1608 inventarium
1326 1588 1424 1621 super
1451 1577 1548 1610 rebus
1573 1583 1600 1610 et
1622 1578 1715 1611 bonis
1741 1590 1833 1621 prae-

1081 1630 1151 1661 fatis
1172 1630 1344 1669 contii-ere,
1368 1631 1499 1675 illaque,
1523 1636 1618 1675 prout
1643 1632 1681 1665 de
1703 1632 1836 1676 reliquis

1080 1684 1274 1717 elericorum
1309 1686 1419 1729 spoliis
1452 1686 1522 1719 fieri
1557 1687 1646 1726 solet,
1667 1686 1706 1719 ad
1727 1686 1832 1720 dilecti

1080 1737 1136 1769 tilii
1171 1739 1269 1771 nostri
1299 1740 1445 1773 moderni
1476 1745 1506 1773 et
1526 1750 1584 1783 pro
1606 1745 1751 1784 tempore
1769 1740 1833 1773 exi-

1079 1792 1189 1824 stentis
1215 1793 1373 1835 generalis
1394 1793 1587 1827 thesaurarii
1613 1805 1728 1827 manus
1748 1794 1832 1827 redi-

1078 1856 1153 1888 gere
1171 1846 1341 1890 dictaeque
1361 1847 1514 1881 Gamerae
1531 1848 1706 1891 applicare,
1726 1848 1832 1882 cuius-

1078 1900 1122 1931 vis-
1143 1899 1272 1933 licentia
1292 1901 1432 1946 desuper
1452 1901 1584 1934 minime
1605 1902 1770 1945 requisita.

1121 1953 1135 1996 ἓ
1156 1953 1186 1986 ἰ).
1210 1955 1253 1987 Ac
1275 1955 1440 1988 lacultates
1460 1961 1489 1988 et
1510 1955 1649 1999 desuper
1670 1956 1830 1989 consectas

1077 2007 1185 2040 literas
1206 2008 1397 2051 praedictas,
1420 2008 1514 2041 etiam
1537 2015 1626 2043 motu
1648 2015 1679 2043 et
1698 2010 1829 2043 scientia

1077 2060 1247 2102 similibus,
1262 2062 1356 2095 etiam
1370 2063 1401 2095 in
1415 2073 1658 2107 recompensam
1680 2065 1828 2098 laborum

1077 2120 1103 2147 et
1126 2116 1370 2159 obsequiorum,
1392 2117 1487 2150 etiam
1508 2117 1600 2150 nobis
1620 2123 1650 2151 et
1668 2118 1830 2152 Ecclesiae

1077 2169 1238 2202 Romanae
1247 2170 1404 2214 dictzeque
1416 2171 1489 2204 Sedi
1507 2171 1739 2214 impensorum,
1751 2183 1831 2216 quo-

1077 2223 1250 2257 modolibet
1272 2235 1441 2258 concessas
1462 2231 1491 2258 et
1512 2225 1607 2258 etiam
1637 2225 1757 2259 iteratis
1785 2225 1829 2258 ri-

1076 2277 1165 2310 cibus
1186 2279 1389 2322 approbatas,
1418 2279 1545 2311 illarum
1569 2279 1716 2312 onmium
1739 2285 1828 2313 teno-

1076 2342 1126 2364 res
1151 2332 1374 2375 praesentibus
1402 2343 1460 2377 pro
1481 2332 1678 2366 sufficienter
1698 2344 1827 2377 expres-

1075 2386 1116 2419 sis
1149 2392 1180 2419 et
1212 2386 1250 2419 ad
1287 2387 1418 2420 verbum
1454 2386 1581 2420 insertis
1602 2388 1773 2429 habentes,
1795 2388 1828 2420 in

1075 2441 1223 2468 eventum
1257 2436 1364 2468 obitus
1397 2435 1601 2478 huiusmodi,
1625 2436 1719 2470 etiam
1748 2437 1825 2469 siin

1074 2485 1158 2517 Urbe
1173 2490 1229 2517 aut
1249 2485 1317 2517 eius
1333 2484 1476 2517 districtu
1494 2485 1540 2518 vel
1559 2486 1634 2518 alibi
1651 2492 1738 2519 extra
1754 2497 1827 2519 suas

1075 2533 1244 2573 ecelesias,
1282 2540 1314 2566 ut
1350 2534 1545 2577 praefertur,
1576 2535 1765 2578 contigerit,
1792 2547 1827 2567 ex

1073 2593 1174 2623 nuuc,
1198 2588 1338 2626 proutex
1362 2589 1436 2615 tune
1454 2588 1647 2624 etecoutra,
1670 2584 1700 2617 in
1721 2585 1824 2617 dietae

277 2642 561 2675 quorumcumque
587 2630 878 2671 monasteriorum,
910 2630 1030 2674 priora·
1050 2643 1056 2684 Ι
1075 2632 1296 2665 contumaciae
1330 2644 1453 2675 poena,
1490 2633 1632 2667 eiusdem
1662 2633 1824 2676 potestatis

1858 234 1908 260 An.
1926 233 1955 260 C.
1976 235 2040 262 ¹56&

1878 1379 2032 1401 tussiodesrrt

1851 1412 1912 1432 belidi
1929 1413 1983 1432 dieta
1997 1412 2033 1431 bue

1849 1451 1882 1468 ua„
1900 1448 1919 1465 et
1935 1445 2035 1466 (Ianicu-‘iu

1850 1476 1976 1502 applicandi.

1874 1971 1978 1993 Licentias
1999 1978 2031 1995 te-

1846 2005 1913 2024 statuti
1927 2011 1968 2025 nan
1977 2006 2031 2025 resi<

1846 2036 1944 2056 dentibus
1959 2037 2014 2057 tollit
2024 2053 2029 2060 ,

1845 2068 1978 2093 ιΙίςροείιίοιι,
1992 2074 2030 2087 eo-

1846 2105 1890 2119 ruin
1915 2099 2016 2119 annuntiat,
